3882 6274
146 347 224 406 ,3,
1437 343 1640 404 LIBER
1680 347 1986 409 manus.

145 479 224 536 que
249 459 477 527 venisse;
511 459 608 517 sed
632 468 848 532 repente
868 473 987 518 cum
1013 461 1260 519 dexteras
1293 465 1676 536 interposuisti,

144 553 546 624 disjunctissimos
585 568 685 610 nos
712 568 831 610 esse
859 563 910 609 et
938 553 989 608 in
1016 554 1232 627 longum
1265 572 1572 629 progressos
1596 560 1678 614 vi-

144 645 504 704 deozvidelicet
541 645 684 716 quod
735 645 985 701 hesterno
1037 645 1123 702 die
1168 663 1196 702 a
1231 648 1381 704 nobis
1409 650 1552 706 nulla
1576 651 1677 705 alia

143 740 323 813 qnastio
349 738 642 794 constituta
670 737 968 806 videbatur,
993 740 1092 795 nisi
1120 741 1263 812 quod
1290 742 1582 813 sapientem
1611 743 1677 799 ad

142 830 632 904 comprehensionem
661 833 772 887 veri
806 834 1081 902 pervenire
1130 849 1322 904 posse,
1375 835 1675 894 afﬁrmante

141 935 209 988 te,
241 937 325 993 ego
347 937 664 994 negaveram
689 941 701 976 :
730 938 870 979 nunc
892 938 1020 979 vero
1049 924 1180 980 nihil
1211 941 1296 982 me
1323 929 1512 998 opinor
1540 944 1672 984 con-

140 1015 321 1071 cessisse
341 1013 452 1080 tibi,
485 1029 651 1085 quam
681 1015 850 1071 videri
873 1032 1029 1087 posse
1059 1017 1284 1089 sapienti
1324 1020 1670 1089 probabilium

139 1125 276 1164 rerum
303 1124 354 1163 se
379 1118 731 1164 consecutum
761 1125 880 1165 esse
907 1110 1218 1180 sapientiam
1264 1130 1277 1165 :
1305 1127 1462 1182 quam
1495 1120 1670 1168 tamen

138 1199 399 1268 sapientiam
435 1199 488 1252 in
521 1198 929 1270 investigatione
972 1201 1268 1256 divinarum
1294 1203 1673 1258 humanarum-

138 1305 214 1357 que
230 1304 388 1343 rerum
421 1303 507 1343 me
536 1290 880 1346 constituisse
909 1292 1035 1346 nulli
1061 1301 1300 1347 nostrum
1327 1293 1556 1348 arbitror
1574 1294 1670 1348 du-

135 1379 266 1432 bium.
289 1379 393 1433 Non
420 1419 434 1444 ,
481 1381 739 1451 inquam,
771 1381 890 1437 ideo
925 1383 1047 1452 quia
1075 1384 1298 1440 involvis
1321 1427 1335 1449 ,
1362 1386 1620 1441 evolveris
1652 1406 1664 1440 :

134 1469 289 1525 videris
313 1470 445 1524 enim
468 1470 583 1540 jam
616 1471 748 1526 mihi
779 1473 1059 1528 exercendi
1087 1476 1159 1528 tui
1184 1490 1340 1530 causa
1371 1475 1663 1546 disputare.

132 1558 180 1612 Et
206 1559 305 1629 quia
351 1559 482 1616 bene
521 1562 669 1616 nosti
712 1563 842 1618 istos
892 1563 1316 1622 adolescentulos
1361 1567 1451 1622 vix
1483 1568 1657 1624 adhuc

134 1665 251 1720 posse
274 1651 564 1708 discernere
600 1669 724 1723 qua:
754 1663 906 1709 acute
931 1670 993 1710 ac
1019 1656 1282 1712 subtiliter
1308 1657 1662 1726 disseruntur,

33 1785 36 1790 .
135 1753 328 1813 tanquam
353 1744 594 1813 judicum
627 1747 864 1802 abuteris
901 1747 1228 1817 ignorantia,
1269 1759 1324 1806 ut
1377 1753 1470 1807 tibi
1497 1770 1664 1824 quan-

27 3177 36 3262 ὲ

27 3275 36 3328 ε

27 3329 36 3392 ς

29 3419 38 3454 ἔ

135 1835 325 1890 tumlibet
363 1835 505 1908 loqui
545 1839 704 1894 nullo
732 1839 887 1894 liceat
931 1842 1276 1898 reclamante.
1325 1843 1454 1898 Nam
1502 1847 1660 1914 paulo

135 1936 224 1980 ante
245 1926 440 1992 dixisti,
469 1942 594 1983 cum
627 1945 922 2000 quaererem
951 1941 1125 1988 utrum
1156 1935 1315 1990 sciret
1335 1937 1548 2005 sapiens
1573 1953 1662 1992 sa-

136 2017 358 2086 pientiam,
388 2017 527 2074 scire
554 2020 663 2075 sibi
701 2022 886 2077 videri.
918 2023 1012 2078 Cui
1050 2041 1177 2096 ergo
1220 2027 1430 2083 videtur
1453 2030 1663 2100 sapien-

137 2117 236 2172 tem,
258 2109 377 2164 scire
399 2111 726 2180 sapientiam
743 2155 756 2175 ,
785 2129 889 2169 non
933 2115 1114 2186 utique
1134 2116 1343 2173 videtur
1369 2119 1499 2174 nihil
1525 2121 1662 2178 scire

137 2202 387 2270 sapientem.
423 2203 538 2258 Hoc
579 2207 728 2259 enim
755 2208 1003 2262 contendi
1031 2223 1134 2263 non
1159 2219 1351 2279 potest,
1384 2212 1484 2266 nisi
1519 2213 1662 2284 quis-

138 2305 255 2359 quam
279 2291 442 2348 dicere
479 2294 711 2361 audeat,
759 2297 890 2351 nihil
925 2312 1045 2354 esse
1074 2301 1407 2370 sapientiam.
1452 2303 1532 2358 Ex
1557 2319 1662 2374 quo

135 2380 204 2444 ﬁt,
249 2391 295 2436 ut
323 2383 423 2451 jam
475 2387 580 2440 hoc
625 2385 758 2452 tibi,
790 2388 929 2457 quod
978 2389 1136 2444 etiam
1189 2392 1352 2459 mihi,
1385 2394 1656 2460 videatur;

135 2487 220 2525 nam
265 2475 374 2528 mihi
411 2476 627 2531 videtur
689 2479 983 2548 sapientem
1033 2496 1137 2537 non
1195 2484 1325 2538 nihil
1375 2487 1555 2554 scire,
1607 2497 1662 2543 et

136 2562 214 2627 tibi,
235 2565 416 2633 opinor,
468 2568 556 2622 cui
606 2569 824 2638 placet,
873 2570 1040 2626 videri
1086 2574 1309 2643 sapienti
1363 2578 1658 2647 sapientem

135 2655 232 2708 scire
264 2657 574 2725 sapientiam.
641 2659 777 2714 Tum
823 2661 912 2718 ille
942 2704 957 2729 ,
1012 2662 1130 2717 Non
1166 2665 1333 2736 magis
1367 2683 1452 2722 me
1509 2668 1660 2740 inge-

135 2745 239 2799 nium
277 2762 513 2805 exercere
579 2752 728 2806 velle
782 2768 939 2823 quam
1007 2765 1055 2810 te
1083 2798 1098 2822 ,
1155 2757 1417 2823 arbitror;
1482 2767 1537 2814 et
1606 2760 1659 2815 id

139 2839 268 2904 uiror,
291 2856 386 2896 non
427 2842 570 2898 enim
607 2843 704 2898 tibi
736 2845 838 2899 ulla
866 2845 918 2899 in
959 2845 1096 2902 hanc
1139 2862 1253 2903 rem
1280 2849 1659 2906 exercitatione

137 2942 230 2997 opus
247 2939 332 2986 est.
353 2931 476 2987 Nam
493 2933 633 2988 mihi
661 2932 835 2990 adhuc
859 2934 1082 2992 fortasse
1098 2952 1240 2992 caeco
1263 2938 1473 2995 videtur
1494 2940 1659 2996 inter-

138 3034 220 3074 esse
257 3021 376 3076 inter
419 3023 583 3079 videri
615 3022 720 3078 sibi
764 3024 902 3080 scire
926 3065 942 3091 ,
983 3035 1037 3081 et
1077 3027 1246 3093 scire;
1290 3037 1345 3085 et
1389 3029 1527 3086 inter
1568 3045 1656 3086 sa-

138 3111 329 3177 pientiam
362 3131 474 3184 qua}
513 3114 566 3170 in
596 3115 1010 3186 investigatione
1038 3119 1207 3187 posita
1236 3127 1338 3187 est,
1379 3128 1434 3177 et
1459 3122 1654 3178 verita-

138 3211 212 3258 tem
238 3223 248 3256 :
272 3224 369 3276 qua:
394 3223 422 3262 a
453 3207 610 3264 nobis
639 3222 761 3264 cum
786 3209 1036 3265 alterutra
1060 3209 1322 3279 dicantur,
1340 3213 1440 3269 sibi
1465 3228 1656 3285 quem-

136 3293 354 3352 admodum
405 3299 673 3370 quadrent
716 3315 825 3356 non
890 3300 1122 3358 invenio.
1160 3303 1293 3360 Tum
1343 3321 1443 3377 ego
1471 3349 1487 3374 ,
1532 3321 1654 3362 cum

137 3384 219 3452 jam
237 3387 289 3442 ad
313 3391 568 3458 prandium
620 3405 974 3460 vocaremur;
1025 3393 1176 3462 Non,
1224 3395 1436 3467 inquam
1463 3439 1479 3464 ,
1523 3396 1653 3452 mihi

142 3475 250 3540 quod
270 3485 431 3533 tantum
461 3481 720 3536 reniteris
747 3480 991 3552 diSplicet
1018 3501 1030 3536 :
1061 3492 1152 3538 aut
1177 3485 1323 3540 enim
1376 3487 1535 3543 ambo
1560 3501 1656 3542 ne-

142 3563 296 3620 scimus
331 3569 431 3638 quid
460 3570 780 3641 loquamur,
813 3580 867 3626 et
911 3571 1082 3627 danda
1112 3585 1192 3629 est
1233 3590 1395 3645 opera
1428 3592 1493 3632 ne
1543 3585 1651 3631 tam

143 3661 279 3725 turpes
309 3660 485 3727 simus;
513 3672 613 3718 aut
652 3649 789 3718 unus
825 3672 1068 3719 nostrum
1093 3707 1108 3734 ,
1155 3667 1296 3739 quod
1325 3668 1451 3724 item
1483 3669 1647 3726 relin-

137 3761 259 3815 quere
279 3760 412 3823 atque
435 3756 716 3826 negligere
760 3771 865 3810 non
903 3757 1080 3812 minus
1103 3766 1255 3830 turpe
1275 3770 1358 3816 est
1386 3778 1398 3815 :
1427 3761 1522 3818 sed
1549 3776 1650 3832 po-

136 3839 376 3900 meridianis
393 3845 533 3902 horis
558 3845 833 3902 rediemus
855 3847 922 3902 ad
941 3849 1187 3904 invicem.
1216 3850 1341 3906 Mihi
1363 3852 1502 3908 enim
1526 3868 1646 3908 cum

139 3927 343 3988 videretur
377 3935 478 4005 jam
527 3952 634 3993 nos
672 3937 738 3993 ad
786 3939 985 3995 calcem
1040 3944 1387 4011 pervenisse,
1442 3961 1648 4017 pugnos

137 4021 253 4078 etiam
279 4027 532 4085 miscuisti.
564 4031 669 4086 Hic
697 4045 819 4086 cum
847 4032 1170 4099 arrisissent,
1205 4036 1572 4094 discessimus.

589 4146 865 4184 DISPUTATIO
897 4148 1104 4186 SECUNDA
1111 4173 1122 4184 .

135 4203 298 4264 CAPUT
314 4212 389 4266 IV.
401 4244 468 4254 —
481 4215 685 4270 Rursus
703 4220 836 4286 quod
855 4219 1057 4288 sapiens
1072 4235 1170 4273 non
1193 4229 1261 4275 est
1281 4221 1364 4292 qui
1385 4222 1512 4278 nihil
1531 4225 1642 4279 scit.

181 4297 222 4351 7.
247 4300 303 4356 Et
337 4319 447 4360 cum
476 4307 830 4372 redissemus,
864 4307 1167 4365 invenimus
1195 4312 1491 4369 Licentium
1512 4354 1526 4381 ,
1556 4318 1642 4372 cui

135 4402 338 4460 nunquam
380 4398 568 4454 sitienti
625 4399 845 4454 Helicon
872 4401 1249 4471 subvenisset,
1283 4406 1643 4478 excogitandis

133 4483 317 4542 versibus
353 4489 659 4547 inhiantem.
693 4491 826 4547 Nam
856 4493 923 4549 de
968 4493 1146 4550 medio
1199 4511 1336 4566 pene
1385 4498 1637 4570 prandio,

135 4578 317 4638 quamvis
341 4583 497 4637 nostri
525 4583 738 4655 prandii
768 4584 907 4640 idem
949 4585 1157 4642 initium
1203 4589 1293 4658 qui
1345 4589 1464 4645 ﬁnis
1507 4589 1638 4660 fuit,

134 4661 233 4719 clam
271 4683 578 4743 surrexerat,
619 4674 859 4746 nihilque
902 4677 1127 4733 biberat.
1175 4677 1272 4735 Cui
1324 4697 1461 4752 ego,
1505 4682 1641 4754 Opto

135 4757 328 4828 quidem,
356 4765 556 4837 inquam
577 4808 592 4836 ,
625 4767 722 4823 tibi
750 4776 808 4823 ut
845 4769 1000 4824 istam
1029 4771 1292 4840 poeticam
1316 4788 1474 4844 quam
1505 4789 1638 4830 con-

133 4845 307 4920 cupisti,
331 4856 690 4926 complectaris
715 4857 1002 4929 aliquando
1030 4876 1043 4914 :
1067 4875 1173 4916 non
1199 4861 1341 4932 quod
1370 4879 1455 4920 me
1481 4865 1638 4922 nimis

134 4933 306 4998 delectet
331 4945 419 5003 ista
463 4949 757 5021 perfectio;
806 4952 898 5007 sed
951 4953 1092 5024 quod
1146 4954 1302 5011 video
1333 4964 1384 5012 te
1431 4966 1634 5016 tantum

135 5030 354 5101 exarsisse,
379 5047 433 5093 ut
460 5041 562 5096 nisi
595 5040 806 5097 fastidio
844 5042 1070 5100 evadere
1093 5045 1161 5102 ab
1186 5045 1288 5103 hoc
1314 5062 1496 5106 amore
1523 5066 1628 5107 non

136 5122 289 5206 possis;
319 5130 443 5198 quod
471 5132 686 5190 evenire
713 5142 832 5205 post
878 5134 1256 5206 perfectionem
1295 5138 1450 5198 facile
1475 5143 1629 5200 solet.

139 5205 286 5295 Deinde
307 5232 415 5275 cum
441 5222 512 5279 sis
533 5223 670 5281 bene
693 5240 953 5295 canorus,
983 5229 1162 5284 malim
1192 5231 1406 5288 auribus
1435 5237 1632 5292 nostris

139 5294 315 5362 inculces
340 5319 446 5368 tuos
484 5330 699 5384 versus;
755 5334 912 5390 quam
941 5327 999 5375 ut
1035 5321 1088 5376 in
1137 5322 1242 5378 illis
1290 5328 1476 5395 graecis
1527 5336 1634 5384 tra-

136 5393 309 5484 Stediis,
348 5419 484 5462 more
529 5410 848 5467 avicularum
890 5427 1021 5484 quas
1066 5412 1121 5470 in
1167 5417 1345 5473 caveis
1400 5419 1628 5477 inclusas

140 5481 354 5561 videmus,
386 5498 534 5554 verba
558 5517 673 5572 quae
701 5517 808 5558 non
854 5481 1104 5576 intelligis
1130 5515 1330 5562 cantes.
1354 5509 1630 5567 Admoneo

140 5581 269 5664 tamen
293 5593 342 5638 ut
362 5603 534 5660 pergas
557 5602 734 5663 potum
756 5636 770 5662 ,
802 5595 847 5650 si
874 5596 1022 5652 voles
1038 5639 1053 5664 ,
1089 5607 1144 5652 et
1183 5599 1250 5654 ad
1275 5599 1511 5656 scholam
1538 5618 1627 5658 re-

143 5662 236 5761 deas
255 5686 458 5736 nostram
480 5725 496 5752 ,
526 5662 570 5740 si
593 5695 766 5743 tamen
788 5688 982 5760 aliquid
1005 5662 1112 5761 jam
1133 5691 1201 5747 de
1227 5700 1280 5748 te
1311 5692 1627 5753 Hortensius

140 5759 474 5841 “Philosophia
495 5786 738 5848 meretur,
760 5781 846 5836 cui
880 5759 1216 5840 dulcissimas
1239 5785 1496 5856 primitias
1513 5787 1620 5859 jam

356 5860 559 5929 Sacr.
601 5871 873 5934 Auensr.
917 5873 967 5936 Ι.

3266 373 3369 432 958

1793 480 1971 526 vestro
1999 471 2088 528 illo
2113 455 2356 532 sermone
2386 476 2578 547 libasti,
2602 480 2690 552 qui
2722 491 2772 539 te
2816 485 3180 544 vehementius
3206 504 3366 562 quam

1790 563 1889 618 ista
1936 566 2144 634 poetica
2191 568 2493 627 incenderat
2543 573 2607 629 ad
2638 591 2944 648 magnarum
2988 589 3044 637 et
3081 597 3204 639 vere
3243 582 3362 638 fru-

1788 667 2096 716 ctuosarum
2139 679 2315 719 rerum
2363 667 2658 724 scientiam.
2704 669 2808 728 Sed
2859 674 2982 729 dum
3026 676 3092 730 ad
3130 677 3352 734 istarum

1785 750 2184 823 disciplinarum
2210 797 2224 820 ,
2277 757 2467 826 quibus
2502 762 2816 819 excoluntur
2861 767 3054 835 animi,
3111 769 3312 825 circum
3341 771 3359 802 ¹

1786 858 2040 902 revocare
2071 861 2165 902 vos
2191 848 2347 919 cupio
2371 866 2384 914 ;
2417 860 2597 907 metuo
2624 868 2692 908 ne
2712 855 2863 910 vobis
2887 856 3218 929 labyrinthus
3244 859 3357 927 fiat,

1783 942 1836 987 et
1862 949 2027 1005 prope
2075 954 2159 993 me
2190 940 2409 1008 poenitet
2435 941 2502 996 ab
2545 941 2635 998 illo
2661 955 2733 1018 te
2780 945 2981 1017 impetu
3013 951 3352 1020 repressisse.

1784 1022 2010 1080 Erubuit
2038 1028 2156 1095 ille,
2180 1031 2527 1103 discessitque
2557 1043 2614 1087 ut
2641 1035 2861 1092 biberet.
2893 1039 3025 1095 Nam
3053 1051 3107 1097 et
3133 1043 3356 1098 multum

1780 1115 2024 1187 sitiebat,
2070 1129 2124 1176 et
2178 1123 2388 1178 occasio
2445 1124 2670 1182 dabatur
2733 1130 2962 1187 evitandi
3014 1148 3140 1203 me,
3204 1137 3354 1206 plura

1778 1207 2006 1267 fortasse
2027 1221 2185 1283 atque
2212 1217 2482 1287 asperiora
2510 1217 2794 1277 dicturum.

1848 1303 1901 1358 8.
1930 1303 1999 1358 Et
2028 1321 2148 1361 cum
2189 1307 2455 1377 rediisset,
2500 1311 2717 1367 intentis
2759 1316 3036 1383 omnibus,
3071 1318 3147 1374 sic
3173 1321 3310 1390 coepi
3339 1340 3352 1375 :

1774 1390 1920 1450 Itane
1967 1404 2078 1462 est,
2123 1398 2302 1471 Alypi,
2355 1409 2414 1456 ut
2454 1401 2594 1458 inter
2625 1419 2722 1460 nos
2764 1405 2831 1460 de
2869 1423 2929 1462 re
2964 1408 3109 1478 jam,
3142 1419 3200 1465 ut
3223 1411 3354 1466 mihi

1775 1485 2002 1555 videtur,
2037 1491 2470 1548 manifestissima
2508 1509 2614 1550 non
2665 1498 2977 1554 conveniat?
3003 1500 3116 1554 Non
3157 1502 3352 1558 mirum

1773 1588 1855 1634 est
1875 1621 1890 1645 ,
1917 1581 2104 1652 inquit,
2131 1584 2176 1639 si
2201 1585 2344 1656 quod
2371 1587 2464 1642 tibi
2493 1588 2548 1642 in
2570 1598 2816 1660 promptu
2833 1606 2952 1647 esse
2972 1593 3166 1648 asseris
3182 1634 3197 1659 ,
3223 1594 3355 1648 mihi

1772 1669 2057 1727 obscurum
2086 1674 2194 1731 sit:
2222 1676 2481 1747 siquidem
2514 1679 2766 1752 pleraque
2791 1682 3068 1738 manifesta
3089 1727 3103 1752 ,
3150 1685 3356 1754 possint

1771 1762 1889 1818 aliis
1917 1765 2275 1823 manifestiora
2301 1809 2317 1836 ,
2351 1777 2406 1825 et
2442 1770 2569 1826 item
2624 1773 2848 1828 obscura
2900 1775 3139 1845 quaedam
3162 1819 3176 1842 ,
3218 1791 3353 1830 non—

1770 1854 1932 1909 nullTs
1959 1857 2264 1914 obscuriora
2293 1876 2434 1916 esse.
2469 1862 2599 1917 Nam
2628 1865 2672 1919 si
2700 1875 2751 1920 et
2781 1865 2880 1921 hoc
2910 1868 3000 1922 tibi
3052 1884 3178 1923 vere
3229 1885 3344 1923 ma-

1769 1945 2021 2002 nifestum
2068 1958 2182 2015 est,
2227 1951 2356 2006 mihi
2402 1953 2604 2020 crede,
2648 1970 2768 2011 esse
2817 1957 2975 2012 alium
3027 1974 3349 2030 quemquam

1769 2035 1852 2090 cui
1881 2046 1935 2091 et
1974 2039 2073 2094 hoc
2096 2041 2434 2097 manifestum
2467 2053 2611 2098 tuum
2654 2046 2988 2103 manifestius
3013 2049 3110 2113 sit;
3142 2059 3195 2105 et
3223 2049 3349 2106 item

1768 2125 1928 2182 alium
1976 2130 2061 2184 cui
2091 2147 2265 2186 meum
2311 2133 2597 2190 obscurum
2654 2139 2932 2194 obscurius
2987 2141 3074 2195 sit.
3117 2141 3223 2197 Sed
3281 2160 3349 2199 ne

1773 2232 1860 2274 me
1890 2234 2277 2291 perpugnacem
2309 2223 2504 2280 diutius
2527 2235 2708 2296 putes,
2741 2228 3132 2285 obsecraverim
3161 2241 3218 2286 ut
3247 2233 3350 2290 hoc

1768 2311 2107 2368 manifestum
2135 2315 2466 2372 manifestius
2495 2318 2779 2374 edisseras.
2807 2321 3055 2390 Attende,
3091 2323 3303 2394 inquam
3331 2366 3346 2391 ,
3445 2315 3452 2320 ’

1766 2417 1948 2472 quaeso
1998 2405 2322 2476 diligenter,
2368 2417 2422 2464 et
2467 2410 2620 2480 quasi
2674 2412 2904 2481 seposita
2948 2414 3217 2483 paululum
3257 2433 3345 2473 re-

1773 2496 2067 2563 spondendi
2106 2514 2252 2554 cura.
2281 2501 2335 2556 Si
2362 2501 2503 2556 enim
2531 2503 2667 2558 bene
2694 2519 2779 2558 me
2810 2513 2968 2575 atque
2997 2515 3047 2561 te
3081 2509 3237 2576 novi,
3270 2510 3347 2566 fa-

1765 2585 1865 2641 cile
1894 2586 2015 2642 data
2044 2603 2204 2658 opera
2229 2589 2451 2647 clarebit
2473 2593 2613 2663 quod
2640 2593 2760 2648 dico
2780 2635 2794 2660 ,
2824 2603 2877 2650 et
2903 2596 3038 2651 alter
3063 2597 3214 2653 alteri
3237 2600 3346 2656 cito

1767 2679 2127 2746 persuadebit.
2161 2680 2421 2737 Dixistine
2469 2683 2717 2752 tandem,
2764 2701 2830 2740 an
2880 2686 3106 2744 fortasse
3151 2690 3346 2747 obsur-

1765 2767 1984 2824 dueram
2009 2811 2023 2837 ,
2053 2770 2222 2826 videri
2250 2773 2471 2844 sapienti
2498 2789 2556 2830 se
2583 2776 2720 2831 scire
2748 2777 3058 2847 sapientiam
3080 2780 3104 2833 τ
3123 2781 3343 2840 Annuit.

1765 2859 2098 2928 Omittamus,
2134 2863 2348 2935 inquam
2371 2907 2386 2933 ,
2420 2867 2688 2936 paululum
2717 2869 2874 2923 istum
2919 2871 3231 2940 sapientem.
3263 2875 3345 2931 Tu

1764 2948 1878 3019 ipse
1906 2953 2118 3023 sapiens
2140 2969 2226 3018 es,
2267 2969 2334 3008 an
2364 2969 2468 3010 non
2492 2955 2516 3008 τ
2543 2955 2703 3024 Nihil,
2746 2959 2951 3029 inquit,
2983 2962 3175 3018 minus.
3207 2963 3344 3021 Volo

1761 3051 1938 3099 tamen
1960 3087 1974 3108 ,
2007 3045 2219 3116 inquam
2245 3088 2258 3110 ,
2291 3047 2614 3117 respondeas
2647 3050 2776 3104 mihi
2822 3051 2945 3122 quid
2996 3053 3109 3123 ipse
3144 3058 3345 3113 sentias

1761 3133 1829 3189 de
1855 3137 2095 3205 sapiente
2119 3139 2437 3195 Academico
2463 3158 2476 3207 ;
2500 3151 2800 3198 utrumnam
2832 3145 2926 3200 tibi
2943 3146 3180 3203 videatur
3202 3151 3344 3207 scire

1761 3228 2110 3298 sapientiam?
2156 3230 2343 3286 Utrum
2388 3232 2516 3297 sibi,
2566 3232 2771 3303 inquit,
2817 3237 2954 3292 scire
2992 3238 3228 3295 videatur
3271 3258 3342 3296 an

1761 3319 1929 3385 sciat,
1958 3336 2192 3376 unumne
2232 3337 2299 3376 an
2343 3321 2610 3378 diversum
2656 3326 2845 3395 putas?
2881 3327 3058 3400 Metuo
3098 3332 3239 3386 enim
3270 3348 3342 3388 ne

1760 3415 1874 3470 hmc
1901 3416 2140 3471 confusio
2189 3416 2433 3487 cuiquam
2474 3427 2715 3474 nostrum
2766 3420 3049 3493 sulfugium
3078 3427 3334 3494 praebeat.

1831 3508 1884 3563 9.
1916 3507 2027 3564 Hoc
2065 3518 2181 3575 est,
2232 3512 2477 3580 inquam,
2530 3510 2762 3566 Tuscum
2789 3511 2918 3568 illud
2941 3514 3170 3584 jurgium
3200 3519 3342 3587 quod

1757 3601 1860 3657 dici
1891 3602 2060 3668 solet,
2090 3617 2210 3657 cum
2237 3603 2518 3673 quaestioni
2543 3603 2812 3660 intentata:
2840 3623 2948 3661 non
2976 3607 3090 3678 eius
3119 3610 3335 3677 solutio,

1756 3693 1849 3749 sed
1871 3693 2086 3749 alterius
2105 3694 2334 3763 objectio
2358 3693 2566 3749 videtur
2585 3695 2806 3751 mederi.
2829 3698 2981 3765 Quod
3001 3700 3160 3754 etiam
3182 3711 3340 3770 poeta

1757 3793 1939 3840 noster
1957 3783 2037 3860 (ut
2061 3799 2147 3839 me
2167 3785 2491 3855 aliquantum
2519 3785 2738 3841 Licentii
2768 3788 2984 3844 auribus
3003 3789 3218 3863 dedam)
3239 3792 3338 3848 de-

1755 3885 1939 3932 center
1967 3876 2018 3930 in
2051 3877 2297 3932 Bucolico
2324 3876 2562 3932 carmine
2607 3879 2709 3933 hoc
2734 3879 3057 3936 rusticanum
3083 3891 3137 3937 et
3176 3884 3338 3952 plane

1753 3968 2094 4037 pastoricium
2123 3981 2241 4023 esse
2267 3967 2540 4038 judicavit,
2563 3983 2682 4024 cum
2703 3970 2836 4025 alter
2860 3972 3082 4028 alterum
3110 3974 3338 4032 interro-

1752 4067 1861 4129 gat,
1894 4059 1979 4114 ubi
2009 4060 2129 4116 coeli
2165 4059 2392 4130 spatium
2437 4074 2544 4115 non
2591 4061 2816 4132 amplius
2845 4078 3001 4132 quam
3044 4071 3153 4122 tres
3183 4066 3335 4126 ulnas

1751 4161 1958 4222 pateat:
1984 4153 2071 4208 ille
2095 4162 2270 4209 autem
2289 4194 2304 4219 ,

1933 4243 2014 4292 Dic
2033 4242 2208 4305 quibus
2230 4244 2278 4292 in
2302 4244 2446 4294 terris
2469 4243 2682 4307 inscripti
2705 4247 2894 4297 nomina
2914 4259 3088 4313 regum

1931 4329 2187 4374 Nascantur
2209 4325 2371 4378 ﬂores.

2279 4407 2463 4473 (Virg.,
2489 4407 2661 4476 Ecloga
2681 4411 2731 4473 5,
2755 4424 2826 4463 vv.
2854 4413 2959 4475 105,
2989 4413 3120 4479 106.)

1753 4489 1904 4559 Quod
1933 4506 2133 4562 quaeso,
2173 4492 2326 4564 Alypi
2347 4534 2362 4560 ,
2390 4509 2456 4548 ne
2497 4495 2548 4548 in
2579 4495 2699 4549 villa
2727 4496 2880 4552 nobis
2904 4497 3067 4555 licere
3095 4500 3325 4559 arbitre-

1747 4583 1821 4639 ris
1854 4602 1867 4637 :
1897 4593 2043 4640 certe
2072 4585 2155 4640 vel
2182 4585 2297 4640 ista:
2327 4585 2582 4642 balneolac
2611 4587 2836 4659 aliquam
2863 4590 3069 4648 decoris
3099 4609 3327 4666 gymna-

1745 4674 1945 4730 siorum
1977 4674 2172 4731 faciant
2198 4675 2621 4732 recordationem
2646 4696 2658 4732 :
2681 4678 2750 4733 ad
2778 4679 2850 4748 id,
2879 4680 2926 4736 si
2951 4682 3159 4752 placet,
3183 4689 3327 4757 quod

1744 4780 1874 4837 rogo
1897 4807 1912 4832 ,
1953 4767 2235 4838 responde.
2277 4766 2570 4824 Videturne
2641 4770 2733 4825 tibi
2793 4773 3004 4843 sapiens
3037 4776 3324 4836 Academi-

1743 4873 1928 4916 corum
1953 4860 2091 4916 scire
2119 4861 2475 4932 sapientiam?
2500 4862 2578 4918 Ne
2601 4863 2761 4919 verba
2793 4867 2967 4924 verbis
3009 4870 3321 4944 referendo,

1741 4951 1929 5024 inquit,
1960 4953 2012 5008 in
2066 4951 2283 5024 longum
2330 4969 2534 5022 eamus,
2565 4955 2773 5012 videtur
2796 4959 2965 5016 videri
3014 4963 3114 5020 sibi
3162 4968 3322 5024 scire.

1741 5042 1963 5100 Videtur
2001 5059 2128 5116 ergo
2150 5087 2166 5114 ,
2217 5045 2428 5117 inquam
2451 5089 2466 5114 ,
2496 5047 2588 5104 tibi
2627 5050 2877 5108 nescire?
2905 5053 3018 5110 Non
3045 5058 3186 5113 enim
3223 5076 3326 5131 ego

1739 5150 1919 5208 quaero
1952 5136 2079 5207 quid
2117 5135 2210 5192 tibi
2242 5137 2482 5194 videatur
2521 5139 2684 5196 videri
2722 5144 2944 5215 sapienti
2971 5188 2985 5213 ,
3018 5148 3113 5204 sed
3142 5160 3318 5206 utrum

1739 5227 1832 5282 tibi
1892 5228 2131 5284 videatur
2191 5227 2403 5301 sapiens
2454 5233 2590 5288 scire
2635 5235 2964 5305 sapientiam.
3015 5238 3172 5295 Potes
3197 5283 3211 5308 ,
3261 5252 3321 5296 ut

1737 5321 1943 5392 opinor,
1975 5321 2063 5378 hic
2105 5332 2197 5379 aut
2220 5324 2396 5394 aiere,
2426 5334 2518 5382 aut
2545 5342 2758 5399 negare.
2785 5329 2830 5386 0
2857 5332 3076 5397 utinam,
3106 5332 3310 5403 inquit,

1735 5423 1827 5467 aut
1871 5412 1943 5468 ita
1989 5413 2119 5469 mihi
2173 5415 2326 5473 facile
2370 5425 2514 5473 esset
2546 5427 2604 5473 ut
2653 5421 2779 5486 tibi,
2828 5429 2919 5476 aut
2957 5423 3025 5476 ita
3068 5422 3164 5477 tibi
3215 5424 3316 5480 dif-

1737 5503 1877 5560 ficile
1906 5513 1962 5560 ut
2007 5505 2166 5561 mihi!
2214 5522 2315 5563 nec
2363 5516 2470 5563 tam
2515 5509 2769 5566 molestus
2794 5527 2938 5568 esses
2961 5554 2974 5580 ,
3017 5528 3117 5569 nec
3146 5515 3197 5569 in
3229 5515 3314 5572 bis

1735 5597 2018 5667 quidquam
2046 5614 2309 5668 sperares.
2345 5600 2476 5656 Nam
2505 5617 2624 5657 cum
2655 5619 2741 5658 me
2783 5604 3152 5674 interrogares,
3181 5609 3310 5677 quid

1732 5687 1862 5742 mihi
1891 5687 1959 5743 de
1981 5689 2300 5746 Academico
2325 5692 2560 5761 sapiente
2604 5693 2872 5759 videatur;
2914 5695 3180 5764 respondi,
3225 5699 3306 5752 vi-

1795 5801 1822 5867 ³,
1837 5799 1955 5851 Editi
1974 5799 2173 5863 habent,
2192 5800 2441 5852 circulum.
2465 5801 2557 5851 Sed
2578 5801 2754 5852 melius
2774 5809 2879 5853 Mss.
2898 5803 3088 5866 decem,
3105 5804 3308 5858 circum.

2635 5885 2952 5966 (Trente.j
