3880 6396
1512 331 1785 413 CONTRA
1825 342 2278 415 ncnonntcos,
2315 345 2370 404 s.
2426 342 2780 400 -\UGUS'l'lNl
3625 352 3712 410 9,,

2202 461 2391 515 robore
2432 460 2624 517 invicta
2655 463 2756 529 sit,
2784 477 2878 517 eos
2905 462 3019 516 loco
3058 476 3265 519 movere
3287 478 3388 519 non
3415 469 3592 537 possit,
3617 485 3715 526 cum

2204 551 2453 607 audacter
2468 555 2733 609 afﬁrmare
2762 553 2932 608 adhuc
2958 553 3185 620 valeant,
3199 571 3266 610 ne
3289 571 3426 614 nunc
3439 557 3626 628 quidem
3646 561 3720 618 ulli
3745 587 3766 612 ς»

2206 641 2283 698 rei
2315 641 2753 700 consentiendum
2775 659 2913 701 esse.
2935 645 3096 702 Forte
3124 647 3265 703 enim
3289 649 3553 720 aliquando
3567 661 3719 709 contra

517 380 616 438 939

516 497 629 553 ἀρνὶ
656 490 782 548 mihi
805 485 945 560 quod
971 478 1212 539 videatur
1236 476 1336 532 sibi
1356 474 1494 531 scire
1527 471 1874 542 sapientiam,
1907 471 2093 560 ne-aut

517 599 720 644 tenuere
747 554 840 636 me
860 579 997 634 scire
1048 572 1363 628 affirmarent
1391 609 1406 634 ,
1446 574 1538 620 aut
1578 563 1725 619 illum
1772 575 1876 614 non
1920 554 2096 612 minus

519 693 721 738 temore
748 675 885 731 scire
907 671 1158 727 dicerem.
1191 665 1298 720 Pro
1318 674 1506 731 magno
1527 699 1540 722 ,
1567 658 1799 727 inquam.
1832 647 2098 707 beneﬁcio

521 771 654 829 mihi
681 769 902 824 obsecro
944 757 1206 818 concedas
1260 753 1452 825 primo,
1485 758 1542 805 ut
1582 746 1648 803 ad
1687 745 1741 802 id
1770 743 1914 816 quod
1959 756 2098 829 ego,

522 827 633 920 non
657 859 723 916 ad
746 857 798 914 id
823 849 964 928 quod
991 861 1047 907 tu
1083 859 1135 906 te
1165 845 1463 915 interrogas
1491 837 1818 928 respondere
1842 827 2099 904 digneris.

529 951 726 1012 Deinde
755 959 812 1004 ut
844 927 997 1016 spem
1024 955 1227 1004 meam,
1258 951 1417 1009 quam
1452 931 1545 987 tibi
1573 946 1677 985 non
1705 927 1884 984 minus
1913 937 2056 1016 curae
2077 961 2093 984 ,

485 1029 490 1036 ’
528 1060 684 1119 quam
713 1055 852 1097 tuam
884 1015 1008 1094 esse
1046 1042 1196 1090 certo
1219 1029 1330 1086 scio
1350 1069 1364 1092 ,
1394 1040 1534 1082 nunc
1560 1020 1840 1119 paululum.
1869 1015 2104 1072 omittas.

480 1133 492 1167 θ
528 1110 686 1195 éerte
709 1133 753 1188 si
779 1145 864 1186 me
903 1129 1003 1185 ista
1031 1116 1444 1192 interrogatione
1471 1114 1765 1184 decepero,
1796 1110 1900 1165 cito
1939 1117 2110 1164 trans-

533 1229 622 1284 ibo
665 1226 718 1281 in
762 1233 905 1278 tuam
961 1226 1198 1290 partem,
1248 1207 1772 1275 controversiamque
1843 1200 2109 1256 ﬁniemus.

533 1321 811 1376 Postremo
854 1321 911 1368 ut
956 1310 1107 1382 pulsa
1139 1304 1317 1362 nescio
1355 1317 1458 1372 qua
1491 1295 1845 1355 sollicitudine
1869 1337 1882 1358 ,
1928 1308 2032 1364 qua
2063 1298 2113 1346 te

535 1411 676 1482 tangi
705 1408 880 1471 vidco,
911 1401 1214 1474 diligentius
1254 1394 1687 1482 animadvertas,
1713 1405 1818 1482 quo
1842 1385 1996 1482 facile
2030 1382 2114 1482 in:

536 1476 744 1574 telligas
791 1497 914 1570 quid
959 1494 1088 1552 mihi
1135 1492 1232 1548 abs
1273 1498 1325 1545 te
1357 1481 1669 1558 responderi
1699 1481 1906 1574 velim._
1930 1476 2116 1574 Disisti

543 1571 684 1653 enim
715 1593 835 1649 ideo
880 1602 933 1646 te
975 1603 1082 1644 non
1107 1593 1197 1640 aut
1221 1584 1363 1638 aiere
1389 1588 1478 1635 aut
1519 1591 1736 1648 negare,
1769 1572 1909 1645 quod
1939 1571 2118 1641 utique

538 1683 838 1743 faciendum
867 1689 949 1737 est
991 1677 1056 1733 ad
1107 1674 1158 1730 id
1187 1671 1330 1746 quod
1353 1685 1483 1741 rogo
1505 1713 1520 1737 ,
1548 1683 1618 1724 ne
1652 1673 1853 1722 temere
1895 1672 1948 1720 te
1981 1661 2120 1718 scire

539 1779 686 1835 dicas
713 1773 854 1848 quod
906 1767 1080 1828 nescis
1118 1765 1312 1839 :quasi
1338 1779 1467 1820 vero
1504 1778 1604 1834 ego
1631 1759 1759 1832 quid
1801 1757 1939 1814 scias
1972 1773 2118 1848 quae-

542 1847 758 1932 sierim,
789 1875 845 1922 et
880 1880 985 1919 non
1013 1859 1139 1933 quid
1180 1855 1274 1914 tibi
1300 1855 1562 1912 videatur.
1591 1851 1773 1923 Itaque
1798 1864 1938 1905 nunc
1979 1847 2120 1904 idem

545 1963 756 2034 planius
781 1959 852 2030 (si
884 1968 1060 2012 tamen
1089 1954 1299 2025 planius
1324 1950 1428 2007 dici
1463 1947 1663 2020 potest)
1692 1945 1960 2016 interrogo
1988 1963 2002 1999 :
2027 1942 2120 1999 Vi-

547 2055 770 2110 deturne
797 2051 890 2106 tibi
921 2049 1058 2105 scire
1083 2043 1397 2116 sapientiam
1441 2042 1654 2112 sapiens
1677 2081 1691 2104 ,
1739 2054 1808 2094 an
1839 2053 1946 2093 non
1975 2035 2123 2092 vide-

546 2144 667 2200 tur?
715 2142 771 2200 Si
821 2140 1076 2203 inveniri,
1122 2134 1311 2207 inquit,
1343 2134 1556 2204 sapiens
1581 2129 1791 2202 qualem
1821 2125 1956 2184 ratio
1994 2142 2124 2198 pro-

549 2236 647 2303 dit,
674 2243 867 2306 queat;
897 2237 1072 2301 potest
1100 2227 1231 2284 mihi
1257 2225 1424 2280 videri
1443 2222 1582 2279 scire
1608 2219 1940 2291 sapientiam.
1974 2217 2128 2272 Ratio

548 2327 726 2399 igitur,
761 2324 996 2394 inquam,
1027 2319 1184 2376 talem
1213 2317 1306 2373 tibi
1335 2315 1513 2387 prodit
1537 2327 1658 2370 esse
1682 2312 1997 2382 sapientem,
2037 2309 2128 2379 qui

548 2419 862 2490 sapientiam
894 2430 1000 2470 non
1047 2415 1372 2483 ignoret:et
1414 2417 1559 2464 recte
1605 2403 1798 2461 isthuc.
1831 2403 1944 2460 Non
1988 2403 2129 2458 enim

548 2513 703 2568 aliter
723 2508 945 2566 decebat
968 2504 1134 2561 videri
1167 2504 1279 2559 tibi.

621 2603 710 2659 10.
749 2601 942 2670 Quaaro
969 2613 1095 2667 ergo
1132 2595 1240 2667 jam
1262 2637 1276 2659 ,
1319 2600 1498 2649 utrum
1529 2591 1697 2662 possit
1723 2589 1934 2659 sapiens
1972 2589 2122 2644 inve-

551 2697 674 2754 niri.
713 2693 771 2751 Si
803 2692 946 2749 enim
977 2698 1182 2761 potest,
1211 2695 1385 2759 potest
1409 2684 1566 2741 etiam
1606 2683 1745 2739 scire
1782 2680 2092 2750 sapientiam
2115 2721 2130 2744 ,

551 2787 832 2858 omnisque
855 2782 1078 2856 quaestio
1116 2782 1254 2836 inter
1291 2794 1388 2835 nos
1425 2776 1680 2833 dissoluta
1721 2782 1822 2830 est.
1863 2773 1918 2828 Si
1958 2783 2134 2828 autem

551 2897 658 2938 non
686 2893 843 2951 posse
867 2877 1021 2941 dicis,
1044 2875 1154 2946 jam
1183 2888 1288 2928 non
1316 2878 1582 2943 qumrctur
1606 2877 1782 2924 utrum
1809 2866 2020 2936 sapiens
2039 2865 2138 2920 ali-

550 2972 680 3044 quid
707 2971 874 3037 sciat,
905 2967 999 3024 sed
1040 2975 1216 3022 utrum
1246 2963 1457 3035 sapiens
1494 2961 1772 3032 quisquam
1799 2973 1918 3013 esse
1947 2957 2133 3027 possit.

553 3063 668 3132 Quo
694 3061 982 3116 constituto
997 3098 1016 3130 ,
1044 3057 1152 3127 jam
1180 3051 1534 3110 recedendum
1560 3051 1662 3107 erit
1682 3050 1748 3104 ab
1773 3047 2136 3113 Academicis,

553 3165 608 3210 et
649 3162 822 3209 tecum
865 3152 964 3205 ista
1004 3147 1228 3217 quaestio
1273 3151 1528 3215 quantum
1553 3141 1826 3206 valemus,
1857 3139 2138 3208 diligenter

553 3256 812 3316 cauteque
837 3241 1116 3298 versanda.
1141 3239 1272 3294 Nam
1295 3238 1398 3292 illis
1423 3236 1641 3316 placuit,
1664 3235 1747 3290 vel
1774 3232 1951 3304 potius
1967 3232 2138 3286 visum

553 3347 666 3399 est,
697 3345 752 3392 et
774 3349 894 3390 esse
926 3347 1080 3401 posse
1116 3329 1385 3384 hominem
1424 3321 1746 3396 sapientem,
1786 3332 1841 3379 et
1877 3332 2055 3379 tamen
2083 3321 2138 3377 in

556 3429 826 3484 hominem
854 3423 1130 3480 scientiam
1159 3418 1349 3476 cadere
1376 3434 1480 3472 non
1523 3431 1697 3487 posse.
1727 3415 1901 3483 Quare
1941 3413 2013 3468 illi
2056 3428 2140 3466 sa-

556 3522 789 3592 pientem
828 3516 958 3571 nihil
1003 3513 1140 3568 scire
1185 3511 1533 3565 altirmarunt.
1571 3505 1689 3561 Tibi
1718 3515 1894 3560 autem
1935 3503 2142 3558 videtur

556 3614 696 3670 scire
730 3608 1073 3680 sapientiam,
1100 3603 1240 3675 quod
1269 3617 1375 3656 non
1403 3608 1486 3656 est
1513 3598 1692 3668 utique
1720 3597 1848 3651 nihil
1874 3595 2031 3651 scire.
2057 3593 2140 3650 Si-

470 3693 473 3696 .
559 3705 673 3762 mul
703 3703 842 3759 enim
872 3698 1073 3771 placuit
1098 3698 1234 3751 inter
1263 3709 1358 3750 nos
1379 3734 1395 3760 ,
1429 3691 1570 3764 quod
1600 3691 1759 3746 etiam
1789 3690 1927 3746 inter
1951 3703 2141 3744 omnes

559 3810 789 3862 veteres,
817 3796 1056 3864 interque
1082 3791 1226 3861 ipsos
1251 3787 1621 3852 Academicos,
1645 3786 1783 3840 scire
1810 3783 1942 3840 falsa
1967 3783 2140 3838 nemi-

557 3907 682 3949 nem
725 3904 917 3959 posse:
946 3884 1086 3940 unde
1131 3881 1256 3937 illud
1287 3881 1397 3950 jam
1425 3886 1626 3944 restat,
1651 3885 1823 3932 utaut
1851 3875 2142 3932 contendas

559 3985 691 4042 nihil
715 3997 836 4040 esse
863 3977 1200 4050 sapientiam,
1226 3982 1318 4030 aut
1342 3973 1499 4029 talem
1525 3972 1818 4043 sapientem
1839 3971 1907 4025 ab
1933 3970 2140 4026 Acade-

560 4077 713 4135 micis
739 4072 992 4139 describi,
1015 4069 1224 4142 qualem
1248 4066 1384 4123 ratio
1408 4080 1512 4120 non
1541 4063 1722 4132 habet,
1747 4062 1983 4118 fatearis.

679 4185 901 4244 CAPUT
939 4183 1004 4239 V.
1028 4213 1099 4224 —
1121 4180 1533 4236 Academicorum
1562 4178 1710 4232 inane
1747 4175 2024 4248 stt/fugiunt

1175 4250 1522 4320 proscinditur.

635 4351 723 4405 ll.
766 4348 832 4403 Et
859 4346 940 4401 his
968 4319 1181 4400 omissis
1205 4341 1509 4397 consentias
1533 4348 1591 4395 ut
1615 4354 1944 4411 quaeramus,
1967 4348 2142 4394 utrum

561 4447 728 4517 possit
768 4439 968 4496 homini
989 4437 1114 4493 talis
1147 4434 1429 4506 provenire
1459 4433 1737 4504 sapientia,
1766 4433 1981 4503 qualem
2021 4449 2144 4504 pro-

561 4539 641 4593 dit
682 4536 837 4591 ratio.
874 4532 996 4588 Non
1029 4530 1174 4586 enim
1211 4529 1369 4584 aliam
1403 4527 1690 4595 debemus,
1729 4535 1822 4581 aut
1863 4542 2150 4597 pwsumus

562 4641 710 4688 recte
736 4644 928 4686 vocare
954 4624 1290 4697 sapientiam.
1312 4623 1424 4679 Etsi
1445 4622 1756 4689 concedam,
1783 4622 1972 4691 inquit,
1999 4621 2144 4692 quod

563 4733 620 4776 te
646 4735 964 4790 magnopere
993 4717 1090 4772 niti
1113 4715 1268 4772 video
1287 4755 1302 4781 ,
1331 4715 1456 4770 sciri
1481 4730 1514 4768 a
1541 4713 1778 4783 sapiente
1805 4713 2144 4782 sapientiam,

566 4822 624 4867 et
645 4811 843 4882 aliquid
870 4812 1007 4866 inter
1031 4825 1129 4864 nos
1152 4808 1544 4878 deprehensum
1574 4805 1718 4876 quod
1747 4806 1959 4875 sapiens
1979 4807 2148 4876 possit

565 4903 869 4974 percipere;
899 4912 1079 4957 tamen
1105 4916 1438 4972 nequaquam
1457 4901 1585 4956 mihi
1615 4901 1849 4956 occurrit
1866 4900 2146 4956 Academi-

564 5005 751 5051 corum
773 4992 1082 5048 lahefactata
1111 4993 1286 5048 omnis
1307 4991 1550 5048 intentio.
1573 4991 1845 5062 Prospicio
1877 4993 2020 5048 enim
2048 4992 2146 5048 dc-

564 5082 828 5143 fensionis
850 5083 930 5138 eis
956 5083 1133 5137 locum
1177 5099 1284 5138 non
1327 5083 1605 5139 minimum
1644 5094 2003 5151 reservatum,
2048 5098 2148 5141 nec

563 5180 710 5237 illam
738 5175 1068 5232 assensionis
1092 5175 1494 5246 suspensionem
1522 5191 1641 5232 esse
1680 5178 1956 5248 prtecisam
1974 5221 1990 5248 ,
2021 5193 2147 5235 cum

561 5272 670 5330 hoc
696 5272 816 5342 ipso
832 5285 1006 5326 causa
1031 5282 1141 5324 sua:
1164 5269 1350 5324 deesse
1371 5285 1472 5324 non
1497 5269 1717 5340 possint,
1743 5287 1850 5342 quo
1873 5275 2148 5329 convictos

561 5373 742 5436 putas.
785 5362 974 5417 Dicent
1015 5358 1158 5415 enim
1206 5359 1510 5429 usqueadeo
1556 5360 1689 5415 nihil
1731 5363 2142 5433 comprehendi,

565 5455 802 5527 nullique
842 5453 926 5510 rei
952 5451 1320 5507 assensionem
1347 5450 1720 5521 praebendam,
1750 5461 1808 5507 ut
1844 5454 2000 5508 etiam
2045 5454 2146 5512 hoc

565 5549 636 5604 de
662 5546 789 5602 nihil
819 5543 1192 5617 percipiendo,
1224 5542 1366 5614 quod
1407 5550 1514 5597 tota
1553 5542 1653 5599 sibi
1681 5558 1818 5613 pene
1843 5543 1948 5598 vita
1978 5559 2148 5616 usque

566 5638 634 5693 ad
663 5648 714 5695 te
744 5637 1084 5708 probabiliter
1104 5644 1497 5708 persuaserant,
1517 5651 1656 5691 nunc
1681 5635 1780 5691 ista
1805 5637 2148 5694 conclusione

567 5729 667 5783 sibi
695 5737 958 5784 extortum
987 5729 1056 5784 sit
1085 5745 1098 5782 :
1127 5737 1185 5784 ut
1210 5726 1325 5785 sive
1352 5736 1515 5796 tunc,
1554 5728 1667 5786 sive
1703 5744 1844 5786 nunc
1872 5729 2027 5802 hujus
2059 5746 2148 5787 ar-

566 5822 799 5893 gumenti
846 5821 926 5876 vis
969 5821 1211 5881 tarditate
1255 5821 1449 5894 ingenii
1491 5823 1627 5894 mei,
1668 5827 1782 5886 sive
1818 5843 2002 5887 revera
2045 5844 2144 5887 suo

2210 736 2309 790 hoc
2337 752 2547 808 quoque
2577 737 2817 794 nonnihil
2854 739 2934 794 vel
2975 755 3004 794 a
3035 754 3093 795 se
3121 741 3203 796 vel
3233 755 3261 794 a
3287 741 3517 812 quopiam
3543 745 3724 816 reperiri

2209 842 2367 898 posse
2385 868 2401 894 ,
2431 828 2572 900 quod
2600 839 2751 886 acute
2789 830 3236 902 probabiliterque
3259 830 3490 888 dicatur:
3517 850 3728 906 suamque

2212 919 2496 992 imaginem
2524 931 2577 976 et
2602 923 2752 993 quasi
2787 921 3062 992 speculum
3099 923 3359 994 quoddam
3395 924 3444 980 in
3469 925 3636 981 Proteo
3659 928 3728 983 illo

2213 1009 2564 1068 animadverti
2589 1021 2835 1085 oportere
2852 1054 2868 1080 ,
2899 1012 2986 1084 qui
3013 1010 3234 1068 traditur
3256 1029 3320 1070 eo
3345 1013 3509 1071 solere
3530 1017 3632 1087 capi
3651 1033 3731 1089 quo

2215 1101 2436 1161 minime
2475 1114 2775 1177 caperetur,
2823 1107 3328 1178 investigatoresque
3367 1107 3477 1178 ejus
3515 1125 3731 1181 nunquam
3834 1165 3835 1170 η

2217 1198 2464 1255 eumdem
2488 1199 2740 1268 tenuisse,
2761 1199 2860 1255 nisi
2882 1197 3054 1254 indice
3073 1197 3434 1270 alicujusmodi
3450 1203 3640 1259 numine
3655 1205 3732 1272 (α).

2218 1292 2371 1360 Quod
2397 1294 2440 1349 si
2470 1291 2636 1357 adsit,
2666 1303 2719 1350 et
2747 1293 2889 1349 illam
2929 1293 3080 1348 nobis
3117 1297 3390 1350 veritatem
3425 1310 3534 1366 quae
3568 1305 3734 1352 tantum
3834 1285 3835 1320 ξ

2221 1401 2362 1440 curae
2387 1395 2471 1442 est
2496 1385 2862 1442 demonstrare
2890 1385 3156 1458 dignetur,
3183 1393 3283 1457 ego
3310 1402 3509 1458 quoque
3531 1388 3605 1444 vel
3637 1389 3737 1460 ipsis
3834 1415 3835 1418 η

2223 1478 2422 1547 invitis,
2453 1471 2595 1550 quod
2624 1479 2841 1535 minime
2866 1494 3010 1548 reor,
3039 1478 3158 1534 illos
3185 1486 3458 1549 superatos
3480 1493 3586 1536 esse
3608 1483 3737 1536 conti-

2224 1567 2393 1624 tebor.

2296 1662 2383 1715 l2.
2424 1662 2567 1719 Bene
2612 1663 2801 1731 habet,
2852 1665 3102 1734 inquam;
3145 1677 3364 1734 prorsus
3404 1663 3523 1719 nihil
3563 1661 3742 1735 amplius
3834 1731 3835 1734 η

2226 1753 2422 1823 optavi.
2450 1753 2580 1808 Nam
2613 1753 2808 1819 videte,
2831 1769 3034 1826 quaeso,
3065 1754 3205 1811 bona
3229 1755 3357 1810 mihi
3379 1763 3499 1826 quot
3524 1765 3571 1812 et
3591 1767 3742 1827 quanta

2228 1845 2587 1916 provenerint.
2635 1846 2869 1901 Primum
2913 1853 3025 1911 est,
3071 1847 3215 1917 quod
3260 1847 3546 1903 Academici
3575 1848 3664 1918 jam
3687 1851 3744 1904 sic
3834 1875 3835 1892 ι

2227 1936 2453 1992 convicti
2481 1951 2600 1992 esse
2627 1937 2892 2005 dicuntur,
2925 1945 2981 1992 ut
3010 1937 3143 1992 nihil
3168 1936 3246 1993 eis
3270 1946 3428 1993 restet
3449 1937 3510 1992 ad
3535 1935 3746 1994 delensio-

2230 2045 2373 2097 nem,
2403 2029 2503 2085 nisi
2533 2030 2674 2100 quod
2715 2031 2826 2087 ﬁeri
2867 2047 2974 2086 non
3005 2039 3202 2101 potest.
3230 2029 3358 2099 Quis
3397 2033 3527 2087 enim
3566 2031 3650 2087 hoc
3680 2040 3748 2087 aut

2232 2123 2526 2193 intelligere
2569 2124 2678 2178 ullo
2721 2123 2912 2190 modo,
2959 2134 3050 2179 aut
3093 2125 3318 2181 credere
3349 2125 3661 2191 valeat,eum
3681 2127 3747 2197 qui

2232 2216 2401 2270 victus
2430 2214 2524 2279 sit,
2557 2231 2621 2270 co
2665 2216 2779 2286 ipso
2823 2231 2928 2286 quo
2968 2217 3144 2272 victus
3182 2226 3295 2285 est,
3335 2219 3748 2274 victoremsecsse

2232 2307 2485 2378 gloriari?
2519 2308 2717 2364 Deinde
2742 2309 2785 2363 si
2813 2309 2938 2380 quid
2963 2310 3072 2380 jam
3103 2319 3348 2366 remanet
3370 2326 3483 2366 cum
3513 2311 3583 2366 bis
3606 2309 3747 2366 conﬂi-

2234 2402 2445 2466 ctionis,
2476 2417 2678 2461 non.ex
2707 2418 2771 2458 eo
2797 2412 2880 2458 est
2906 2403 3047 2474 quod
3071 2403 3296 2472 dicunt,
3323 2404 3448 2459 nihil
3472 2405 3578 2460 sciri
3602 2419 3746 2474 posse,

2235 2495 2328 2550 sed
2369 2511 2433 2550 ex
2470 2510 2534 2550 eo
2561 2495 2702 2566 quod
2737 2497 2866 2552 nulli
2891 2498 2970 2552 rei
2999 2497 3402 2554 assentiendum
3440 2513 3550 2554 esse
3576 2506 3745 2554 conten-
3834 2497 3835 2568 ξ

2237 2585 2388 2642 dunt.
2413 2586 2564 2643 Nunc
2592 2588 2766 2658 itaque
2790 2589 3082 2645 concordes
3105 2605 3313 2647 sumus.
3340 2590 3465 2646 Nam
3487 2599 3538 2645 ut
3559 2589 3678 2653 mihi,
3696 2590 3748 2643 ita

2238 2679 2398 2734 etiam
2429 2679 2532 2734 illis
2561 2681 2788 2748 videtur,
2827 2684 3120 2752 sapientem
3167 2684 3306 2740 scire
3352 2681 3646 2755 sapientiam.
3671 2679 3746 2737 Sed
3834 2677 3835 2744 ἶ

2241 2777 2418 2824 tamen
2439 2771 2505 2824 ab
2525 2773 2834 2826 assensione
2863 2773 2937 2826 illi
2961 2774 3368 2845 temperandum
3388 2782 3599 2830 monent.
3617 2772 3748 2828 Videri
3834 2763 3835 2818 ἕ

2241 2861 2382 2916 enim
2425 2861 2526 2916 sibi
2567 2871 2770 2918 tantum
2814 2865 3028 2932 dicunt;
3057 2867 3202 2922 scire
3232 2877 3406 2922 autem
3447 2867 3571 2922 nullo
3591 2864 3745 2921 modo:
3834 2857 3835 2862 “

2241 2953 2390 3022 quasi
2416 2968 2515 3023 ego
2539 2970 2624 3009 me
2650 2954 2786 3010 scire
2812 2957 3080 3025 profitear.
3108 2957 3242 3012 Mihi
3267 2973 3472 3030 quoque
3487 2956 3625 3013 videri
3644 2955 3748 3010 istud
3834 2949 3835 2998 ἶ

2242 3042 2360 3098 dico
2388 3062 2400 3098 :
2431 3059 2548 3100 sum
2577 3047 2718 3100 enim
2745 3047 2953 3110 stultus,
2979 3048 3227 3105 utetiam
3256 3049 3379 3120 ipsi,
3405 3050 3448 3105 si
3472 3050 3662 3104 nesciunt
3683 3061 3749 3100 sa-

2243 3133 2518 3204 pientiam.
2552 3137 2862 3206 Approbare
2889 3146 3065 3193 autem
3093 3155 3200 3194 nos
3224 3140 3419 3196 debere
3441 3139 3596 3210 aliquid
3617 3148 3737 3208 puto,
3834 3123 3835 3128 η

2245 3224 2297 3279 id
2326 3233 2408 3280 est
2427 3268 2442 3293 ,
2470 3228 2766 3283 veritatem.
2793 3229 2866 3284 De
2889 3245 2996 3300 quo
3024 3245 3122 3286 eos
3147 3233 3375 3288 consulo
3404 3243 3551 3288 utrum
3571 3237 3741 3300 negem.

2248 3314 2300 3370 id
2331 3324 2432 3382 est,
2465 3327 2638 3372 utrum
2669 3319 2749 3375 eis
2788 3321 2993 3390 placeat
3033 3323 3250 3379 veritati
3293 3324 3639 3381 assentiendum
3666 3335 3749 3374 non

2244 3420 2384 3463 esse.
2408 3406 2688 3479 Nunquam
2727 3411 2830 3468 hoc
2853 3412 3060 3479 dicent,
3089 3414 3188 3469 sed
3212 3430 3330 3470 eam
3357 3430 3458 3470 non
3482 3412 3662 3469 inveniri
3684 3424 3750 3463 as-
3834 3399 3835 3436 ³

2245 3497 2582 3552 severabunt.
2615 3498 2753 3571 Ergo
2781 3512 2834 3556 et
2855 3503 2939 3557 hic
2961 3518 3026 3558 ex
3058 3505 3316 3560 nonnulla
3344 3514 3484 3576 parte
3504 3503 3668 3559 socium
3689 3514 3753 3554 me
3834 3495 3835 3540 ἶ

2246 3597 2446 3662 teneat,
2469 3593 2608 3657 quod
2632 3595 2868 3664 utrisque
2885 3611 2990 3651 non
3016 3597 3290 3668 displicet,
3315 3610 3466 3672 atque
3487 3599 3603 3654 adeo
3620 3610 3756 3652 neces-
3834 3591 3835 3620 ³

2245 3682 2386 3737 sario
2424 3683 2634 3751 placet,
2681 3687 3120 3742 consentiendum
3160 3705 3284 3746 esse
3319 3690 3532 3746 veritati.
3561 3687 3648 3744 Sed
3669 3686 3757 3757 quis

2246 3789 2364 3829 eam
2399 3775 2814 3845 demonstrabit,
2862 3779 3142 3850 inquiunt?
3181 3781 3284 3839 Ubi
3317 3797 3416 3855 ego
3444 3797 3552 3840 cum
3578 3781 3661 3835 illis
3679 3793 3756 3832 non
3834 3839 3835 3842 η

2245 3867 2442 3923 curabo
2463 3877 2670 3926 certare
2691 3888 2706 3938 ;
2731 3872 2862 3927 satis
2886 3872 3016 3928 mihi
3037 3883 3122 3931 est
3137 3876 3283 3946 quod
3303 3877 3413 3948 jam
3431 3872 3665 3946 probabile
3679 3885 3758 3926 non
3834 3871 3835 3884 ‘

2249 3968 2356 4027 est,
2383 3959 2513 4014 nihil
2542 3962 2680 4018 scire
2707 3965 3022 4033 sapientem,
3054 3981 3124 4023 ne
3149 3981 3266 4023 rem
3294 3967 3682 4023 absurdissima!
3700 3961 3758 4016 di-

2255 4067 2380 4108 cere
2399 4062 2672 4124 cogantur,
2700 4065 2790 4110 aut
2813 4057 2946 4111 nihil
2970 4073 3091 4114 esse
3115 4061 3458 4129 sapientiam,
3487 4068 3569 4114 aut
3595 4056 3757 4128 sapien-

2251 4147 2374 4202 tiam
2404 4149 2611 4206 nescire
2635 4150 2953 4221 sapientem.

2250 4259 2474 4317 CAPUT
2514 4261 2602 4316 Vl.
2623 4291 2695 4303 —
2723 4262 2993 4319 Veritatem
3033 4266 3130 4321 nisi
3159 4267 3332 4321 divina
3359 4283 3450 4338 ope
3474 4280 3564 4320 non

2325 4374 2410 4429 15.
2443 4371 2574 4440 Quis
2615 4384 2789 4430 autem
2841 4389 3024 4432 verum
3076 4378 3246 4448 possit
3283 4377 3576 4442 ostendere,
3609 4373 3686 4428 abs
3709 4377 3759 4425 te.

2251 4466 2426 4537 Alypi,
2455 4465 2651 4522 dictum
2681 4475 2794 4535 est,
2836 4484 2866 4523 a
2900 4484 3005 4538 quo
3050 4485 3119 4526 ne
3162 4471 3466 4528 dissentiam
3502 4479 3762 4539 magnopere

2250 4559 2378 4613 mihi
2406 4558 2747 4614 laborandum
2779 4570 2878 4616 est.
2903 4558 3113 4617 Etenim
3146 4577 3339 4618 numen
3365 4560 3560 4634 aliquod
3583 4557 3680 4613 aisti
3701 4571 3764 4608 so-

2252 4653 2358 4707 lum
2388 4668 2544 4725 posse
2569 4654 2851 4711 ostendere
2875 4653 3075 4709 homini
3097 4655 3225 4727 quid
3251 4656 3320 4711 sit
3342 4655 3532 4719 verum,
3552 4667 3653 4708 cum
3675 4648 3764 4702 bre-
3834 4669 3835 4682 ι

2251 4749 2405 4813 viter,
2441 4757 2551 4804 tum
2591 4749 2749 4804 etiam
2797 4753 2901 4820 pic.
2939 4749 3082 4806 Nihil
3127 4751 3306 4822 itaque
3344 4751 3393 4805 in
3439 4749 3533 4804 hoc
3567 4755 3762 4800 sermone
3834 4803 3835 4808 η

2253 4851 2432 4899 nostro
2463 4843 2707 4898 libentius
2735 4843 2942 4911 audivi,
2973 4844 3101 4899 nihil
3125 4845 3371 4916 gravius,
3411 4839 3532 4899 nihil
3565 4832 3760 4911 probabi-
3834 4843 3835 4888 ξ

2253 4935 2353 4990 lius
2377 4977 2392 5003 ,
2426 4945 2512 5003 ct,
2541 4935 2583 4991 si
2614 4933 2666 4989 id
2692 4950 2884 4990 numen
2926 4945 2983 4991 ut
3023 4935 3236 4992 confido
3264 4934 3434 5005 adsit,
3466 4932 3582 4989 nihil
3606 4927 3758 4985 verius.

2252 5027 2380 5083 Nam
2412 5035 2465 5082 et
2495 5027 2715 5082 Proteus
2751 5027 2836 5082 ille
2881 5037 3072 5097 quanta
3117 5029 3211 5085 abs
3253 5036 3305 5085 te
3337 5027 3516 5084 mentis
3541 5017 3760 5079 altitudine

2252 5130 2696 5176 commemoratus
2716 5163 2730 5186 ,
2757 5128 2952 5192 quanta
2980 5120 3269 5177 intentione
3294 5121 3342 5176 in
3369 5120 3602 5190 optimum
3628 5109 3759 5184 philo-
3834 5109 3835 5196 ξ

2255 5212 2456 5283 sophia:
2481 5211 2686 5283 genus?
2710 5211 2932 5267 Proteus
2961 5212 3099 5267 enim
3129 5211 3234 5278 ille,
3265 5217 3322 5266 ut
3345 5225 3434 5265 vos
3454 5206 3760 5263 adolescentes

2254 5317 2357 5361 non
2390 5309 2600 5376 penitus
2633 5309 2816 5376 poetas
2845 5320 2872 5358 a
2901 5303 3230 5375 philosophia
3270 5295 3652 5358 contemnendos
3669 5303 3758 5346 esse

2252 5399 2510 5465 videatis,
2561 5399 2616 5452 in
2661 5397 2943 5468 imaginem
2973 5396 3208 5452 veritatis
3234 5393 3500 5451 inducitur.
3527 5379 3753 5445 Veritatis.
3834 5411 3835 5414 η

2254 5492 2466 5562 inquam
2493 5533 2506 5558 ,
2545 5489 2767 5545 Proteus
2808 5489 2863 5544 in
2899 5487 3216 5544 carminibus
3245 5490 3464 5542 ostentat
3487 5479 3757 5541 sustinetqud

2257 5593 2564 5657 perSonam,
2592 5597 2746 5656 quam
2777 5580 3021 5638 obtinere
3045 5594 3198 5636 nemo
3222 5581 3388 5650 potest
3405 5618 3419 5641 ,
3444 5570 3486 5630 si
3501 5568 3630 5627 falsis
3653 5563 3753 5663 ima:

2252 5681 2460 5752 ginibus
2485 5678 2738 5749 deceptus
2763 5671 3250 5748 comprehensionis
3277 5667 3436 5727 nodos
3459 5664 3532 5720 vel
3553 5657 3754 5717 laxaveril

2314 5816 3624 5899 (α)ιιυ3ειοαιωοιωοιιω›.2ἀοοιωιιε,σ.ισ,ιωι

3834 1929 3835 2012 l

3833 2111 3835 2156 1

3834 2161 3835 2222 ι

3834 2225 3835 2272 l

3834 2279 3835 2342 ι

3834 2357 3835 2420 ι

3834 2421 3835 2478 ι
