3882 6274
155 320 230 383 Ni
1499 323 1702 382 LIBER
1726 323 2039 385 TERTIUS.

152 437 218 495 vel
237 435 500 493 dimiserit.
528 435 665 492 Sunt
691 436 838 492 enim
868 436 986 492 ista:
1013 436 1272 508 imagines
1291 480 1305 506 ,
1328 453 1446 509 quae
1472 453 1695 496 consue-

152 530 301 589 tudine
326 545 500 586 rerum
527 516 887 603 corporalium
913 546 1011 603 per
1037 530 1170 588 istos
1196 522 1388 604 quibus
1412 534 1478 590 ad
1504 550 1693 591 neces-

150 614 261 684 saria
285 612 432 693 hujus
450 623 573 679 vitze
594 624 795 680 utimur
817 638 1027 693 sensus,
1050 641 1148 682 nos
1170 625 1331 684 etiam
1353 642 1476 683 cum
1497 628 1695 685 veritas

149 725 342 783 tenetur,
362 723 414 772 et
432 715 584 787 quasi
611 712 839 771 habetur
868 718 920 772 in
948 719 1192 775 manibus
1211 763 1225 783 ,
1251 706 1500 791 decipere
1536 730 1695 791 atque

150 798 335 865 illudere
355 800 665 865 moliuntur.
695 796 807 864 lloc
830 824 956 879 ergo
986 811 1199 865 tertium
1226 808 1423 866 bonum
1445 810 1575 867 mihi
1604 828 1693 867 ac-

148 886 261 967 cidit,
287 890 422 971 quod
441 915 546 956 non
570 900 785 956 invenio
804 902 986 972 quanti
1011 903 1289 958 aestimem.
1316 890 1523 961 Mecum
1548 906 1691 961 enim

150 992 549 1049 familiarissimus
570 995 775 1050 amicus
797 1000 967 1060 meus,
991 1012 1098 1052 non
1115 990 1286 1052 solum
1312 992 1381 1054 de
1400 999 1692 1069 probabili-

147 1094 231 1141 tate
252 1082 483 1141 humana:
508 1084 651 1151 vitae,
681 1102 864 1141 verum
885 1085 1045 1141 etiam
1066 1087 1134 1143 de
1154 1089 1266 1159 ipsa
1286 1089 1544 1161 religione
1564 1106 1691 1147 con-

145 1176 310 1243 cordat,
326 1176 462 1249 quod
483 1187 568 1233 est
592 1178 701 1233 veri
722 1178 878 1234 amici
904 1177 1391 1236 manifestissimum
1413 1181 1688 1238 indicium.

144 1268 369 1343 Siquidem
385 1256 621 1349 amicitia
640 1271 936 1327 rectissime
951 1280 1109 1349 atque
1124 1273 1455 1329 sanctissime
1473 1274 1691 1332 definita

144 1369 221 1425 est,
244 1374 404 1415 rerum
432 1346 793 1416 humanarum
817 1370 874 1417 et
897 1346 1194 1418 divinarum
1225 1378 1345 1419 cum
1368 1364 1692 1421 benevolen-

142 1452 194 1507 tia
218 1460 262 1507 et
283 1450 531 1508 charitate
560 1455 865 1510 consensio.

140 1532 324 1600 CAPUT
360 1542 466 1608 VII.
487 1574 564 1585 —
586 1545 895 1617 Augustinus
922 1546 1096 1619 Διῃρίὶ
1127 1548 1328 1602 hortatu
1357 1548 1503 1604 habet
1541 1549 1688 1605 dein-

193 1651 291 1707 ceps
320 1636 600 1690 orationem
637 1646 816 1691 contra
851 1635 1200 1695 Academicos.
1230 1628 1453 1711 Lepidus
1484 1641 1690 1713 quidam

193 1728 309 1783 locus
330 1727 584 1783 Ciceronis
612 1729 848 1799 refertur.

194 1822 267 1876 η.
294 1810 483 1875 Tamen
515 1837 587 1876 ne
613 1830 707 1877 aut
726 1822 1165 1879 Academicorum
1194 1833 1504 1896 argumenta
1526 1841 1687 1897 quas-

140 1912 234 1969 dam
269 1904 479 1967 nebulas
527 1913 814 1969 videantur
858 1915 1169 1982 effundere,
1219 1927 1309 1971 aut
1362 1917 1690 1973 doctissimo-

142 2019 229 2059 rum
251 2004 479 2077 virorum
510 2006 843 2071 auctoritati,
888 2007 1028 2062 inter
1064 2023 1197 2079 quos
1224 2009 1454 2065 maxime
1481 2009 1689 2067 Tullius

141 2111 221 2152 non
242 2111 442 2152 movere
478 2111 578 2152 nos
605 2113 711 2152 non
740 2107 948 2169 potest,
981 2101 1208 2170 superbe
1249 2102 1515 2157 nonnullis
1556 2105 1691 2160 resi-

142 2196 248 2244 stere
272 2189 577 2259 videamur;
606 2190 654 2246 si
689 2180 840 2247 vobis
871 2192 1071 2262 placet,
1110 2194 1253 2263 prius
1295 2210 1460 2265 pauca
1502 2205 1687 2253 contra

142 2281 472 2338 «disseram
494 2321 512 2349 ,
542 2283 736 2353 quibus
763 2283 1006 2339 videntur
1035 2284 1419 2354 disputationes
1453 2287 1558 2342 illa:
1596 2287 1689 2344 ad-

141 2372 296 2427 versari
336 2374 570 2429 veritati.
614 2374 816 2430 Deinde
857 2384 916 2429 ut
959 2376 1087 2430 mihi
1138 2377 1368 2444 videtur,
1408 2379 1688 2435 ostendam

140 2479 230 2534 qm
263 2479 405 2519 causa
451 2462 619 2521 fuerit
661 2456 998 2522 Academicis
1040 2467 1367 2524 occultanda:
1409 2471 1687 2526 sententia:

140 2564 238 2609 ωε
265 2548 458 2627 ltacpte,
483 2557 665 2630 Alypi,
684 2558 927 2628 quamvis
948 2567 999 2614 te
1026 2569 1192 2614 totum
1219 2560 1271 2615 in
1297 2562 1431 2616 meis
1453 2563 1688 2631 partibus

140 2632 323 2713 videam,
351 2656 531 2703 tamen
562 2650 773 2717 suscipe
797 2664 895 2719 pro
923 2648 1006 2705 his
1031 2651 1321 2720 paululum,
1346 2652 1583 2724 mihique
1605 2668 1690 2708 re-

142 2736 321 2811 sponde.
342 2740 605 2809 Quoniam
638 2740 827 2809 hodie,
856 2742 1060 2813 inquit,
1088 2744 1364 2814 auspicato
1382 2786 1398 2812 ,
1429 2753 1490 2799 ut
1515 2746 1687 2813 aiunt,

143 2834 434 2902 processisti,
487 2850 595 2890 non
654 2834 937 2905 impediam
1001 2835 1362 2905 plenissimam
1413 2838 1688 2893 victoriam

147 2932 256 2979 tuam
273 2967 287 2990 ,
309 2935 359 2980 et
385 2934 568 2996 partes
596 2925 714 2980 illas
738 2927 850 2995 jam
881 2927 1121 2982 securius
1140 2966 1159 2995 ,
1186 2943 1293 2998 quo
1317 2928 1413 2984 abs
1440 2940 1491 2985 te
1516 2929 1688 2999 impo-

143 3012 315 3081 nantur,
346 3006 568 3074 tentabo
596 3018 903 3089 suscipere;
932 3020 978 3073 si
1011 3029 1186 3076 tamen
1218 3018 1321 3076 hoc
1357 3021 1496 3091 quod
1522 3021 1689 3077 inter-

144 3106 458 3177 rogationibus
490 3117 542 3164 te
565 3114 810 3164 acturum
833 3124 953 3165 esse
979 3109 1248 3180 significas
1268 3153 1283 3178 ,
1310 3111 1361 3165 in
1394 3112 1689 3167 orationem

145 3211 404 3269 perpetuam
435 3200 503 3272 (si
535 3194 630 3258 tibi
659 3203 1006 3257 commodum
1028 3200 1142 3274 est)
1170 3203 1328 3258 malis
1346 3215 1691 3270 convertere;

143 3305 197 3346 ne
219 3307 326 3348 vere
348 3301 403 3348 ut
428 3296 671 3364 pertinax
699 3292 1037 3349 adversarius
1058 3336 1073 3360 ,
1100 3293 1242 3365 quod
1270 3309 1301 3348 a
1328 3304 1414 3350 tua
1447 3294 1692 3351 humani-

147 3389 234 3437 tate
268 3372 617 3456 longissimum
660 3396 779 3455 est,
819 3385 1039 3440 minutis
1078 3374 1182 3440 illis
1224 3386 1342 3441 telis
1383 3378 1481 3442 abs
1508 3396 1557 3442 te
1581 3386 1693 3458 jam

150 3473 355 3544 captivus
372 3476 666 3533 excrucier.

217 3566 288 3621 ts.
312 3569 462 3641 Atque
482 3585 585 3641 ego
612 3584 737 3625 cum
763 3579 819 3625 et
845 3570 964 3625 illos
987 3570 1090 3627 hoc
1118 3579 1429 3641 exspectare
1451 3570 1692 3626 animad-

154 3668 400 3728 verterem,
427 3662 579 3733 quasi
616 3662 761 3717 aliud
806 3662 1074 3734 ingressus
1114 3663 1430 3719 exordium:
1460 3663 1690 3730 Morem,

148 3751 344 3823 inqttam,
370 3756 518 3812 vobis
542 3770 745 3826 geram.
772 3756 840 3810 Et
867 3757 1109 3825 quamvis
1140 3766 1260 3826 post
1284 3755 1434 3811 illum
1456 3756 1693 3811 laborem

148 3844 306 3902 schola
344 3846 622 3904 rhetorica:
662 3848 715 3902 in
760 3847 861 3902 hac
899 3862 984 3902 me
1013 3846 1116 3902 levi
1140 3857 1410 3902 armatura
1451 3846 1696 3903 nonnihil

150 3940 460 4009 requieturum
508 3956 630 3997 esse
678 3954 1121 4011 praesumpserant
1146 3980 1162 4006 ,
1210 3949 1267 3995 ut
1314 3938 1696 4010 interrogando

149 4028 227 4085 ists
249 4031 409 4101 potius
433 4046 649 4103 agerem
669 4046 827 4103 quam
849 4030 1107 4099 dicendo;
1132 4038 1308 4087 tamen
1335 4032 1457 4102 quia
1484 4038 1539 4087 et
1563 4047 1693 4101 pau-

148 4124 314 4182 cissimi
338 4141 549 4192 sumus,
579 4133 639 4181 ut
666 4125 898 4181 clamare
938 4125 1071 4180 mihi
1114 4133 1298 4180 contra
1334 4123 1692 4180 valetudinem

147 4231 287 4273 meum
312 4235 407 4275 non
433 4221 501 4275 sit
526 4234 779 4285 necesse;
800 4226 853 4275 et
872 4219 1030 4274 istum
1057 4218 1235 4273 stilum
1265 4233 1425 4273 causa
1452 4217 1693 4288 ejusdem

76 4300 85 4359 '.
148 4307 301 4365 salutis
322 4312 463 4383 quasi
499 4312 739 4382 aurigam
770 4309 1272 4381 moderatoremqne
1300 4312 1566 4366 sermonis
1589 4300 1697 4366 mei

146 4414 244 4460 asc
281 4405 451 4474 volui,-
487 4422 554 4463 ne
596 4406 913 4462 concitatius
952 4407 1129 4477 rapiar
1161 4406 1341 4461 animo
1376 4421 1536 4477 quam
1566 4420 1695 4462 cura

148 4497 350 4564 mrporis
374 4498 536 4568 poscit
565 4508 889 4569 :perpetua,
929 4506 988 4553 ut
1015 4499 1206 4566 vultis,
1239 4499 1479 4555 oratione
1516 4498 1696 4556 audite

150 4586 257 4657 quid
292 4592 520 4647 sentiam.
552 4591 659 4649 Sed
705 4592 878 4663 primo
923 4591 1052 4647 illud
1094 4592 1369 4648 videamus
1400 4594 1558 4664 quale
1594 4593 1692 4659 sit,

148 4678 523 4739 mdeautatores
541 4682 984 4738 Academicorum
1007 4683 1221 4753 gloriari
1250 4683 1471 4737 nimium
1495 4682 1691 4739 solent.

148 4766 260 4825 Nam
284 4775 422 4829 estin
447 4775 598 4830 libris
621 4773 928 4840 Ciceronis,
956 4789 1090 4845 quos
1116 4774 1168 4828 in
1205 4764 1360 4844 hujus
1393 4788 1566 4829 causze
1598 4789 1694 4846 pa-

148 4862 385 4919 trocinium
427 4866 674 4939 scripsit,
714 4864 867 4920 locus
906 4864 1157 4935 quidam,
1203 4873 1258 4919 ut
1304 4852 1435 4919 mihi
1464 4852 1693 4934 videtur,

150 4951 262 5007 mira
287 4956 565 5013 urbanitate
606 4956 886 5025 conditus,
915 4965 971 5011 ut
998 4956 1265 5011 nonnullis
1297 4967 1504 5025 autem,
1534 4958 1695 5014 etiam

153 5040 358 5103 limitate
378 5048 676 5105 roboratus.
696 5046 920 5102 Difficile
940 5048 1020 5101 est
1038 5061 1273 5116 prorsus,
1298 5054 1356 5099 ut
1378 5059 1695 5117 quemquam

152 5146 243 5188 non
262 5149 471 5207 moveat,
499 5139 640 5212 quod
669 5139 739 5195 ibi
769 5138 967 5193 dictum
992 5148 1094 5204 est,
1119 5136 1439 5193 Academico
1465 5138 1695 5208 sapienti

156 5225 446 5288 abomnibus
488 5243 803 5289 ca'terarum
845 5240 1108 5287 sectarum
1154 5231 1244 5302 qui
1284 5231 1385 5287 sibi
1425 5232 1695 5303 sapientes

156 5316 373 5390 Videntur,
389 5326 647 5382 secundas
664 5334 842 5397 partes
867 5323 1005 5393 dari,
1027 5340 1146 5380 cum
1172 5324 1369 5395 primas
1389 5324 1487 5382 sibi
1509 5341 1695 5397 quem-

157 5424 247 5479 lim
274 5417 515 5476 vindicare
543 5433 769 5476 necesse
810 5419 897 5473 sit.
929 5416 1005 5472 Ex
1034 5433 1139 5488 quo
1168 5431 1323 5488 posse
1351 5410 1696 5489 probabiliter

76 5548 85 5585 ι
157 5500 339 5575 allici,
379 5525 493 5567 eum
545 5520 695 5567 recte
739 5509 967 5581 primum
1020 5523 1138 5564 esse
1176 5508 1377 5578 judicio
1430 5525 1555 5579 suo,
1603 5510 1695 5581 qui

161 5596 355 5654 Oﬁlium
380 5611 689 5659 cancrorum
716 5600 919 5671 judicio
944 5600 1013 5655 sit
1038 5600 1317 5656 secundus.

222 5686 293 5744 16.
317 5690 412 5750 Fac
434 5697 589 5763 enim,
620 5695 770 5752 verbi
800 5709 976 5760 causa,
998 5693 1233 5751 Stoicum
1264 5694 1450 5749 adesse
1480 5696 1691 5766 sapien-

167 5783 283 5849 εεινὶ
302 5800 407 5842 nam
423 5799 596 5847 contra
619 5805 714 5848 eos
734 5787 1067 5862 potissimum
1087 5786 1527 5844 Academicorum
1552 5803 1694 5845 exar-

3288 343 3396 400 9η

1799 441 1869 495 sit
1906 442 2211 512 ingenium:
2250 459 2376 517 ergo
2406 446 2553 505 Zeno
2590 449 2669 505 vel
2713 449 3042 524 Chrysippus
3079 454 3125 509 si
3164 454 3393 511 interro-

1797 541 2010 604 gentur,
2038 535 2157 605 quis
2184 536 2252 591 sit
2277 538 2516 608 sapiens;
2546 528 2890 612 respondebit
2928 558 3049 599 eum
3082 561 3200 603 esse
3230 563 3389 618 quem

1798 622 1914 692 ipse
1953 622 2311 711 descripserit.
2340 626 2533 685 Contra
2562 618 2821 703 Epicurus
2851 632 2933 690 vel
2972 636 3090 708 quis
3130 640 3267 694 alius
3294 630 3389 694 ad-

1798 716 2156 773 versariorum
2202 722 2444 791 negabit,
2490 739 2750 795 suumque
2792 728 2965 796 potius
3013 716 3408 799 peritissimum‘

1795 806 2128 877 voluptatum
2157 825 2414 881 aucupem
2442 815 2733 884 sapientem
2764 820 2884 872 esse
2922 817 3229 875 contendet.
3262 812 3407 875 lndt/

1796 898 1865 955 ad
1886 900 2117 972 jurgium
2149 922 2161 956 :
2192 902 2384 958 clamat
2411 898 2577 973 Zeno,
2604 916 2658 962 et
2685 910 2792 963 tota
2818 906 2903 964 illa
2932 912 3166 980 porticus
3194 904 3391 967 tumul-

1799 1000 1997 1058 tuetur,
2044 992 2314 1051 hominem
2363 1002 2544 1053 natum
2592 992 2659 1054 ad
2700 990 2827 1057 nihil
2873 1017 2995 1059 esse
3038 1004 3179 1060 aliud
3226 1022 3388 1078 quam

1797 1084 2161 1153 honestatem;
2194 1087 2361 1158 ipsam
2391 1104 2488 1144 suo
2530 1090 2814 1160 splendore
2858 1094 2910 1148 in
2953 1102 3012 1149 Se
3053 1097 3261 1152 animos
3288 1096 3387 1153 du-

1794 1192 1921 1233 cere
1944 1221 1958 1245 ,
2004 1178 2148 1235 nullo
2186 1196 2404 1251 prorsus
2447 1184 2725 1239 commodo
2765 1187 3096 1243 extrinsecus
3140 1190 3309 1260 posito
3335 1192 3389 1247 et

1794 1270 1943 1339 quasi
1969 1271 2306 1328 lenocinante
2332 1273 2580 1329 mercede
2606 1292 2619 1328 :
2644 1274 3073 1349 voluptatemque
3095 1281 3238 1336 illam
3258 1282 3388 1354 Epi-

1795 1361 1906 1414 euri
1955 1362 2082 1416 solis
2125 1363 2262 1418 inter
2300 1379 2358 1418 se
2415 1365 2696 1435 pecoribus
2744 1381 2866 1422 esse
2912 1371 3278 1439 communem;
3332 1374 3386 1430 in

1793 1466 2019 1521 quorum
2051 1456 2359 1510 societatem
2400 1462 2455 1511 et
2480 1446 2750 1511 hominem
2777 1466 2829 1513 et
2856 1459 3145 1529 sapientem
3173 1463 3388 1521 trudere

1794 1540 1945 1599 nefas
1971 1560 2107 1600 esse.
2139 1544 2332 1601 Contra
2364 1548 2452 1601 ille
2477 1559 2768 1603 convocata
2798 1549 2865 1605 de
2902 1549 3124 1607 hortulis
3155 1553 3205 1607 in
3232 1556 3387 1609 auxi-

1792 1636 1921 1692 lium
1966 1638 2116 1708 quasi
2159 1638 2325 1694 libera
2370 1640 2517 1695 turba
2552 1632 2995 1710 temulentorum,
3038 1646 3387 1716 quzcrentium

1792 1733 1970 1782 tamen
1996 1743 2156 1799 quem
2176 1731 2455 1801 incomptis
2473 1732 2735 1802 unguibus
2754 1733 3073 1792 bacchantes
3092 1752 3388 1810 asperoque

1793 1831 1888 1874 ore
1917 1818 2252 1890 discerpant,
2281 1812 2569 1893 voluptatis
2595 1840 2788 1879 nomen
2806 1866 2821 1891 ,
2852 1827 3166 1883 suavitatem
3188 1872 3203 1897 ,
3232 1831 3386 1901 quie-

1794 1917 1924 1978 tem,
1956 1912 2090 1967 teste
2120 1914 2338 1984 populo,
2366 1930 2695 1986 exaggerans
2714 1958 2729 1983 ,
2764 1917 2925 1972 instat
2951 1919 3165 1985 acriter,
3197 1922 3253 1975 ut
3282 1922 3386 1977 nisi

1792 2015 1855 2057 ea
1884 2001 2068 2059 beatus
2090 2019 2247 2059 nemo
2276 2020 2395 2061 esse
2423 2019 2580 2076 posse
2600 2005 2861 2062 videatur.
2884 2004 2939 2061 ln
2961 2025 3185 2079 quorum
3215 2012 3384 2068 rixam

1792 2095 1838 2149 si
1864 2082 2210 2152 Academicus
2250 2098 2565 2166 incurrerit,
2605 2108 2857 2169 utrosque
2895 2100 3074 2155 audiet
3112 2100 3384 2160 trahentes

1793 2199 1853 2241 se
1880 2187 1944 2242 ad
1974 2201 2097 2243 suas
2126 2198 2304 2258 partes
2334 2207 2347 2243 :
2377 2186 2470 2244 sed
2498 2189 2542 2244 si
2574 2189 2626 2243 in
2654 2188 2771 2244 illos
2796 2186 2887 2245 aut
2926 2190 2977 2244 in
3007 2191 3134 2247 istos
3158 2207 3380 2251 conces-

1791 2278 1941 2343 serit,
1968 2278 2037 2333 ab
2063 2278 2141 2334 eis
2167 2294 2300 2350 quos
2326 2278 2544 2347 deserit,
2575 2280 2811 2347 insanus,
2841 2280 3132 2351 imperitus,
3165 2291 3383 2341 temera-

1793 2368 2007 2439 riusque
2032 2368 2365 2427 clamabitur.
2391 2370 2572 2443 Itaque
2598 2388 2721 2426 cum
2759 2378 2813 2427 et
2840 2368 2937 2428 bac
2975 2381 3028 2428 et
3055 2374 3172 2429 illac
3198 2390 3379 2432 aurem

1793 2446 2075 2531 (ﬁligcntcr
2102 2463 2425 2531 admoverit,
2470 2464 2827 2537 interrogatus
2862 2453 2990 2538 quid
3027 2469 3075 2523 ei
3114 2469 3377 2538 videatur,

1793 2540 2033 2611 dubitare
2059 2570 2116 2611 se
2142 2556 2300 2612 dicet.
2330 2552 2472 2627 [loga
2497 2573 2637 2613 nunc
2656 2560 2905 2625 stoicum,
2929 2560 3047 2632 quis
3072 2562 3142 2617 sit
3161 2564 3379 2631 melior;

1792 2644 2121 2716 Epicurusne
2148 2649 2234 2719 qui
2263 2649 2494 2707 delirare
2522 2652 2669 2706 illum
2699 2652 2913 2716 clamat,
2938 2669 3004 2707 an
3033 2646 3384 2712 Academicus

1792 2738 1882 2808 q’ui
1922 2738 2021 2792 sibi
2065 2738 2238 2795 adhuc
2266 2736 2332 2797 de
2370 2756 2428 2797 re
2468 2750 2611 2797 tanta
2652 2734 3050 2800 deliberandum
3090 2761 3208 2802 esse
3253 2763 3383 2819 pro-

1795 2829 2018 2884 nuntiat.
2064 2828 2232 2884 Nemo
2277 2828 2480 2887 dubitat
2527 2824 2901 2890 Academicum
2957 2836 3234 2907 prmlatum
3291 2838 3380 2895 iri.

1794 2920 1998 2975 Rursus
2028 2933 2077 2978 te
2105 2922 2172 2978 ad
2213 2923 2358 2978 illum
2385 2934 2670 2991 converte,
2713 2934 2766 2981 et
2806 2942 2985 2997 qurere
3026 2928 3184 2999 quem
3214 2929 3385 3001 magis

1794 3020 1965 3080 amet;
1994 3013 2263 3070 Zenonem
2284 3057 2297 3081 ,
2328 3031 2357 3069 a
2385 3032 2488 3087 quo
2512 3016 2680 3071 bestia
2710 3020 3049 3086 nominatur;
3078 3034 3144 3074 an
3181 3020 3385 3077 Arche-

1794 3105 1982 3172 silam,
2028 3123 2057 3161 a
2100 3123 2206 3177 quo
2247 3108 2431 3162 audit:
2458 3102 2535 3163 Tu
2571 3108 2797 3165 fortasse
2835 3099 3023 3167 retium”
3072 3110 3237 3178 dicis,
3290 3111 3385 3168 sed

1795 3199 2062 3268 requiram
2101 3198 2424 3269 diligentius.
2452 3199 2638 3255 Nonne
2662 3212 2901 3271 apertum
2937 3208 3022 3258 est
3051 3211 3213 3258 totam
3238 3200 3385 3259 illam

1796 3289 2054 3360 porticum
2087 3290 2325 3345 insanam
2350 3332 2366 3358 ,
2396 3290 2744 3348 Academicos
2782 3294 2959 3348 autem
2998 3300 3106 3363 prae
3135 3294 3238 3349 illis
3266 3310 3385 3350 mo-

1797 3368 1977 3437 destos
1993 3391 2282 3454 cautosque
2298 3380 2543 3438 homines
2564 3384 2729 3439 videri
2751 3384 3017 3455 Epicuro?
3035 3385 3108 3440 lta
3135 3392 3387 3458 per-mque

1798 3490 1961 3546 prope
1993 3476 2059 3531 de
2085 3470 2332 3531 omnibus
2372 3478 2532 3532 sectis
2575 3477 2941 3548 copiosissime
2970 3474 3157 3533 Cicero
3197 3478 3389 3549 jucun-

1796 3567 2075 3623 dissimom
2105 3567 2399 3637 legentibus
2428 3569 2575 3638 quasi
2602 3558 2965 3639 spectaculum
2989 3570 3218 3639 praebet,
3247 3558 3393 3626 velut

1801 3661 2089 3717 ostendens
2116 3662 2318 3717 nullum
2348 3650 2558 3717 illorum
2585 3677 2705 3717 esse
2739 3664 2833 3733 qui
2858 3680 2959 3717 non
2989 3678 3108 3718 cum
3145 3663 3249 3719 sibi
3275 3664 3386 3735 pri-

1800 3772 1914 3812 mas
1944 3765 2123 3826 partes
2150 3756 2390 3823 dederit,
2436 3757 2578 3828 quod
2627 3770 2847 3814 necesse
2892 3767 3008 3827 est,
3050 3759 3311 3815 Secundus
3336 3760 3392 3817 ei

1799 3847 1939 3903 dicat
1968 3848 2096 3904 dare
2121 3891 2136 3916 ,
2168 3864 2326 3919 quem
2353 3864 2459 3903 non
2489 3865 2785 3919 repugnare
2809 3892 2823 3915 ,
2856 3838 2953 3905 sed
2977 3851 3221 3907 dubitare
3261 3867 3392 3906 con-

1800 3942 2053 4011 spexcrit.
2089 3941 2143 3995 ln
2175 3956 2280 4011 quo
2306 3956 2404 4011 ego
2433 3942 2566 3996 nihil
2595 3937 2935 4007 adversabor,
2960 3957 3060 3998 nec
3080 3943 3159 3998 eis
3187 3943 3348 3997 ullam
3368 3936 3391 3975 ¹

1799 4034 2032 4089 auferam
2053 4034 2298 4105 gloriam.
2324 4033 2577 4090 Videatur
2598 4050 2728 4091 sane
2747 4024 3067 4106 quibuslibet
3090 4034 3279 4091 Cicero
3302 4035 3392 4093 hic

1800 4143 1905 4182 non
1932 4127 2162 4197 iocatus,
2194 4126 2288 4182 sed
2320 4126 2494 4182 inania
2520 4135 2573 4183 et
2596 4135 2815 4183 ventosa
2847 4127 3121 4199 quadam,
3148 4126 3291 4198 quod
3320 4126 3387 4183 ab

1800 4218 2035 4289 ipsorum
2062 4217 2425 4274 Graeculorum
2455 4218 2669 4274 levitate
2698 4216 3011 4286 abhorret‘,
3034 4218 3182 4289 sequi
3203 4220 3257 4274 et
3276 4218 3389 4275 col-

1803 4313 1967 4385 ligcre
1995 4312 2247 4368 voluisse.

1904 4402 2129 4460 CAPUT
2173 4403 2303 4459 VIII.
2336 4433 2406 4445 —
2432 4404 2773 4476 Rcdarguitur
2801 4394 2939 4459 locus
2976 4421 3004 4459 ε
3044 4402 3281 4461 Cicerone

2469 4496 2673 4550 allatus.

1872 4588 1959 4642 17.
2000 4576 2136 4654 Quid
2183 4587 2323 4642 enim
2364 4601 2450 4642 me
2491 4585 2731 4654 impedit,
2783 4586 2910 4657 quin
2961 4587 3005 4642 si
3060 4587 3185 4645 huic
3229 4588 3387 4645 vani-

1802 4680 1898 4736 tati
1949 4680 2198 4735 resistere
2240 4678 2419 4747 velim,
2462 4664 2617 4733 facile
2660 4668 2937 4733 ostendam
2973 4688 3172 4749 quanto
3207 4682 3387 4737 minus

1800 4772 2001 4827 malum
2027 4773 2097 4826 sit
2122 4770 2389 4825 indoctum
2409 4784 2529 4826 esse
2549 4785 2704 4840 quam
2735 4760 3016 4827 indocilem
3031 4762 3061 4825 ’ἴ
3078 4762 3228 4828 Unde
3254 4768 3309 4827 fit
3330 4782 3390 4830 ut

1799 4877 1921 4918 cum
1942 4878 2002 4917 se
2022 4858 2111 4917 ille
2130 4860 2479 4917 Academicus
2501 4858 2875 4931 jactanticulus
2897 4864 3048 4934 quasi
3070 4863 3387 4936 discipulum

1798 4954 2018 5023 singulis
2034 4952 2262 5018 dederit,
2287 4968 2551 5025 nemoque
2570 4942 2645 5008 illi
2666 4953 2809 5025 quod
2828 4970 2887 5010 se
2914 4958 3049 5011 scire
3075 4966 3239 5026 putat.
3262 4974 3385 5028 per-

1799 5044 2025 5102 suadere
2052 5046 2312 5117 potuerit;
2355 5052 2543 5118 magna
2582 5046 2789 5101 illorum
2818 5047 3001 5118 postea
3035 5051 3388 5109 eonseusione

1797 5138 2053 5194 rideatur.
2085 5137 2200 5194 Jam
2232 5140 2373 5195 enim
2412 5141 2635 5211 quisque
2663 5139 2827 5196 alium
2861 5132 3150 5212 quemlibet
3189 5144 3383 5199 adver-

1798 5235 2058 5290 sariorum
2081 5250 2299 5290 suorum
2319 5236 2451 5291 nihil
2472 5237 2743 5307 didicisse,
2771 5238 2915 5297 hunc
2932 5257 3056 5296 vero
3080 5241 3205 5296 nihil
3225 5256 3385 5310 posse

1798 5327 2005 5384 discere
2024 5328 2301 5400 iudicabit.
2332 5330 2407 5385 Ex
2430 5346 2537 5401 quo
2562 5332 2815 5405 deinceps
2833 5322 2901 5389 de
2922 5333 3156 5388 omnium
3185 5332 3382 5388 scholis

1798 5435 1905 5475 non
1942 5417 2150 5489 ferulis,
2198 5421 2339 5492 quod
2384 5431 2528 5478 esset
2574 5423 2864 5479 deformius
2890 5439 3047 5494 quam
3079 5416 3379 5492 molestius,

1799 5513 1892 5569 sed
1924 5514 2134 5570 illorum
2161 5514 2496 5585 palliatorum
2527 5506 2691 5571 clavis
2719 5524 2774 5571 et
2799 5502 3023 5570 fustibus
3051 5512 3376 5583 projicietur.

1864 5675 1877 5704 ¹
1906 5676 2005 5721 κω.
2034 5680 2084 5723 et
2098 5679 2173 5722 Er.
2198 5672 2400 5734 habent,
2424 5682 2509 5724 nec
2525 5672 2577 5736 et
2591 5672 2736 5736 syth:
2749 5671 2965 5736 auferam
2981 5666 3199 5736 giarium.

1861 5737 1881 5798 ξ
1905 5742 1955 5784 tn
1978 5737 2112 5798 prius
2135 5738 2357 5795 excusis»,
2377 5731 2471 5785 non
2492 5731 2786 5798 concirent.
2812 5731 2903 5798 sed
2926 5731 3033 5782 octo
3057 5739 3160 5781 Mss.
3183 5731 3346 5783 ferunt

1800 5793 2040 5861 abhorret,
2063 5810 2155 5849 nec
2173 5799 2331 5847 minus
2341 5793 2498 5848 bene.
2524 5793 2866 5858 [abhorreret].
3262 5828 3265 5831 .
