3882 6274
529 349 634 410 ωδ
1547 342 1819 403 CONTRA
1859 341 2314 417 ACADEMICOS,
2354 340 2411 404 S.
2453 344 2819 406 AUGUSTINI
3221 298 3233 305 ι
3626 368 3710 429 9“

422 499 434 522 ~.
523 464 640 519 Non
669 461 810 518 enim
835 456 1092 532 'magnum
1121 459 1387 530 negotium
1411 459 1532 525 erit,
1554 469 1739 516 contra
1763 475 2100 516 communem

523 565 727 628 pestem
759 555 900 611 velut
930 554 1188 610 Herculea
1215 553 1455 626 quaedam
1483 553 1749 624 postulare
1771 554 1964 608 auxilia
1994 553 2102 625 Cy-

522 650 786 704 nicorum.
819 646 871 702 Si
899 653 1076 702 autem
1105 645 1204 700 ista
1241 645 1494 700 vilissima
1536 645 1703 716 gloria
1730 660 1852 700 cum
1878 643 1964 700 his
1987 659 2103 700 cer-

519 749 636 796 tare
658 741 837 805 libeat,
867 738 1008 810 quod
1034 737 1430 810 phil050phanti
1459 737 1587 792 mihi
1610 739 1719 807 jam
1748 737 1983 809 quidem,
2008 737 2100 792 scd

516 833 752 890 nondum
799 833 1022 902 sapienti
1065 831 1304 888 faciliore
1341 832 1494 887 venia
1539 831 1938 888 concedendum
1983 840 2097 897 est;

515 925 642 996 quid
669 923 939 979 habebunt
964 922 1104 993 quod
1141 923 1345 994 possint
1377 923 1650 978 refellere?
1677 923 1813 978 Ecce
1851 922 1994 978 enim
2020 922 2100 977 fa-

513 1016 715 1071 ciamus
753 1029 840 1070 me
878 1023 1038 1084 atque
1076 1014 1449 1070 Academicum
1482 1015 1532 1068 in
1563 1015 1681 1070 illas
1710 1015 1832 1070 lites
1860 1015 2098 1085 philoso-

515 1107 740 1178 phorum
758 1107 982 1163 irruisse
1001 1125 1014 1160 :
1034 1122 1223 1163 omnes
1240 1123 1454 1179 prorsus
1474 1107 1668 1171 adsint,
1695 1117 1964 1178 exponant
1979 1109 2099 1163 bre-

513 1199 650 1255 viter
675 1214 771 1270 pro
801 1209 1042 1269 tempore
1076 1200 1366 1254 sententias
1401 1213 1543 1254 suas.
1573 1199 1851 1267 Quaeratur
1879 1199 1944 1254 de
1970 1197 2098 1253 Car-

513 1291 685 1347 neade
709 1291 834 1362 quid
864 1290 1079 1347 sentiat.
1127 1291 1378 1346 Dubitare
1425 1305 1482 1345 se
1523 1290 1680 1345 dicet.
1729 1289 1907 1359 Itaque
1952 1290 2097 1344 illum

510 1385 704 1456 singuli
729 1384 1013 1455 praeferent
1033 1384 1259 1438 czeteris.
1284 1382 1427 1452 Ergo
1459 1397 1646 1437 omnes
1671 1382 1950 1437 omnibus:
1980 1397 2095 1436 ma-

509 1490 614 1545 gna
643 1475 893 1529 nimirum
923 1482 1080 1544 atque
1104 1473 1361 1528 altissima
1389 1474 1576 1543 gloria.
1603 1473 1734 1541 Quis
1765 1473 1922 1528 istum
1966 1473 2099 1528 nolit

510 1566 746 1622 imitari?
770 1575 824 1622 et
850 1581 949 1637 ego
976 1567 1152 1637 itaque
1180 1566 1552 1636 interrogatus,
1574 1565 1712 1620 idem
1736 1565 2094 1636 rcSpondebo;

507 1673 608 1727 par
636 1657 740 1712 crit
770 1657 905 1712 laus.
936 1657 1009 1711 Ea
1042 1657 1198 1726 igitur
1222 1657 1388 1727 gloria
1414 1657 1609 1727 gaudet
1651 1658 1885 1726 sapiens,
1914 1658 1968 1712 in
1993 1673 2096 1729 qua

509 1749 584 1802 illi
607 1748 800 1804 stultus
821 1749 1092 1818 :equatur?
1112 1747 1247 1816 Quid
1270 1749 1314 1803 si
1334 1764 1454 1803 eum
1486 1748 1643 1803 etiam
1667 1747 1820 1804 facile
1845 1752 2097 1819 superat?

506 1839 721 1895 Nihilne
749 1839 856 1910 agit
883 1838 1090 1909 pudor?
1123 1838 1255 1894 Nam
1289 1839 1446 1894 istum
1489 1837 1862 1894 Academicum
1888 1839 2000 1909 jam
2029 1839 2097 1896 de

504 1931 707 2002 judicio
735 1930 1097 1986 discedentem
1119 1929 1330 1985 tenebo.
1353 1929 1556 1999 Quippe
1572 1928 1777 1984 avidior
1792 1929 2095 1998 hujusmodi

508 2025 745 2083 victoria:
770 2024 988 2080 stultitia
1018 2031 1120 2080 est.
1151 2024 1289 2094 Ergo
1327 2038 1392 2078 eo
1418 2033 1627 2079 retento
1655 2022 1875 2092 prodam
1900 2023 2094 2092 judici-

506 2118 607 2174 bus
633 2116 774 2189 quod
819 2119 1080 2187 ignorant,
1115 2124 1167 2170 et
1195 2115 1405 2170 dicam:
1439 2115 1572 2185 Ego,
1608 2115 1707 2169 viri
1738 2115 1942 2184 Optimi,
1992 2115 2092 2170 hoc

507 2225 628 2265 cum
655 2209 759 2263 isto
783 2222 1064 2263 commune
1091 2206 1280 2272 habeo,
1311 2205 1454 2276 quod
1480 2206 1686 2261 dubitat
1716 2205 1834 2276 quis
1859 2215 2094 2261 vestrum

507 2317 694 2358 verum
720 2310 991 2371 sequatur.
1019 2299 1124 2356 Sed
1149 2299 1406 2354 habemus
1431 2299 1589 2354 etiam
1619 2299 1860 2368 pr0prias
1881 2308 2095 2354 senten-

506 2394 630 2460 tias,
657 2395 725 2450 de
753 2394 943 2464 quibus
969 2401 1090 2464 peto
1115 2392 1386 2462 judicetis.
1417 2392 1549 2446 Nam
1579 2393 1708 2446 mihi
1731 2391 1992 2448 incertum
2015 2400 2097 2448 est

507 2485 742 2556 quidem,
770 2484 1013 2555 quamvis
1034 2483 1290 2539 audierim
1313 2484 1525 2539 decreta
1554 2492 1750 2548 vestra,
1781 2483 1870 2538 ubi
1904 2484 1972 2539 sit
2001 2499 2093 2538 ve-

506 2593 662 2633 rum:
690 2575 784 2631 sed
809 2575 928 2631 ideo
947 2575 1088 2646 quod
1124 2575 1214 2644 qui
1252 2575 1318 2630 sit
1362 2575 1414 2628 in
1448 2574 1600 2629 vobis
1626 2574 1856 2644 sapiens,
1887 2574 2090 2644 ignoro.

505 2667 614 2723 Iste
638 2674 818 2722 autem
831 2666 991 2722 etiam
1009 2667 1180 2738 ipsum
1209 2665 1502 2735 sapientem
1529 2673 1688 2736 negat
1712 2665 1908 2735 aliquid
1931 2665 2090 2732 scire,

504 2775 575 2815 ne
601 2759 768 2830 ipsam
797 2757 1033 2828 quidem,
1063 2757 1204 2813 unde
1248 2756 1461 2827 sapiens
1499 2755 1711 2821 dicitur,
1755 2755 2089 2826 sapientiam.

505 2849 635 2918 Quis
661 2865 767 2905 non
796 2849 972 2906 videat
1007 2849 1179 2918 palma
1206 2847 1294 2902 illa
1318 2847 1470 2917 cujus
1497 2847 1597 2903 sit?
1620 2846 1752 2901 Nam
1790 2848 1834 2901 si
1871 2846 1971 2902 hoc
1995 2847 2090 2900 ad-

504 2943 776 2998 versarius
795 2957 949 2998 meus
982 2940 1196 3005 dixerit,
1228 2940 1438 2995 vincam
1469 2939 1666 3008 gloria;
1695 2939 1740 2993 si
1766 2948 1943 2994 autem
1972 2954 2093 2993 eru-

505 3035 733 3092 bescens
767 3036 1046 3093 confessus
1075 3035 1232 3091 fuerit
1252 3025 1551 3104 sapientem
1588 3037 1724 3089 scire
1753 3033 2088 3104 sapientiam,

504 3127 713 3184 vincam
740 3127 1026 3183 sententia.

668 3219 897 3276 CAPUT
937 3217 1030 3274 1X.
1072 3247 1140 3258 —
1168 3217 1386 3273 Zenonis
1412 3217 1637 3286 definitio
1667 3217 1946 3270 discutitur.

577 3313 666 3368 18.
725 3312 833 3368 Sed
886 3313 952 3367 ab
1008 3313 1109 3368 hoc
1162 3311 1273 3380 jam
1315 3311 1542 3380 litigioso
1585 3310 1831 3364 tribunali
1869 3310 2087 3366 seceda-

505 3419 630 3460 mus
671 3404 724 3458 in
764 3403 995 3474 aliquem
1033 3402 1228 3466 locum,
1263 3401 1349 3457 ubi
1392 3402 1544 3456 nobis
1575 3401 1717 3455 nulla
1749 3401 1899 3456 turba
1926 3403 2092 3459 mole-

505 3505 590 3551 sta
613 3496 713 3559 sit;
749 3503 907 3566 atque
930 3494 1130 3549 utinam
1157 3495 1210 3548 in
1235 3495 1400 3564 ipsam
1431 3493 1665 3548 scholam
1691 3493 1945 3560 Platonis,
1974 3510 2092 3565 qua:

505 3603 703 3644 nomen
733 3602 801 3644 ex
823 3602 888 3643 eo
926 3587 1118 3642 dicitur
1143 3585 1430 3655 accepisse,
1459 3585 1599 3654 quod
1637 3600 1665 3637 a
1695 3585 1887 3656 populo
1913 3585 1983 3640 sit
2007 3600 2092 3642 se-

507 3689 653 3736 creta
674 3698 688 3734 :
715 3679 804 3734 hic
822 3678 932 3748 jam
963 3693 1070 3733 non
1091 3675 1157 3731 de
1181 3676 1369 3746 gloria,
1395 3674 1536 3744 quod
1559 3674 1674 3730 leve
1689 3689 1751 3729 ac
1767 3675 1968 3746 puerile
1987 3683 2087 3742 est,

504 3773 601 3830 sed
631 3772 699 3828 de
723 3772 834 3842 ipsa
860 3771 988 3838 vita,
1016 3779 1071 3826 et
1094 3769 1160 3825 de
1185 3770 1358 3839 aliqua
1396 3783 1491 3838 spe
1530 3767 1690 3821 animi
1720 3767 1881 3834 beati,
1921 3784 2089 3839 quan-

503 3875 619 3923 tum
644 3866 781 3920 inter
816 3880 914 3920 nos
944 3876 1246 3933 possumus,
1276 3859 1616 3916 disseramus.
1658 3858 1861 3930 Negant
1885 3861 2088 3916 Acade-

502 3957 628 4014 mici
656 3955 782 4013 sciri
807 3954 1003 4027 aliquid
1044 3967 1219 4024 posse.
1246 3951 1395 4007 Unde
1422 3950 1522 4005 hoc
1549 3951 1697 4006 vobis
1727 3951 1940 4021 placuit,
1972 3961 2088 4007 stu-

503 4050 792 4107 diosissimi
825 4049 1068 4104 homines
1106 4055 1264 4116 atque
1301 4044 1630 4100 doctissimi?
1669 4042 1828 4099 Movit
1857 4059 1973 4111 nos,
2007 4045 2089 4102 in-

500 4144 708 4214 quiunt,
751 4140 990 4198 definitio
1033 4139 1282 4194 Zenonis.
1322 4135 1432 4192 Cur
1459 4137 1674 4207 quaeso?
1701 4135 1832 4190 Nam
1871 4137 1914 4191 si
1963 4152 2086 4193 vera

501 4244 605 4301 est,
635 4231 877 4289 nonnihil
902 4231 1012 4287 veri
1039 4229 1204 4297 novit,
1231 4229 1321 4300 qui
1347 4228 1427 4283 vel
1452 4227 1621 4297 ipsam
1638 4228 1810 4293 novit;
1835 4229 1914 4282 sin
1934 4227 2083 4296 falsa,

500 4341 609 4382 non
634 4325 819 4381 debuit
837 4321 1296 4378 constantissimos
1317 4334 1670 4376 commovere.
1695 4319 1798 4374 Sed
1816 4319 2087 4375 videamus

499 4415 626 4487 quid
648 4417 722 4471 ait
739 4415 905 4470 Zeno.
930 4413 1057 4469 Tale
1077 4412 1278 4468 scilicet
1295 4411 1463 4466 visum
1488 4410 1867 4481 comprehendi
1891 4419 1945 4466 et
1967 4426 2087 4482 per-

499 4511 602 4582 cipi
621 4525 797 4582 posse,
819 4508 973 4580 quale
993 4523 1112 4564 cum
1139 4505 1273 4562 falso
1299 4521 1403 4560 non
1431 4504 1652 4560 haberet
1677 4507 1824 4576 signa
1847 4519 2088 4561 commu-

500 4603 607 4657 nia.
641 4603 871 4659 lloccine
901 4610 952 4658 te
978 4601 1164 4669 movit,
1201 4599 1362 4655 homo
1405 4598 1695 4664 Platonice,
1742 4607 1798 4653 ut
1839 4597 2085 4654 omnibus

499 4695 704 4750 viribus
728 4694 796 4749 ab
821 4711 916 4764 spe
943 4691 1180 4750 discendi
1207 4691 1474 4748 studiosos
1502 4690 1820 4758 retraheres,
1840 4699 1896 4744 ut
1917 4699 2083 4744 totum

501 4789 773 4860 negotium
791 4785 1192 4858 philosophandi
1211 4784 1492 4856 adjuvantc
1507 4783 1736 4855 quodam
1753 4784 1910 4840 etiam
1935 4799 2085 4838 men-

503 4881 571 4937 tis
597 4879 988 4952 ingemiscendo
1013 4888 1224 4949 torpore
1242 4877 1587 4934 desererent?

574 4973 662 5030 i9.
704 4971 807 5028 Sed
824 4971 1253 5043 quomodoillum
1277 4986 1380 5024 non
1409 4977 1762 5040 permoveret,
1797 4969 1840 5024 si
1870 4977 1922 5023 ct
1950 4967 2081 5023 nihil

498 5068 608 5125 tale
636 5065 860 5123 inveniri
885 5073 1079 5137 potest,
1119 5074 1173 5120 et
1208 5063 1308 5119 nisi
1333 5063 1458 5135 quid
1487 5064 1589 5118 tale
1613 5072 1712 5127 est,
1747 5063 1945 5133 percipi
1973 5078 2080 5117 non

496 5159 709 5234 potest?
738 5157 840 5213 hoc
865 5157 909 5212 si
941 5156 1009 5211 ita
1037 5165 1138 5222 est,
1156 5155 1434 5212 dicendum
1459 5155 1629 5226 potius
1645 5163 1776 5221 erat,
1801 5171 1904 5209 non
1925 5169 2080 5225 posse

498 5253 553 5310 in
581 5253 850 5310 hominem
880 5249 1072 5306 cadere
1099 5249 1432 5321 sapientiam,
1468 5264 1624 5319 quam
1655 5248 1945 5319 sapientem
1983 5263 2079 5304 ne-

493 5346 634 5403 scire
655 5361 752 5402 cur
781 5344 942 5410 vivat,
974 5342 1180 5398 nescire
1214 5339 1658 5413 quemadmodum
1688 5341 1845 5404 vivat,
1876 5340 2081 5396 nescire

493 5445 674 5493 utrum
702 5437 870 5501 vivat;
911 5443 1200 5507 postremo,
1231 5448 1336 5503 quo
1362 5431 1662 5502 perversius
1688 5432 1960 5501 magisque
1982 5430 2078 5485 de-

494 5529 654 5586 lirum
683 5538 738 5585 et
758 5529 1002 5584 insanum
1028 5527 1131 5582 dici
1163 5525 1291 5580 nihil
1314 5532 1510 5594 potest,
1533 5523 1686 5578 simul
1707 5532 1762 5577 et
1787 5523 2077 5593 sapientem

493 5637 636 5690 esse,
666 5631 722 5678 et
745 5623 989 5693 ignorare
1027 5618 1360 5690 sapientiam.
1401 5616 1536 5683 Quid
1567 5616 1708 5671 enim
1748 5627 1828 5672 est
1872 5616 2075 5686 durius,

495 5712 767 5768 hominem
813 5729 918 5768 non
958 5726 1116 5782 posse
1161 5725 1282 5766 esse
1323 5708 1638 5778 sapientem,
1683 5726 1748 5764 an
1789 5711 2078 5781 sapientem

496 5803 707 5860 nescire
730 5802 1076 5873 sapientiam?
1103 5801 1246 5858 Nihil
1274 5801 1397 5856 hinc
1415 5799 1786 5870 disputandum
1803 5816 1902 5874 est,
1924 5807 1968 5860 si
1991 5818 2078 5861 res

2215 459 2328 530 ipsa
2360 460 2430 515 ita
2458 459 2628 532 posita
2655 463 2785 520 satis
2810 476 2920 518 non
2942 469 3026 520 est
3048 461 3114 520 ad
3145 464 3528 536 dijudicandum.
3555 477 3640 536 Sed
3661 484 3708 538 it.

2209 553 2297 609 lud
2341 553 2476 610 forte
2518 555 2564 609 si
2611 555 2906 623 diceretur,
2955 558 3160 628 penitus
3199 557 3428 618 homines
3463 581 3488 620 a
3524 567 3706 636 philoso-

2209 645 2422 717 phando
2446 658 2850 704 averterentur:
2877 666 3018 705 nunc
3057 666 3181 706 vero
3221 651 3482 710 inducendi
3518 671 3620 716 sunt
3643 678 3708 719 sa-

2206 737 2419 807 pientia:
2466 739 2772 796 dulcissimo
2809 755 2873 796 ac
2915 741 3249 797 sanctissimo
3287 745 3502 813 nomine,
3539 760 3586 804 ut
3619 769 3709 810 cum

2207 832 2434 886 contrita
2455 842 2610 888 aetate
2633 833 2764 888 nihil
2785 834 3088 901 didicerint,
3110 845 3290 906 postea
3313 847 3361 894 te
3379 843 3572 899 summis
3592 861 3708 904 exse-

2205 924 2529 980 crationibus
2557 935 2965 997 prosequantur,
2997 943 3153 998 quem
3179 929 3371 986 relictis
3395 933 3564 990 saltem
3596 939 3708 992 volu-

2207 1015 2437 1084 ptatibus
2465 1017 2724 1088 corporis,
2756 1017 2820 1072 ad
2852 1018 3016 1073 animi
3048 1028 3306 1075 tormenta
3331 1033 3448 1077 sunt
3478 1027 3635 1080 secuti.

2275 1105 2364 1160 20.
2407 1106 2511 1162 Sed
2556 1107 2828 1164 videamus
2873 1124 2970 1179 per
3005 1126 3164 1180 quem
3193 1111 3362 1181 potius
3387 1129 3416 1167 a
3443 1113 3708 1189 pbi1050phia

2204 1197 2590 1252 deterreantur.
2636 1199 2736 1254 Per
2773 1215 2966 1255 eumne
3009 1202 3095 1270 qui
3143 1201 3528 1270 dixeritzAudi,
3557 1210 3710 1274 amice;

2205 1286 2533 1357 philosophia
2565 1305 2668 1342 non
2697 1290 2809 1360 ipsa
2836 1291 3114 1360 sapientia,
3143 1291 3236 1346 sed
3265 1293 3480 1349 studium
3499 1299 3712 1367 sapientia

2205 1387 2442 1444 vocatur,
2470 1379 2536 1432 ad
2572 1396 2727 1450 quam
2759 1388 2811 1436 te
2851 1381 2892 1435 si
2923 1381 3233 1447 contuleris,
3274 1399 3377 1438 non
3413 1385 3596 1456 quidem
3618 1388 3710 1444 dum

2207 1469 2293 1524 hic
2318 1470 2451 1524 vivis
2479 1472 2690 1541 sapiens
2715 1473 2821 1527 eris
2849 1472 2956 1541 (est
2982 1473 3124 1528 enim
3146 1474 3287 1543 apud
3309 1475 3461 1530 Deum
3487 1478 3709 1548 sapientia,

2204 1574 2302 1614 nec
2334 1560 2612 1629 provenire
2641 1561 2840 1617 homini
2869 1561 3087 1635 potest),
3130 1564 3226 1620 sed
3265 1580 3380 1620 cum
3407 1575 3454 1621 te
3487 1569 3562 1621 tali
3582 1571 3712 1626 studio

2204 1651 2332 1705 satis
2375 1653 2675 1708 exercueris
2714 1661 2870 1724 atque
2912 1655 3283 1723 mundaveris,
3327 1658 3518 1716 animus
3552 1671 3711 1719 tuusea

2203 1755 2323 1814 post
2351 1745 2486 1800 hanc
2514 1745 2696 1810 vitam,
2739 1747 2788 1801 id
2816 1756 2916 1812 est,
2955 1763 3074 1803 cum
3104 1749 3265 1804 homo
3290 1765 3403 1806 esse
3428 1752 3631 1816 desieris,
3655 1756 3710 1809 fa.

2203 1837 2303 1892 cile
2333 1838 2668 1908 perfruetur?
2695 1841 2774 1893 An
2798 1855 2890 1909 per
2910 1855 3031 1895 cum
3049 1841 3139 1911 qui
3165 1841 3386 1896 dixerit:
3415 1842 3596 1912 Venite,
3609 1861 3713 1900 mor-

2205 1929 2356 1992 tales,
2388 1929 2454 1984 ad
2484 1929 2900 2000 pliil0$0phiam;
2935 1948 3162 2003 magnus
3185 1934 3272 1989 hic
3299 1934 3488 1991 fructus
3514 1940 3712 2008 estzquid

2203 2021 2344 2076 enim
2371 2020 2574 2077 homini
2590 2024 2846 2092 sapientia
2863 2023 3111 2079 charius?
3135 2025 3314 2081 venite
3334 2026 3479 2097 igitur
3496 2037 3545 2082 ut
3561 2029 3709 2098 Sale

2205 2123 2284 2167 tes
2310 2113 2445 2178 sitis,
2488 2122 2542 2168 et
2584 2114 2894 2184 sapientiam
2945 2115 3232 2170 nesciatis?
3259 2115 3392 2180 Non,
3421 2117 3583 2187 inquit,
3608 2135 3630 2172 a
3651 2135 3711 2174 me

2201 2206 2276 2261 ita
2301 2205 2523 2261 dicetur.
2554 2207 2666 2262 Hoc
2687 2215 2770 2262 est
2793 2207 3058 2277 decipere,
3091 2223 3216 2262 nam
3246 2207 3375 2262 nihil
3398 2207 3526 2263 aliud
3550 2209 3708 2280 apndte

2203 2299 2522 2354 invenietur.
2552 2299 2624 2353 Ita
2656 2299 2711 2354 fit
2741 2309 2798 2354 ut
2833 2300 2878 2356 si
2923 2299 3025 2356 hoc
3061 2300 3283 2369 dixeris,
3312 2302 3497 2372 fugiant
3519 2312 3707 2373 tanquam

2205 2393 2477 2460 insanum;
2501 2395 2544 2448 si
2577 2394 2681 2450 alio
2705 2393 2866 2448 modo
2885 2393 2949 2448 ad
2971 2394 3073 2450 hoc
3092 2393 3400 2464 adduxeris,
3432 2395 3573 2452 facias
3605 2397 3706 2452 insa-

2202 2499 2319 2538 nos.
2343 2483 2448 2540 Sed
2465 2483 2764 2552 credamus,
2786 2495 2999 2556 propter
3014 2496 3294 2559 utramque
3309 2491 3588 2545 sententiam
3600 2506 3707 2561 teque

2202 2576 2448 2632 homines
2494 2578 2632 2632 nolle
2675 2577 3058 2648 philosophari.
3102 2578 3164 2634 Si
3203 2579 3397 2650 aliquid
3434 2580 3707 2651 philosophia

2201 2669 2558 2739 perniciosum
2604 2669 2832 2724 Zenonis
2881 2669 3121 2725 definitio
3180 2670 3357 2728 dicere
3409 2673 3623 2743 cogebat,
3655 2675 3703 2725 mi

2201 2764 2381 2827 homo,
2413 2761 2535 2816 idne
2564 2760 2762 2816 homini
2787 2760 3068 2816 dicendum
3113 2761 3237 2829 fuit,
3270 2763 3404 2819 unde
3439 2777 3492 2818 se
3525 2763 3702 2829 doleret;

2199 2869 2266 2908 an
2289 2854 2362 2920 id,
2394 2853 2536 2910 unde
2561 2861 2614 2908 te
2636 2853 2936 2909 derideret?

2269 2944 2359 2998 2|.
2403 2945 2601 3000 Tamen
2622 2943 2764 3014 quod
2790 2943 2938 3000 Zeno
2952 2944 3219 3012 definivit,
3245 2955 3481 3018 quantum
3494 2947 3692 3018 stuitipos

2199 3052 2400 3103 sumus,
2434 3037 2798 3091 discutiamus.
2832 3035 2888 3092 id
2913 3037 3087 3092 visum
3113 3038 3193 3092 ait
3214 3053 3368 3109 posse
3385 3037 3696 3109 comprehendi,

2198 3126 2340 3197 quod
2383 3126 2461 3182 sic
2489 3135 2789 3196 appareret,
2820 3136 2877 3181 ut
2904 3125 3094 3182 falsum
3133 3142 3394 3198 apparere
3431 3143 3511 3182 non
3545 3135 3688 3195 posset.

2199 3217 2533 3273 Manifestum
2562 3226 2664 3283 est,
2698 3217 2826 3273 nihil
2854 3218 2996 3273 aliud
3043 3219 3095 3274 in
3144 3221 3512 3291 perceptionem
3538 3218 3689 3273 venire.

2200 3309 2313 3364 Hoc
2339 3317 2393 3364 et
2418 3324 2541 3378 ego,
2571 3309 2739 3379 inquit
2764 3309 3086 3376 Archesilas,
3117 3311 3300 3379 video,
3327 3319 3380 3367 et
3407 3311 3494 3366 hoc
3521 3309 3609 3378 ipso
3628 3307 3699 3362 do-

2198 3415 2294 3455 ceo
2319 3399 2447 3454 nihil
2477 3399 2700 3471 percipi.
2729 3399 2843 3456 Non
2870 3401 3012 3456 enim
3055 3401 3167 3457 tale
3193 3401 3388 3474 aliquid
3424 3400 3607 3459 inveniri
3633 3413 3702 3468 po-

2199 3500 2320 3546 test.
2352 3492 2598 3548 Fortasse
2636 3494 2732 3549 abs
2766 3501 2837 3560 te,
2877 3502 3036 3565 atque
3071 3495 3144 3551 ab
3181 3495 3302 3552 aliis
3329 3496 3512 3552 stultis:
3533 3502 3618 3548 ata
3639 3508 3700 3546 sa-

2200 3587 2378 3656 piente
2404 3601 2498 3641 cur
2525 3602 2630 3641 non
2662 3588 2868 3656 potest?
2909 3588 3229 3659 Quanquam
3256 3599 3311 3645 et
3338 3589 3429 3660 ipsi
3453 3587 3589 3642 stulto
3609 3584 3702 3639 nihil

2201 3679 2513 3748 responderi
2540 3694 2696 3749 posse
2721 3679 2967 3746 arbitror,
3011 3685 3057 3736 si
3096 3682 3191 3738 tibi
3219 3682 3356 3738 dicat
3382 3690 3434 3738 ut
3455 3681 3535 3736 illo
3554 3693 3705 3734 memo-

2197 3773 2354 3828 rabili
2382 3773 2625 3828 acumine
2653 3783 2743 3828 tuo
2769 3773 2905 3828 hanc
2935 3775 3102 3844 ipsam
3149 3774 3378 3832 Zenonis
3412 3772 3704 3830 definitionem

2196 3865 2425 3929 refellas,
2456 3873 2512 3920 et
2538 3864 2792 3920 ostendas
2830 3880 2949 3920 eam
2991 3865 3152 3920 etiam
3200 3865 3381 3922 falsam
3420 3879 3528 3919 esse
3558 3874 3702 3933 posse:

2195 3957 2335 4028 quod
2361 3959 2406 4012 si
2436 3972 2543 4014 non
2574 3958 2832 4027 potueris,
2860 3957 2997 4014 hanc
3025 3959 3196 4028 ipsam
3223 3973 3376 4029 quam
3403 3955 3623 4028 percipias
3637 3952 3705 4008 ha-

2196 4050 2322 4116 bes;
2349 4050 2393 4105 si
2423 4059 2602 4106 autem
2631 4050 2912 4117 refelleris,
2945 4051 3085 4108 unde
3109 4068 3139 4106 a
3167 4051 3494 4122 percipiendo
3510 4046 3703 4118 impedia-

2194 4144 2268 4198 ris
2293 4159 2398 4198 non
2428 4144 2614 4200 habes.
2649 4144 2760 4215 Ego
2795 4160 2913 4201 eam
2955 4143 3131 4201 refelli
3176 4160 3332 4216 posse
3366 4158 3467 4200 non
3505 4141 3645 4205 video,
3667 4145 3705 4192 et

2193 4237 2414 4292 omnino
2458 4235 2787 4293 verissimam
2825 4236 3026 4307 judico.
3081 4235 3263 4307 itaque
3309 4251 3423 4292 cum
3470 4248 3571 4290 eam
3605 4229 3702 4289 scio,

2197 4329 2440 4399 quamvis
2467 4329 2566 4383 sim
2598 4329 2809 4396 stultus,
2841 4329 3083 4385 nonnihil
3107 4332 3240 4386 scio.
3271 4328 3371 4386 Sed
3406 4327 3481 4382 fac
3513 4325 3704 4380 illamce-

2191 4416 2321 4474 dere
2341 4418 2587 4474 versutia:
2613 4429 2734 4474 tum.
2754 4418 3258 4490 Utarcomplexione
3283 4415 3604 4474 securissima.
3627 4411 3704 4464 Aut

2193 4510 2338 4565 enim
2360 4525 2485 4565 vera
2500 4518 2603 4578 est,
2631 4518 2722 4565 aut
2744 4508 2874 4566 falsa
2899 4528 2911 4564 :
2943 4511 2987 4566 si
3009 4525 3152 4578 vera,
3174 4510 3310 4566 bene
3327 4517 3498 4570 teneo;
3522 4504 3560 4560 si
3582 4500 3697 4562 falsa.

2193 4611 2370 4673 potest
2388 4602 2584 4673 aliquid
2609 4603 2830 4673 percipi,
2859 4603 3066 4658 etiamsi
3091 4603 3283 4659 habeat
3301 4597 3572 4657 communia
3588 4594 3700 4664 signa

2190 4709 2313 4750 cum
2336 4695 2490 4752 falso.
2507 4695 2681 4762 Unde,
2702 4695 2890 4766 inquit,
2912 4697 3114 4766 potest?
3141 4695 3419 4752 Verissime
3443 4692 3579 4765 igitur
3591 4687 3700 4742 Zeno

2191 4788 2450 4856 definivit,
2473 4803 2573 4845 nec
2595 4788 2645 4844 ei
2671 4789 2909 4858 quisquis
2931 4789 3013 4844 vel
3044 4789 3096 4843 in
3121 4788 3222 4843 hoc
3241 4785 3508 4849 consensit,
3529 4777 3695 4838 erravit.

2193 4881 2273 4934 An
2300 4895 2476 4952 parvae
2513 4878 2684 4935 laudis
2721 4888 2776 4935 et
2816 4880 3134 4935 sinceritatis
3174 4878 3514 4934 definitionem
3537 4865 3698 4942 putabi-

2191 4989 2331 5038 mus,
2363 4989 2480 5043 qua:
2507 4981 2689 5028 contra
2724 4987 2818 5028 eos
2854 4972 2942 5042 qui
2971 4979 3122 5028 erant
3155 4970 3424 5026 adversum
3450 4958 3695 5036 perceptio-

2191 5078 2312 5118 nem
2339 5063 2502 5118 multa
2525 5063 2734 5128 dicturi,
2763 5079 2883 5118 cum
2913 5063 3210 5133 designaret
3249 5059 3397 5130 quale
3435 5063 3560 5112 esset
3583 5046 3690 5122 (μιοά

2190 5155 2389 5224 percipi
2413 5161 2612 5225 posset,
2637 5155 2866 5224 seipsam
2889 5154 3046 5209 talem
3069 5167 3185 5209 esse
3210 5146 3534 5206 monstravit?
3554 5143 3691 5212 Itaque

2190 5244 2754 5316 comprehensibilibus
2798 5245 2956 5300 rebus
2995 5252 3050 5300 et
3091 5242 3321 5300 definitio
3346 5248 3440 5304 est,
3467 5249 3517 5292 et
3547 5246 3669 5288 exctn

2189 5336 2358 5408 plum.
2381 5336 2590 5404 Utrum,
2621 5337 2714 5401 ait,
2742 5337 2899 5392 etiam
2925 5337 3036 5406 ipsa
3053 5350 3172 5390 vera
3197 5334 3264 5389 sit
3291 5320 3688 5392 nescio:sedqui1

2185 5439 2267 5484 est
2308 5429 2615 5499 probabilis,
2661 5429 2782 5485 ideo
2825 5445 3052 5500 sequens
3090 5442 3202 5484 eam
3232 5422 3439 5480 ostendo
3461 5416 3575 5474 nihil
3597 5423 3688 5468 esse

2186 5522 2312 5589 tale,
2335 5523 2488 5593 quale
2515 5522 2602 5577 illa
2623 5523 2884 5594 expressit
2914 5537 3067 5592 posse
3093 5513 3469 5589 comprehendi.
3487 5501 3686 5566 Ostendi!

2184 5613 2410 5669 fortasse
2437 5623 2629 5684 pra-ter
2655 5615 2845 5686 ipsam,
2875 5622 2928 5669 et
2952 5612 3116 5677 vides,
3148 5619 3202 5664 ut
3228 5607 3457 5668 arbitror,
3488 5595 3594 5669 quid
3614 5605 3683 5646 ³ο·

2184 5715 2394 5777 quatur.
2418 5705 2569 5773 Quod
2595 5707 2640 5762 si
2669 5708 2824 5762 etiam
2855 5706 2969 5777 ejus
2998 5703 3177 5760 incerti
3205 5713 3396 5764 sumus,
3423 5707 3506 5749 nec
3524 5689 3582 5743 ita

2186 5799 2382 5856 deserit
2409 5799 2654 5868 scicntia;
2685 5801 2876 5856 scimus
2902 5799 3040 5856 enim
3065 5807 3338 5854 autveram
3357 5802 3478 5854 esse,
3501 5789 3575 5837 aut
3592 5771 3676 5830 fal-

3829 3859 3832 4035 l

3823 4399 3828 4648 1

3821 5067 3824 5258 l
