3882 6274
169 390 248 447 ΜΞ»
1460 379 1660 436 LIBER
1697 377 2009 436 TERTIUS.

161 518 281 562 sam:
310 515 408 558 non
451 499 613 573 igitur
644 498 772 555 nihil
813 499 1029 556 scimus.
1075 497 1388 569 Quanquam
1430 510 1702 566 nunquam

163 597 322 655 adiciet
347 603 401 650 ut
427 595 671 665 ingratus
698 593 816 661 sim,
864 607 1079 668 prorsus
1121 606 1220 664 ego
1259 591 1404 646 illam
1434 589 1704 645 deﬁnitio-

161 705 262 748 nem
287 688 614 744 verissimam
637 685 834 758 judico.
869 685 972 742 Aut
998 671 1140 741 enim
1171 693 1394 756 possunt
1425 683 1623 755 percipi
1651 691 1707 737 et

159 783 283 847 falsa,
311 778 444 851 quod
473 778 844 835 vehementius
869 778 1170 835 Academici
1204 778 1412 842 timent,
1444 784 1498 832 et
1520 790 1706 830 revera

159 871 407 928 absurdum
427 879 538 934 est;
569 877 668 925 aut
690 884 786 925 nec
804 884 864 924 ea
893 877 1136 940 possunt,
1163 884 1282 940 qua:
1311 875 1435 922 sunt
1459 866 1606 922 falsis
1629 867 1673 920 si
1692 894 1705 908 -

160 960 459 1017 miliazunde
495 961 587 1016 illa
617 960 852 1017 delinitio
899 976 1024 1017 vera
1065 969 1168 1016 est.
1211 958 1316 1015 Sed
1360 958 1469 1030 jam
1513 967 1704 1014 caetera

159 1055 410 1112 videamus.

309 1143 534 1201 CAPUT
584 1145 658 1201 X.
695 1176 767 1187 —
792 1145 909 1201 Duo
937 1146 1355 1201 Academicorum
1382 1143 1557 1212 eﬂ'ata.

208 1239 284 1293 ΞΩ.
322 1239 574 1306 Quamvis
613 1238 747 1306 haec,
793 1238 894 1294 nisi
943 1238 1129 1304 fallor,
1174 1237 1382 1308 possint
1431 1236 1498 1291 ad
1537 1236 1707 1291 victo-

155 1333 262 1388 riam
299 1331 424 1386 satis
460 1345 607 1394 esse,
648 1345 754 1386 non
797 1341 975 1387 tamen
1004 1331 1225 1386 fortasse
1261 1330 1329 1386 ad
1354 1331 1589 1386 victoriae
1617 1345 1705 1384 sa-

153 1424 375 1478 tietatem.
398 1423 512 1477 Duo
533 1432 662 1478 sunt
682 1438 799 1494 quae
825 1422 893 1478 ab
921 1424 1255 1479 Academicis
1278 1422 1546 1490 dicuntur,
1575 1423 1706 1478 con-

154 1524 217 1568 tra
241 1529 363 1585 quae,
408 1521 469 1568 ut
494 1513 758 1581 valemus,
791 1514 975 1571 venire
1004 1516 1360 1571 instituimus:
1388 1513 1535 1570 Nihil
1565 1532 1710 1586 posse

155 1607 342 1676 percipi;
365 1615 435 1672 et,
481 1603 638 1660 Nulli
665 1607 740 1660 rei
763 1606 938 1662 debere
964 1607 1212 1662 assentiri.
1255 1607 1332 1661 De
1369 1606 1708 1662 assentiendo

153 1712 252 1751 mox
267 1696 406 1764 alias,
425 1712 570 1752 nunc
587 1713 751 1768 pauca
772 1698 837 1754 de
854 1700 1192 1770 perceptione
1217 1698 1474 1754 dicemus.
1498 1698 1708 1754 Nihilne

154 1803 337 1859 prorsus
359 1788 535 1845 dicitis
554 1805 712 1860 posse
729 1789 1143 1861 comprehendi?
1169 1789 1266 1845 Hic
1288 1789 1558 1860 evigilavit
1580 1787 1709 1844 Car-

155 1879 352 1937 neades:
379 1897 500 1936 nam
531 1898 694 1939 nemo
724 1883 944 1938 istorum
969 1883 1144 1938 minus
1172 1885 1277 1939 alte
1297 1899 1458 1954 quam
1485 1883 1574 1938 ille
1594 1883 1709 1938 dor-

155 1971 293 2036 mivit,
310 1981 360 2026 et
373 1972 758 2044 circumSpexit
772 1988 948 2028 rerum
966 1973 1306 2030 evidentiam.
1327 1974 1508 2043 Itaque
1525 1973 1705 2039 credo,

158 2077 303 2117 secum
328 2063 457 2133 ipse,
488 2075 547 2118 ut
580 2065 658 2130 lit,
693 2065 917 2136 loquens
945 2082 960 2120 :
988 2064 1216 2136 Ergone,
1252 2065 1343 2130 ait,
1383 2066 1703 2134 Carneades,

157 2155 356 2209 dicturus
381 2171 440 2210 es
467 2157 684 2213 nescire
731 2165 782 2213 te
826 2166 1001 2212 utrum
1041 2157 1203 2213 homo
1231 2158 1326 2219 sis.
1357 2173 1424 2212 an
1453 2157 1710 2214 formica?

161 2248 241 2301 Aut
263 2247 323 2302 de
364 2257 413 2303 te
441 2247 778 2321 Chrysippus
808 2250 1190 2321 triumphabit?
1230 2251 1474 2306 Dicamus
1503 2267 1565 2307 ea
1612 2266 1711 2308 nos

160 2337 331 2392 nescire
356 2353 474 2408 qua:
508 2339 654 2394 inter
678 2339 1020 2410 philosophos
1039 2340 1407 2411 inquiruntur;
1435 2352 1628 2398 caetera
1644 2343 1711 2398 ad

162 2439 238 2478 nos
260 2441 353 2481 non
378 2429 672 2498 pertinere,
704 2438 762 2484 ut
789 2430 833 2484 si
855 2431 909 2484 in
939 2430 1058 2486 luce
1089 2431 1382 2488 titubavero
1401 2433 1710 2503 quotidiana

159 2527 200 2569 et
220 2517 418 2587 vulgari,
466 2519 536 2574 ad
567 2520 689 2575 illas
731 2521 1094 2591 imperitorum
1126 2523 1375 2578 tenebras
1401 2538 1707 2593 provocem,

160 2606 230 2660 ubi
263 2607 351 2660 soli
393 2609 612 2678 quidam
642 2609 808 2665 divini
838 2612 976 2666 oculi
1007 2613 1218 2668 vident:
1244 2615 1334 2684 qui
1360 2629 1446 2670 me
1475 2615 1634 2670 etiam
1663 2617 1710 2672 si

159 2699 459 2770 palpitantem
481 2715 649 2773 atque
663 2703 940 2759 cadentem
963 2707 1287 2776 aspexerint,
1308 2708 1464 2761 caecis
1482 2707 1709 2777 prodere

159 2802 403 2860 nequeant,
431 2795 734 2864 pricsertim
754 2796 1145 2866 arrogantibus,
1176 2805 1230 2852 et
1249 2813 1382 2867 quos
1407 2798 1587 2853 doceri
1613 2800 1712 2854 ali-

160 2882 255 2949 quid
279 2883 478 2952 pudeat.
511 2884 684 2940 Laute
725 2886 958 2957 quidem,
989 2901 1022 2941 o
1050 2903 1220 2958 graeca
1259 2888 1541 2956 industria,
1585 2904 1710 2946 suc-

160 2973 297 3030 cincta
320 2985 368 3031 et
397 2987 584 3046 parata
633 2977 905 3047 procedis;
937 2978 1029 3033 sed
1057 2993 1160 3033 non
1192 2981 1412 3051 respicis
1439 2981 1583 3035 illam
1611 2981 1708 3036 de-

161 3063 409 3122 ﬁnitionem
429 3078 482 3124 et
507 3070 782 3124 inventmn
805 3085 925 3126 esse
943 3070 1266 3141 philosophi,
1288 3081 1342 3127 et
1369 3072 1423 3126 in
1447 3074 1711 3130 vestibulo

160 3156 463 3230 philosophia!
492 3161 654 3217 lixam
677 3170 836 3233 atque
856 3161 1144 3218 fundatam.
1167 3164 1336 3231 Quam
1359 3165 1405 3219 si
1431 3166 1712 3223 succidere

163 3249 367 3316 tentabis,
397 3252 571 3308 rediet
600 3253 844 3324 bipennis
874 3254 925 3307 in
966 3269 1158 3310 crura:
1187 3254 1278 3309 illa
1325 3256 1466 3311 enim
1508 3256 1710 3313 labefa-

163 3346 293 3406 ctata,
320 3355 416 3395 non
444 3343 625 3398 solum
655 3350 828 3411 potest
852 3344 1054 3413 aliquid
1090 3345 1312 3415 percipi,
1344 3345 1438 3400 sed
1467 3347 1626 3402 etiam
1658 3346 1712 3403 id

167 3434 448 3502 potestun
475 3435 815 3490 simillimum
844 3434 979 3490 falso
998 3446 1102 3503 est,
1134 3437 1179 3492 si
1203 3452 1319 3492 eam
1352 3453 1456 3493 non
1488 3440 1710 3497 audebis

169 3532 374 3581 evertere.
411 3527 517 3583 Est
558 3528 702 3583 enim
733 3528 1006 3584 latibulum
1037 3539 1183 3584 tuum
1222 3529 1362 3586 unde
1391 3532 1444 3586 in
1471 3532 1711 3589 incautos

171 3617 348 3672 transire
377 3620 662 3690 cupientes
691 3620 977 3675 vehemens
1007 3623 1244 3692 crumpis
1283 3633 1443 3693 atque
1486 3624 1706 3679 exsilis:

165 3704 312 3776 aliquis
338 3720 382 3765 te
419 3711 687 3767 Hercules
712 3712 765 3766 in
796 3721 884 3766 tua
909 3713 1162 3782 spelunca
1196 3723 1443 3784 tanquam
1475 3716 1708 3771 semihon

163 3797 322 3854 minem
338 3800 537 3858 Cacum
563 3804 580 3835 ³
606 3803 903 3869 suti'ocabit,
934 3811 989 3858 et
1010 3805 1246 3874 ejusdem
1274 3806 1502 3861 molibus
1527 3809 1711 3878 oppri-

164 3899 266 3958 met,
295 3892 488 3950 docens
511 3895 710 3965 aliquid
734 3910 852 3950 esse
880 3897 930 3950 in
950 3895 1283 3966 philosophia
1302 3898 1443 3968 quod
1462 3907 1711 3970 tanquam

163 3982 300 4040 simile
325 3987 449 4043 falso
485 3989 745 4043 incertum
774 3987 868 4042 abs
893 3996 945 4042 te
976 3989 1089 4042 fieri
1117 4003 1220 4042 non
1249 3989 1433 4059 possit.
1461 3989 1617 4046 Certe
1644 3990 1713 4045 ad

162 4074 241 4128 alia
267 4079 641 4150 properabam;
671 4079 774 4133 hoc
812 4080 1051 4150 quisquis
1075 4087 1248 4150 urget,
1298 4081 1546 4151 teipsum,
1577 4082 1711 4136 Car-

163 4169 338 4237 neades,
368 4188 560 4244 magna
601 4170 764 4226 allicit
804 4173 1143 4236 contumelia,
1175 4188 1333 4243 quem
1359 4188 1390 4228 a
1419 4189 1506 4229 me
1548 4175 1712 4230 veluti

163 4270 386 4318 mortuum
415 4272 570 4335 putat
590 4263 907 4334 ubicumque
930 4274 1020 4317 aut
1043 4263 1416 4334 undecumque
1442 4281 1596 4334 posse
1623 4282 1714 4322 su-

163 4355 320 4417 perari.
344 4355 396 4412 Si
419 4365 599 4413 autem
628 4372 734 4411 non
766 4366 932 4427 putat,
966 4357 1346 4413 immisericors
1370 4367 1471 4426 est,
1500 4361 1587 4431 qui
1627 4375 1714 4418 me

164 4445 324 4508 passim
349 4447 596 4504 deserere
625 4447 866 4518 praesidia
896 4457 950 4503 et
989 4457 1162 4503 tecum
1203 4449 1255 4503 in
1287 4464 1476 4520 campo
1505 4460 1711 4508 certare

164 4535 304 4603 cogit:
326 4541 374 4593 in
400 4557 560 4612 quem
605 4541 932 4610 descendere
967 4557 1090 4596 cum
1131 4544 1434 4613 coepissem,
1466 4545 1584 4600 solo
1622 4554 1713 4602 tuo

169 4632 343 4688 nomine
359 4636 572 4690 territus
583 4635 774 4706 pedem
797 4635 976 4704 retuli,
1000 4645 1053 4691 et
1078 4636 1144 4692 de
1173 4639 1448 4707 superiore
1473 4639 1590 4694 loco
1616 4655 1712 4695 ne-

168 4719 255 4774 scio
271 4727 381 4794 quid
399 4728 669 4798 jaculatus
689 4742 828 4795 sum,
855 4727 996 4798 quod
1019 4737 1195 4782 utrum
1216 4729 1282 4784 ad
1311 4737 1363 4785 te
1387 4733 1710 4800 pervenerit,

169 4811 233 4865 Vel
255 4817 364 4884 quid
385 4820 574 4891 egerit,
604 4818 944 4874 viderintsub
973 4835 1199 4890 quorum
1221 4823 1464 4878 examine
1488 4824 1711 4880 dimica-

168 4917 280 4959 mus.
308 4909 403 4966 Sed
424 4913 548 4983 quid
572 4922 751 4968 metuo
780 4912 1024 4982 ineptus?
1051 4911 1106 4968 Si
1137 4913 1270 4969 bene
1300 4916 1539 4981 memini,
1571 4933 1714 4972 mor-

170 5001 265 5052 tuus
289 5015 358 5069 es,
401 5019 500 5060 nec
522 5004 633 5075 jam
673 5019 770 5074 pro
811 5004 1055 5073 sepulcro
1090 5012 1178 5059 tuo
1201 5005 1324 5076 jure
1365 5015 1562 5078 pugnat
1588 5008 1714 5081 Aly-

169 5089 291 5155 pius:
314 5095 456 5152 facile
485 5114 572 5154 me
599 5106 783 5152 contra
815 5097 1059 5153 umbram
1083 5107 1223 5154 tuam
1256 5101 1395 5155 Deus
1421 5102 1709 5172 adjuvabit.

224 5181 296 5239 23.
333 5187 462 5244 Nihil
489 5190 570 5245 ais
602 5191 653 5244 in
697 5189 1026 5260 philosophia
1075 5204 1232 5260 posse
1283 5193 1503 5263 percipi.
1556 5193 1626 5249 Et
1658 5203 1714 5250 ut

169 5275 424 5337 orationem
449 5291 595 5338 tuam
625 5281 770 5353 large
795 5281 1004 5352 lateque
1030 5281 1315 5350 dilI'undas,
1335 5284 1524 5354 arripis
1549 5286 1709 5353 rixas,

173 5361 593 5445 dissensionesque
617 5371 1050 5444 philosophorum
1071 5414 1086 5439 ,
1119 5381 1172 5428 et
1200 5388 1292 5428 eas
1321 5373 1412 5428 tibi
1441 5384 1624 5429 contra
1645 5376 1711 5430 il-

171 5451 235 5512 108
257 5475 384 5522 arma
423 5468 730 5523 ministrare
774 5467 1068 5522 arbitraris.
1092 5465 1370 5535 Quomodo
1400 5468 1540 5522 enim
1573 5468 1713 5524 inter

172 5545 484 5617 Denuocritum
527 5571 584 5618 et
631 5561 930 5631 superiores
976 5560 1221 5633 physicos
1259 5560 1324 5615 de
1353 5575 1456 5615 uno
1482 5561 1706 5628 mundo,

173 5649 215 5696 et
250 5645 699 5710 innumerabilibus
740 5652 886 5708 litem
933 5651 1373 5724 dijudicabimus,
1412 5668 1533 5708 cum
1573 5654 1710 5710 inter

172 5777 457 5895 “:3an
477 5797 607 5852 Mss,
632 5787 987 5840 scmihomiuem
1018 5787 1289 5853 suﬁocabit,
1317 5791 1495 5842 omisso
1515 5792 1709 5842 nomine

3287 375 3391 435 946

1811 495 1982 565 ipsum
2011 494 2383 568 haeredemque
2407 497 2522 568 ejus
2552 497 2837 568 Epicurum
2862 493 3148 553 concordia
3176 507 3396 554 manere

1812 587 2143 657 nequiverit?
2185 588 2316 642 Nam
2363 589 2462 643 iste
2505 589 2806 645 luxuriosus
2849 603 2970 644 cum
3015 597 3221 644 atomos
3245 587 3394 659 quasi

1811 679 2087 736 ancillulas
2114 695 2237 736 suas
2257 723 2271 748 ,
2301 681 2350 736 id
2376 691 2458 736 est
2481 682 2790 754 corpuscula
2817 697 2936 753 quas
2965 681 3016 736 in
3043 681 3278 738 tenebris
3298 680 3396 736 lae-

1812 779 1896 826 tus
1933 773 2269 842 amplectitur
2290 815 2306 838 ,
2337 789 2442 828 non
2473 783 2655 829 tenere
2678 774 2817 829 viam
2843 788 2993 829 suam
3012 813 3025 838 ,
3056 772 3150 828 sed
3188 772 3240 828 in
3270 773 3399 828 alic-

1811 878 1910 919 nos
1940 864 2134 920 limites
2161 865 2355 936 passim
2391 876 2580 936 sponte
2615 865 2883 922 declinare
2908 865 3200 936 permittit;
3228 874 3400 923 totum

1811 958 2183 1027 patrimonium
2211 958 2371 1012 etiam
2392 973 2490 1029 per
2507 957 2679 1028 jurgia
2708 956 3000 1026 dissipavit.
3033 956 3143 1012 Hoc
3162 971 3290 1011 vero
3320 958 3400 1012 ni-

1813 1046 1887 1102 hil
1914 1047 1978 1102 ad
2009 1063 2094 1104 me
2119 1049 2323 1104 attinet.
2355 1049 2410 1105 Si
2442 1049 2583 1105 enim
2612 1047 2678 1103 ad
2705 1048 3016 1118 sapientiam
3043 1048 3270 1119 pertinet
3294 1048 3396 1102 ho-

1812 1159 1928 1198 rum
1957 1143 2154 1214 aliquid
2179 1144 2352 1208 scire,
2403 1143 2456 1198 id
2503 1159 2608 1198 non
2651 1151 2828 1213 potest
2872 1143 3036 1199 latere
3081 1143 3398 1213 sapientem.

1813 1233 1868 1289 Si
1894 1243 2070 1291 autem
2093 1235 2236 1290 aliud
2263 1234 2511 1306 quiddam
2535 1243 2618 1290 est
2643 1235 2898 1304 sapientia
2927 1235 2943 1266 ί
2969 1251 2984 1299 ;
3012 1234 3154 1288 illam
3184 1234 3282 1288 scit
3306 1249 3397 1288 sa-

1812 1325 1996 1394 piens,
2027 1326 2127 1381 ista
2176 1326 2486 1381 contemnit.
2531 1325 2730 1381 Tamen
2764 1341 2862 1396 ego
2902 1325 2990 1396 qui
3031 1325 3185 1396 longe
3225 1325 3399 1382 adhuc

1811 1417 1998 1473 absum
2020 1419 2102 1474 vel
2131 1435 2160 1473 a
2183 1419 2447 1474 vicinitate
2475 1419 2762 1489 sapientis,
2787 1418 2839 1473 in
2871 1419 2986 1474 istis
3013 1419 3244 1490 physicis
3267 1435 3398 1475 non-

1813 1510 1941 1564 nihil
1967 1511 2098 1565 scio.
2128 1509 2339 1566 Certum
2369 1513 2511 1565 enim
2539 1510 2708 1566 habeo
2731 1550 2747 1577 ,
2777 1519 2868 1566 aut
2892 1526 3051 1566 unum
3083 1526 3201 1566 esse
3243 1527 3397 1565 mun-

1813 1601 1937 1656 dum
1959 1645 1972 1667 ,
2005 1611 2096 1656 aut
2134 1617 2238 1657 non
2279 1619 2472 1669 unum;
2502 1611 2556 1658 et
2581 1603 2627 1657 si
2656 1618 2759 1658 non
2799 1619 3001 1668 unum,
3031 1613 3120 1657 aut
3145 1603 3278 1657 finiti
3305 1619 3402 1658 nu-

1815 1693 1946 1746 meri
1973 1731 1986 1756 ,
2019 1702 2109 1746 aut
2138 1691 2345 1746 inﬁniti.
2377 1692 2536 1748 Istam
2562 1695 2878 1748 sententiam
2917 1692 3219 1748 Carneades
3257 1693 3403 1750 falsa:

1814 1799 1932 1840 esse
1977 1786 2207 1841 similem
2253 1785 2459 1840 doceat.
2511 1785 2640 1841 Item
2689 1787 2800 1841 scio
2838 1786 3093 1841 mundum
3122 1787 3278 1841 istum
3307 1802 3404 1842 no-

1813 1887 1979 1933 strum
2002 1921 2016 1945 ,
2059 1888 2151 1934 aut
2185 1889 2369 1935 natura
2405 1896 2686 1952 corporum
2708 1924 2721 1948 ,
2753 1889 2843 1936 aut
2870 1881 3044 1952 aliqua
3071 1882 3404 1952 providentia

1814 1971 1891 2025 sic
1937 1986 2055 2027 esse
2099 1972 2450 2043 dispositum;
2497 1990 2725 2046 eumque
2766 1984 2857 2030 aut
2893 1990 3106 2045 semper
3141 1975 3306 2032 fuisse
3348 1984 3406 2032 et

1816 2062 1928 2118 fore
1949 2106 1961 2130 ,
1991 2072 2082 2118 aut
2098 2065 2335 2134 'cmpisse
2369 2080 2486 2119 esse
2512 2067 2728 2120 minime
2754 2065 3076 2132 desiturum;
3109 2075 3200 2121 aut
3225 2077 3404 2122 ortum

1814 2171 1880 2211 ex
1911 2166 2148 2226 tempore
2177 2171 2282 2210 non
2309 2156 2537 2222 habere,
2573 2156 2665 2211 sed
2708 2157 3009 2212 habiturum
3049 2173 3168 2213 esse
3203 2160 3401 2225 linem;

1815 2256 1907 2302 aut
1935 2258 1989 2304 et
2016 2263 2231 2304 manere
2259 2249 2484 2319 coepisse
2505 2292 2519 2316 ,
2551 2259 2732 2305 etnon
2763 2258 3017 2321 perpetuo
3043 2265 3164 2305 esse
3181 2265 3400 2306 mansu-

1817 2357 1934 2397 rum
1962 2360 1973 2395 :
2004 2351 2058 2397 et
2082 2342 2483 2398 innumerabilia
2523 2342 2739 2413 physica
2774 2343 2876 2399 hoc
2909 2343 3068 2398 modo
3092 2345 3235 2398 novi.
3265 2344 3404 2400 Vera

1817 2435 1957 2490 enim
1989 2435 2087 2490 ista
2117 2444 2240 2492 sunt
2264 2436 2554 2505 disjuncta,
2587 2451 2688 2492 nec
2712 2435 3058 2492 similitudine
3079 2436 3254 2506 aliqua
3285 2437 3404 2493 falsi

1816 2541 1877 2582 ea
1914 2536 2084 2596 potest
2120 2528 2398 2598 quisquam
2427 2527 2771 2583 confundere.
2801 2527 2907 2582 Sed
2935 2542 3146 2582 assume
3174 2527 3400 2598 aliquid,

1816 2618 1889 2672 ait
1913 2617 2282 2674 Academicus.
2312 2618 2445 2674 Nolo
2477 2635 2491 2674 :
2521 2633 2642 2674 nam
2675 2619 2776 2674 hoc
2799 2627 2882 2674 est
2906 2618 3112 2684 dicere,
3146 2619 3406 2690 Relinque

1814 2709 1955 2780 quod
1976 2710 2079 2766 scis
2102 2752 2116 2773 ,
2152 2711 2237 2766 dic
2265 2711 2404 2781 quod
2431 2712 2625 2767 nescis.
2648 2712 2753 2767 Sed
2782 2711 2976 2782 pendet
2995 2714 3275 2767 sententia.
3296 2713 3407 2769 Me-

1816 2801 1918 2856 lius
1958 2810 2103 2856 certe
2152 2802 2345 2873 pendet
2387 2818 2544 2873 quam
2585 2802 2762 2858 cadit:
2795 2819 2987 2873 nempe
3029 2804 3180 2873 plana
3222 2812 3303 2858 est
3343 2806 3403 2869 ’ς

1815 2909 2007 2964 nempe
2029 2894 2137 2964 jam
2167 2903 2341 2964 potest
2366 2903 2456 2949 aut
2491 2895 2647 2962 falsa,
2679 2905 2770 2950 aut
2793 2912 2917 2951 vera
2943 2897 3224 2950 nominari.
3259 2895 3407 2954 Hanc

1816 2999 1943 3056 ergo
1967 3001 2051 3040 me
2077 2986 2214 3041 scire
2240 2985 2377 3041 dico.
2405 2987 2484 3041 Tu
2503 2989 2592 3058 qui
2619 3002 2716 3041 nec
2735 2987 2800 3041 ad
2831 2986 3214 3056 philosophiam
3241 2988 3407 3057 perti-

1816 3095 1946 3135 nere
1985 3081 2083 3134 ista
2117 3094 2276 3149 negas
2298 3121 2311 3145 ,
2341 3088 2395 3134 et
2422 3094 2608 3134 eorum
2649 3079 2770 3134 sciri
2810 3078 2941 3134 nihil
2988 3093 3144 3149 posse
3173 3080 3366 3135 asseris
3387 3121 3404 3149 ,

1815 3169 2037 3225 ostende
2081 3185 2168 3225 me
2211 3171 2310 3225 ista
2351 3171 2593 3226 nescire:
2621 3170 2707 3225 dic
2748 3170 2875 3225 istas
2909 3170 3292 3240 disjunctiones
3316 3179 3407 3228 aut

1816 3263 1975 3319 falsas
2000 3280 2119 3320 esse
2135 3307 2149 3330 ,
2192 3273 2281 3319 aut
2317 3264 2516 3336 aliquid
2557 3281 2838 3321 commune
2864 3265 3061 3324 habere
3084 3281 3205 3322 cum
3230 3267 3365 3324 falso
3388 3309 3405 3337 ,

1814 3368 1912 3424 per
1934 3354 2073 3425 quod
2101 3354 2326 3412 discerni
2351 3356 2568 3410 omnino
2597 3372 2702 3411 non
2729 3357 2954 3427 possint.

1817 3447 2040 3504 CAPUT
2079 3448 2169 3503 XI.
2199 3480 2270 3491 -—
2295 3449 2377 3503 Ea:
2419 3466 2653 3504 sensuum
2692 3451 3029 3506 imbecillitate
3063 3467 3164 3506 non
3191 3452 3316 3523 efﬁci
3349 3460 3408 3508 ut

1887 3539 2014 3592 nihil
2043 3540 2142 3593 ueri
2177 3539 2503 3610 percipiatur.
2538 3539 2714 3608 Neque
2746 3557 2808 3594 ea:
2845 3557 3020 3595 somno
3045 3551 3092 3596 et
3118 3542 3308 3612 furore.

1885 3629 1974 3684 24.
2033 3629 2212 3696 Unde,
2283 3632 2484 3701 inquit,
2542 3633 2646 3686 scis
2707 3646 2827 3686 esse
2887 3632 3044 3687 istum
3116 3633 3406 3706 mundum,

1815 3725 1861 3778 si
1891 3738 2081 3778 sensus
2111 3722 2400 3778 falluntur?
2420 3723 2696 3793 Nunquam
2726 3723 2965 3780 rationes
2984 3734 3176 3780 vestrae
3207 3726 3277 3781 ita
3299 3728 3408 3783 vim

1817 3832 2069 3872 sensuum
2097 3815 2345 3872 refellere
2376 3824 2696 3886 potuerunt,
2731 3828 2787 3872 ut
2824 3818 3210 3874 convinceretis
3253 3820 3406 3876 nobis

1817 3907 1948 3964 nihil
1973 3909 2141 3964 videri
2166 3925 2179 3962 :
2210 3925 2308 3964 nec
2328 3910 2546 3964 omnino
2567 3910 2680 3964 ausi
2705 3911 2832 3966 estis
2856 3911 3138 3982 aliquando
3165 3914 3261 3967 ista
3293 3922 3407 3969 ten-

1819 4011 1962 4067 tare;
2007 4002 2100 4057 sed
2149 4016 2305 4072 posse
2349 4002 2490 4057 aliud
2532 4017 2653 4057 esse
2693 4018 2754 4057 ac
2779 4004 3020 4071 videtur,
3064 4004 3406 4062 vehementer

1817 4095 2141 4166 persuadere
2183 4095 2514 4151 ineubuistis.
2550 4097 2660 4166 Ego
2695 4098 2869 4168 itaque
2895 4097 2998 4153 hoc
3035 4106 3202 4153 totum
3224 4139 3240 4166 ,
3270 4114 3404 4169 qua-

1817 4186 2095 4256 lecumque
2124 4193 2207 4240 est
2234 4186 2375 4256 quod
2405 4201 2500 4240 nos
2525 4188 2760 4242 continet
2778 4228 2792 4250 ,
2820 4197 2980 4259 atque
3009 4188 3133 4254 alit;
3165 4187 3264 4245 hoc
3288 4231 3302 4256 ,
3335 4190 3406 4244 in—

1816 4291 1974 4346 quam
1995 4317 2010 4342 ,
2042 4275 2183 4346 quod
2219 4276 2388 4330 oculis
2415 4277 2546 4331 meis
2574 4286 2824 4348 apparet,
2868 4293 2896 4331 a
2947 4293 3137 4348 meque
3181 4279 3406 4336 sentitur

1818 4366 2016 4423 habere
2044 4375 2240 4421 terram
2270 4376 2324 4422 ct
2351 4367 2575 4433 coelum,
2608 4377 2698 4422 aut
2730 4370 2878 4438 quasi
2918 4377 3144 4435 terram,
3173 4378 3228 4426 et
3254 4373 3406 4440 quasi

1816 4460 2032 4528 cmlum,
2064 4460 2318 4515 mundum
2350 4460 2573 4516 voco.Si
2601 4461 2732 4516 dicis
2755 4463 2884 4516 nihil
2911 4463 3037 4517 mihi
3060 4462 3246 4526 videri,
3270 4480 3406 4519 nun-

1816 4570 1971 4625 quam
2000 4555 2208 4610 errabo.
2241 4554 2290 4608 Is
2329 4556 2469 4611 enim
2511 4565 2685 4621 errat,
2731 4556 2817 4626 qui
2856 4557 2996 4627 quod
3034 4559 3132 4614 sibi
3172 4559 3402 4626 videtur,

1821 4657 2020 4704 temere
2051 4649 2258 4718 probat.
2292 4647 2455 4703 Posse
2498 4649 2638 4703 enim
2668 4647 2856 4703 falsum
2887 4649 3052 4706 videri
3073 4667 3102 4703 a
3126 4653 3404 4708 sentienti-

1817 4739 1915 4795 bus
1934 4739 2128 4806 dicitis,
2151 4739 2280 4793 nihil
2304 4739 2468 4794 vidcri
2491 4755 2595 4793 non
2615 4739 2811 4795 dicitis.
2832 4740 3055 4797 Prorsus
3070 4743 3211 4798 enim
3230 4744 3405 4802 omnis

1818 4830 2194 4900 disputationis
2247 4845 2404 4885 causa
2450 4830 2682 4896 tolletur,
2713 4832 2803 4886 ubi
2850 4848 3072 4903 regnare
3110 4849 3207 4890 vos
3251 4835 3402 4905 libet,

1816 4922 1864 4977 si
1883 4937 1987 4977 non
2009 4922 2180 4977 solum
2208 4923 2338 4977 nihil
2365 4924 2563 4977 scimus
2582 4965 2595 4987 ,
2619 4922 2713 4978 sed
2735 4923 2890 4978 etiam
2918 4925 3047 4980 nihil
3073 4927 3226 4982 nobis
3252 4927 3405 4983 vide-

1817 5020 1921 5068 tur.
1955 5011 2011 5068 Si
2038 5021 2215 5068 autem
2245 5013 2347 5068 hoc
2383 5011 2524 5083 quod
2560 5013 2689 5067 mihi
2716 5013 2924 5069 videtur
2950 5032 3111 5087 negas
3144 5018 3404 5076 mundum

1815 5119 1966 5170 esse,
1998 5105 2066 5160 de
2095 5105 2311 5160 nomine
2339 5106 2754 5161 controversiam
2797 5106 2925 5163 facis
2946 5150 2960 5175 ,
2993 5126 3116 5166 cum
3148 5111 3201 5166 id
3238 5127 3268 5166 a
3314 5127 3403 5169 me

1815 5195 2038 5252 dixerim
2065 5196 2320 5251 mundum
2350 5198 2546 5252 vocari.
3444 5271 3448 5275 ρ

1886 5287 1974 5344 25.
2010 5288 2285 5353 Etiamne,
2318 5289 2524 5360 inquies
2545 5329 2559 5355 ,
2592 5290 2634 5343 si
2665 5289 2897 5358 dormis,
2941 5292 3166 5348 mundus
3190 5304 3272 5347 est
3298 5295 3400 5352 iste

1815 5396 1976 5452 quem
2003 5381 2188 5435 vides?
2217 5380 2333 5436 Jam
2362 5381 2566 5435 dictum
2590 5389 2698 5447 est,
2731 5383 2981 5454 quidquid
3010 5384 3111 5438 tale
3151 5382 3278 5437 mihi
3318 5387 3400 5439 vi-

1816 5473 1987 5539 detur,
2014 5473 2267 5527 mundum
2289 5473 2519 5542 appello.
2541 5472 2644 5528 Sed
2661 5475 2706 5528 si
2724 5490 2845 5529 eum
2867 5475 3034 5529 solum
3048 5474 3216 5542 placet
3241 5490 3400 5531 mun-

1815 5564 1942 5620 dum
1967 5561 2160 5620 vocare
2182 5606 2197 5630 ,
2228 5565 2318 5635 qui
2358 5564 2568 5620 videtur
2603 5579 2633 5618 a
2671 5565 3006 5637 vigilantibus
3047 5564 3127 5619 vel
3164 5566 3324 5621 etiam
3364 5583 3398 5624 a
3461 5619 3471 5636 κ

1817 5656 1991 5720 sanis;
2025 5656 2149 5710 illud
2190 5654 2487 5724 contende,
2515 5656 2558 5711 si
2589 5663 2776 5724 potes,
2807 5671 2898 5712 eos
2922 5654 3013 5726 qui
3039 5654 3307 5711 dormiunt
3331 5673 3398 5716 ac

1881 5791 1897 5821 ί
1924 5797 1991 5839 na
2011 5797 2116 5838 Mss.
2143 5796 2198 5839 At
2217 5787 2351 5850 add,
2376 5785 2660 5850 sapientiam
2679 5785 2829 5839 illam.

1881 5854 1902 5883 ²
1924 5859 2118 5914 Septem
2141 5859 2265 5914 Mss,
2287 5849 2533 5914 plenam.
