1941 3137
260 191 310 219 947

258 248 375 281 furiunt,
392 255 443 275 non
459 247 486 275 in
497 246 593 274 mumlo
613 246 699 272 furere
713 248 792 279 atque
806 244 932 271 dormire.
952 242 1048 277 Quant-

258 295 350 323 obrem
368 294 418 321 hoc
432 294 505 327 dico,
531 293 607 320 istam
633 295 715 319 totam
732 285 873 326 corporum
889 289 988 317 molem
1007 293 1046 316 at-

236 339 239 342 ⁴
257 348 308 375 que
321 339 468 367 machinam
482 339 508 366 in
522 346 572 373 qua
583 345 675 365 sumus
687 358 693 370 ,
719 337 775 365 sive
795 335 972 368 dormientes,
993 334 1049 362 sive

256 387 395 419 furentes,
429 385 484 412 sive
512 384 667 419 vigilantes,
701 382 757 410 sive
785 382 860 415 sani,
890 386 936 409 aut
970 388 1048 408 unam

258 441 336 466 esse,
356 436 402 459 aut
416 439 468 466 non
482 438 542 458 esse
565 438 655 464 unam.
671 429 810 462 Edissere,
835 428 968 463 quomodo
988 435 1049 462 pos-

257 480 293 507 sit
316 471 365 506 ista
388 486 447 506 esse
470 477 535 505 falsa
559 477 698 505 sententia.
715 476 743 504 Si
763 476 835 503 enim
857 475 973 508 dormio,
992 476 1048 503 fieri

257 530 345 562 potest
369 530 397 553 ut
418 525 482 553 nihil
504 525 690 557 dixerim;aut
708 523 730 559 si
752 523 830 558 etiam
852 530 898 550 orc
913 522 1047 550 dormien-

257 574 291 601 tis
314 572 392 600 verba
405 593 413 605 ,
436 576 464 599 ut
483 571 568 605 solet,
589 575 750 603 evaserunt,
767 574 854 605 potest
867 569 925 596 fieri
948 573 976 596 ut
996 577 1047 596 non

258 619 319 651 hic,
349 627 402 646 non
427 618 462 645 ita
488 608 600 650 sedens,
630 625 682 644 non
705 611 770 644 istis
786 616 953 643 audientibus
972 615 1047 642 dixe-

257 666 307 693 rim
321 673 327 691 :
341 669 370 691 ut
383 669 469 691 autem
483 663 535 691 hoc
550 663 643 696 falsum
659 662 708 695 sit,
731 669 782 688 non
804 664 900 696 potest.
924 661 977 688 Nec
999 668 1048 696 ego

257 710 320 738 illud
336 718 378 738 me
401 710 551 745 percepisse
571 709 647 743 dico,
664 707 733 745 quod
755 708 870 743 vigilem.
888 707 965 734 Potes
977 707 1047 734 enim

258 758 363 791 dicere,
387 757 438 784 hoc
457 747 521 784 mihi
542 756 620 783 etiam
645 755 783 782 dormienti
809 754 893 782 videri
914 755 1046 789 potuisse;

256 804 370 839 ideoque
389 802 441 830 hoc
464 806 551 838 potest
571 809 631 829 esse
647 801 712 828 falso
730 801 903 828 simillimum.
918 800 945 828 Si
960 805 1048 828 autem

257 858 325 877 unus
335 854 361 877 et
371 857 417 877 sex
431 839 520 876 mundi
531 853 608 880 sunt;
621 853 723 884 septem
736 846 848 874 mundos
858 854 916 874 esse
924 868 930 879 ,
943 855 1048 882 quoque

256 896 337 928 modo
360 896 467 923 allectus
489 895 553 931 sim.
569 894 738 922 manifestum
758 898 815 926 est,
832 897 859 920 et
873 893 899 920 id
919 901 961 920 me
979 893 1048 920 Scire

256 950 310 969 non
333 942 498 978 impudenter
522 941 636 968 affirmo.
661 941 748 975 Quare
763 941 802 967 vel
819 940 886 967 hanc
902 940 1047 968 connexio-

257 995 333 1020 nem,
358 988 397 1014 vel
420 988 478 1014 illas
492 988 614 1022 superius
635 987 843 1021 disjuuctiones,
863 986 930 1013 doce
953 994 1047 1014 somno

256 1040 302 1063 aut
317 1026 405 1068 furore
418 1040 462 1062 aut
476 1035 590 1065 vanitate
603 1042 726 1062 sensuum
741 1042 819 1068 posse
841 1041 900 1061 esse
913 1033 1007 1066 falsas;
1021 1038 1047 1061 et

255 1089 318 1113 me.
340 1081 361 1108 si
384 1081 580 1116 expergefactus
602 1080 651 1107 ista
679 1079 842 1112 meminero,
867 1079 963 1107 victum
989 1087 1047 1106 esse

256 1127 410 1156 concedam.
432 1127 519 1155 Credo
541 1127 611 1159 enim
637 1126 692 1161 jam
717 1126 781 1153 satis
805 1125 905 1161 liquere
925 1133 985 1161 qum
1001 1133 1048 1160 per

255 1174 387 1206 somnium
409 1178 436 1201 et
454 1173 613 1201 dementiam
638 1171 701 1198 falsa
725 1171 875 1204 videantur,
896 1165 1047 1198 ea'scilicet

255 1228 314 1255 qum
331 1219 364 1246 ad
377 1219 498 1254 corporis
509 1225 604 1245 sensus
618 1216 750 1252 pertinent
764 1226 770 1243 :
782 1223 842 1243 nam
856 1209 897 1243 ter
911 1220 983 1243 terna
998 1223 1046 1242 no-

254 1272 314 1292 vem
327 1271 387 1291 esse
397 1284 403 1296 ,
423 1268 450 1290 et
470 1263 625 1298 quadratum
640 1261 843 1297 intelligibilium
856 1268 1026 1288 numerorum
1038 1282 1045 1295 ,

254 1317 366 1338 necesse
386 1313 426 1336 est
441 1309 480 1336 vcl
503 1315 600 1343 genere
616 1307 731 1334 humano
744 1311 871 1334 stertente
891 1306 925 1334 sit
944 1299 1044 1334 verum;

256 1355 411 1390 Quanquam
426 1354 504 1381 ctiam
520 1360 568 1388 pro
586 1353 649 1387 ipsis
670 1351 792 1379 sensibus
810 1351 891 1378 multa
904 1359 983 1386 posse
996 1352 1046 1379 dici

254 1399 342 1431 video,
356 1407 415 1435 qure
427 1399 460 1427 ab
468 1398 633 1426 Academicis
646 1397 807 1432 reprehensa
821 1405 873 1424 non
888 1397 1044 1425 invenimus.

253 1445 343 1474 Credo
356 1442 425 1472 enim
440 1452 535 1472 sensus
549 1452 601 1471 non
619 1443 753 1477 accusari,
770 1442 810 1470 vel
831 1442 900 1477 quod
919 1442 1045 1477 imagina-

254 1493 340 1520 tiones
360 1491 440 1519 falsas
459 1491 574 1518 furentes
597 1490 740 1525 patiuntur,
752 1490 793 1517 vel
805 1489 876 1524 quod
888 1489 953 1516 falsa
967 1489 993 1516 in
1003 1497 1047 1517 so-

254 1539 324 1566 mnis
334 1538 462 1565 videmus.
474 1537 502 1564 Si
511 1537 581 1563 enim
594 1543 654 1562 vera
662 1535 829 1570 vigilantibus
837 1539 915 1570 atque
923 1535 994 1562 sanis
1005 1543 1047 1562 re—

255 1585 424 1617 nuntiarunt;
439 1584 504 1611 nihil
516 1583 548 1610 ad
562 1589 622 1615 eos,
637 1581 699 1616 quid
713 1581 763 1608 sibi
776 1581 880 1608 animus
890 1581 1046 1608 dormientis

255 1630 464 1665 insanientisque
476 1629 610 1663 contingat
624 1628 643 1654 ι.

289 1676 334 1712 26.
349 1675 441 1703 Restat
455 1679 484 1702 ut
496 1678 636 1710 quaeratur,
651 1677 737 1700 utrum
748 1680 807 1700 cum
822 1673 871 1708 ipsi
883 1673 1044 1708 renuntiant,

256 1730 349 1750 verum
364 1721 525 1749 renuntient.
542 1721 611 1755 Age,
625 1720 647 1747 si
661 1720 730 1747 dicat
745 1719 889 1755 Epicureus
904 1721 1043 1755 quispiam,

255 1768 324 1796 Nihil
341 1767 427 1795 habeo
441 1767 511 1802 quod
533 1766 567 1793 de
585 1766 708 1794 sensibus
728 1774 876 1800 conquerar
896 1775 902 1792 :
920 1762 1046 1801 injustam

255 1819 296 1841 est
309 1814 379 1841 enim
392 1814 426 1841 ab
439 1813 477 1840 eis
491 1813 595 1847 exigere
616 1812 752 1847 plusquam
771 1806 897 1847 possunt;
920 1812 1045 1848 quidquid

255 1865 343 1888 autem
366 1864 476 1895 possunt
489 1858 577 1885 videre
600 1857 685 1891 oculi,
710 1866 801 1885 verum
825 1858 921 1884 vident.
941 1858 1047 1893 Ergone

255 1914 348 1933 verum
363 1910 404 1932 est
416 1904 485 1939 quod
500 1903 533 1931 de
548 1911 621 1930 remo
633 1903 658 1929 in
672 1911 738 1938 aqua
754 1903 861 1930 vident?
873 1903 985 1931 Prorsus
1000 1912 1046 1931 ve-

255 1961 323 1980 rum.
336 1952 401 1979 Nam
416 1958 494 1978 causa
506 1949 648 1977 accedente
662 1957 743 1984 quare
758 1950 791 1977 ita
804 1950 947 1983 videretur,
964 1951 985 1977 si
1001 1951 1047 1978 de-

254 2005 358 2025 mersus
379 1996 446 2024 unda
471 2003 561 2024 remus
583 2000 671 2023 rectus
692 2000 840 2031 appareret,
852 1997 935 2032 magis
956 1997 1047 2025 oculos

255 2051 329 2071 meos
344 2042 416 2070 falsa:
439 2042 642 2069 renuntiationis
653 2049 801 2076 arguerent.
817 2041 874 2069 Non
889 2043 959 2069 enim
975 2043 1046 2070 vide-

253 2093 314 2116 rent
331 2088 400 2124 qnod
421 2088 516 2115 talibus
534 2088 708 2115 existentibus
724 2089 811 2115 causis
826 2088 968 2116 videndum
987 2090 1045 2117 fuit.

254 2135 322 2169 Quid
344 2135 433 2162 multis
445 2142 511 2170 opus
526 2135 583 2162 est?
597 2134 653 2161 Hoc
668 2134 701 2161 de
716 2134 826 2161 turrium
847 2140 934 2169 motu,
952 2135 1001 2166 hoc
1013 2136 1047 2164 de

255 2181 371 2215 pinnulis
390 2180 495 2219 avium,
510 2179 560 2206 hoc
582 2179 616 2207 de
631 2178 736 2206 cmteris
748 2180 983 2208 innumerabilibus
995 2182 1046 2208 dici

254 2231 351 2262 potest.
367 2226 423 2261 Ego
438 2231 525 2253 tamen
542 2225 627 2259 fallor,
643 2225 664 2252 si
687 2226 827 2259 assentiar,
848 2227 885 2253 ait
905 2227 1044 2262 quispiam.

253 2272 313 2299 Noli
329 2272 387 2307 plus
399 2271 539 2305 assentiri,
554 2279 631 2307 quam
648 2274 676 2298 ut
690 2271 725 2298 ila
739 2272 783 2299 tibi
799 2280 926 2307 apparere
936 2281 1046 2307 persua-

255 2318 337 2350 deas;
353 2323 378 2345 et
394 2319 464 2345 nulla
487 2318 608 2352 deceptio
624 2322 673 2345 est.
695 2317 752 2344 Non
777 2319 847 2345 enim
869 2318 962 2351 video,
979 2327 1045 2354 quo-

255 2364 335 2391 modo
357 2364 457 2391 refellat
477 2363 651 2391 Academicus
666 2371 726 2391 eum
748 2364 792 2398 qui
812 2363 875 2391 dicit
890 2373 901 2390 :7
913 2364 967 2392 Hoc
982 2365 1046 2393 ιιιὶΙιί

257 2408 398 2436 candidum
423 2409 506 2436 videri
527 2410 598 2442 scio;
616 2409 666 2437 hoc
677 2409 795 2437 auditum
819 2418 905 2437 meum
921 2411 1046 2439 delectari

256 2455 330 2487 scio;
355 2454 404 2481 hoc
425 2455 487 2481 mihi
502 2454 616 2489 iuetnide
630 2456 702 2483 olere
718 2456 787 2488 scio;
803 2446 854 2483 hoc
868 2456 933 2483 mihi
954 2464 1047 2491 Sapere

255 2499 369 2526 dulciter
381 2499 453 2531 scio;
471 2499 521 2527 hoc
532 2500 594 2526 mihi
608 2507 666 2528 esse
680 2500 802 2536 frigidum
814 2502 878 2529 scio.
892 2502 937 2529 Dic
949 2503 1045 2537 potius,

256 2550 344 2572 ulrmn
359 2552 406 2579 per
419 2552 447 2572 se
458 2552 554 2572 amarae
567 2545 620 2572 sint
632 2546 740 2573 oleastri
756 2547 877 2580 frondes,
893 2556 958 2583 quas
969 2556 1048 2583 caper

257 2595 310 2618 tam
336 2590 504 2625 pertinaciter
526 2591 635 2625 appetit.
670 2592 691 2618 0
717 2593 850 2620 hominem
882 2594 1044 2629 improbum!

257 2645 346 2664 nonne
359 2641 399 2664 est
413 2644 493 2671 caper
504 2637 559 2671 ipse
575 2637 737 2665 modestior?
750 2638 843 2665 Nescio
855 2640 944 2676 quales
959 2638 1047 2674 pecori

257 2683 326 2714 sint.
341 2682 406 2709 mihi
422 2687 508 2709 tamen
524 2690 620 2710 amane
634 2689 694 2711 sunt
711 2694 717 2710 :
733 2685 794 2719 quid
810 2685 905 2719 quaeris
918 2686 1048 2721 amplius?

255 2728 308 2756 Sed
323 2733 363 2755 est
376 2728 487 2756 fortasse
500 2728 594 2763 aliquis
604 2730 682 2756 etiam
697 2729 848 2763 hominum,
865 2732 906 2758 cui
922 2739 974 2758 nevn
995 2733 1048 2760 sint

257 2781 364 2802 amarae.
380 2775 511 2803 Tendisnc
537 2777 561 2802 in
588 2777 756 2803 molestiam?
781 2777 973 2812 Numquidnam
999 2788 1048 2816 ego

259 2826 363 2846 amaras
380 2828 439 2847 esse
453 2821 576 2848 omnilms
595 2821 669 2848 dixi?
689 2821 752 2848 mihi
775 2822 846 2857 dixi,
871 2828 897 2850 et
922 2824 970 2852 hoc
995 2834 1047 2853 non

292 2906 300 2920 ι
314 2909 374 2935 PaL,
386 2908 426 2937 qui
437 2906 483 2930 sibi
492 2907 624 2932 animum...
637 2907 780 2939 confingant.
795 2914 821 2933 \t.

754 187 890 214 CONTRA
912 183 1136 217 ACADEMICOS,
1157 184 1185 212 S.
1208 185 1389 214 AUGUSTINI
1817 199 1857 227 9‘3

1103 249 1209 277 semper
1222 242 1335 271 affirum.
1350 244 1416 277 Quid
1436 245 1458 272 si
1475 245 1544 274 enim
1563 247 1628 275 alias
1642 248 1689 276 alia
1709 257 1790 286 causa,
1805 262 1858 284 nunc

1104 288 1179 316 dulce
1190 290 1322 332 quidpiam
1332 312 1338 323 ,
1356 300 1425 319 nunc
1440 300 1558 321 amarum
1570 294 1596 328 in
1610 303 1655 322 ore
1667 297 1797 327 sentiatur?
1809 300 1857 330 Illud

1102 334 1162 362 dico
1173 357 1180 369 ,
1197 343 1274 371 posse
1294 337 1428 365 hominem
1444 346 1504 373 cum
1525 340 1621 375 aliquid
1636 347 1731 377 gustat,
1750 344 1807 374 bona
1821 348 1858 379 fide

1099 381 1207 416 jurare,
1223 390 1252 409 se
1266 383 1334 410 scire
1347 383 1434 419 palato
1453 392 1503 412 suo
1515 385 1578 413 illud
1593 379 1672 415 suave
1685 396 1752 427 esse,
1764 392 1799 420 vel
1810 401 1859 422 cun.

1102 432 1157 460 tra,
1174 436 1222 456 nec
1236 429 1288 457 ulla
1301 431 1431 462 calumnia
1446 440 1530 473 grieca
1554 434 1589 469 ab
1612 435 1661 463 ista
1683 437 1782 465 scientia
1801 448 1859 483 posse

1107 473 1117 483 ³
1145 474 1151 483 ι
1178 475 1194 483 γ.
1221 475 1240 483 Λ
1263 475 1269 481 .
1333 477 1338 483 .
1448 471 1472 483 ἰ
1550 480 1554 483 -
1634 481 1638 483 λ

1102 473 1206 502 deduci.
1219 475 1284 509 Quis
1298 477 1367 504 enim
1390 482 1441 513 tam
1467 479 1605 515 impudens
1618 481 1665 515 sit,
1683 483 1724 517 qtti
1744 473 1859 519 mihireum

1101 519 1276 549 delectatione
1298 523 1396 558 aliquid
1420 524 1552 559 ligurienti
1574 525 1645 554 dicat
1669 535 1675 554 :
1695 528 1806 562 Fortasse
1821 540 1858 560 non

1101 571 1206 602 gustus,
1221 568 1268 595 sed
1284 569 1333 595 hoc
1345 563 1479 604 somnium
1500 572 1560 599 est?
1572 572 1759 609 Numquidnam
1773 578 1860 612 resisto?

1101 613 1153 641 Sed
1164 622 1206 641 me
1221 618 1306 642 tamen
1321 616 1384 643 illud
1399 617 1423 644 in
1437 618 1537 645 somnis
1547 619 1628 646 etiam
1642 619 1784 656 delectaret.
1794 623 1860 657 Quare

1102 659 1168 687 illud
1183 661 1252 704 quod
1273 670 1316 690 me
1335 663 1404 690 scire
1416 663 1488 698 dixi,
1510 665 1579 693 nulla
1595 666 1728 701 confundit
1747 669 1860 704 similitudo

1101 705 1239 741 falsorum.
1263 708 1295 735 Et
1317 709 1480 751 Epicureus,
1495 712 1535 740 vel
1550 712 1689 748 Cyrenaici
1704 718 1729 742 et
1741 716 1785 749 alia
1798 718 1860 751 multa

1101 752 1212 781 fortasse
1235 762 1282 789 pro
1305 756 1427 784 sensibus
1451 757 1557 792 dicant,
1582 764 1673 787 contra
1694 768 1749 794 qua;
1768 762 1821 795 nihil
1832 764 1861 791 di-

1101 802 1171 825 ctum
1185 806 1245 827 esse
1260 800 1293 827 ab
1306 801 1472 833 Academicis
1486 803 1586 844 accepi.
1608 804 1659 831 Sed
1672 805 1731 841 quid
1744 807 1772 834 ad
1784 808 1859 843 pte?Si

1100 845 1192 872 volunt
1205 846 1269 879 ista,
1286 851 1312 874 et
1331 848 1353 874 si
1370 854 1493 882 possunt,
1510 850 1591 877 etiam
1615 859 1657 878 me
1678 852 1771 886 favente
1783 855 1860 887 rescin-

1100 890 1173 918 dant.
1194 891 1326 927 Quidquid
1340 894 1411 921 enim
1424 900 1515 922 contra
1529 903 1625 924 sensus
1638 897 1670 924 ab
1685 898 1721 925 eis
1733 898 1859 935 disputatur,

1100 944 1152 963 non
1168 942 1258 964 contra
1281 946 1374 966 onmes
1394 940 1568 979 philosophos
1585 942 1665 970 valet.
1687 942 1749 976 Sunt
1761 945 1818 977 enim
1828 946 1860 981 qui

1099 982 1151 1010 ista
1164 984 1267 1016 omnia,
1283 994 1342 1029 qua:
1357 987 1476 1029 corporis
1491 995 1571 1015 sensu
1588 989 1684 1025 accipit
1701 991 1807 1027 animus,
1819 993 1861 1028 opi-

1100 1029 1206 1057 nionem
1219 1039 1296 1073 posse
1309 1032 1417 1067 gignere
1429 1033 1601 1068 confitentur,
1621 1036 1750 1063 scientiam
1762 1045 1814 1068 vero
1825 1046 1858 1070 ne-

1101 1080 1174 1108 gant.
1191 1076 1275 1109 Quam
1296 1081 1384 1105 tamen
1399 1079 1488 1106 volunt
1508 1080 1680 1116 intelligentia
1693 1083 1818 1115 contineri,
1831 1092 1859 1110 rc-

1100 1125 1253 1157 motamque
1267 1130 1281 1149 a
1294 1124 1417 1151 sensibus
1431 1125 1456 1151 in
1470 1130 1559 1153 mente
1574 1127 1671 1161 vivere.
1688 1128 1718 1160 Et
1728 1128 1786 1156 forte
1796 1130 1816 1157 iu
1828 1138 1858 1157 eo-

1099 1173 1158 1193 rum
1175 1175 1286 1195 numero
1298 1173 1339 1196 est
1355 1170 1460 1205 sapiens
1473 1171 1517 1198 ille
1530 1180 1613 1210 quem
1628 1173 1771 1215 quaerimus.
1784 1174 1825 1202 Sed
1836 1174 1858 1205 de

1099 1212 1150 1240 hoc
1166 1213 1328 1260 aliasaNunc
1338 1215 1370 1242 ad
1385 1216 1484 1259 reliqua
1496 1212 1643 1252 pergamus
1655 1226 1710 1260 qua:
1721 1224 1812 1255 propter
1822 1221 1856 1249 ista

1098 1266 1158 1293 qua:
1166 1258 1220 1293 jam
1236 1259 1305 1287 dicta
1318 1265 1389 1296 sunt,
1404 1261 1510 1297 paucis,
1525 1262 1576 1289 nisi
1592 1258 1679 1298 fallor,
1693 1264 1855 1301 explicabimus.

1099 1302 1211 1338 CAPUT
1230 1305 1286 1332 ΧΗ.
1298 1321 1333 1325 -
1345 1306 1421 1342 Urget
1434 1307 1598 1341 Academicos
1617 1317 1719 1337 camare
1728 1311 1807 1347 frustra
1816 1319 1855 1345 am-

1231 1360 1303 1378 suum
1314 1353 1351 1379 vel
1361 1354 1443 1381 somni
1452 1358 1475 1389 et
1487 1355 1584 1391 furoris
1597 1355 1756 1392 deceptionu.

1134 1396 1178 1423 27.
1194 1397 1262 1430 Quid
1274 1399 1343 1427 enim
1354 1399 1386 1426 de
1396 1400 1513 1435 moribus
1522 1401 1701 1436 inquirentem
1713 1402 1750 1437 vel
1760 1402 1819 1438 juvat
1827 1402 1855 1435 rei

1098 1442 1210 1476 impedit
1236 1445 1354 1480 corporis
1386 1446 1498 1474 sensus?
1516 1447 1573 1474 Nisi
1594 1456 1658 1475 vero
1678 1448 1732 1476 illos
1752 1448 1808 1489 ipsos
1823 1448 1854 1489 qui

1098 1495 1231 1523 summum
1247 1489 1362 1518 hominis
1377 1491 1474 1519 bonum
1491 1493 1516 1520 in
1537 1493 1675 1528 voluptate
1687 1501 1793 1531 posuere,
1806 1494 1853 1527 nihil

1098 1533 1207 1569 impedit
1229 1540 1274 1562 aut
1293 1537 1423 1565 columba:
1437 1538 1550 1579 collum,
1577 1544 1624 1566 aut
1646 1547 1696 1572 vox
1719 1540 1849 1574 incerta,attj

1098 1587 1178 1615 grave
1192 1581 1293 1617 pondus
1311 1582 1411 1610 homini
1429 1584 1500 1619 quod
1515 1585 1628 1618 camelis
1642 1585 1700 1616 leve
1712 1590 1757 1619 est.
1770 1584 1848 1619 natalia

1098 1631 1221 1654 Sexcenta
1234 1648 1241 1660 ,
1258 1629 1399 1664 quominus
1420 1629 1508 1656 dicant
1522 1638 1554 1658 eo
1570 1639 1624 1666 quo
1642 1632 1786 1666 delectantur
1800 1631 1851 1665 title.

1098 1672 1162 1698 clari
1177 1680 1205 1699 se
1219 1674 1286 1700 scire
1297 1694 1304 1708 ,
1322 1674 1361 1700 vel
1382 1682 1414 1702 co
1432 1683 1484 1711 quo
1505 1676 1678 1712 offenduntur
1690 1677 1773 1713 oll'eudi
1789 1676 1853 1714 (quod

1099 1717 1185 1744 refelli
1203 1726 1280 1753 posse
1304 1727 1355 1746 non
1381 1720 1484 1756 video);
1499 1729 1560 1756 eunt
1582 1724 1773 1755 commovebunt
1784 1717 1817 1758 qui
1831 1723 1854 1755 il'

1099 1770 1159 1790 nem
1172 1763 1233 1790 boni
1249 1770 1336 1792 mente
1351 1766 1546 1801 complectitur.
1562 1768 1633 1803 Quid
1654 1769 1740 1804 horum
1753 1774 1775 1802 tu
1786 1767 1854 1808 eligis?

1098 1808 1125 1835 Si
1146 1810 1209 1844 quid
1233 1810 1296 1837 mihi
1322 1811 1451 1846 videatur,
1483 1814 1597 1850 quieris;
1621 1815 1648 1842 in
1669 1820 1750 1848 mente
1769 1815 1854 1849 arbitror

1098 1861 1157 1881 esse
1171 1862 1301 1882 sumumm
1315 1856 1429 1884 hominis
1442 1858 1539 1886 bonum
1554 1859 1625 1894 (Lib.
1636 1860 1647 1887 I
1660 1860 1773 1895 Barea,
1785 1860 1853 1901 capi,

1098 1908 1124 1926 η.
1141 1899 1180 1935 4).
1192 1900 1243 1927 Sed
1257 1909 1327 1928 nunc
1339 1901 1372 1930 de
1384 1902 1492 1935 scientia
1507 1905 1663 1938 quzerirnns.
1678 1906 1742 1944 Ergo
1753 1899 1855 1940 interi-09

1099 1945 1244 1981 sapientem
1255 1967 1262 1979 ,
1277 1947 1322 1982 qui
1333 1955 1385 1974 non
1401 1952 1486 1982 potest
1500 1948 1623 1984 ignorare
1634 1951 1778 1986 sapientiam
1790 1959 1798 1984 ξ
1808 1948 1853 1984 mihi

1099 1996 1186 2018 tamen
1204 1992 1278 2019 tardo
1292 1993 1327 2020 illi
1343 1998 1421 2034 atque
1434 1995 1514 2021 stulto
1528 1995 1592 2024 licet
1605 1997 1707 2025 interim
1726 1998 1798 2033 scire.
1809 1996 1854 2029 boni

1099 2036 1206 2064 humani
1221 2037 1315 2072 ﬁnem,
1334 2040 1359 2066 in
1380 2049 1431 2075 quo
1447 2041 1576 2070 inhabitet
1593 2043 1668 2071 beata
1682 2044 1748 2079 vita,
1762 2048 1799 2077 aut,
1810 2042 1854 2075 mti-

1098 2083 1152 2110 lum
1168 2091 1227 2111 esse
1237 2105 1243 2116 ,
1259 2090 1304 2112 aut
1319 2086 1344 2112 in
1365 2087 1453 2113 animo
1465 2095 1542 2127 esse,
1556 2093 1603 2123 aut
1623 2089 1648 2125 in
1661 2096 1776 2125 corpore,
1789 2093 1825 2122 aut
1836 2088 1854 2121 iu

1099 2133 1220 2173 utroque.
1242 2129 1298 2157 lloc
1317 2138 1376 2164 me,
1393 2132 1415 2159 si
1430 2138 1516 2174 potes,
1532 2135 1635 2162 nescire
1648 2126 1780 2169 convince;
1800 2133 1852 2170 quod,

1099 2175 1245 2203 notissima:
1268 2176 1320 2203 illae
1336 2183 1430 2204 vestrzc
1453 2179 1569 2208 rationes
1589 2180 1661 2207 nullo
1680 2180 1752 2208 modo
1770 2179 1852 2213 faciunt.

1099 2220 1175 2254 Quod
1198 2222 1219 2249 si
1243 2229 1293 2249 non
1317 2228 1406 2258 potes,
1422 2232 1475 2251 non
1495 2226 1565 2253 enim
1585 2227 1699 2266 reperies
1713 2226 1749 2253 cui
1763 2225 1853 2254 falsosi-

1099 2266 1162 2293 mile
1178 2267 1227 2300 sit,
1244 2275 1327 2302 egone
1342 2269 1500 2304 concludere
1514 2270 1658 2309 dubitabo,
1672 2276 1740 2299 recte
1757 2270 1809 2305 mihi
1825 2269 1852 2296 vi<

1099 2312 1154 2339 deri
1168 2313 1236 2340 scire
1259 2315 1404 2348 sapientem
1419 2316 1546 2352 quidquid
1562 2317 1587 2344 in
1610 2317 1766 2353 philosophia
1782 2322 1852 2348 verum

1100 2363 1153 2391 est,
1166 2367 1225 2387 cum
1242 2368 1291 2396 ego
1303 2361 1364 2389 inde
1377 2367 1427 2389 tam
1441 2363 1521 2390 multa
1535 2372 1598 2391 vera
1613 2363 1785 2400 cognoverim?

1134 2405 1178 2432 28.
1195 2405 1245 2433 Sed
1261 2407 1351 2434 metuit
1364 2407 1475 2436 fortasse
1493 2417 1525 2436 ne
1544 2417 1673 2437 summum
1692 2410 1780 2445 bonum
1791 2407 1852 2445 eligat

1099 2450 1243 2478 dormiens.
1264 2452 1332 2479 Nihil
1354 2454 1462 2488 periculi
1478 2459 1605 2482 estzcum
1619 2455 1779 2491 evigilaverit,
1792 2460 1851 2489 repu-

1099 2496 1181 2525 diabit
1194 2498 1216 2524 si
1231 2497 1364 2533 displicet,
1388 2500 1487 2528 tenebit
1506 2501 1528 2528 si
1548 2503 1640 2537 placet.
1654 2502 1713 2538 Quis
1731 2491 1791 2537 enim
1806 2506 1851 2533 eum

1099 2548 1172 2571 recte
1208 2545 1366 2579 vituperabit
1393 2546 1464 2581 quod
1493 2547 1588 2581 falsum
1619 2547 1680 2576 vidit
1708 2547 1732 2575 in
1757 2545 1851 2581 immitis?

1101 2589 1153 2616 Aut
1167 2589 1278 2618 fortasse
1297 2591 1362 2618 illud
1382 2591 1549 2626 formidabit,
1571 2601 1604 2621 ne
1625 2593 1748 2628 dormiens
1770 2591 1850 2625 amittat

1101 2636 1267 2671 sapientiam,
1291 2637 1312 2664 si
1336 2645 1382 2672 pro
1397 2639 1466 2665 veris
1486 2639 1548 2666 Falsa
1572 2639 1727 2674 probaverit?
1748 2638 1793 2673 Hoc
1809 2636 1849 2672 iam

1100 2689 1135 2708 ne
1160 2681 1297 2709 dormiens
1322 2682 1428 2717 quidem
1448 2685 1527 2711 audet
1553 2685 1694 2716 somniare,
1721 2688 1745 2711 ut
1766 2682 1849 2723 sapiet

1101 2731 1154 2755 tem
1173 2727 1324 2762 vigilantem
1344 2733 1436 2761 vocet,
1453 2735 1529 2764 neget
1550 2731 1570 2757 si
1591 2730 1705 2757 dormiat.
1719 2728 1772 2756 Haec
1788 2726 1848 2754 etiam

1101 2773 1134 2800 de
1146 2773 1232 2801 furore
1246 2773 1297 2801 dici
1312 2778 1422 2808 possunt
1434 2785 1439 2801 :
1452 2776 1496 2802 sed
1510 2777 1533 2802 in
1546 2777 1594 2803 alia
1605 2776 1704 2803 festinat
1712 2774 1792 2802 oratio.
1802 2771 1846 2800 llas

1103 2824 1191 2847 tamen
1214 2819 1272 2847 sine
1295 2821 1466 2849 conclusione
1488 2823 1651 2849 securissima
1675 2829 1721 2849 non
1742 2819 1844 2853 relinque-

1102 2866 1155 2900 Αιιὶ
1166 2865 1237 2899 enim
1257 2865 1385 2899 amittitur
1405 2867 1493 2896 furore
1509 2868 1649 2903 sapientia.
1664 2862 1843 2902 ειμωωιοτέί

1103 2912 1210 2946 sapiens
1220 2933 1227 2945 ,
1243 2920 1319 2947 quem
1333 2920 1423 2940 verum
1438 2913 1556 2949 ignorare
1569 2914 1680 2942 clamatis
1691 2921 1696 2939 :
1706 2916 1745 2939 aut
1755 2907 1841 2951 scisti“!
