3882 6274
197 332 272 392 αθ
1471 313 1676 372 LIBER
1714 311 2024 372 TERTIUS.

194 446 280 518 ejus
300 445 458 500 manet
492 437 545 499 in
579 435 868 502 intellectu,
894 432 1096 494 etiamsi
1116 446 1236 503 pars
1250 429 1412 488 animi
1446 438 1634 496 caetera
1658 428 1709 486 id

190 536 299 611 quod
331 533 562 603 accepita
588 527 836 588 sensibus
867 527 1008 586 velut
1044 525 1094 582 in
1140 524 1340 582 somnis
1374 522 1706 592 imaginatur.

310 623 511 686 CAPUT
547 620 684 682 XIII.
705 652 776 664 --
793 619 956 678 Multa
981 618 1169 689 percipi
1194 617 1245 674 in
1275 616 1550 671 dialectica.

241 719 312 780 29.
360 718 530 774 Restat
567 713 878 778 dialectica,
925 724 1081 779 quam
1129 717 1275 764 certe
1316 707 1530 776 sapiens
1576 706 1709 762 bene

189 812 330 874 novit.
369 823 458 866 nec
494 805 686 866 falsum
732 804 868 860 scire
924 802 1200 871 quisquam
1247 806 1438 869 potest.
1479 798 1535 854 Si
1583 812 1708 854 vero

189 919 277 964 eam
299 901 468 966 nescit,
491 912 595 955 non
625 897 852 966 pertinet
880 893 946 948 ad
974 892 1285 963 sapientiam
1314 890 1428 962 ejus
1455 890 1706 960 cognitio,

187 996 274 1054 siue
297 1007 382 1064 qua
405 1006 519 1047 esse
545 990 763 1059 sapiens
792 987 984 1056 potuit;
1015 994 1065 1038 et
1092 984 1360 1054 superﬂuo
1389 993 1562 1040 utrum
1585 996 1707 1038 vera

187 1089 260 1152 sit,
285 1082 493 1156 possitve
515 1080 747 1150 percipi,
772 1078 1078 1152 qumrimus.
1118 1075 1214 1132 Hic
1254 1075 1478 1131 fortasse
1521 1073 1709 1144 aliquis

188 1175 284 1233 mihi
306 1174 462 1230 dicat:
484 1172 636 1228 Soles
666 1169 892 1240 prodere
925 1177 980 1222 tu
1005 1167 1194 1234 stulte,
1217 1166 1342 1236 quid
1371 1166 1582 1222 noveris
1605 1181 1617 1218 :
1640 1180 1708 1222 an

184 1268 234 1324 de
254 1263 496 1322 dialectica
522 1260 654 1316 nihil
683 1260 822 1316 scire
843 1257 1089 1330 potuisti?
1107 1257 1220 1328 Ego
1235 1272 1362 1313 vero
1382 1256 1529 1326 plura
1548 1270 1707 1325 quam

183 1358 234 1414 de
253 1356 410 1428 quavis
435 1361 580 1424 parte
607 1349 976 1422 philosophi-.13.
1005 1349 1133 1406 Nam
1169 1348 1341 1418 primo
1374 1361 1560 1403 omnes
1593 1346 1708 1402 illas

186 1447 535 1522 propositiones,
563 1443 757 1515 quibus
780 1456 938 1513 supra
960 1455 1086 1497 usus
1109 1455 1226 1495 sum
1241 1482 1256 1506 ,
1289 1454 1440 1496 veras
1467 1453 1584 1494 esse
1609 1438 1708 1494 ista

184 1556 249 1595 me
277 1539 450 1598 docuit.
490 1535 695 1591 Deinde
734 1549 829 1604 per
868 1535 1023 1590 istam
1066 1531 1326 1606 novipalia
1370 1531 1533 1586 multa
1561 1544 1704 1586 vera.

187 1633 266 1688 Sed
288 1645 423 1701 quam
449 1629 611 1686 multa
643 1628 784 1693 sint,
808 1634 1082 1682 numerate
1101 1667 1115 1692 ,
1145 1625 1190 1679 si
1217 1624 1455 1694 potestis.
1489 1622 1544 1678 Si
1579 1637 1710 1692 qua-

187 1736 276 1781 tuor
294 1726 338 1778 in
364 1721 549 1778 mundo
573 1721 841 1776 elementa
867 1726 1024 1783 sunt,
1068 1733 1173 1772 non
1214 1725 1336 1771 sunt
1373 1715 1622 1785 quinque.
1651 1713 1706 1770 Si

186 1815 248 1872 sol
269 1828 383 1870 unus
406 1821 502 1878 est,
531 1826 641 1866 non
671 1817 797 1866 sunt
823 1808 947 1863 duo.
976 1806 1089 1864 Non
1125 1814 1297 1875 potest
1325 1820 1425 1861 una
1453 1803 1626 1860 anima
1654 1811 1708 1862 et

186 1905 288 1962 mori
319 1913 366 1960 et
397 1917 510 1958 esse
538 1901 875 1958 immortalis.
906 1898 1020 1955 Non
1050 1907 1224 1968 potest
1264 1895 1423 1952 homo
1460 1894 1615 1950 simul
1653 1903 1709 1950 et

185 1998 342 2060 beatus,
367 2003 414 2050 et
434 1995 588 2051 miser
615 2007 758 2048 esse.
787 1991 903 2046 Non
927 1990 1010 2045 hic
1029 1999 1083 2045 et
1108 1989 1189 2044 sol
1213 1989 1371 2053 lucet,
1396 1997 1450 2046 et
1478 2002 1582 2042 nox
1601 1995 1704 2042 est.

186 2091 262 2144 Aut
282 2085 533 2156 vigilamus
569 2098 740 2147 nunc,
771 2090 861 2138 aut
898 2080 1209 2137 dormimus.
1242 2079 1345 2134 Aut
1371 2092 1563 2148 corpus
1589 2084 1702 2142 est,

188 2177 292 2250 quod
314 2176 426 2233 mihi
449 2175 628 2232 videre
657 2175 865 2241 videor,
888 2183 979 2230 aut
1012 2187 1117 2230 non
1142 2179 1226 2226 est
1256 2183 1467 2239 corpus.
1500 2168 1625 2226 Haec
1650 2177 1706 2226 et

186 2274 259 2326 alia
277 2273 439 2335 multa,
468 2286 584 2341 qua:
616 2282 1042 2325 commemorare
1083 2262 1444 2334 longissimum
1469 2270 1547 2317 est
1566 2301 1581 2326 ,
1612 2275 1706 2330 per

187 2364 300 2418 istam
333 2362 475 2417 didici
508 2376 631 2416 vera
671 2373 829 2425 esse,
866 2370 1076 2428 quoquo
1119 2353 1277 2411 modo
1317 2367 1435 2408 sese
1478 2351 1706 2406 habeant

187 2467 328 2506 sensus
349 2451 502 2508 nostri
523 2490 537 2515 ,
570 2451 623 2506 in
648 2464 711 2504 se
752 2449 864 2518 ipsa
901 2460 1047 2502 vera.
1080 2445 1268 2500 Docuit
1301 2458 1385 2498 me
1415 2443 1454 2509 ί,
1484 2442 1527 2496 si
1554 2442 1704 2510 cujus

187 2557 322 2597 caraxe
344 2557 448 2612 qua:
473 2556 568 2612 per
587 2539 986 2596 connexionem
1011 2535 1170 2592 modo
1196 2534 1442 2605 proposui
1465 2547 1584 2602 pars
1610 2546 1705 2586 au-

187 2632 380 2690 tecedens
415 2640 678 2701 assumpta
715 2630 898 2694 fuerit,
930 2627 1139 2684 trahere
1172 2624 1467 2681 necessario
1489 2623 1540 2676 id
1563 2620 1704 2694 quod

186 2738 392 2780 animum
411 2731 505 2778 est.
539 2722 615 2778 Ea
649 2736 780 2776 vero
805 2735 921 2790 qua:
951 2733 1045 2790 per
1070 2715 1471 2787 repugnantiam
1497 2714 1578 2772 vel
1603 2714 1704 2771 dis-

183 2814 445 2885 juuctionem
483 2828 512 2866 a
545 2828 632 2868 me
673 2820 799 2868 sunt
826 2810 1131 2876 enuntiata,
1162 2809 1298 2864 hanc
1325 2807 1518 2864 habere
1546 2815 1701 2860 natua

185 2921 282 2972 ratu,
308 2917 354 2960 ut
375 2922 483 2962 cum
510 2905 828 2966 auferuntur
857 2912 1063 2968 Ctl‘tﬂl‘a,
1083 2903 1196 2960 sive
1221 2915 1403 2967 unum,
1422 2899 1531 2956 sive
1552 2900 1701 2972 plura

185 2998 288 3066 sint,
322 3008 464 3056 restet
499 2997 703 3069 aliquid
738 2996 876 3068 quod
917 3011 1099 3050 eorum
1139 2993 1401 3048 ablatione
1442 2992 1698 3049 lirtnetur.

185 3088 328 3146 Docuit
355 3094 497 3148 etiam
535 3109 620 3148 me
640 3133 654 3156 ,
693 3106 812 3144 cmn
841 3089 907 3145 de
936 3105 991 3144 re
1021 3096 1257 3156 constat,
1290 3093 1503 3156 propter
1543 3100 1702 3156 quam

187 3182 306 3235 verba
343 3184 588 3250 dicuntur,
625 3185 700 3240 de
743 3183 920 3240 verbis
957 3197 1061 3238 non
1104 3180 1299 3236 debere
1335 3178 1622 3238 contendi:
1648 3187 1703 3238 et

185 3272 367 3341 quisquis
382 3275 426 3328 id
443 3277 610 3339 iaciat,
631 3276 680 3330 si
700 3272 959 3343 imperitia
979 3272 1152 3335 iaciat,
1171 3270 1467 3326 docendum
1487 3285 1636 3336 esse;
1656 3269 1701 3327 si

189 3363 353 3429 malitia,
367 3365 744 3422 deserendum:
766 3365 809 3420 si
829 3364 1006 3420 doceri
1029 3379 1132 3418 non
1163 3372 1354 3433 potest,
1379 3362 1698 3420 monendum

193 3460 236 3504 ut
255 3454 403 3523 aliquid
421 3457 555 3511 aliud
578 3457 758 3529 potius
778 3464 918 3528 agat,
938 3470 1094 3524 quam
1119 3463 1323 3525 tempus
1352 3455 1403 3506 in
1425 3451 1701 3522 superﬂuis

196 3558 436 3618 operamque
451 3558 752 3616 consumat;
770 3549 813 3604 si
827 3565 931 3604 nun
947 3549 1296 3618 obtemperat,
1310 3545 1698 3616 negligendutn.

190 3632 246 3688 De
265 3641 471 3708 captiosis
497 3651 682 3696 autem
724 3649 880 3710 atque
918 3639 1190 3694 fallacibus
1210 3637 1519 3692 ratiunculis
1541 3635 1700 3694 breve

188 3740 439 3798 praceptum
465 3743 580 3787 est:
605 3734 652 3788 si
686 3732 819 3785 male
849 3729 1188 3786 concedendo
1216 3728 1527 3793 inferuntur,
1550 3728 1614 3782 ad
1639 3743 1698 3784 ca

187 3832 269 3883 qua
278 3834 490 3877 concessa
507 3832 628 3880 sunt
647 3837 769 3880 esse
780 3821 1126 3878 redeundum.
1144 3821 1200 3876 Si
1214 3836 1392 3877 verum
1407 3819 1699 3890 falsumque

186 3904 222 3958 in
241 3921 318 3962 una
342 3913 668 3970 conclusione
694 3911 1001 3984 conﬂigunt,
1017 3911 1381 3980 accipiendum
1423 3912 1543 3966 inde
1559 3911 1698 3984 quod

185 3993 446 4070 intelligitur,
461 4003 594 4075 quod
617 4003 994 4074 expiicarinon
1011 4008 1182 4070 potest
1202 4002 1622 4072 relinquendum.
1643 3999 1700 4057 Si

184 4093 494 4150 autemmodus
513 4095 562 4150 in
580 4095 850 4164 aliquibus
870 4092 1026 4149 rebus
1045 4094 1168 4148 latet
1185 4093 1391 4162 penitus
1406 4093 1694 4161 hominem,

183 4180 398 4240 scientiam
425 4187 532 4259 ejus
557 4203 669 4246 non
699 4201 819 4242 esse
845 4185 1204 4258 quae—rendam.
1227 4185 1348 4241 Haec
1372 4186 1583 4256 quidem
1605 4187 1701 4241 ha-

183 4268 256 4326 beo
274 4288 297 4326 a
320 4274 592 4346 dialectica,
623 4289 680 4335 et
703 4279 802 4334 alia
825 4279 989 4335 multa
1012 4293 1129 4350 quae
1155 4291 1573 4335 commemorare
1593 4293 1698 4334 non

184 4372 242 4416 est
261 4381 467 4424 necesse.
496 4371 680 4442 Neque
705 4371 845 4428 enim
871 4370 1039 4426 debeo
1060 4370 1294 4442 ingratus
1317 4369 1563 4426 existere.
1595 4369 1697 4425 Ve-

184 4465 273 4508 rum
293 4457 365 4512 ille
387 4462 588 4532 sapiens
609 4471 703 4516 aut
733 4461 846 4516 haec
871 4461 1105 4534 negligit,
1135 4469 1226 4515 aut
1253 4460 1297 4516 si
1327 4459 1559 4531 proiecto
1582 4461 1697 4517 dia-

187 4539 327 4600 lectica
353 4551 452 4620 ipsa
487 4555 706 4609 scientia
738 4553 973 4613 veritatis
1016 4561 1130 4618 est,
1168 4552 1243 4608 sic
1282 4552 1422 4608 illam
1465 4553 1606 4607 novit
1646 4562 1702 4610 ut

185 4633 357 4695 istorum
397 4647 846 4706 mendacissimam
886 4646 1241 4704 calumniam:
1275 4645 1338 4701 Si
1380 4661 1550 4704 verum
1593 4656 1697 4714 est,

189 4730 329 4797 [etiam
354 4747 446 4802 est;
475 4739 514 4792 si
555 4741 741 4811 falsum
786 4749 854 4794 eu
874 4780 889 4806 ,
917 4754 1085 4794 verum
1111 4746 1184 4792 est
1217 4753 1235 4791 :
1269 4737 1659 4792 contemnendo
1681 4779 1697 4808 ,

187 4827 227 4871 et
266 4837 353 4878 non
401 4827 694 4884 miserando
742 4827 884 4884 fame
926 4835 1113 4884 enecet
1139 4828 1180 4880 ⁸.
1229 4827 1352 4884 lizec
1394 4825 1460 4883 de
1528 4840 1700 4898 perce-

189 4908 326 4976 ptione
368 4917 483 4971 satis
538 4934 658 4974 esse
716 4927 995 4990 propterea
1037 4923 1197 4986 puto,
1239 4915 1360 4988 quia
1403 4915 1469 4972 de
1495 4929 1696 4986 assen-

191 5000 328 5056 tiendo
351 5022 458 5063 cum
484 5011 657 5067 dicere
683 5025 915 5082 coepero,
940 5019 1046 5066 tota
1073 5008 1145 5065 ibi
1172 5024 1382 5066 rursum
1407 5023 1563 5065 causa
1587 5023 1703 5066 ver-

193 5095 365 5152 sabitur.

193 5183 368 5247 CAPUT
402 5192 527 5252 XIV.
553 5225 623 5237 —
649 5196 974 5318 Sapientem‘.
994 5204 1188 5278 oportet
1237 5194 1496 5263 sapientia
1531 5193 1704 5250 saltem

792 5282 934 5318 08881!
957 5283 1038 5318 ιη.

792 5282 1038 5322 αδδεηηη.

248 5350 320 5406 50.
357 5355 461 5412 iam
487 5375 608 5431 ergo
649 5361 714 5414 ad
758 5375 875 5414 eam
919 5368 1120 5431 partem
1159 5358 1460 5423 veniamus,
1504 5356 1556 5410 in
1603 5372 1704 5427 qua

199 5435 390 5502 dubitare
430 5449 592 5508 adhuc
626 5450 833 5506 videtur
871 5450 1106 5522 Alypius.
1147 5449 1214 5504 Et
1261 5449 1433 5535 primo
1479 5448 1706 5518 idipsum

247 5551 454 5632 ξμζνη-ίπ
472 5571 666 5632 2.71pm
691 5575 800 5632 vero
821 5562 979 5632 doctis!
1001 5577 1092 5614 me.
1477 5628 1484 5632 Α
1678 5622 1688 5632 ,

245 5612 450 5692 ξφ.
468 5631 517 5674 et
527 5612 885 5692 iudicantium
905 5612 1177 5692 [quaesitas
1197 5632 1418 5687 quatuor,
1440 5628 1600 5692 einen
1621 5622 1709 5692 mi-

204 5677 367 5743 Ψαηάα
399 5683 525 5742 [σιω.
568 5689 656 5739 Sed
701 5689 865 5740 verius
905 5677 985 5735 alii
1031 5677 1232 5743 novent;
1256 5693 1300 5735 et
1324 5677 1415 5734 non
1437 5683 1709 5736 miseero

220 5743 479 5794 alterum“:
497 5750 660 5808 quibus
684 5750 864 5798 secedit
891 5749 998 5796 Rati.

3289 321 3392 381 950

1814 426 2195 502 perspiciamus
2222 430 2380 500 quale
2408 433 2496 501 sit,
2524 435 2666 506 quod
2687 436 3054 494 teacutiasime
3079 445 3238 511 atque
3263 455 3390 500 eau-

1816 522 2018 578 tissinte
2055 531 2246 578 movet.
2281 522 2414 580 Nam
2444 527 2489 582 si
2516 536 2592 584 tot
2619 527 2880 601 tantisque
2909 531 3202 588 rationibus
3227 535 3388 593 robo—

1813 623 1982 672 ratam
2011 613 2172 685 ‘(boc
2200 616 2344 672 enim
2367 617 2566 687 dixisti)
2587 619 3024 678 Academicorum
3049 626 3386 694 contendam,

1813 719 1916 775 qua
1937 705 2013 760 eis
2038 706 2232 775 placuit
2260 707 2392 765 nihil
2421 710 2558 766 scire
2579 712 2901 781 sapientem,
2932 714 3036 770 hoc
3066 723 3211 772 tuum
3239 719 3386 776 talie-

1814 794 1973 854 i'actat
2017 798 2322 867 inventum,
2361 818 2467 874 quo
2509 805 2745 874 cogimur
2785 807 3023 863 conﬁteri
3063 811 3233 867 multo
3268 826 3392 872 esse

1815 888 2166 957 probabilius,
2201 894 2495 963 sapientem
2537 896 2675 952 scire
2711 898 3060 968 sapientiam;
3103 903 3272 974 magis
3306 915 3392 962 est

1813 980 2052 1036 assensio
2087 982 2402 1041 cohibenda.
2439 986 2550 1043 Hoc
2588 990 2728 1043 enim
2769 989 2888 1060 ipso
2925 993 3222 1050 ostenditur
3257 997 3392 1054 nihil

1814 1069 2102 1139 quamlibet
2145 1075 2524 1156 copiosissimis
2564 1078 3025 1152 subtilissimisque
3068 1088 3392 1154 argumentis

1815 1179 1971 1232 posse
1991 1165 2220 1234 suaderi,
2245 1170 2329 1225 cui
2361 1187 2464 1225 non
2481 1185 2548 1226 ex
2571 1180 2718 1241 parte
2732 1173 3012 1242 contraria,
3030 1175 3074 1232 si
3090 1176 3229 1233 adsit
3243 1179 3390 1252 inge-

1816 1255 1993 1323 nium,
2020 1273 2125 1313 non
2154 1261 2325 1315 minus
2351 1263 2563 1330 acriter,
2594 1265 2678 1319 vel
2705 1265 2927 1321 fortasse
2953 1269 3127 1324 aerius
3169 1271 3387 1327 resiste.

1815 1355 1917 1400 tur.
1954 1348 2027 1401 Eo
2056 1347 2111 1402 fit
2131 1390 2144 1414 ,
2179 1359 2234 1404 ut
2262 1365 2380 1405 cum
2411 1353 2480 1407 sit
2516 1355 2683 1409 victus
2708 1356 3074 1426 Academicus,
3101 1359 3304 1416 vicerit.
3345 1361 3391 1419 0

1816 1440 2016 1496 utinam
2031 1442 2300 1500 vincatur!
2321 1462 2585 1516 nunquam
2607 1447 2799 1504 efﬁciet
2817 1451 3001 1519 quavis
3015 1462 3128 1512 arte
3148 1452 3388 1526 Pelasga,

1815 1539 1873 1586 ut
1906 1533 2118 1588 simula
2144 1551 2229 1590 me
2268 1538 2433 1594 victus
2471 1541 2741 1610 victorque
2780 1540 3036 1597 discedat.
3062 1542 3219 1599 Certe
3255 1545 3390 1602 nihil

1813 1624 1954 1679 aliud
1996 1626 2290 1686 inveniatur
2327 1631 2464 1700 quod
2505 1631 2784 1688 adversum
2826 1634 2925 1690 ista
2963 1635 3067 1690 dici
3105 1638 3308 1706 possit,
3337 1646 3391 1696 et

1815 1717 1954 1771 ultro
1997 1733 2082 1775 me
2123 1721 2316 1777 victum
2354 1737 2475 1780 esse
2519 1723 2789 1794 profiteor.
2819 1725 2936 1781 Non
2961 1727 3101 1782 enim
3127 1730 3193 1783 de
3218 1729 3390 1800 gloria

1814 1811 2167 1879 comparanda
2188 1853 2203 1879 ,
2231 1814 2324 1869 sed
2373 1815 2441 1871 de
2481 1816 2790 1872 invenienda
2818 1819 3043 1876 veritate
3081 1829 3384 1878 tractamus.

1813 1903 1937 1958 Mihi
1964 1906 2089 1960 satis
2121 1914 2233 1972 est,
2262 1923 2471 1978 quoquo
2500 1909 2658 1966 modo
2697 1912 2890 1967 molem
2919 1913 3075 1970 istam
3117 1923 3388 1972 transcen-

1814 1996 1960 2062 dere,
1989 2012 2107 2067 qum
2132 1999 2446 2056 intrantibus
2473 2002 2538 2056 ad
2567 2003 2948 2075 philosophiam
2979 2022 3106 2064 sese
3130 2010 3384 2080 opponit,

1813 2095 1867 2142 et
1913 2089 2092 2143 nescio
2133 2089 2320 2158 quibus
2366 2094 2707 2162 receptaculis
2750 2096 3120 2154 tenebrascens
3163 2100 3184 2136 ⁸
3227 2100 3388 2156 talem

1813 2192 1930 2232 esse
1953 2179 2338 2250 philosophiam
2368 2192 2530 2240 totam
2557 2185 2804 2254 minatur,
2827 2187 3063 2259 nihilque
3081 2191 3137 2245 in
3159 2207 3220 2246 ea
3249 2193 3382 2249 lucis

1812 2267 2088 2324 inventum
2117 2270 2180 2326 iri
2211 2285 2424 2342 sperare
2464 2277 2738 2345 permittit.
2770 2277 2907 2346 Quid
2947 2289 3121 2336 autem
3161 2283 3386 2352 amplius

1812 2358 2129 2426 desiderem,
2155 2362 2284 2420 nihil
2315 2364 2503 2430 habeo,
2527 2367 2570 2422 si
2590 2366 2698 2437 jam
2730 2370 2996 2438 probabile
3024 2382 3126 2440 est,
3145 2374 3387 2432 nonnihil

1811 2452 1950 2508 scire
1968 2454 2281 2523 sapientem.
2312 2455 2428 2514 Non
2448 2459 2587 2516 enim
2607 2460 2707 2514 alia
2730 2475 2888 2516 causa
2908 2463 3014 2518 veri
3042 2464 3213 2519 simile
3234 2466 3386 2522 vide-

1811 2543 1966 2598 batur
2007 2560 2125 2600 eum
2167 2548 2532 2604 assensionem
2571 2549 2831 2606 sustinere
2872 2552 3099 2622 debere,
3131 2555 3228 2609 nisi
3263 2557 3385 2626 quia

1812 2644 1926 2692 erat
1955 2638 2062 2693 veri
2082 2639 2254 2695 simile
2275 2640 2403 2696 nihil
2427 2656 2579 2711 posse
2602 2643 2998 2714 comprehendi.
3019 2645 3133 2714 Quo
3152 2648 3381 2716 sublato,

1810 2730 2034 2800 percipit
2072 2732 2212 2787 enim
2257 2733 2466 2803 sapiens
2497 2735 2578 2788 vel
2608 2736 2797 2805 ipsam,
2831 2746 2888 2792 ut
2920 2739 3029 2806 jam
3056 2739 3382 2808 conceditur,

1809 2824 2144 2894 sapientiam,
2164 2824 2301 2879 nulla
2325 2825 2432 2894 jam
2457 2842 2614 2882 causa
2637 2830 2930 2884 remanebit
2952 2846 3048 2885 cur
3071 2847 3176 2886 non
3202 2847 3385 2888 assen-

1810 2915 1972 2968 tiatnr
1998 2916 2211 2985 sapiens
2237 2917 2319 2971 vel
2349 2918 2447 2988 ipsi
2474 2918 2764 2988 sapientiae.
2800 2920 2894 2976 Est
2919 2921 3059 2976 enim
3087 2922 3202 2977 sine
3227 2923 3383 2979 dubi-

1809 3009 2007 3068 tatione
2026 3010 2372 3067 monstrosius
2399 3012 2688 3081 sapientem
2727 3027 2833 3066 non
2857 3013 3151 3083 approbare
3174 3015 3384 3086 sapien-

1811 3103 1958 3168 tiam,
1987 3120 2144 3175 quam
2171 3106 2462 3175 sapientem
2489 3106 2696 3162 nescire
2725 3109 3053 3177 sapientiam.

1881 3198 1968 3252 5i.
2015 3195 2146 3252 Nam
2187 3213 2389 3267 quaeso,
2414 3197 2683 3267 paululum
2712 3199 2861 3268 quasi
2903 3209 3025 3254 ante
3057 3200 3242 3257 oculos
3279 3201 3386 3258 tale

1809 3291 2167 3359 Spectaculum
2188 3292 2588 3356 constituamus,
2614 3293 2658 3346 si
2681 3308 2982 3362 possumus,
3005 3294 3172 3349 rixam
3199 3311 3385 3366 qnam-

1809 3383 1930 3439 dum
1959 3384 2212 3453 sapientis
2241 3393 2295 3440 et
2317 3386 2606 3454 sapientiae.
2633 3385 2768 3452 Quid
2791 3387 2930 3440 aliud
2952 3387 3079 3442 dicit
3105 3390 3380 3458 sapientia,

1808 3493 1964 3549 quam
1991 3495 2049 3533 se
2076 3493 2195 3534 esse
2228 3479 2573 3548 sapientiam?
2601 3481 2669 3534 At
2705 3488 2887 3535 contra
2918 3481 3038 3549 iste,
3065 3482 3179 3536 Non
3200 3483 3383 3551 credo,

1809 3570 1998 3641 inquit.
2030 3571 2158 3638 Quis
2200 3572 2274 3627 ait
2315 3573 2586 3640 sapientiae
2615 3572 2762 3628 :Non
2807 3573 2969 3628 credo
3011 3589 3130 3629 esse
3175 3576 3385 3644 sapien-

1808 3665 1973 3720 tiam?
2011 3665 2160 3734 quis,
2202 3663 2303 3718 nisi
2345 3665 2390 3719 is
2426 3679 2544 3718 cum
2579 3681 2683 3734 quo
2720 3665 2805 3719 illa
2844 3667 2985 3736 loqui
3024 3667 3217 3736 potuit,
3249 3675 3303 3721 et
3330 3667 3383 3722 in

1807 3773 1912 3828 quo
1934 3757 2168 3812 habitare
2193 3757 2406 3826 dignata
2430 3765 2546 3820 est,
2583 3757 2787 3811 scilicet
2827 3757 3077 3826 sapiens?
3106 3757 3178 3812 ite
3220 3773 3378 3824 nunc,

1806 3859 1860 3904 et
1885 3865 1969 3904 inc
1997 3849 2234 3918 quaerite,
2267 3850 2355 3918 qui
2383 3863 2503 3902 cum
2531 3848 2863 3903 Academicis
2889 3865 3115 3918 pugnem
3138 3865 3152 3900 :
3179 3849 3382 3904 habetis

1799 3941 1911 4012 jatn
1963 3956 2155 3994 novum
2194 3949 2495 4006 certamen,
2536 3939 2745 4008 sapiens
2794 3949 2847 3994 et
2896 3941 3150 4008 sapientia
3198 3954 3381 3996 secum

1804 4040 2055 4101 pugnant.
2069 4030 2292 4100 Sapiens
2311 4046 2415 4085 non
2429 4031 2537 4084 vult
2554 4030 2855 4085 consentire
2869 4031 3156 4101 sapientize,
3170 4045 3270 4100 ego
3288 4046 3379 4084 vo-

1805 4123 2008 4180 hiscum
2039 4137 2260 4178 securus
2286 4132 2557 4192 exspecto.
2581 4120 2712 4188 Quis
2739 4122 2879 4175 enim
2909 4137 3014 4175 non
3037 4119 3219 4175 credat
3243 4121 3378 4175 invi-

1804 4225 1944 4271 ctam
1961 4231 2080 4271 esse
2108 4214 2450 4286 sapientiam?
2468 4214 2662 4268 Tamen
2691 4227 2788 4268 nos
2807 4213 2979 4284 aliqua
3015 4213 3380 4282 complexione

1804 4311 2122 4366 muniamus.
2138 4309 2242 4364 Aut
2253 4309 2394 4363 enim
2413 4307 2468 4362 in
2487 4307 2586 4364 hoc
2600 4306 2888 4362 certamine
2903 4306 3250 4362 Academicus
3268 4308 3380 4361 vin-

1805 4415 1890 4460 cet
1911 4402 2223 4474 sapientiam
2240 4419 2253 4456 :
2276 4410 2327 4455 et
2345 4417 2372 4454 a
2389 4416 2475 4454 me
2492 4400 2747 4464 vincetur,
2760 4400 2879 4469 quia
2893 4414 2996 4453 non
3013 4397 3115 4452 erit
3130 4397 3339 4467 sapiens
3363 4414 3377 4450 :

1805 4504 1894 4552 aut
1917 4496 1984 4551 ab
2007 4510 2068 4549 ea
2097 4493 2460 4562 superabitur;
2483 4499 2535 4545 et
2549 4489 2840 4558 sapientem
2863 4488 3135 4557 sapientiai
3153 4501 3381 4544 corneu-

1808 4589 1906 4642 tire
1927 4587 2250 4642 docebimus.
2266 4584 2538 4652 Autigitur
2558 4581 2768 4650 sapiens
2780 4579 3120 4636 Academicus
3144 4594 3249 4634 non
3277 4587 3380 4646 est,

1805 4688 1895 4736 aut
1919 4678 2152 4733 nonnulli
2181 4677 2260 4732 rei
2279 4674 2488 4744 sapiens
2528 4673 2846 4728 assentietur
2869 4689 2881 4725 :
2906 4672 3004 4726 nisi
3043 4671 3179 4727 forte
3223 4687 3382 4742 quem

1806 4771 1984 4826 dicere
2010 4769 2192 4839 puduit
2211 4767 2500 4838 sapientem
2518 4765 2728 4820 nescire
2747 4763 3078 4834 sapientiam,
3093 4765 3384 4834 sapientem

1807 4875 1913 4917 non
1964 4858 2264 4915 consentire
2316 4854 2590 4926 sapientiai
2647 4853 2822 4910 dicere
2868 4868 2973 4908 non
3019 4851 3255 4923 pudebit.
3315 4854 3384 4910 At

1806 4954 1852 5008 si
1889 4952 1998 5021 jam
2038 4951 2149 5006 veri
2188 4949 2360 5006 simile
2386 4957 2468 5004 est
2500 4945 2690 5003 cadere
2718 4947 2769 5001 in
2799 4945 3091 5016 sapientem
3115 4947 3195 5001 vel
3221 4945 3387 5014 ipsius
3443 4945 3447 4948 ’

1809 5042 2083 5114 sapientia:
2112 5041 2536 5112 perceptionem,
2565 5048 2619 5094 et
2644 5039 2785 5094 nulla
2814 5052 2975 5093 causa
3009 5044 3124 5104 est,
3154 5052 3248 5092 cur
3277 5051 3385 5091 non

1808 5138 1858 5192 ei
1879 5135 2019 5207 quod
2040 5142 2214 5204 potest
2232 5133 2430 5204 percipi
2447 5131 2798 5196 assentiatur;
2822 5129 2976 5186 video
2990 5129 3128 5199 quod
3145 5127 3383 5181 volebam

1809 5243 1931 5284 esse
1954 5224 2296 5290 verisimile,
2327 5224 2618 5293 sapientem
2654 5222 2853 5276 scilicet
2888 5232 3222 5276 assensurum
3263 5228 3385 5269 esse

1811 5319 2102 5390 sapientiae.
2130 5318 2189 5372 Si
2216 5332 2423 5387 quaeres
2457 5315 2544 5372 ubi
2578 5316 2812 5371 inveniat
2847 5315 3012 5384 ipsam
3039 5307 3381 5378 sapientiam;

1810 5411 2164 5482 respondebo,
2192 5409 2251 5466 in
2285 5395 2592 5478 semetipso.
2620 5408 2677 5463 Si
2706 5407 2838 5462 dicis
2866 5421 2984 5459 eum
3015 5400 3219 5456 nescire
3243 5399 3384 5467 quod

1815 5503 2035 5570 habent,
2065 5501 2210 5560 redis
2245 5501 2312 5559 ad
2347 5500 2475 5558 illud
2502 5499 2816 5562 absurdum,
2851 5495 3140 5564 sapientem
3179 5488 3385 5546 nescire

1878 5683 1895 5747 ξ
1922 5679 2360 5747 Lov.,_roborntum.
2385 5686 2441 5747 μη
2461 5674 2693 5747 ειιὶίᾲοόᾱ2
2718 5670 3002 5747 roboratam.

1880 5745 1899 5772 ³
1932 5739 2158 5792 Tenebras
2181 5749 2356 5806 tegens,
2376 5741 2514 5803 juxta
2537 5745 2635 5788 Par.
2662 5741 2732 5784 Er.
2760 5740 2876 5781 Ven.
2903 5739 2956 5780 at.
