1941 3137
262 161 311 189 951
524 136 527 138 Ὗ
757 161 891 190 CONTRA
912 160 1136 195 ACADEMICOS,
1161 162 1188 190 S.
1210 162 1397 192 AUGUSTlNl
1824 173 1864 201 θεῖ

261 217 425 252 sapientiam.
437 216 465 245 Si
479 217 623 252 sapientem
636 217 722 253 ipsum
733 225 814 253 negas
828 225 907 253 posse
920 218 1048 252 inveniri;

260 270 314 291 non
334 262 389 297 jam
410 270 470 290 cum
491 262 656 291 Academicis
666 285 673 297 ,
686 263 733 291 sed
749 268 834 291 tecum
845 285 852 298 ,
867 264 986 300 quisquis
999 264 1050 292 hoc

257 307 359 341 sentis,
374 315 498 335 sermone
510 308 563 336 alio
577 308 747 337 disseremus.
764 310 803 337 illi
823 310 894 338 enim
913 318 973 338 cum
993 309 1050 337 haec

257 352 402 388 disputant,
419 352 452 380 de
465 354 586 389 sapiente
601 354 719 389 profecto
731 355 876 390 disputant.
891 356 993 384 Clamat
1002 356 1048 384 Ci-

255 407 330 432 cera,
346 399 461 434 seipsum
481 408 604 435 magnum
625 408 684 428 esse
705 402 884 437 opinatorem,
900 402 947 430 sed
959 403 992 430 de
1004 410 1048 430 sa-

256 446 346 481 piente
359 453 388 473 se
402 453 531 480 quaerere.
546 445 622 480 Quod
638 447 660 474 si
677 447 765 474 adimo
777 455 840 480 vos,
853 448 1046 483 adolescentes,

241 491 374 544 l)ignotum
390 490 505 544 habetis,
516 496 588 519 certe
603 491 631 519 in
644 492 783 520 Hortensio
795 493 912 528 legistis:
927 494 957 521 Si
971 494 1048 529 igitur

242 537 300 564 “nec
312 537 373 564 certi
386 542 422 564 est
436 537 587 572 quidquam,
602 546 646 565 nec
663 539 763 573 opinari
780 540 899 574 sapientis
915 545 969 572 est;
983 540 1048 567 nihil

254 590 365 618 unquam
376 582 476 618 sapiens
487 583 643 619 approbabil.
658 583 733 612 Unde
750 584 918 612 manifestum
941 590 983 613 est
1000 593 1046 613 eos

253 628 287 656 de
300 629 420 664 sapiente
433 629 486 657 illis
501 630 556 657 suis
569 629 807 664 disputationibus,
823 635 915 658 contra
925 639 990 666 quas
1004 631 1045 658 ni-

252 675 341 708 timur,
358 682 487 710 quaerere.

288 721 333 749 52.
348 721 417 756 Ergo
431 721 549 750 arbitror
561 730 610 757 ego
624 723 737 757 sapienti
751 727 851 750 certam
862 731 922 751 esse
936 725 1044 759 sapien-

252 769 334 802 tiam,
350 769 376 796 id
390 774 431 797 est
445 770 591 805 sapientem
612 770 763 805 percepisse
785 771 957 806 sapientiam;
972 777 998 799 et
1011 773 1045 800 ob

250 815 304 842 hoc
317 822 379 843 eum
393 822 445 843 non
458 815 561 851 opinari
572 836 579 847 .
595 823 656 843 cum
671 816 815 844 asscntitur
833 817 968 852 sapientia:
980 826 986 844 :
999 825 1043 845 as-

250 861 365 888 sentitur
377 861 447 888 enim
459 861 483 888 ei
497 861 552 894 rei,
562 869 641 896 quam
652 862 673 889 si
687 870 739 889 non
754 863 926 898 percepisset,
940 864 1044 898 sapiens

251 914 305 933 non
315 910 396 934 esset.
410 906 465 934 Nec
478 905 521 934 isti
536 915 696 943 quemquam
715 916 766 935 non
787 908 886 936 debere
902 909 1042 942 assentiri,

251 952 304 979 nisi
318 952 396 979 rebus
411 960 470 987 quae
485 960 537 980 non
552 958 664 988 possunt
687 954 801 988 percipi,
822 954 964 981 affirmant.
985 955 1044 983 Non

250 1002 341 1025 autem
361 999 489 1033 sapientia
509 997 575 1026 nihil
594 1003 644 1026 est.
663 999 729 1026 Cum
745 1000 824 1035 igitur
837 1004 864 1027 et
877 1000 926 1027 scit
940 1000 1044 1035 sapien-

250 1044 326 1077 tiam,
339 1048 365 1071 et
377 1044 519 1072 assentitur
533 1045 683 1079 sapientiae;
699 1052 785 1080 neque
797 1045 863 1072 nihil
877 1045 943 1077 scit,
958 1053 1044 1081 neque

249 1090 317 1118 nulli
336 1090 374 1118 rei
394 1091 499 1126 sapiens
510 1091 663 1119 assentitur.
680 1091 748 1125 Quid
761 1092 874 1126 amplius
890 1092 988 1119 vultis?
1002 1093 1043 1120 An

249 1137 284 1165 dc
300 1138 346 1165 illo
357 1145 448 1165 errore
461 1138 560 1173 aliquid
572 1138 726 1172 quzerimus,
742 1146 821 1173 quem
832 1139 923 1166 dicunt
938 1140 1043 1174 penitus

249 1185 360 1219 evitari,
374 1185 396 1213 si
412 1185 438 1212 in
453 1185 552 1213 nullam
567 1193 622 1213 rem
639 1186 756 1213 animum
770 1186 887 1213 declinet
905 1186 1043 1214 assensio?

249 1231 328 1258 Errat
342 1232 413 1258 enim
424 1252 431 1264 ,
448 1231 587 1266 inquiunt,
610 1232 728 1267 quisquis
750 1240 803 1259 non
824 1232 908 1259 solum
923 1240 979 1259 rem
992 1232 1042 1259 fal-

251 1284 319 1310 sam,
332 1277 379 1305 sed
394 1277 474 1304 etiam
487 1277 592 1304 dubiam
602 1298 610 1310 ,
625 1277 745 1313 quamvis
758 1285 821 1305 vera
836 1278 879 1309 sit,
891 1278 1019 1313 approbat
1034 1288 1041 1305 :

250 1324 316 1350 nihil
334 1328 422 1350 autem
435 1323 505 1358 quod
518 1323 626 1351 dubium
643 1331 695 1351 non
708 1324 743 1351 sit
757 1324 872 1351 invenio.
894 1325 929 1352 At
943 1324 1043 1352 invenit

249 1369 356 1403 sapiens
369 1370 462 1404 ipsam,
477 1374 507 1397 ut
519 1369 683 1403 dicebamus,
695 1370 861 1405 sapientiam.

248 1414 363 1443 CAPUT
385 1415 442 1444 XV.
455 1416 537 1443 -Αη
556 1417 598 1452 qui
620 1417 731 1452 sequitur
749 1417 775 1443 in
796 1417 894 1452 agendo
916 1416 1042 1452 probabile

426 1462 490 1489 citra
501 1470 642 1496 assensum,
658 1463 714 1490 vitet
728 1470 848 1489 merent.

284 1508 329 1536 55.
343 1508 395 1536 Sed
409 1508 470 1535 hinc
479 1508 534 1544 jam
548 1508 627 1536 vultis
638 1508 750 1536 fortasse
765 1515 808 1535 me
821 1507 969 1536 discedere.
982 1508 1040 1537 Non

247 1559 310 1583 sunt
331 1555 407 1582 facile
430 1555 597 1582 securissima
610 1554 798 1590 relinquenda;
812 1562 872 1582 cum
889 1556 1041 1583 versutissi-

246 1602 299 1629 mis
318 1601 468 1628 hominibus
489 1601 591 1636 agimus
603 1610 609 1627 τ
621 1608 722 1628 morem
737 1605 826 1628 tamen
846 1601 921 1628 vobis
939 1609 1038 1636 geram.

246 1646 300 1674 Sed
313 1646 376 1681 quid
389 1646 432 1673 hic
446 1645 548 1673 dicam?
561 1645 643 1681 quid?
664 1645 809 1681 quidnam?
829 1645 894 1673 illud
915 1646 1040 1674 nimirum

246 1697 325 1720 vetus
339 1691 480 1719 dicendum
495 1696 550 1724 est,
565 1692 610 1718 ubi
630 1696 657 1719 et
676 1692 727 1726 ipsi
742 1691 841 1719 habent
855 1692 925 1727 quod
940 1692 1038 1721 dicant.

246 1737 316 1772 Quid
328 1737 400 1765 enim
414 1736 508 1764 faciam
520 1758 527 1771 ,
541 1744 620 1772 quem
635 1737 669 1765 de
682 1738 776 1764 castris
791 1738 857 1766 meis
871 1737 942 1766 foras
954 1739 1040 1767 trudi-

245 1782 299 1810 tis?
313 1790 375 1810 num
389 1782 536 1817 implorabo
550 1782 646 1810 auxilia
659 1782 818 1816 doctiorum,
835 1791 895 1811 cum
910 1785 1006 1820 quibus
1017 1787 1038 1814 si

246 1835 375 1863 superare
394 1835 510 1863 nequeo,
531 1828 619 1856 minus
639 1828 748 1863 pudebit
769 1828 882 1857 fortasse
900 1832 1040 1865 superari?

247 1874 348 1902 Jaciam
360 1874 440 1909 igitur
451 1874 545 1909 quibus
558 1875 658 1902 viribus
671 1882 778 1910 possum
787 1875 920 1904 fumosum
931 1877 1038 1912 quidem

243 1920 300 1956 jam
313 1925 340 1947 et
351 1919 489 1951 scabrum,
504 1920 549 1947 sed
564 1920 615 1947 nisi
635 1919 721 1951 fallor,
741 1920 930 1949 validissimum
946 1923 1037 1951 telum.

244 1966 296 2000 Qui
309 1966 376 1994 nihil
389 1966 534 2001 approbat,
550 1966 615 1994 nihil
627 1967 689 2002 agit.
704 1966 726 1994 Ο
741 1966 875 1995 hominem
892 1970 1036 1997 rusticum!

245 2013 281 2041 Et
293 2013 336 2040 ubi
351 2017 392 2040 est
405 2013 558 2048 probabile?
573 2013 617 2040 ubi
633 2018 674 2041 est
688 2014 850 2042 verisimile?
865 2015 920 2043 lloc
932 2017 1040 2044 voleba-

243 2061 288 2088 tis.
302 2059 441 2087 Auditisne
456 2064 485 2087 ut
505 2064 600 2087 sonent
621 2064 694 2088 scuta
712 2061 877 2095 gnecanica?
890 2062 1037 2097 Exceptum

246 2110 289 2133 est
300 2106 369 2141 quod
384 2106 598 2134 robustissimum
613 2106 718 2141 quidem
735 2107 743 2123 ¹
756 2115 762 2133 :
776 2107 822 2135 sed
841 2116 891 2143 qua
907 2116 985 2136 manu
997 2110 1037 2144 ja~

244 2152 323 2180 culati
338 2152 448 2180 sumus?
462 2152 496 2180 Et
512 2152 576 2179 nihil
590 2152 654 2180 mihi
669 2153 801 2188 potentius
814 2154 858 2181 isti
871 2155 922 2181 mei
941 2163 1037 2191 sugge-

242 2202 321 2230 runt;
335 2205 384 2225 nec
397 2197 514 2233 aliquid,
530 2202 558 2226 ut
570 2198 664 2232 video,
686 2199 803 2227 vulneris
822 2200 941 2228 fecimus.
964 2200 1036 2229 Con-

243 2248 345 2271 vertam
361 2251 403 2272 me
415 2244 448 2272 ad
460 2252 490 2272 ea
501 2252 561 2280 qua:
574 2245 637 2272 villa
650 2249 676 2272 et
688 2253 752 2281 ager
764 2245 914 2274 ministrat:
926 2253 1037 2276 onerant

242 2296 288 2317 me
302 2290 388 2324 potius
402 2290 502 2325 majora
517 2298 596 2326 quant
612 2294 770 2325 prteparant.

279 2335 324 2362 54.
345 2335 411 2362 Nam
425 2343 485 2362 cum
498 2336 598 2363 otiosus
613 2336 658 2363 diu
674 2336 831 2371 cogitassem
847 2337 873 2364 in
893 2337 944 2365 isto
958 2346 1034 2373 rure,

243 2387 360 2416 quonam
372 2380 452 2408 modo
464 2382 549 2416 possit
565 2381 652 2409 isthuc
670 2382 807 2416 probabile
824 2390 856 2411 ac
872 2384 927 2412 veri
949 2385 1036 2413 simile

241 2431 319 2455 actus
336 2431 442 2454 nostros
459 2428 492 2455 ab
511 2435 602 2456 errore
616 2428 779 2462 defendere;
791 2431 876 2465 primo
894 2431 979 2459 visum
995 2437 1036 2460 cst

241 2472 322 2505 mihi,
331 2477 360 2500 ut
370 2472 438 2500 solet
445 2472 527 2500 videri
538 2481 598 2501 eum
608 2475 656 2501 ista
665 2474 821 2508 vendebam,
828 2476 897 2504 belle
903 2480 1000 2505 tectum
1009 2483 1036 2506 et

241 2518 383 2546 munitum.
396 2517 496 2545 Deinde
507 2518 550 2546 ubi
562 2523 645 2546 totum
653 2520 754 2547 cautius
767 2521 952 2557 circumspexi,
963 2523 1035 2551 visus

239 2571 300 2591 sum
312 2563 378 2591 mihi
389 2562 487 2591 vidisse
500 2571 581 2591 unum
600 2564 715 2599 aditum,
727 2573 778 2601 qua
792 2566 818 2594 in
837 2574 945 2596 securos
959 2576 1035 2596 error

239 2610 362 2638 irrueret.
378 2609 436 2637 Non
446 2609 517 2637 enim
526 2610 612 2638 solum
623 2616 686 2646 puto
696 2619 757 2640 eum
772 2620 873 2647 errare,
885 2614 929 2649 qui
941 2614 1034 2643 falsam

206 2691 211 2695 ~
239 2656 312 2684 viam
326 2656 464 2691 sequitur;
480 2656 527 2684 sed
541 2656 621 2684 etiam
635 2664 695 2685 eum
709 2659 753 2696 qui
766 2666 856 2686 veram
876 2667 929 2687 non
944 2662 1034 2696 sequi-

239 2706 294 2731 tur.
309 2701 449 2730 Faciamus
459 2703 530 2730 enim
541 2703 608 2731 duos
619 2695 733 2732 viatores
744 2705 777 2733 ad
786 2713 866 2733 unum
877 2706 964 2734 locum
976 2695 1033 2735 ten-

241 2747 346 2781 dentes,
356 2756 469 2784 quorum
480 2749 546 2777 alter
558 2750 702 2779 instituerit
712 2751 776 2778 nulli
788 2752 907 2785 credere,
919 2753 986 2781 alter
995 2756 1034 2782 ni-

241 2794 294 2822 mis
311 2795 436 2822 credulus
449 2795 493 2823 sit.
517 2796 628 2824 Ventum
641 2801 683 2825 est
697 2797 730 2825 ad
744 2797 850 2833 aliquod
864 2798 979 2828 bivium:
991 2801 1035 2830 hic

274 2875 283 2889 ¹
296 2873 336 2897 Ed.
349 2877 410 2904 Pan,
422 2875 485 2905 quod
494 2875 681 2902 robustissimwn
688 2876 785 2908 quidem
795 2881 838 2903 est.
850 2882 877 2903 Μ.

1105 218 1149 246 ille
1160 218 1283 247 credulus
1294 220 1392 255 pastori
1403 221 1448 257 qui
1459 220 1559 256 aderat,
1569 223 1613 251 vel
1623 224 1730 260 cuipiam
1738 227 1863 258 rusticano:

1104 264 1193 299 Salve,
1210 265 1278 301 frugi
1293 266 1390 300 homo;
1406 267 1449 295 dic
1463 275 1564 303 quasso,
1579 277 1632 304 qua
1645 270 1710 299 bene
1724 272 1748 299 in
1762 273 1824 302 illum
1836 276 1865 303 lo-

1103 318 1164 338 cum
1179 317 1311 346 pergalur.
1327 312 1514 348 Respondetur
1524 323 1530 340 :
1539 313 1567 342 Si
1578 314 1629 342 hac
1639 315 1698 349 ibis,
1707 317 1766 345 nihil
1775 320 1864 350 errabis.

1104 356 1138 383 Et
1148 357 1191 384 ille
1201 357 1233 384 ad
1246 358 1383 385 comitem:
1399 358 1498 387 Verum
1511 359 1584 393 dicit,
1594 360 1644 389 hac
1654 369 1750 390 eamus.
1765 364 1829 393 Ridet
1837 368 1866 394 vir

1103 403 1281 437 cautissimus,
1294 408 1321 432 et
1337 410 1388 432 tam
1403 406 1455 433 cito
1475 413 1613 434 assensum
1628 407 1780 439 facetissime
1791 412 1864 447 illadit,

1103 453 1183 485 atque
1203 450 1304 478 interea
1325 451 1371 478 illo
1384 451 1537 480 discedente
1552 453 1577 480 in
1598 453 1670 481 bivio
1683 455 1864 493 figiturzetjam

1102 495 1194 530 incipit
1206 495 1290 529 videri
1302 500 1377 532 turpe
1386 504 1503 528 cessare,
1510 505 1568 525 cum
1579 506 1643 527 ecce
1652 507 1685 527 ex
1695 500 1744 528 alio
1753 502 1795 530 vize
1803 510 1865 534 cornu
1912 523 1913 527 η

1102 540 1188 568 lautus
1206 541 1313 576 quidam
1334 547 1360 570 et
1380 543 1497 570 urbanus
1519 551 1587 578 equo
1607 544 1723 573 insidens
1740 547 1865 581 eminet,ct

1102 586 1279 622 propinquare
1292 587 1388 623 occipit
1403 588 1564 624 :gratulatur
1577 590 1638 617 iste.
1656 590 1721 618 Tum
1734 592 1864 629 advenienti,

1102 636 1127 658 et
1136 632 1250 660 salutato
1260 633 1358 660 indicat
1369 634 1542 669 propositum,
1550 635 1645 670 quierit
1653 636 1719 664 viam
1729 646 1735 670 ;
1744 638 1799 666 dicit
1806 641 1865 669 etiam

1101 677 1278 704 remansionis
1299 685 1355 705 suae
1368 686 1485 712 causam,
1501 687 1554 715 quo
1574 680 1806 711 benevolentioretn
1819 686 1865 713 red-

1101 721 1156 754 dat,
1165 723 1262 757 pastori
1273 731 1334 750 eum
1346 724 1499 758 pra-ferens.
1509 725 1554 752 Ille
1565 730 1654 753 autcm
1665 733 1725 754 casu
1735 727 1816 762 planus
1823 736 1865 758 erat

1101 767 1135 795 de
1154 768 1186 796 iis
1207 776 1274 803 quos
1297 769 1471 797 Samardacos
1486 771 1494 786 ¹
1513 771 1568 806 jam
1589 772 1683 807 vulgus
1699 778 1776 801 vocat.
1793 774 1865 803 Tenuit

1101 820 1178 840 suum
1190 821 1291 842 morem
1306 815 1386 842 homo
1398 815 1529 849 pessimus
1541 816 1622 843 etiam
1633 817 1724 853 gratis.
1739 819 1785 847 llac
1795 828 1864 856 perge,

1100 858 1138 885 ait
1152 868 1158 885 :
1170 866 1231 886 nam
1252 867 1302 894 ego
1322 860 1383 887 inde
1403 860 1489 888 venio.
1507 861 1635 897 Decepit,
1650 867 1726 898 atque
1745 864 1808 891 abiit.
1827 865 1865 893 Sed

1099 905 1205 940 quando
1231 906 1281 933 iste
1301 906 1488 941 deciperetur?
1506 908 1562 934 Non
1583 909 1656 936 enim
1678 911 1863 939 monstrationem

1100 950 1178 978 istam
1199 956 1322 987 tanquam
1339 960 1444 986 veram,
1459 954 1551 988 inquit,
1566 955 1703 989 approbo;
1719 956 1761 982 sed
1773 957 1823 991 quia
1834 963 1865 984 est

1099 997 1155 1024 veri
1171 997 1275 1025 similis.
1298 999 1330 1025 Et
1342 999 1383 1026 hic
1403 999 1516 1026 otiosum
1531 1007 1592 1027 esse
1614 1008 1664 1027 nec
1680 1000 1814 1034 honestum,
1828 1011 1864 1031 nec

1101 1043 1166 1070 utile
1178 1047 1236 1076 est;
1254 1043 1302 1072 hac
1315 1052 1383 1072 eam.
1406 1044 1507 1073 Interea
1523 1046 1567 1073 ille
1581 1046 1628 1081 qui
1643 1048 1800 1076 assentiendo
1810 1057 1864 1076 erra-

1100 1088 1148 1120 vit,
1163 1093 1216 1116 tam
1238 1090 1290 1117 cito
1310 1091 1464 1118 existimans
1481 1099 1544 1119 vera
1561 1099 1623 1119 esse
1637 1092 1715 1120 verba
1730 1095 1832 1129 pastoris,
1845 1097 1862 1122 iu

1099 1133 1159 1161 loco
1174 1135 1219 1162 illo
1232 1143 1284 1170 quo
1298 1136 1512 1172 tendebant,jam
1524 1145 1554 1165 se
1568 1138 1705 1166 reficiebat
1721 1148 1726 1165 :
1742 1139 1786 1166 iste
1797 1145 1862 1167 autem

1100 1188 1151 1207 non
1165 1189 1267 1215 errans,
1280 1183 1412 1218 siquidem
1424 1183 1560 1219 probabile
1573 1185 1704 1220 sequitur,
1715 1186 1819 1214 circumit
1828 1188 1862 1214 sil-

1100 1233 1149 1253 vas
1171 1228 1261 1255 nescio
1281 1236 1345 1263 quas
1356 1250 1363 1262 ,
1378 1236 1427 1256 nec
1437 1229 1491 1263 jam
1505 1231 1547 1257 cui
1561 1230 1640 1258 locus
1656 1231 1700 1258 ille
1712 1237 1781 1259 notus
1792 1233 1827 1265 sit,
1839 1234 1862 1260 ad

1100 1281 1179 1307 quem
1195 1275 1285 1302 venire
1299 1280 1483 1310 proposuerat,
1497 1276 1610 1303 invenit.
1629 1276 1697 1305 Vere
1709 1278 1776 1305 vobis
1787 1278 1858 1312 dicam,

1098 1326 1159 1346 cum
1175 1321 1223 1347 ista
1237 1321 1391 1356 cogitarem,
1407 1322 1490 1349 risum
1504 1328 1597 1351 tenere
1614 1332 1667 1351 non
1682 1325 1758 1359 potui,
1773 1325 1818 1352 ﬁeri
1828 1333 1861 1360 per

1098 1367 1316 1395 Academicorum
1330 1368 1408 1395 verba
1420 1369 1510 1396 nescio
1525 1370 1674 1404 quomodo,
1683 1375 1710 1398 ut
1718 1375 1780 1398 erret
1789 1371 1860 1406 illequi

1097 1420 1188 1440 veram
1201 1413 1270 1441 viam
1286 1414 1327 1441 vel
1341 1422 1403 1441 casu
1426 1419 1511 1448 tenet;
1527 1415 1572 1442 ille
1585 1420 1677 1443 autem
1694 1417 1736 1451 qui
1750 1424 1790 1451 per
1804 1417 1859 1444 avios

1097 1463 1202 1486 montes
1216 1459 1389 1495 probabiliter
1401 1460 1496 1487 ductus
1509 1465 1558 1493 est,
1572 1468 1625 1488 nec
1640 1462 1743 1496 petitam
1755 1463 1857 1497 regionem

1097 1504 1207 1538 invenit,
1220 1514 1271 1532 non
1283 1505 1400 1533 videatur
1409 1513 1508 1533 errare.
1526 1506 1558 1533 Ut
1569 1507 1644 1534 enim
1656 1508 1800 1535 temerariam
1808 1515 1856 1535 ωη-

1096 1550 1310 1586 sensionemjurc
1318 1551 1504 1585 condemnem,
1512 1552 1617 1580 facilius
1626 1553 1705 1580 ambo
1713 1558 1853 1589 emut,quam

1096 1595 1147 1624 iste
1155 1603 1206 1624 non
1217 1601 1298 1624 errat.
1307 1597 1433 1632 llincjam
1442 1598 1581 1625 adversum
1590 1599 1642 1626 ista
1651 1599 1728 1627 verba
1734 1599 1854 1634 vigilantior,

1097 1642 1154 1677 ipsa
1169 1641 1236 1670 facta
1254 1643 1391 1670 hominum
1404 1648 1431 1670 et
1449 1651 1536 1671 mores
1549 1645 1720 1672 considerare
1733 1645 1796 1680 cepi.
1807 1645 1857 1672 Tum

1099 1695 1164 1715 vero
1175 1692 1228 1715 tam
1244 1688 1325 1716 multa
1338 1688 1402 1716 mihi
1413 1693 1440 1716 et
1452 1694 1504 1716 tam
1517 1690 1640 1725 capitalia
1655 1690 1680 1717 in
1694 1690 1751 1718 istos
1760 1695 1857 1718 venenum

1098 1734 1124 1761 in
1136 1739 1263 1767 mentem,
1271 1740 1300 1762 ut
1312 1735 1364 1770 jam
1379 1743 1431 1762 non
1443 1735 1568 1769 riderem,
1580 1737 1629 1764 sed
1640 1738 1731 1772 partim
1742 1737 1857 1765 stomacha-

1095 1787 1141 1807 rer
1150 1801 1157 1812 ,
1171 1780 1265 1815 partim
1281 1780 1399 1808 dolerem
1415 1781 1536 1809 homines
1549 1782 1719 1810 doctissintos
1730 1788 1753 1810 et
1764 1783 1857 1810 acutissi-

1097 1833 1155 1853 mos
1166 1825 1192 1853 in
1204 1830 1276 1853 tanta
1286 1826 1386 1854 scelera
1398 1828 1589 1855 sententiarum
1601 1833 1629 1856 et
1638 1829 1730 1864 flagitia
1740 1828 1855 1856 devolutos.

1112 1881 1224 1910 CAPUT
1236 1882 1345 1920 XVI.—
1356 1882 1452 1910 Facere
1463 1884 1531 1920 quod
1543 1884 1642 1911 videtur
1657 1885 1775 1920 probabile
1788 1886 1844 1912 etiam

1281 1918 1344 1944 citra
1357 1918 1486 1946 assensum
1498 1940 1505 1952 ,
1519 1920 1647 1953 nefarium
1657 1918 1707 1947 est.

1129 1963 1172 1990 55.
1194 1962 1272 1991 Certe
1286 1963 1372 1995 enim,
1386 1972 1440 1991 non
1456 1964 1570 1992 fortasse
1585 1966 1673 1993 omnis
1682 1966 1724 2000 qui
1734 1970 1857 2000 errat,pec-

1093 2013 1151 2043 cat;
1170 2010 1258 2037 omnis
1283 2015 1372 2037 tamen
1392 2010 1436 2046 qui
1459 2016 1570 2046 peccat,
1586 2017 1633 2039 aut
1655 2020 1743 2040 errare
1762 2011 1856 2040 concedi

1094 2060 1146 2089 tur,
1161 2061 1206 2083 aut
1219 2056 1316 2091 aliquid
1332 2057 1416 2092 pejus.
1433 2057 1501 2091 Quid
1515 2059 1536 2085 si
1551 2066 1615 2093 ergo
1627 2059 1720 2095 aliquis
1733 2058 1856 2086 adolescen-

1093 2103 1157 2130 tium
1172 2110 1232 2129 cum
1248 2102 1296 2130 hos
1315 2103 1429 2130 audierit
1440 2104 1577 2132 dicentes:
1592 2105 1681 2140 Turpe
1693 2111 1732 2133 est
1743 2113 1826 2137 errare,
1838 2108 1856 2131 et

1093 2148 1152 2175 ideo
1165 2148 1229 2175 nulli
1239 2148 1276 2175 rei
1286 2149 1438 2177 consentire
1450 2149 1595 2183 debemus;
1607 2151 1655 2179 sed
1668 2156 1749 2179 tamen
1758 2158 1808 2178 cum
1817 2150 1855 2185 agit

1092 2194 1204 2230 quisque
1223 2194 1293 2230 quod
1308 2195 1331 2222 ei
1345 2195 1448 2223 videtur
1460 2196 1604 2231 probabile,
1620 2206 1670 2226 nec
1682 2198 1787 2233 peccat‘
1801 2217 1806 2229 ,
1819 2203 1855 2223 nec

1092 2244 1183 2268 errat:
1198 2240 1261 2267 illud
1275 2245 1377 2268 tantunt
1392 2242 1554 2275 meminerit,
1571 2243 1697 2279 quidquid
1710 2243 1810 2272 occurrit
1822 2242 1854 2269 vel

1091 2287 1180 2315 animo
1191 2288 1232 2315 vel
1246 2288 1379 2322 sensibus,
1396 2296 1448 2316 non
1464 2297 1511 2324 pro
1526 2297 1590 2317 vero
1600 2298 1660 2318 esse
1672 2290 1852 2327 approbantium-

1091 2333 1120 2361 ld
1141 2333 1221 2368 igitur
1243 2334 1354 2362 audiens
1376 2334 1549 2370 adolescens,
1566 2337 1729 2365 insidiabitur
1745 2336 1853 2372 pudicitia

1091 2380 1181 2407 uxoris
1191 2380 1294 2414 alienae,
1306 2381 1354 2414 Te,
1368 2385 1392 2408 te
1406 2383 1528 2416 consulo,
1541 2383 1575 2410 M.
1589 2383 1671 2417 Tulli;
1685 2384 1717 2412 de
1726 2384 1852 2411 adolescen-
1900 2401 1905 2409 .

1091 2426 1156 2453 tium
1170 2426 1288 2454 moribus
1301 2426 1407 2462 vitaque
1420 2432 1574 2459 tractamus.
1588 2430 1630 2457 cui
1648 2429 1780 2457 cducauda:
1792 2433 1852 2463 atque

1091 2471 1258 2499 instituenda:
1272 2479 1365 2500 omnes
1380 2473 1430 2500 illa:
1445 2474 1539 2501 linem
1553 2479 1603 2502 tua:
1615 2475 1785 2510 vigilaveram.
1796 2472 1849 2507 Quid

1089 2516 1160 2544 aliud
1175 2517 1292 2545 dicturus
1307 2525 1350 2551 es,
1368 2526 1444 2553 quam
1460 2527 1512 2546 non
1527 2520 1573 2547 tibi
1587 2529 1645 2549 esse
1661 2520 1783 2557 probabile
1798 2523 1818 2545 ul
1831 2517 1850 2543 id

1121 2573 1129 2588 ¹
1143 2575 1177 2607 tta
1187 2573 1298 2607 scribitur
1310 2575 1334 2607 in
1348 2574 1453 2607 editione
1466 2575 1519 2599 Had.
1534 2580 1559 2600 ct
1571 2577 1593 2600 in
1615 2576 1716 2607 pluribus
1727 2580 1772 2600 Mss.
1791 2578 1809 2598 In
1819 2580 1850 2607 an-_

1089 2604 1163 2637 tiquis
1174 2604 1248 2637 etiam
1257 2605 1403 2629 etliliuuiltus
1413 2607 1568 2637 tiln'ysnstntni
1579 2625 1585 2636 γ
1599 2604 1670 2631 "bini!
1683 2608 1717 2635 17,
1730 2608 1750 2630 in
1760 2606 1819 2637 Epist
1827 2604 1849 2627 ad

1089 2634 1176 2666 Ephcs.
1189 2634 1471 2669 legiturrsunmrtlultons,
1481 2638 1563 2668 ibique
1580 2634 1697 2668 significat
1707 2634 1847 2669 griotopoiw;

1089 2672 1137 2690 nec
1148 2665 1330 2703 titulltiutaiitt-r
1342 2668 1403 2703 :q,lt.l
1428 2672 1475 2691 Arn.
1546 2672 1597 2692 tres
1608 2665 1658 2703 bss.
1671 2665 1805 2703 qurhabc'ht‘,
1818 2670 1846 2690 Stt-

1088 2696 1223 2722 mardocos.
1237 2701 1265 2722 Αι
1277 2701 1310 2721 Ir.
1326 2702 1349 2721 ot
1360 2701 1412 2721 Ima
1424 2699 1594 2728 .«arnmdums;
1605 2700 1639 2723 uti
1657 2696 1722 2724 etiam
1736 2698 1806 2728 mittit
1817 2703 1846 2719 te

1089 2731 1313 2760 tthrcommcntatm'
1326 2730 1420 2757 llnralii,
1431 2730 1459 2752 ad
1472 2729 1527 2753 illul
1541 2730 1580 2753 lih.
1598 2732 1617 2760 t,
1630 2732 1692 2754 satir.
1703 2730 1724 2758 δ,
1737 2739 1745 2751 ι
1754 2727 1845 2752 Hilarem

1093 2759 1203 2783 «circum
1217 2766 1222 2783 2
1234 2767 1245 2781 ι
1260 2759 1300 2783 ubi
1314 2766 1355 2783 eos
1375 2760 1432 2783 (iit‘ll
1449 2770 1458 2781 α
1471 2762 1619 2785 snrnmdacos
1637 2765 1662 2785 et
1681 2760 1793 2789 sortilegos
1809 2763 1844 2780 πω·

1092 2798 1103 2812 α
1112 2789 1262 2819 thematicos,
1271 2792 1310 2820 qui
1323 2790 1351 2813 ad
1364 2795 1441 2814 mutas
1452 2795 1600 2821 spectatores
1607 2791 1776 2817 circumstabant
1785 2789 1844 2813 clim-

1093 2821 1205 2862 ulze'ritos
1216 2820 1429 2862 qugislktllqbant.»
1466 2820 1491 2862 ⁷,
1518 2853 1522 2857 .
1547 2853 1568 2862 Ἴ
1585 2856 1591 2862 Ι
1675 2853 1684 2862 ι
1701 2852 1721 2862 μ

1102 2851 1195 2913 αέωᾱ.
1209 2855 1235 2876 et
1246 2851 1297 2907 lil‘ss‘.
1305 2852 1491 2883 undecim,un
1500 2853 1522 2877 ei
1531 2853 1622 2879 ridetur
1629 2852 1746 2886 probabile,
1757 2856 1793 2876 πα
1801 2853 1840 2874 αθ

1148 2888 1192 2907 nec
1202 2888 1259 2907 εντα
1271 2901 1275 2905 .

1089 2886 1135 2907 sat.
1148 2888 1192 2907 nec
1202 2886 1275 2907 errat.
