3882 6274
103 403 182 460 953
863 389 868 394 ’
1419 386 1619 444 LIBER
1656 382 1972 444 TERTIUS.

100 528 225 583 faciat
253 521 607 580 adolescens?
642 522 712 578 At
744 519 818 576 illi
863 517 1135 590 probabile
1171 524 1272 572 est.
1312 513 1443 570 Nam
1485 514 1527 568 si
1573 525 1639 564 cx

97 622 240 675 alieno
256 615 515 688 probabili
542 615 785 680 vivimus,
806 627 906 669 nec
934 622 990 668 tu
1012 610 1240 667 debuisti
1267 607 1639 663 administrare

97 709 467 781 rempublicam;
487 707 609 778 quia
629 705 861 777 Epicuro
881 705 1050 760 visum
1072 712 1278 760 estnon
1299 717 1419 758 esse
1442 700 1638 756 facien-

95 804 212 857 dum.
230 797 561 855 Adulterabit
581 798 735 869 igitur
753 797 1060 867 illejuvenis
1077 795 1355 866 conjugem
1377 794 1602 850 alienam
1621 811 1634 848 :

95 897 163 965 qui
183 890 534 962 deprehensus
552 889 596 946 si
623 889 799 956 fuerit,
819 889 908 944 ubi
933 897 986 944 te
1015 889 1247 944 inveniet
1268 903 1297 942 a
1324 902 1429 959 quo
1449 886 1635 943 defen-

94 987 220 1041 datur
236 983 256 1038 ?
272 985 584 1052 Quanquam
605 983 763 1038 etiam
788 981 833 1036 si
855 981 1108 1049 inveniat,
1127 979 1250 1051 quid
1275 979 1512 1036 dicturus
1537 981 1637 1035 es?

96 1075 279 1149 Negabis
305 1073 566 1146 profecto.
606 1073 744 1142 Quid
773 1073 817 1129 si
859 1081 966 1128 tam
994 1073 1194 1128 clarum
1225 1081 1336 1139 est,
1360 1082 1417 1128 ut
1442 1071 1636 1128 frustra

97 1167 325 1225 inﬁciere?
354 1163 713 1222 Persuadebis
738 1165 1010 1232 nimirum,
1043 1173 1290 1236 tanquam
1319 1166 1371 1220 in
1397 1164 1636 1220 Cumano

94 1259 319 1335 gymnasio
339 1268 502 1329 atque
521 1257 657 1314 adeo
671 1257 1036 1329 Neapolitano,
1058 1257 1191 1312 nihil
1212 1274 1333 1314 eum
1360 1272 1627 1328 peccasse,

94 1358 175 1409 imo
194 1354 336 1408 etiam
367 1367 467 1407 nec
492 1366 702 1407 errasse
729 1351 960 1423 quidem.
1005 1351 1119 1407 Non
1159 1353 1299 1407 enim
1338 1351 1632 1406 faciendum

93 1461 183 1502 esse
203 1444 508 1501 adulterium
540 1459 640 1515 pro
666 1460 794 1500 vero
813 1445 912 1500 sibi
936 1445 1225 1515 persuasit;
1252 1444 1520 1514 probabile
1542 1459 1633 1499 oc-

91 1538 249 1600 currit,
275 1546 486 1591 secutus
511 1545 628 1602 est,
660 1535 787 1592 fecit
817 1555 830 1590 :
859 1545 949 1592 aut
977 1537 1201 1592 fortasse
1231 1551 1335 1591 non
1367 1535 1509 1602 fecit,
1539 1535 1633 1592 sed

93 1631 241 1685 fecisse
258 1628 355 1683 sibi
374 1629 524 1684 visus
544 1638 647 1684 est.
678 1629 782 1684 Iste
797 1638 973 1684 autem
999 1630 1240 1696 maritus,
1260 1629 1418 1685 homo
1434 1630 1636 1695 fatuus,

92 1722 314 1793 perturbat
355 1721 534 1776 omnia
577 1721 757 1776 litibus
802 1736 899 1791 pro
940 1722 1118 1778 uxoris
1157 1723 1398 1779 castitate
1429 1725 1633 1794 procla-

93 1827 227 1877 mans,
249 1827 359 1867 cum
385 1827 490 1882 qua
531 1809 668 1866 forte
707 1827 847 1867 nunc
870 1811 1088 1879 dormit,
1120 1822 1174 1868 et
1200 1815 1386 1870 nescit.
1420 1814 1532 1870 Hoc
1559 1815 1634 1870 illi

93 1906 254 1976 iudices
277 1906 317 1960 si
347 1904 741 1970 intellexerint,
770 1915 863 1960 aut
887 1906 1155 1978 negligent
1184 1905 1552 1973 Academicos,
1580 1917 1634 1963 et

97 2009 297 2070 tanquam
345 1999 555 2054 crimen
601 1999 937 2054 verissimum
989 2001 1246 2070 punient;
1294 2010 1386 2056 aut
1430 2001 1631 2058 eisdem

99 2095 494 2162 obtemperantes,
511 2092 873 2149 verisimiliter
895 2093 1160 2150 hominem
1188 2093 1631 2166 probabiliterque

98 2185 384 2248 damnabunt,
416 2195 475 2240 ut
512 2187 626 2256 jam
667 2186 792 2256 quid
833 2196 952 2257 agat
989 2187 1089 2243 istc
1126 2198 1379 2258 patronus
1417 2205 1633 2260 prorsus

101 2281 274 2350 ignoret.
305 2277 394 2334 Cui
417 2281 568 2334 enim
593 2289 904 2336 succenseat
927 2295 1033 2335 non
1055 2280 1286 2347 habebit,
1310 2298 1429 2337 cum
1447 2298 1632 2339 omnes

20 2369 22 2374 ’
100 2389 140 2426 se
161 2373 266 2427 nihil
289 2388 499 2428 errasse
528 2372 737 2438 dicant;
769 2373 983 2444 quando
1013 2391 1115 2429 non
1161 2377 1512 2432 assentientes
1532 2419 1547 2444 ,
1578 2376 1631 2432 id

102 2464 203 2534 quod
224 2465 374 2519 visunt
407 2474 513 2530 est,
543 2465 815 2534 probabile
846 2465 1084 2521 fecerint.
1126 2467 1293 2522 Ponet
1322 2468 1480 2539 igitur
1508 2483 1630 2539 per-

102 2571 238 2610 sonam
271 2559 512 2628 patroni,
544 2567 597 2614 et
628 2557 924 2628 philos0phi
965 2560 1314 2615 consolatoris
1343 2563 1628 2632 suscipiet:

105 2649 152 2701 ita
168 2649 289 2704 facile
304 2649 652 2716 adolescenti,
675 2650 763 2720 qui
780 2651 888 2721 jam
911 2659 1112 2706 tantum
1137 2653 1188 2706 in
1209 2653 1489 2709 Academia
1513 2670 1633 2724 pro-

105 2741 255 2805 fecerit,
270 2741 610 2812 persuadebit
628 2752 686 2796 ut
707 2757 764 2797 se
785 2752 1030 2813 tanquam
1056 2745 1105 2798 in
1130 2745 1329 2798 somnis
1350 2754 1496 2815 putet
1516 2761 1635 2802 esse

109 2830 370 2888 damnatum.
410 2832 520 2889 Sed
562 2847 656 2887 vos
690 2849 775 2888 me
814 2834 983 2903 jocari
1027 2835 1354 2890 arbitramini
1383 2856 1396 2892 :
1423 2837 1586 2907 liquet
1615 2840 1631 2870 ¹

109 2925 287 2994 deierare
301 2944 391 2998 per
412 2943 574 2983 omne
591 2927 824 2982 divinum
841 2927 970 2998 (Lib.
994 2927 1022 2981 I
1046 2928 1265 2982 Retract.
1283 2947 1395 3000 cap.
1420 2931 1526 2994 l,n.
1555 2930 1632 3002 4),

111 3021 264 3076 nescire
283 3039 359 3076 me
380 3038 600 3094 prorsus
625 3023 894 3092 quomodo
919 3023 1019 3078 iste
1043 3026 1336 3093 peccaverit
1361 3043 1373 3089 ;
1399 3027 1460 3089 si,
1488 3030 1634 3096 quis-

109 3114 192 3182 quis
212 3115 254 3169 id
273 3117 433 3186 egerit
457 3116 594 3186 quod
629 3117 901 3188 probabile
922 3118 1147 3186 videtur,
1167 3135 1269 3174 non
1298 3130 1495 3191 peccat.
1526 3122 1634 3176 Nisi

108 3203 208 3259 forte
223 3206 266 3259 in
287 3216 449 3262 totum
475 3207 614 3262 aliud
638 3223 756 3263 esse
782 3208 965 3263 dicunt
987 3225 1186 3275 errare,
1214 3212 1352 3266 aliud
1377 3227 1631 3282 peccare;

108 3307 231 3363 seque
249 3296 337 3352 illis
357 3299 638 3368 praeceptis
659 3299 829 3369 egisse
849 3315 915 3354 ne
936 3316 1193 3366 erremus,
1221 3318 1440 3372 peccare
1460 3315 1633 3360 autem

111 3387 216 3442 nihil
234 3405 458 3461 magnum
488 3407 607 3448 esse
633 3391 866 3448 duxisse.

165 3479 238 3533 ‘56.
274 3482 430 3539 Taceo
474 3482 541 3539 de
589 3483 921 3547 homicidiis,
956 3486 1277 3554 parricidiis,
1323 3489 1632 3558 sacrilegiis,

115 3571 400 3645 omnibusque
420 3575 660 3640 omnino,
681 3591 798 3644 quae
817 3575 928 3630 fieri
948 3585 1037 3628 aut
1055 3577 1269 3646 cogitari
1293 3588 1530 3646 possunt,
1545 3578 1635 3633 fla-

111 3661 222 3730 gitiis
244 3674 316 3719 aut
341 3667 659 3723 facinoribus
679 3709 694 3732 ,
723 3683 840 3738 qua:
871 3669 1050 3736 paucis
1078 3669 1252 3723 verbis
1273 3712 1285 3731 ,
1311 3679 1364 3724 et
1391 3671 1528 3740 quod
1554 3680 1638 3726 est

111 3755 291 3823 gravius,
309 3759 442 3829 apud
466 3759 888 3830 sapientissimos
907 3759 1112 3828 judices
1133 3760 1521 3816 defenduntur:
1546 3762 1636 3817 Ni-

116 3845 170 3900 hil
189 3854 420 3918 consensi,
444 3863 496 3908 et
522 3852 641 3908 ideo
672 3869 775 3908 non
804 3852 992 3908 erravi.
1025 3853 1301 3920 Quomodo
1325 3864 1498 3909 autem
1528 3871 1632 3910 non

115 3940 287 3998 facerem
323 3946 465 4018 quod
500 3946 774 4017 probabile
807 3947 975 4000 visum
1019 3947 1142 4001 est?
1179 3948 1276 4015 Qui
1311 3957 1487 4004 autem
1530 3964 1634 4003 non

116 4041 254 4096 putant
275 4036 365 4092 ista
397 4038 741 4107 probabiliter
771 4052 924 4106 posse
953 4037 1278 4107 persuaderi,
1309 4041 1482 4109 legant
1511 4056 1635 4095 ora-

22 4125 26 4132 '
117 4124 261 4181 tionem
275 4128 528 4197 Catillum,
542 4146 641 4200 qua
663 4131 843 4199 patria:
858 4130 1213 4200 parricidium,
1229 4146 1333 4200 quo
1357 4147 1459 4185 uno
1475 4133 1636 4187 conti-

117 4224 256 4273 nentur
267 4222 429 4276 omnia
443 4221 665 4285 scelera,
683 4222 936 4290 persuasit
947 4222 963 4290 (
974 4220 1184 4275 Sallust.
1197 4261 1210 4284 ,
1231 4221 1292 4276 de
1303 4221 1443 4276 Bello
1457 4222 1606 4277 Catil.
1617 4265 1632 4286 ,

116 4322 195 4375 cap.
213 4310 304 4382 19.).
336 4313 449 4368 Jam
478 4313 602 4367 illud
631 4315 750 4383 quis
795 4329 898 4366 non
937 4313 1104 4367 ridet?
1137 4312 1236 4384 Ipsi
1271 4314 1472 4383 dicunt,
1506 4315 1632 4370 nihil

115 4411 155 4451 se
175 4400 214 4455 in
238 4406 424 4474 agendo
449 4407 597 4476 sequi
626 4406 726 4461 nisi
756 4406 1042 4476 probabile,
1069 4417 1120 4461 et
1149 4418 1391 4477 quaerunt
1413 4424 1631 4481 magno-

113 4504 206 4557 pere
228 4499 502 4564 veritatem,
531 4514 652 4553 cum
678 4501 756 4554 eis
785 4500 852 4552 sit
884 4501 1152 4569 probabile
1181 4516 1282 4555 non
1307 4516 1462 4572 posse
1486 4504 1632 4558 inve-

116 4581 204 4636 niri.
228 4586 263 4640 0
283 4589 463 4642 mirum
495 4593 824 4644 monstrum!
859 4591 962 4645 Sed
995 4592 1091 4646 hoc
1113 4594 1436 4661 omittamus,
1461 4596 1634 4650 minus

116 4669 151 4722 id
176 4673 226 4728 ad
249 4693 353 4743 nos,
385 4681 558 4736 minus
587 4681 650 4734 ad
683 4682 801 4735 \‘itrc
825 4691 1016 4735 nostra:
1038 4682 1344 4751 discrimen,
1370 4687 1545 4741 minus
1566 4690 1631 4744 ad

118 4763 385 4827 fortunarum
431 4774 723 4844 periculum
789 4776 1035 4842 pertinet.
1092 4775 1218 4830 Illud
1263 4786 1343 4832 est
1386 4779 1629 4848 capitale,

116 4855 210 4913 illud
237 4861 635 4932 formidolosum,
667 4866 793 4921 illud
821 4869 1021 4936 Optimo
1047 4869 1234 4939 cuique
1264 4871 1628 4939 metuendum,

116 4950 219 5015 quod
250 4955 379 5010 nefas
419 4973 602 5022 omne,
637 4958 680 5011 si
719 4957 828 5011 hmc
869 4959 1003 5012 ratio
1042 4959 1327 5028 probabilis
1354 4962 1482 5025 erit,
1511 4977 1629 5017 cum

116 5041 329 5106 probabile
355 5051 594 5120 cuiquam
621 5049 790 5102 visum
833 5049 990 5104 fuerit
1015 5065 1133 5105 esse
1162 5051 1457 5107 faciendum
1479 5095 1493 5117 ,
1520 5065 1633 5109 tan-

116 5136 198 5185 tum
217 5139 324 5192 nulli
349 5141 493 5209 quasi
522 5156 650 5195 vero
677 5142 1016 5208 assentiatur,
1051 5159 1153 5196 non
1179 5144 1349 5198 solum
1377 5147 1492 5201 sine
1516 5162 1632 5202 sce-

119 5219 225 5292 leris,
249 5231 328 5286 sed
350 5234 503 5287 etiam
532 5232 648 5287 sine
675 5232 874 5286 erroris
903 5233 1282 5303 vituperatione
1313 5238 1626 5292 committat.

117 5308 216 5376 Quid
243 5323 386 5391 ergo?
413 5323 536 5377 Hmc
567 5324 638 5376 illi
669 5338 773 5378 non
814 5323 1093 5378 viderunt?
1137 5325 1244 5379 lmo
1287 5327 1630 5384 solertissime

473 5478 751 5547 Restituitur
769 5491 832 5527 ex
871 5487 992 5539 Am.,
1018 5487 1091 5547 Er.
1117 5489 1167 5531 et
1191 5491 1316 5545 Mss,
1334 5483 1478 5547 liquet
1501 5486 1630 5547 deje-

117 5534 352 5599 Ϊίῖἷεςειυοᾱ
383 5540 480 5599 jam
524 5541 571 5587 iu
617 5538 699 5587 lib.
729 5543 748 5588 1
779 5534 1044 5592 Retracto.
1074 5545 1094 5592 1
1123 5534 1450 5595 annotavim'us
1493 5534 1629 5598 usit}.

117 5594 1068 5690 illiillﬁsfiz'fsr‘rrﬂﬁaserasera
1092 5613 1235 5690 διειμυ
1260 5609 1376 5681 “ius
1400 5594 1630 5690 tenebris

131 5655 308 5729 gfinilatis
325 5668 543 5729 auctores
560 5661 782 5729 :cmulari
796 5666 984 5714 amabat
1006 5655 1315 5729 Augustinus,
1337 5655 1385 5718 in
1400 5655 1629 5722 'uis‘iiiiéi

116 5717 292 5793 {ligata
310 5725 495 5793 quidem
536 5725 864 5793 servientibus
886 5735 1021 5793 Δυρο,
1196 5717 1628 5793 διὶιιίιίέηειιῇἶὺἶῖη

621 5786 668 5835 in
717 5772 998 5848 pausatione
1009 5772 1625 5858 'ttnlielant-ilius,TIR-ips:

241 5877 249 5886 -
269 5859 423 5896 νυοω.
449 5862 489 5896 C.
517 5859 562 5896 4.

3227 397 3332 457 954

1745 504 2260 581 prudentissimeque
2279 510 2543 579 viderunt,
2563 528 2664 571 nec
2680 514 2809 571 mihi
2827 513 2935 571 ullo
2956 523 3108 588 pacto
3122 521 3332 573 tantum
3352 503 3357 508 ⁷

1744 602 2135 671 arrogaverim,
2162 612 2217 659 ut
2255 605 2324 660 Μ.
2367 605 2596 664 Tullium
2633 608 2808 680 aliqua
2847 625 2911 666 ex
2951 620 3101 682 parte
3137 626 3332 684 sequar

1743 690 1998 746 industria
2027 735 2041 758 ,
2070 695 2376 765 vigilantia,
2405 697 2650 770 ingenio,
2691 701 2930 756 doctrina
2970 720 2982 756 :
3018 703 3103 757 cui
3151 711 3329 760 tamen

1743 785 2030 853 asserenti,
2061 787 2191 842 nihil
2231 789 2366 844 scire
2409 806 2562 861 posse
2605 793 2902 860 hominem,
2932 795 2976 850 si
3016 794 3117 851 hoc
3157 796 3330 852 solum

1743 874 2045 945 diceretur,
2073 878 2196 934 Scio
2241 881 2312 935 ita
2361 881 2525 938 videri
2566 884 2729 952 mihi;
2779 884 2918 941 unde
2965 885 3018 941 id
3065 887 3332 945 refelleret

1744 985 1850 1023 non
1874 969 2113 1026 haberet.

1743 1059 1968 1120 CAPUT
2007 1062 2247 1118 XVIl.-
2266 1065 2744 1150 Academiciﬂuare
2778 1067 3144 1125 dissimulat-int
3183 1087 3330 1127 suam

2375 1147 2689 1193 saltemiam.
3300 1156 3306 1162 '

1812 1204 1903 1259 57.
1947 1204 2085 1274 Quid
2115 1207 2274 1278 igitur
2302 1209 2498 1280 placuit
2522 1209 2682 1264 tantis
2705 1209 2832 1265 viris
2851 1213 3118 1282 perpetuis
3135 1220 3190 1269 et
3206 1228 3329 1284 per-

1741 1296 2001 1353 tinacibus
2021 1301 2449 1356 contentionibus
2468 1315 2648 1372 agere.
2667 1315 2735 1356 ne
2755 1301 2806 1356 in
2827 1317 3146 1373 quemquam
3166 1306 3327 1362 cade-

1740 1404 1800 1446 re
1829 1391 1940 1446 veri
1968 1393 2187 1448 scientia
2206 1394 2508 1450 videretur?
2532 1393 2728 1450 Audite
2747 1394 2858 1465 jam
2878 1395 3035 1466 paulo
3053 1399 3324 1466 attentius,

1741 1498 1850 1538 non
1875 1484 1999 1555 quid
2025 1486 2208 1553 sciam,
2236 1487 2329 1543 sed
2355 1486 2481 1559 quid
2506 1487 2839 1543 existimem:
2866 1486 2970 1542 hoc
2993 1489 3135 1545 enim
3159 1489 3224 1544 ad
3243 1489 3326 1544 ul-

1742 1576 1926 1631 timum
1952 1578 2289 1634 reservabam
2314 1622 2329 1647 ,
2360 1589 2419 1634 ut
2445 1580 2764 1650 explicarem
2785 1621 2800 1646 ,
2827 1581 2872 1636 si
2904 1595 3146 1652 possem,
3173 1583 3330 1654 quale

1739 1670 1871 1725 mihi
1900 1670 2140 1726 videatur
2183 1688 2303 1728 esse
2347 1683 2514 1730 totum
2540 1673 2981 1730 Academicorum
3023 1674 3324 1732 consilium.

1742 1761 1890 1818 Plato
1927 1764 2008 1817 vir
2040 1763 2464 1835 sapientissimus
2499 1774 2553 1822 et
2592 1765 2984 1822 eruditissimus
3027 1775 3327 1839 temporum

1739 1869 1977 1923 suorum,
2005 1856 2093 1927 qui
2123 1865 2177 1911 et
2206 1857 2278 1911 ita
2303 1857 2511 1912 locutus
2537 1867 2635 1924 est,
2659 1867 2717 1914 ut
2741 1872 3088 1931 quacumque
3102 1859 3324 1928 diceret,

1737 1963 1926 2019 magna
1957 1948 2177 2016 ﬁerent,
2209 1959 2264 2006 et
2292 1965 2355 2006 ea
2385 1951 2593 2006 locutus
2620 1961 2724 2017 est,
2750 1961 2807 2006 ut
2829 1951 3328 2024 quomodocumque

1738 2039 1958 2105 diceret,
1975 2055 2132 2110 parva
2151 2055 2254 2096 non
2278 2041 2464 2097 fierent
2485 2041 2620 2114 (Lib.
2639 2041 2666 2096 I
2691 2042 2942 2112 Retract.,
2957 2060 3071 2114 cap.
3094 2045 3146 2112 1,
3161 2062 3215 2098 η.
3234 2043 3323 2117 4);

1739 2131 1932 2186 dicitur
1958 2140 2080 2202 post
2108 2141 2331 2188 mortem
2357 2133 2592 2189 Socratis
2620 2133 2857 2203 magistri
2880 2135 2995 2202 sui,
3026 2149 3188 2204 quem
3217 2136 3327 2190 sin-

1737 2225 1991 2296 gulariter
2005 2224 2281 2293 dilexerat,
2296 2241 2326 2280 a
2343 2225 2684 2297 Pythagoreis
2704 2227 2863 2282 etiam
2876 2226 3038 2282 multa
3054 2227 3322 2285 didicisse.

1739 2315 2065 2387 Pythagoras
2103 2326 2279 2371 autem
2307 2331 2479 2388 grzeca
2510 2316 2840 2388 philosophia
2882 2333 2987 2372 non
3018 2327 3319 2386 contentus,

1739 2423 1858 2477 qua:
1885 2416 2010 2462 tunc
2037 2416 2128 2462 aut
2154 2423 2289 2478 pene
2312 2408 2455 2462 nulla
2487 2417 2621 2475 erat,
2651 2417 2742 2463 aut
2769 2418 2914 2464 certe
2941 2409 3321 2477 occultissima,

1740 2508 2017 2570 postquam
2039 2510 2336 2556 commotus
2364 2501 2685 2573 Pherecyda:
2706 2500 2978 2572 cujusdam
3000 2501 3121 2574 Syri
3139 2501 3323 2573 dispu-

1742 2593 2043 2660 tationibus,
2071 2593 2419 2648 immortalem
2446 2609 2565 2649 esse
2589 2594 2823 2648 animum
2851 2593 3094 2660 credidit,
3129 2593 3327 2649 multos

1739 2686 2006 2755 sapientes
2044 2686 2203 2742 etiam
2233 2687 2386 2757 longe
2426 2687 2634 2758 lateque
2665 2687 3030 2756 peregrinatus
3065 2687 3323 2744 audierat.

1740 2776 1900 2847 Igitur
1938 2778 2085 2832 Plato
2126 2777 2382 2848 adjiciens
2420 2779 2586 2848 lepori
2632 2778 3012 2849 subtilitatique
3041 2779 3327 2834 Socratica:

1740 2886 1898 2940 quam
1927 2871 1976 2925 in
2017 2871 2305 2926 moralibus
2346 2871 2546 2938 habuit,
2579 2871 2893 2926 naturalium
2924 2871 3326 2942 divinarumque

1740 2977 1920 3018 rerum
1944 2964 2208 3033 peritiam,
2227 2979 2382 3034 quam
2403 2964 2471 3019 ab
2491 2965 2570 3019 eis
2589 2979 2722 3034 quos
2739 2963 3028 3019 memoravi
3049 2963 3327 3034 diligenter

1740 3064 2053 3122 acceperat;
2085 3056 2510 3126 subjungensque
2539 3055 2687 3126 quasi
2731 3055 3084 3111 formalricem
3118 3055 3325 3112 illarum

1744 3147 1991 3216 partium,
2011 3147 2349 3217 judicemque
2379 3146 2731 3215 dialecticam,
2758 3162 2874 3216 qua:
2899 3156 2990 3201 aut
3020 3146 3134 3217 ipsa
3159 3156 3322 3212 esset,

1741 3248 1829 3292 aut
1855 3239 1969 3294 sine
1993 3254 2094 3310 qua
2128 3239 2386 3309 sapientia
2416 3239 2635 3293 omnino
2669 3253 2787 3293 esse
2826 3254 2933 3294 non
2961 3247 3172 3310 posset;
3203 3253 3325 3309 per-

1741 3329 1932 3385 fectam
1977 3330 2168 3386 dicitur
2197 3333 2561 3400 composuisse
2593 3329 2942 3401 philosophia:
2970 3329 3326 3400 disciplinam,

1740 3421 1808 3478 de
1836 3438 1937 3492 qua
1966 3437 2106 3476 nunc
2135 3422 2399 3477 disserere
2425 3431 2634 3492 tempus
2665 3424 2681 3453 ¹
2714 3436 2819 3477 non
2842 3430 2943 3476 est.
2975 3420 3068 3477 Sat
3087 3430 3168 3476 est
3186 3421 3328 3476 enim

1741 3506 1808 3561 ad
1830 3507 1882 3560 id
1901 3507 2040 3576 quod
2063 3507 2203 3574 volo,
2227 3507 2500 3563 Platonem
2521 3507 2753 3562 sensisse
2773 3506 2906 3562 duos
2927 3521 3046 3562 esse
3070 3505 3326 3562 mundos:

1743 3616 1904 3654 unum
1952 3600 2371 3671 intelligibilem,
2401 3601 2453 3656 in
2493 3617 2599 3671 quo
2642 3601 2755 3671 ipsa
2794 3601 2989 3656 veritas
3031 3599 3326 3662 habitaret;

1742 3693 1898 3749 istum
1919 3702 2093 3748 autem
2120 3694 2446 3760 sensibilem,
2465 3711 2620 3766 quem
2644 3695 2974 3751 manifestum
2991 3704 3189 3751 estnos
3211 3697 3330 3752 visu

1743 3794 1986 3856 tactuque
2016 3788 2233 3842 sentire.
2277 3786 2462 3857 Itaque
2488 3787 2635 3842 illum
2662 3802 2866 3851 verum,
2885 3787 3024 3843 hunc
3044 3788 3158 3843 veri
3181 3789 3326 3844 simi-

1742 3876 1844 3930 lem
1887 3885 1940 3930 et
1972 3877 2037 3931 ad
2079 3877 2217 3932 illius
2255 3877 2534 3947 imaginem
2566 3877 2783 3932 factum.
2825 3879 2891 3932 Et
2920 3878 3038 3933 ideo
3062 3878 3128 3934 de
3158 3879 3248 3932 illo
3273 3880 3328 3935 in

1741 3983 1959 4037 ea,qu:1:
1981 3971 2038 4023 se
2067 3977 2435 4039 cognosceret,
2467 3969 2641 4022 anima
2672 3969 2814 4024 velut
2839 3969 3062 4038 expoliri
3090 3979 3144 4024 et
3173 3970 3327 4040 quasi

1741 4062 1978 4115 serenari
2007 4062 2310 4126 veritatem;
2341 4061 2410 4116 de
2439 4061 2539 4116 hoc
2565 4073 2738 4117 autem
2760 4061 2810 4116 in
2836 4062 3114 4117 stultorum
3137 4062 3327 4119 animis

1740 4168 1846 4208 non
1872 4153 2164 4217 scientiam,
2196 4152 2290 4207 sed
2329 4153 2632 4223 opinionem
2671 4167 2830 4223 posse
2859 4153 3118 4222 generari.
3158 4152 3322 4219 Quid-

1741 4245 1864 4316 quid
1892 4255 2068 4300 tamen
2107 4254 2354 4316 ageretur
2398 4245 2449 4300 in
2490 4245 2590 4299 hoc
2620 4244 2816 4300 mundo
2845 4260 2938 4314 per
2965 4260 3056 4299 eas
3080 4244 3322 4312 virtutes,

1740 4354 1872 4408 quas
1896 4337 2082 4392 civiles
2110 4339 2350 4403 vocabat,
2383 4337 2603 4392 aliarum
2631 4351 2874 4392 verarum
2903 4336 3150 4390 virtutum
3173 4336 3324 4389 simi-

1741 4429 1819 4484 les
1837 4472 1853 4496 ,
1876 4445 2024 4500 quae,
2052 4430 2153 4484 nisi
2185 4430 2362 4500 paucis
2393 4429 2738 4500 sapientibus,
2774 4426 2970 4497 ignota:
2993 4435 3190 4494 essent,
3217 4441 3324 4482 non

1742 4535 1899 4589 posse
1931 4520 2031 4573 nisi
2063 4519 2176 4575 veri
2207 4519 2381 4575 simile
2413 4518 2692 4574 nominari.

1811 4612 1899 4666 58.
1942 4611 2064 4666 Haec
2088 4620 2144 4668 et
2167 4613 2266 4667 alia
2296 4610 2597 4682 hujusmodi
2627 4611 2753 4665 mihi
2776 4610 3022 4665 videntur
3044 4608 3182 4665 inter
3206 4623 3326 4666 suc-

1741 4717 1980 4756 cessores
2009 4703 2143 4772 ejus,
2169 4712 2422 4772 quantum
2452 4710 2712 4772 poterant,
2742 4715 2861 4756 esse
2885 4709 3111 4765 servata,
3129 4709 3184 4755 et
3223 4716 3320 4771 pro

1740 4794 2006 4865 mysteriis
2024 4793 2303 4848 custodita.
2330 4793 2444 4848 Non
2466 4793 2607 4848 enim
2629 4801 2718 4846 aut
2739 4792 2889 4848 facile
2911 4792 3008 4846 ista
3029 4792 3329 4863 percipiun-

1741 4893 1844 4946 tur,
1871 4885 1967 4938 nisi
1993 4885 2060 4938 ah
2089 4883 2166 4939 eis
2191 4884 2281 4954 qui
2301 4898 2359 4938 se
2384 4885 2450 4938 ab
2474 4883 2720 4939 omnibus
2745 4882 2886 4938 vitiis
2911 4881 3248 4950 mundantes,
3273 4885 3326 4938 in

1739 4977 1897 5030 aliam
1921 4974 2202 5045 quamdam
2234 4976 2354 5046 plus
2380 4991 2539 5047 quam
2572 4975 2852 5030 humanam
2884 4975 3326 5031 consuetudinem

1740 5069 2120 5123 vindicaveriut
2135 5083 2150 5133 ;
2165 5077 2255 5123 aut
2270 5084 2374 5124 non
2390 5047 2618 5139 graviter
2637 5069 3136 5139 peceatquisquisea
3154 5070 3329 5124 sciens

1739 5159 2004 5230 quoslibet
2040 5159 2285 5215 homines
2328 5160 2519 5216 docere
2560 5160 2804 5216 voluerit.
2855 5161 3035 5233 Itaque
3056 5162 3324 5218 Zenonem

1737 5251 2028 5321 principem
2057 5250 2385 5316 Stoicorum,
2413 5267 2532 5306 cum
2566 5252 2676 5322 jam
2720 5252 3032 5322 quibusdam
3059 5251 3250 5307 auditis
3273 5256 3328 5304 et

1737 5340 1968 5406 creditis,
2001 5341 2055 5396 in
2079 5342 2316 5396 scholam
2344 5343 2584 5398 relictam
2600 5359 2629 5398 a
2644 5344 2866 5400 Platone
2894 5344 3142 5407 venisset,
3165 5355 3324 5411 quam

1738 5442 1862 5488 tunc
1890 5434 2107 5490 Polemo
2134 5435 2430 5501 retinebat,
2453 5445 2756 5506 suspectum
2789 5435 3024 5489 habitum
3061 5431 3320 5500 suspicor,

1738 5538 1837 5578 nec
1865 5523 2024 5579 talem
2058 5523 2227 5578 visum
2255 5525 2339 5579 cui
2368 5523 2636 5578 Platonica
2682 5525 2770 5578 illa
2815 5523 2958 5577 velut
2987 5527 3321 5578 sacrosancta

1735 5617 1948 5672 decreta
1977 5617 2131 5673 facile
2152 5617 2305 5688 prodi
2328 5618 2692 5687 committique
2716 5615 2992 5678 deberent,
3017 5613 3322 5683 priusquam

1735 5708 2020 5764 dedicisset
2047 5711 2068 5741 ³
2097 5724 2180 5775 ea,
2211 5724 2329 5779 quae
2358 5709 2409 5764 in
2443 5709 2581 5762 illam
2607 5707 2839 5762 scholam
2862 5707 2930 5760 ab
2951 5705 3071 5760 aliis
3099 5713 3319 5774 accepta

1797 5801 1815 5832 ι
1843 5806 1892 5848 tn
1914 5805 1984 5860 3.,
2275 5799 2446 5848 caeteri
2469 5809 2642 5848 omnes
2663 5795 2780 5846 editi
2807 5831 2822 5857 ,
2847 5801 3046 5860 tempus.
3103 5802 3158 5844 at.

1798 5864 1817 5892 ³
1844 5859 1975 5921 ι.ογ.,⁷
1991 5859 2336 5911 delicatarum.
