3880 6384
602 401 711 464 955

598 520 885 580 dotata-at.
925 518 1146 579 Ioritur
1166 515 1405 584 Paterno.
1427 511 1666 573 succedit
1680 512 1733 570 ei
1758 504 2068 569 Archesilas
2087 502 2188 563 Ze-

600 616 758 677 nonis
783 614 995 688 quidem
1034 610 1458 683 condiscipulus,
1481 608 1577 669 sed
1610 606 1710 669 sub
1739 602 2043 667 Polemonis
2068 615 2185 661 ma-

600 707 839 778 gisterio.
861 705 1220 775 Quamobrem
1237 718 1357 761 cum
1369 702 1517 763 Zeno
1529 715 1624 762 Sua
1635 698 1863 771 quadam
1882 696 1947 753 de
1962 693 2183 762 mundo,

600 808 658 860 et
683 798 914 857 maxime
937 796 1004 855 de
1031 797 1205 856 anima
1222 837 1240 863 ,
1268 803 1485 866 propter
1511 808 1670 865 quam
1698 806 1823 851 vera
1852 785 2187 861 pltilosephia

599 889 801 962 vigilat.
821 889 1083 949 sententia
1107 887 1478 952 delectaretur,
1498 887 1682 946 dicens
1702 900 1820 943 eam
1846 897 1966 941 esse
1984 888 2187 941 morta-

601 983 731 1050 lem,
759 996 856 1037 nec
878 980 1165 1053 quidquam
1185 995 1303 1036 esse
1325 989 1516 1053 prteter
1539 979 1681 1035 hunc
1705 977 2007 1037 sensibilem
2028 988 2185 1033 mun-

558 1063 573 1071 ’
596 1076 756 1143 dum,
783 1073 1021 1145 nihilque
1045 1073 1101 1133 in
1124 1089 1192 1131 eo
1218 1074 1299 1144 agi
1316 1116 1330 1141 .
1363 1074 1463 1131 nisi
1502 1086 1758 1144 corpore;
1791 1086 1913 1128 nam
1940 1078 1992 1127 et
2018 1070 2183 1127 Deum

600 1167 774 1239 ipsum
801 1167 976 1239 ignem
1004 1166 1257 1237 putabat:
1288 1165 1695 1241 prudentissime
1723 1173 1881 1237 atque
1908 1163 2187 1224 utilissime

601 1259 732 1315 mihi
758 1259 965 1315 videtur
990 1258 1323 1325 Archesilas,
1346 1273 1467 1315 cum
1496 1258 1623 1315 illud
1664 1257 1767 1312 late
1791 1265 2029 1327 serperet
2069 1270 2185 1311 ma-

599 1351 734 1419 lum,
755 1350 1052 1408 occultasse
1071 1351 1282 1422 penitus
1297 1349 1598 1406 Academia:
1614 1349 1951 1415 sententiam,
1966 1356 2019 1404 et
2035 1347 2186 1418 quasi

598 1460 786 1502 aurum
805 1444 1179 1501 inveniendum
1200 1443 1513 1519 quandoque
1529 1443 1754 1515 posteris
1770 1442 2031 1498 obruisse.
2053 1444 2187 1512 Qua-

600 1555 661 1595 re
684 1553 806 1594 cum
830 1538 884 1595 in
911 1538 1072 1594 falsas
1100 1538 1378 1610 epinioues
1402 1552 1560 1593 ruere
1586 1537 1736 1593 turba
1765 1538 1835 1591 sit
1861 1536 2098 1609 pronior,
2132 1542 2188 1591 et

599 1629 981 1687 consuetudine
1001 1645 1285 1705 corporum
1302 1630 1479 1685 omnia
1500 1645 1620 1685 esse
1634 1643 1888 1700 corporea
1912 1627 2180 1694 facillime,

600 1722 694 1778 sed
721 1721 879 1779 noxie
898 1721 1175 1787 credatur;
1200 1723 1425 1778 instituit
1445 1722 1525 1777 vir
1543 1722 1880 1777 acutissimus
1900 1728 2058 1797 atque
2078 1719 2185 1776 hu-

601 1815 965 1881 manissimus,
1007 1815 1269 1871 dedocere
1314 1816 1490 1886 potius
1528 1830 1663 1885 quos
1707 1815 2005 1886 patiebatur
2047 1814 2186 1869 male

599 1905 785 1962 doctos
801 1921 959 1978 quam
980 1905 1172 1963 docere
1189 1923 1320 1977 quos
1335 1905 1534 1961 dociles
1550 1921 1653 1960 non
1671 1905 2042 1962 arbitrabatur.
2057 1903 2187 1960 lude

601 1997 690 2055 illa
719 1999 895 2055 omnia
920 2009 1042 2054 nata
1061 2007 1185 2055 sunt
1211 2015 1327 2071 quae
1355 2015 1504 2054 novre
1530 1997 1830 2054 Academia:
1861 1998 2180 2066 tribuuntur,

601 2093 723 2165 quia
744 2108 927 2149 eorum
953 2094 1323 2149 necessitatem
1351 2101 1559 2148 veteres
1586 2107 1691 2147 non
1720 2090 2005 2147 habebant.

673 2184 762 2241 59.
790 2184 940 2253 Quod
970 2184 1014 2239 si
1038 2182 1185 2240 Zeno
1208 2182 1608 2254 expergefactus
1632 2190 1773 2238 esset
1792 2181 2096 2257 aliquando,
2131 2189 2186 2237 et

603 2276 824 2333 vidisset
836 2291 1003 2349 neque
1020 2277 1304 2348 quidquam
1320 2275 1695 2348 comprehendi
1714 2290 1889 2345 posse,
1909 2275 2009 2331 nisi
2030 2275 2187 2349 quale

605 2372 716 2445 ipse
742 2370 1045 2435 definiebat,
1072 2386 1242 2440 neque
1265 2370 1367 2424 tale
1391 2370 1585 2443 aliquid
1614 2371 1665 2424 in
1690 2371 2002 2441 corporibus
2028 2386 2187 2442 posse

602 2462 865 2531 inveniri,
896 2462 1085 2534 quibus
1123 2462 1211 2517 ille
1254 2461 1515 2516 tribuebat
1544 2462 1755 2528 omnia;
1802 2463 1928 2517 olim
1968 2478 2187 2537 prorsus

604 2551 705 2607 hoc
758 2567 924 2623 genus
966 2552 1417 2625 disputationum,
1461 2551 1601 2623 quod
1644 2569 1831 2625 magna
1870 2555 2188 2612 necessitate

606 2642 959 2713 flagraverat,
1004 2643 1187 2699 fuisset
1229 2644 1566 2699 exstinctum.
1628 2644 1732 2700 Sed
1773 2645 1916 2702 Zeno
1960 2646 2188 2718 imagine

608 2737 922 2792 constantiae
959 2736 1211 2809 deceptus
1232 2781 1245 2803 ,
1290 2746 1347 2795 ut
1376 2739 1506 2809 ipsis
1530 2737 1861 2796 Academicis
1890 2740 2185 2808 videbatur,

608 2846 709 2887 nec
740 2830 867 2886 mihi
910 2830 1068 2891 etiam
1100 2846 1205 2887 non
1231 2832 1471 2901 videtur,
1512 2833 1749 2907 pertinax
1782 2832 1882 2890 fuit
1910 2852 1921 2888 :
1952 2833 2190 2913 fidesque

611 2920 697 2978 illa
726 2936 1009 2994 corporum
1037 2924 1334 2994 perniciosa
1356 2939 1570 2997 quoquo
1591 2924 1749 2980 modo
1781 2926 1949 2996 potuit
1966 2927 2190 2998 pervixit

610 3014 664 3070 in
685 3015 1060 3088 Chrysippum,
1078 3017 1166 3087 qui
1194 3017 1241 3072 ei
1265 3016 1407 3087 (nam
1435 3018 1664 3072 maxime
1692 3017 1937 3090 poterat),
1972 3033 2189 3091 magnas

608 3105 749 3161 vires
793 3106 950 3162 latius
980 3122 1041 3162 se
1085 3107 1410 3163 diffundendi
1456 3107 1645 3174 dabat;
1696 3109 1796 3165 nisi
1826 3126 1892 3167 ex
1925 3110 2011 3166 illa
2044 3120 2192 3183 parte

612 3193 918 3251 Carneades
947 3198 1120 3252 acrior
1154 3206 1210 3253 et
1251 3199 1550 3269 vigilantior
1579 3201 1942 3270 superioribus
1983 3202 2189 3257 caeteris

611 3288 685 3345 ita
710 3290 1011 3352 restitisset.
1039 3298 1099 3348 ut
1119 3291 1282 3350 mirer
1308 3292 1449 3347 illam
1476 3292 1780 3365 opinionem
1806 3294 2002 3364 aliquid
2032 3297 2192 3351 etiam

612 3389 794 3453 postea
816 3381 1063 3438 valuisse.
1102 3381 1340 3453 Namque
1359 3383 1661 3439 Carneades
1684 3386 1856 3457 primo
1878 3386 2020 3440 illam
2051 3388 2195 3444 velut

613 3471 970 3527 calumniandi
1007 3472 1387 3545 impudentiam
1412 3517 1427 3543 ,
1472 3492 1574 3551 qua
1615 3477 1829 3535 videbat
1865 3479 2193 3539 Archesilam

615 3578 722 3619 non
783 3563 1120 3623 mediocriter
1176 3567 1524 3636 infamatum,
1570 3570 1842 3642 deposuit;
1894 3587 1961 3629 ne
2009 3584 2194 3629 contra

617 3654 791 3711 omnia
817 3656 954 3711 velle
965 3656 1142 3714 dicere
1162 3659 1308 3729 quasi
1330 3661 1697 3717 ostentationis
1715 3677 1874 3719 causa
1892 3663 2158 3721 videretur
2178 3684 2192 3720 :

617 3745 711 3803 sed
734 3747 876 3818 ipsos
897 3749 1108 3821 proprie
1131 3749 1227 3804 sibi
1258 3749 1485 3816 Stoicos,
1509 3761 1667 3826 atque
1688 3753 2043 3827 Chrysippum
2067 3772 2197 3815 con-
2239 3751 2248 3783 ’τ

615 3837 889 3895 veliendos
914 3839 1333 3915 evertendosque
1360 3845 1651 3917 proposuit.

652 3928 878 3987 CAPUT
907 3930 1091 3988 XVIII.
1123 3965 1195 3974 —
1225 3934 1488 4002 Quomodo
1518 3937 1775 4008 probabile
1813 3940 2072 3999 inductum
2098 3944 2160 3998 ab

1246 4026 1574 4085 Academicis.

687 4116 779 4193 40.
848 4116 1047 4173 Deinde
1093 4134 1215 4174 cum
1265 4121 1493 4194 undique
1541 4132 1907 4199 premeretur,
1965 4129 2009 4185 si
2063 4129 2195 4187 nulli

620 4209 699 4266 rei
759 4219 903 4271 esset
946 4225 1231 4283 assensus,
1282 4215 1409 4269 nihil
1455 4224 1691 4273 acturum
1734 4233 1855 4274 esse
1900 4220 2194 4291 sapientem

615 4304 675 4377 (0
704 4299 972 4361 hominem
1004 4302 1194 4358 mirum
1229 4314 1383 4375 atque
1407 4306 1542 4363 adeo
1571 4323 1674 4364 non
1704 4308 1933 4367 mirum!
1974 4310 2041 4365 ab
2065 4311 2195 4384 ipsis

618 4392 761 4449 enim
797 4392 1034 4449 Platonis
1068 4392 1299 4453 fontibus
1326 4397 1689 4473 profluebat);
1731 4399 1957 4457 attendit
1980 4403 2193 4471 sapien-

614 4494 699 4541 ter
725 4486 910 4557 quales
936 4486 1008 4542 illi
1039 4487 1273 4544 actiones
1300 4488 1606 4559 prubarent,
1633 4506 1829 4565 easque
1852 4494 2031 4550 nescio
2058 4511 2192 4571 qua-

615 4594 733 4634 rum
762 4596 1004 4637 verarum
1030 4581 1232 4637 similes
1270 4583 1453 4638 videns
1479 4626 1492 4644 .
1526 4583 1576 4638 id
1614 4586 1754 4656 quod
1783 4587 1835 4645 in
1869 4586 1970 4643 hoc
1997 4590 2195 4645 mundo

616 4667 683 4723 ad
712 4669 972 4743 agendum
1013 4682 1325 4749 sequeretur
1346 4714 1362 4743 ,
1410 4674 1516 4730 veri
1545 4675 1716 4731 simile
1743 4678 2049 4734 nominavit.
2094 4680 2193 4735 Cui

616 4758 763 4815 enim
799 4770 940 4817 esset
968 4762 1138 4818 simile
1162 4774 1215 4819 et
1242 4765 1406 4837 perite
1432 4776 1583 4823 norat
1607 4809 1620 4831 ,
1650 4776 1703 4826 et
1732 4768 2019 4843 prudenter
2047 4779 2192 4843 tege-

614 4847 739 4929 bat,
775 4848 931 4921 idque
959 4851 1118 4911 etiam
1146 4854 1416 4925 probabile
1457 4858 1775 4929 appellabat.
1819 4860 2014 4919 Probat
2048 4862 2192 4921 enim

616 4937 756 4997 bene
795 4938 1075 5017 imaginem
1101 4985 1116 5012 ,
1162 4946 1400 5019 quisquis
1440 4949 1554 5020 ejus
1595 4950 1831 5007 intuetur
1867 4953 2188 5027 exemplum.

615 5029 892 5099 Quomodo
908 5035 1047 5091 enim
1064 5038 1321 5109 approbat
1344 5042 1551 5116 sapiens
1570 5044 1610 5115 ί,
1640 5047 2005 5117 autquomodo
2022 5048 2193 5105 simile

617 5123 857 5197 sequitur
876 5125 1007 5196 veri,
1024 5142 1143 5183 cum
1161 5131 1329 5203 ipsum
1352 5148 1531 5188 verum
1553 5136 1678 5208 quid
1704 5137 1772 5193 sit
1797 5138 2033 5215 ignoret?
2054 5140 2193 5213 Ergo

620 5215 698 5273 illi
716 5225 925 5283 norant,
957 5227 1007 5274 et
1023 5220 1383 5291 approbabant
1403 5223 1532 5281 falsa
1561 5226 1613 5281 in
1641 5228 1831 5301 quibus
1844 5229 2193 5293 imitationem

621 5307 941 5365 laudabilem
972 5325 1148 5365 rerum
1185 5326 1428 5387 verarum
1469 5317 1957 5379 animadvertebant
1985 5320 2131 5395 (Lib.
2161 5322 2188 5383 1

618 5398 876 5461 Retract.,
895 5418 1007 5473 cap.
1025 5401 1146 5469 im.
1178 5400 1255 5477 4).
1281 5402 1385 5459 Sed
1413 5406 1530 5476 quia
1557 5407 1658 5463 hoc
1685 5418 1933 5482 tanquam
1958 5414 2194 5484 profanis

624 5508 723 5551 nec
746 5492 841 5561 fas,
866 5509 963 5550 nec
991 5494 1147 5551 facile
1174 5504 1290 5553 erat
1316 5496 1633 5566 ostendere;
1664 5502 1990 5573 reliquerunt
2014 5514 2194 5578 poste-

619 5585 714 5654 ris,
742 5591 798 5641 et
810 5584 1001 5661 quibus
1023 5586 1111 5643 illo
1128 5596 1367 5660 tempore
1388 5598 1690 5663 potuerunt,
1711 5592 1913 5664 signum
1929 5597 2193 5668 quoddam

624 5677 902 5734 sententia:
926 5694 1057 5741 ante.
1084 5678 1208 5739 Ilios
1233 5691 1411 5740 autem
1434 5681 1571 5743 bene
1599 5683 1902 5746 dialecticos
1924 5687 1992 5746 de
2017 5690 2194 5751 verbis

686 5832 707 5870 ⁸
723 5838 777 5889 h
796 5842 907 5889 octo
925 5844 1052 5901 κιρ..
1091 5841 1329 5903 ριιοηιοάο
1348 5855 1462 5909 ergo
1481 5841 1603 5897 vim!
1621 5844 1854 5912 approbat
1871 5849 2074 5915 sapia».

1256 390 1534 457 CONTRA
1568 381 2017 449 ACADEMICOS.
2058 380 2117 438 δ.
2154 379 2525 447 auersum
2580 384 2785 442 nam
2832 385 3145 447 manus.
3697 406 3778 466 κο
3832 398 3833 407 γ

2293 513 2514 594 movere
2535 502 2882 594 quaestionem
2930 504 3239 566 insultantes
3274 507 3625 589 irrideantan
3643 520 3779 594 prohi-

2291 588 2509 651 bebant.
2540 590 2620 651 οι)
2642 591 2744 651 hoc
2764 593 2957 655 dicitur
2972 595 3266 659 Carneades
3287 588 3602 668 suauitatis:
3625 588 3779 675 Acade-
3832 590 3833 667 ἲ

2293 684 2415 741 mite
2442 687 2688 761 princeps
2719 697 2879 761 atque
2900 700 3086 749 auctor
3108 691 3286 755 fuisse.

2365 776 2455 837 41.
2485 777 2686 839 Deinde
2717 780 2769 837 in
2800 790 3042 843 nostrum
3056 782 3281 847 Tullium
3304 787 3551 851 conflictio
3567 792 3651 855 ista
3666 795 3780 861 dun.

2295 867 2409 936 vit,
2434 870 2544 945 jam
2567 871 2725 945 plane
2750 875 2932 933 saucia
2958 885 3013 933 et
3039 877 3222 937 ultimo
3241 880 3424 954 spiritu
3448 883 3617 947 latinas
3629 888 3780 955 litteras

2294 960 2559 1023 inﬂatura.
2598 965 2731 1025 Nam
2756 968 2891 1027 nihil
2916 970 3046 1030 mihi
3074 971 3279 1032 videtur
3303 974 3544 1046 inﬂatius.
3561 996 3779 1058 quam

2292 1057 2460 1117 multa
2487 1061 2855 1132 copiosissime
2883 1075 3039 1138 atque
3076 1068 3405 1131 ornatissime
3424 1071 3612 1143 dicere.
3634 1083 3779 1141 nonin

2292 1149 2634 1209 sentientem.
2660 1152 2863 1225 Quibus
2886 1164 3064 1217 tamen
3078 1174 3178 1217 ven
3185 1160 3250 1219 tis
3273 1160 3452 1221 feneus
3467 1164 3546 1227 ille
3556 1166 3781 1239 pistoniau

2295 1243 2590 1301 Antiochus
2633 1246 2797 1315 satis,
2845 1256 2903 1303 ut
2947 1249 3076 1307 mihi
3105 1250 3349 1324 videtur,
3394 1255 3647 1328 diasipatus
3667 1271 3783 1334 atque

2292 1334 2565 1407 dispersus
2602 1346 2704 1395 est.
2753 1338 2887 1401 Nam
2930 1341 3309 1415 Epicureorum
3346 1362 3523 1420 greges
3560 1352 3607 1407 in
3644 1355 3783 1415 animis

2292 1426 2664 1489 deliciosorum
2712 1432 3027 1504 populorum
3078 1437 3256 1505 aprica
3308 1439 3501 1499 stabula
3542 1457 3781 1513 possunt.

2289 1516 2497 1593 Quippe
2523 1521 2817 1581 Antiochus
2845 1523 3082 1585 Philonis
3106 1526 3337 1595 auditor,
3359 1529 3573 1591 hominis
3594 1545 3783 1606 quantum

2290 1611 2521 1671 arbitror
2564 1613 3122 1688 circumspectissimi,
3174 1620 3264 1693 qui
3303 1623 3409 1691 jam
3453 1624 3597 1684 veluti
3632 1629 3783 1697 aperire

2290 1703 2601 1761 cedentibus
2630 1706 2871 1763 hostibus
2915 1717 3095 1783 portas
3118 1722 3389 1783 (τωρωι,
3431 1721 3483 1771 et
3513 1714 3571 1773 ad
3608 1715 3783 1779 Platonis

2262 1794 2658 1883 auctoritatem
2704 1798 3043 1859 Academiam
3090 1801 3338 1874 legesque
3377 1820 3627 1877 revocare;
3664 1825 3783 1880 quan-

2289 1901 2448 1957 quam
2477 1897 2530 1945 et
2554 1887 2884 1948 Metrodorus
2924 1890 2978 1949 id
3012 1901 3167 1953 antea
3199 1893 3374 1953 facere
3407 1906 3690 1970 tentarent.
3719 1902 3781 1972 tiui

2290 1978 2493 2052 primus
2517 1979 2711 2037 dicitur
2731 1996 2851 2039 esse
2874 1981 3173 2053 confessus,
3203 2000 3308 2045 non
3323 1987 3527 2047 decreto
3550 1990 3565 2021 ⁸
3591 1991 3782 2065 placuisse

2290 2069 2623 2129 Academicis
2660 2073 2789 2129 nihil
2821 2089 2977 2147 posse
3007 2077 3420 2150 comprehendi,
3451 2080 3535 2137 sed
3556 2084 3782 2143 necessario

2289 2172 2472 2219 contra
2499 2164 2708 2228 Stoicos
2737 2167 3039 2238 hujusmodi
3060 2185 3153 2228 eos
3178 2188 3329 2231 arma
3353 2176 3616 2249 sumpsisse
3641 2197 3653 2235 :
3674 2179 3782 2250 iuius

2291 2257 2584 2317 Antiochus
2607 2303 2622 2328 ,
2677 2270 2735 2321 ut
2778 2262 3111 2322 institueram
3150 2266 3370 2339 dicere,
3411 2270 3585 2328 auditis
3621 2271 3782 2329 Philone

2290 2349 2615 2417 academico,
2645 2362 2697 2408 et
2726 2353 3036 2413 Mnesarcho
3059 2358 3252 2424 stoico,
3281 2358 3334 2417 iu
3358 2360 3659 2420 Academiam
3683 2373 3781 2421 rete-

2291 2458 2427 2511 rem,
2459 2445 2606 2516 quasi
2637 2461 2853 2503 vacuam
2874 2447 3270 2515 defensoribus.
3294 2461 3348 2509 et
3374 2453 3512 2524 quasi
3535 2454 3653 2513 nullo
3673 2454 3781 2513 hunc

2290 2549 2554 2605 securam,
2588 2537 2731 2597 velut
2759 2538 2970 2610 adiutor
2984 2549 3039 2597 et
3066 2542 3201 2599 civis
3227 2543 3519 2615 irrepserat,
3538 2547 3684 2603 nescio
3696 2545 3784 2618 quid

2292 2626 2525 2684 inferens
2551 2630 2673 2685 mali
2710 2630 2778 2686 de
2812 2630 3115 2691 Stoicorum
3140 2634 3415 2693 cineribus
3433 2678 3446 2704 ,
3471 2637 3592 2711 quod
3613 2636 3784 2696 Platonis

2292 2721 2431 2776 adita
2478 2722 2719 2780 violaret.
2763 2723 2868 2780 Sed
2895 2724 3019 2782 huic
3061 2728 3300 2798 arreptis
3343 2728 3518 2789 iterum
3558 2728 3786 2789 illisch

2294 2824 2349 2871 et
2374 2815 2560 2873 Philon
2585 2817 2777 2875 restitit
2792 2817 2964 2876 donec
2988 2831 3313 2891 moreretur,
3335 2831 3389 2879 et
3405 2836 3574 2879 omnes
3592 2821 3682 2895 ejus
3700 2820 3785 2877 reii-

2293 2907 2443 2983 quias
2465 2909 2665 2967 Tullius
2687 2919 2869 2967 noster
2893 2914 3180 2983 Oppressit,
3208 2929 3269 2972 se
3288 2914 3405 2971 vivo
3429 2914 3664 2986 impatiens
3683 2912 3784 2971 labe-

2296 2997 2481 3054 factari
2504 3000 2584 3055 vel
2613 3002 2961 3059 contaminari
2984 3003 3245 3077 quidquid
3271 3006 3539 3065 amavisset
3557 3025 3567 3060 :
3584 3005 3688 3061 adeo
3699 3012 3785 3076 post

2296 3091 2383 3147 illa
2427 3101 2665 3164 tempora
2712 3109 2817 3149 nou
2864 3086 3022 3166 longe
3071 3097 3356 3156 intervallo
3395 3098 3526 3156 omni
3562 3097 3784 3175 pervicacia

2298 3185 2693 3257 pertinaciaque
2738 3186 3047 3259 demortua,
3097 3205 3162 3247 os
3204 3191 3332 3248 illud
3372 3192 3574 3251 Platonis
3602 3189 3709 3262 quod
3743 3188 3784 3247 in

2299 3277 2627 3349 philosophia
2656 3279 3085 3350 purgatissimum
3103 3292 3190 3339 est
3205 3293 3261 3341 et
3285 3284 3641 3353 iucidissimum,
3659 3281 3787 3339 dimo-

2300 3368 2366 3423 tis
2398 3370 2625 3425 nubibus
2658 3372 2856 3427 erroris
2885 3373 3135 3441 emicuit,
3171 3375 3403 3435 maxime
3432 3378 3481 3435 in
3502 3375 3693 3440 Plotina,
3723 3372 3786 3445 qui

2302 3460 2597 3533 platonicus
2628 3462 2970 3534 philosophus
2997 3464 3066 3519 ita
3096 3466 3217 3537 ejus
3256 3468 3442 3527 similis
3472 3466 3691 3541 judicatus
3714 3473 3784 3530 est,

2300 3562 2360 3611 ut
2384 3554 2541 3613 simul
2567 3572 2660 3613 eos
2683 3557 2898 3626 vixisse,
2924 3566 3130 3617 tantum
3153 3569 3333 3621 autem
3357 3562 3586 3621 interestI
3604 3557 3787 3632 temporis

2303 3655 2360 3702 ut
2386 3646 2436 3701 in
2469 3646 2568 3702 hoc
2596 3647 2684 3705 illc
2711 3649 2965 3709 revixisse
2991 3652 3258 3721 putandus
3285 3654 3373 3709 sit.
3598 3726 3602 3731 Α

2413 3736 2641 3799 CAPUT
2678 3740 2826 3799 XIX.
2848 3773 2919 3784 -
2948 3742 3236 3818 Multiplea:
3257 3747 3723 3818 philosophiam

2372 3830 2461 3885 42.
2516 3830 2701 3904 itaque
2746 3849 2887 3891 nunc
2932 3836 3284 3910 philosophos
3323 3855 3425 3896 non
3469 3837 3566 3897 fere
3597 3834 3786 3897 videam.

2301 3923 2401 3979 nisi
2440 3932 2531 3979 aut
2578 3924 2806 3995 Cynicos
2851 3936 2944 3983 aut
2982 3927 3367 3999 Peripateticos
3414 3940 3502 3991 aut
3538 3926 3788 3986 Platonioot:

2300 4027 2355 4077 et
2376 4018 2604 4091 Cynicos
2641 4020 2888 4093 quidem,
2932 4022 3056 4093 quia
3081 4037 3180 4079 eos
3210 4024 3336 4080 vitae
3376 4023 3595 4097 quaedam
3626 4018 3791 4077 ἀειωκ

2301 4110 2517 4169 libertas
2551 4121 2711 4184 atque
2751 4113 2981 4169 licentia.
3028 4114 3186 4180 Quod
3228 4122 3402 4172 autem
3432 4113 3495 4170 ad
3517 4110 3787 4170 eruditionem

2301 4198 2702 4273 doctrinamque
2754 4205 2979 4272 attinet,
3026 4214 3080 4261 et
3126 4220 3308 4262 mores
3356 4205 3535 4277 quibus
3573 4198 3789 4259 consulitur

2298 4292 2513 4360 animas,
2546 4293 2666 4362 quia
2699 4307 2803 4349 non
2835 4292 3116 4350 defuerunt
3147 4295 3435 4353 acutissimi
3461 4302 3511 4351 et
3535 4284 3789 4349 solertissimi

2299 4382 2419 4447 viri,
2450 4383 2538 4455 qui
2569 4382 2823 4439 docerent
2846 4383 3291 4455 disputationibus
3316 4386 3423 4443 suis
3450 4380 3729 4443 Aristotelem
3748 4388 3790 4429 ac

2299 4474 2574 4531 Platonem
2606 4476 2672 4530 ita
2700 4476 2798 4531 sibi
2842 4478 3154 4546 concinere,
3202 4486 3261 4535 ut
3301 4477 3543 4551 imperitis
3579 4475 3790 4545 minusth

2298 4565 2515 4620 attentis
2544 4565 2827 4621 dissentire
2856 4566 3161 4636 videantur;
3213 4568 3390 4627 multis
3424 4566 3615 4641 quidem
3638 4559 3790 4621 seculis

2298 4657 2587 4728 multisque
2615 4658 3064 4727 contentionibus,
3096 4659 3192 4717 sed
3217 4669 3392 4717 tamen
3418 4660 3624 4735 ciiquata
3647 4663 3729 4716 est.
3750 4655 3789 4705 Ill

2297 4750 2487 4821 opinor
2510 4791 2526 4817 ,
2575 4766 2677 4806 una
2707 4752 2997 4808 verissimae
3039 4753 3386 4824 philosolihias
3411 4748 3671 4823 disciplina.
3709 4741 3789 4802 Non

2298 4843 2440 4899 enim
2468 4852 2550 4900 est
2587 4845 2684 4900 ista
2730 4842 2885 4917 hujus
2912 4844 3094 4901 mundi
3133 4843 3489 4919 philosophia,
3526 4853 3660 4914 quam
3682 4844 3788 4895 sam

2296 4944 2477 4991 nostra
2505 4935 2843 4991 meritissimo
2882 4936 3234 5004 detestantur,
3264 4935 3355 4997 sed
3380 4935 3581 4995 alterius
3599 4920 3787 4997 intelligi~

2295 5026 2418 5083 bilis
2441 5045 2454 5093 ;
2483 5027 2567 5083 cui
2588 5027 2790 5084 animas
2811 5028 3219 5086 multiformibus
3237 5028 3430 5087 erroris
3453 5021 3788 5084 tenebriswt‘l-

2298 5127 2399 5186 tas,
2424 5128 2479 5176 et
2504 5120 2774 5176 altissimis
2800 5135 2829 5174 a
2851 5135 3073 5192 corpore
3100 5118 3343 5177 sordibus
3362 5118 3556 5176 oblitas.
3583 5119 3784 5179 nuntiuml

2298 5213 2398 5268 ista
2428 5214 2563 5268 ratio
2593 5212 2934 5269 subtilissima
2981 5221 3253 5269 revocaret
3277 5252 3292 5278 ,
3338 5210 3432 5267 nisi
3459 5218 3667 5267 summus
3686 5200 3784 5255 Delli

2299 5305 2539 5378 populari
2571 5303 2796 5381 quadam
2823 5303 3101 5360 clementia
3132 5303 3292 5359 divini
3317 5301 3591 5361 intellectus
3610 5284 3781 5355 auctori,

2298 5408 2460 5454 tatem
2493 5414 2661 5470 usque
2700 5397 2766 5453 ad
2793 5397 2964 5469 ipsum
2996 5412 3186 5468 corpus
3232 5397 3505 5451 humanum
3540 5387 3778 5470 declinarat

2297 5502 2456 5564 atque
2503 5468 2866 5558 submitteret;
2914 5491 3063 5562 cuius
3107 5504 3213 5565 non
3239 5489 3405 5544 solum
3446 5468 3778 5557 praesentiriad

2302 5586 2462 5643 etiam
2495 5585 2644 5641 factis
2677 5586 2918 5641 excitatae
2956 5586 3142 5642 anima:
3173 5582 3345 5640 redire
3367 5582 3418 5638 in
3444 5568 3779 5649 semetipm.‘

2362 5787 2377 5818 ί
2406 5793 2454 5837 In
2478 5791 2580 5837 Mss.
2607 5796 2755 5849 prope
2777 5783 3000 5839 omnibus
3013 5782 3207 5849 legitur.
3227 5794 3321 5842 nm
3337 5778 3396 5837 ἀι
3413 5780 3545 5835 ται

2362 5855 2381 5883 ²
2412 5857 2653 5905 Interesse,
2680 5853 2815 5905 juxta
2844 5853 2916 5900 Fr.
2934 5853 3052 5897 Ven.
3078 5853 3129 5893 at.
