3882 6274
1624 312 1666 325 -ο

22 416 59 517 ει
130 425 205 486 οετ
831 416 1199 487 ΑυκοΝιτω
1226 417 1325 515 at;
1364 417 1645 489 saeuos

1748 420 1952 491 LIBRO
1989 424 2078 487 DE
2118 425 2345 493 BEATA
2386 428 2581 488 VlTA.

128 568 332 639 respicere
350 563 587 636 patriam,
610 562 766 618 etiam
791 562 906 617 sine
927 559 1343 631 disputationum
1363 566 1629 613 concert»

128 661 232 714 tione
248 655 539 728 potuissem.

366 745 587 819 CAPUT
611 744 727 801 XX.
750 775 820 787 —
842 745 1111 800 Conclusio
1138 746 1322 817 operis.

175 843 243 898 l5.
284 839 383 894 Hoc
420 838 548 893 mihi
597 838 666 894 de
706 838 1041 905 “(ionicis
1086 838 1300 903 intefim
1343 836 1630 908 probabili.

126 946 211 999 trr,
247 943 295 989 ut
312 932 475 1003 potui,
519 931 779 1002 persuasi.
822 929 981 999 Quod
1024 930 1069 985 si
1116 930 1306 987 falsum
1348 938 1461 995 est,
1498 928 1630 991 nihil

122 1028 168 1084 ad
189 1042 272 1093 me,
296 1026 371 1081 cui
393 1023 522 1080 satis
547 1025 763 1095 estiam
800 1039 905 1080 non
931 1022 1214 1105 arbitrari,
1243 1039 1351 1090 non
1380 1037 1540 1105 posse
1563 1022 1631 1078 ab

125 1120 285 1174 homine
310 1116 523 1172 inveniri
552 1117 855 1172 veritatem.
885 1115 1136 1186 Quisquis
1156 1124 1337 1172 «tetu
1362 1125 1508 1186 putat
1528 1115 1631 1170 hoc

22 1205 65 1289 .I
118 1205 691 1283 ξαιεὶδειλωάεωὶςρε.
740 1206 914 1289 ipsum
958 1206 1268 1273 Ciceronem
1298 1206 1494 1269 audiat.
1542 1206 1631 1270 Ait

122 1301 222 1357 enim
243 1299 331 1353 illis
353 1313 550 1352 morem
586 1298 749 1353 fuisse
776 1296 1075 1352 occultandi
1105 1297 1422 1352 sententiam
1452 1312 1627 1363 suam,

119 1406 186 1446 nec
203 1404 298 1445 eam
320 1389 553 1458 cuiquam
578 1385 684 1443 nisi
710 1387 797 1458 qui
817 1402 998 1443 secum
1023 1386 1092 1453 ad
1114 1395 1444 1452 senectutem
1464 1404 1632 1460 usque

118 1486 342 1561 rixisset‘,
382 1482 592 1563 aperire
630 1496 940 1542 consuesse.
990 1481 1122 1559 Quae
1168 1480 1239 1544 sit
1280 1491 1460 1545 autem
1507 1482 1627 1552 ista,

116 1577 213 1635 Deos
234 1575 434 1641 viderit;
465 1590 586 1633 eam
612 1582 791 1629 tamen
817 1573 1044 1635 arbitror
1063 1572 1298 1631 Platonis
1316 1572 1497 1628 fuisse.
1522 1574 1629 1630 Sed

117 1678 154 1735 ut
180 1667 373 1737 breviter
409 1664 682 1747 accipiatis
707 1678 866 1719 omne
897 1665 1224 1743 propositum
1254 1679 1462 1730 meum;
1494 1680 1628 1743 quo-

114 1758 335 1843 quomodo
351 1773 404 1815 se
431 1756 629 1815 habent
655 1757 886 1813 humana
912 1756 1192 1835 sapientia,
1223 1772 1340 1819 eam
1369 1772 1455 1823 me
1475 1756 1630 1812 video

22 1849 73 1925 ,Ι
115 1851 285 1915 modum
320 1850 642 1923 percepisse.
687 1849 795 1905 Sed
823 1866 943 1905 cum
978 1850 1305 1925 trigesimum
1332 1859 1385 1904 et
1412 1850 1628 1906 tertium

115 1941 237 1997 atatis
253 1957 425 1997 annum
450 1956 609 2023 agam
653 1941 765 2023 (a),
818 1957 924 1997 non
956 1957 1042 1997 me
1070 1941 1305 2005 arbitror
1344 1941 1628 2012 deSperare

116 2027 374 2085 “teneam
403 2043 487 2082 me
536 2027 860 2100 quandoque
904 2028 1242 2099 adepturum.
1296 2028 1627 2098 Contemptis

117 2130 237 2175 tamen
269 2120 457 2185 caeteris
500 2120 757 2187 omnibus
800 2136 918 2192 quae
947 2121 1084 2186 bona
1124 2120 1376 2175 mortales
1422 2128 1623 2191 putant,

34 2207 73 2285 Ι
114 2207 197 2265 huic
216 2210 556 2281 investiganda:
579 2211 843 2266 inservire
865 2211 1137 2281 proposui.
1165 2209 1210 2264 A
1228 2226 1333 2281 quo
1354 2226 1440 2265 me
1466 2226 1627 2285 nego-

114 2302 166 2355 tio
185 2303 383 2372 quoidam
414 2304 659 2369 rationes
684 2302 1122 2367 Academicorum
1165 2317 1271 2357 non
1302 2302 1489 2358 leviter
1527 2304 1624 2357 de-

114 2394 343 2461 terrebant,
372 2397 521 2461 satis,
557 2403 619 2450 ut
651 2394 901 2463 arbitror,
933 2403 1116 2450 contra
1142 2410 1233 2449 eas
1261 2395 1360 2449 ista
1385 2395 1622 2467 disputa-

113 2484 210 2541 tione
229 2488 435 2541 munitus
460 2502 610 2542 sum.
664 2486 803 2542 Nulli
829 2495 1009 2543 autem
1039 2486 1260 2541 dubium
1304 2496 1385 2543 est
1410 2489 1623 2567 gemino

112 2577 277 2655 prodere
299 2596 386 2635 nos
412 2580 619 2665 impelli
652 2580 717 2635 ad
748 2580 1083 2648 discendum,
1112 2581 1442 2636 auctoritatis
1465 2591 1623 2653 atque

111 2670 279 2727 rationis.
312 2671 426 2727 Mihi
466 2681 655 2727 autem
699 2680 901 2728 certum
928 2681 1011 2729 est
1040 2688 1302 2743 nusquam
1340 2688 1562 2744 prorsus
1590 2690 1621 2730 a

22 2758 65 2837 1
110 2758 247 2817 Christi
283 2765 584 2820 auctoritate
622 2764 900 2821 discedere
934 2783 947 2818 :
978 2780 1084 2821 non
1110 2767 1251 2821 enim
1287 2767 1499 2837 reperio
1527 2782 1621 2822 va-

114 2849 336 2909 lentiorem.
384 2854 532 2923 Quod
584 2865 769 2911 autem
811 2856 1154 2913 subtilissima
1203 2857 1407 2913 ratione
1435 2873 1618 2928 perse-

109 2945 298 3016 quendum
326 2957 427 3016 est;
459 2949 529 3005 ita
555 2949 713 3019 enim
734 2949 848 3019 iam
880 2964 997 3004 sum
1019 2942 1240 3005 alfectus
1267 2956 1371 3014 ,‘ut
1399 2950 1524 3021 quid
1550 2952 1619 3007 sit

106 3048 233 3091 verum
251 3082 264 3107 ,
302 3054 392 3094 non
417 3040 695 3096 credendo
721 3041 893 3095 solum
922 3082 935 3105 ,
964 3040 1055 3095 sed
1083 3042 1241 3095 etiam
1274 3042 1618 3114 intelligendo

105 3132 417 3199 apprehendere
439 3134 787 3219 impatienter
804 3132 1103 3188 desiderem
1125 3152 1139 3200 ;
1162 3134 1299 3205 apud
1320 3134 1617 3192 Platonicos

103 3220 343 3278 neinterim
385 3225 522 3295 quod
571 3225 748 3281 sacris
786 3225 981 3279 nostris
1008 3242 1113 3291 non
1144 3236 1400 3299 repugnet
1428 3243 1614 3300 reper-

103 3317 226 3366 turum
244 3328 341 3370 esse
366 3316 599 3372 conlido.

145 3425 356 3493 {sepia
373 3434 472 3480 tres
636 3426 945 3493 [VM]-

147 3484 204 3547 (Β)
366 3493 512 3557 aetatis
526 3484 721 3557 agebat
736 3484 1037 3557 trigesimum
1064 3492 1279 3557 tertium,
1296 3492 1487 3557 quando
1512 3495 1614 3557 api-

99 3552 655 3615 mmmmenat
673 3552 785 3605 huic
811 3552 949 3615 Operi
970 3567 981 3603 :
999 3567 1169 3605 verum
1198 3553 1243 3603 id
1271 3552 1489 3606 scribere
1516 3552 1613 3607 cie-

414 3614 586 3681 elaiso
618 3616 777 3681 aetatis
803 3614 904 3681 suae
931 3629 1057 3681 anno
1086 3617 1338 3681 trigesimo
1365 3616 1609 3681 secundo;

95 3669 706 3749 iﬁWJnchoamm
732 3676 794 3749 ab
815 3677 924 3749 3.980
952 3675 1039 3749 fuit
1065 3669 1182 3749 ειηιὲ
1219 3691 1342 3749 vivs
1365 3678 1430 3727 de
1452 3669 1610 3749 ,βθξιιέ

192 3733 294 3794 quod
304 3736 511 3809 videlicet
531 3756 554 3785 ς
568 3750 673 3793 non
688 3745 797 3811 post
815 3732 964 3791 libros
975 3740 1039 3791 de
1052 3732 1359 3800 Academicis,
1376 3741 1464 3812 sed
1480 3741 1610 3812 inter

103 3804 131 3847 ⁸,
164 3805 203 3841 ’JS
217 3810 234 3838 ι
247 3805 294 3847 se
306 3808 539 3847 somniasse
558 3800 722 3847 erodit
737 3800 851 3847 lib.l
873 3807 1075 3847 Retract.
1092 3816 1135 3847 c.
1153 3801 1199 3847 ’2.
1211 3820 1233 3847 ei
1246 3815 1494 3847 consume
1509 3803 1608 3847 diei

126 3800 203 3873 Eis
193 3810 242 3873 ut
247 3805 297 3873 se
300 3800 545 3873 scripsisse
556 3800 722 3873 prodit
737 3800 820 3849 lib.
833 3801 851 3849 l
873 3807 1075 3873 detract.
1092 3816 1141 3873 ςςι
1153 3801 1199 3873 2,,
1211 3820 1233 3847 α
1244 3803 1494 3873 pensione
1509 3801 1608 3873 diei

264 3848 403 3924 ειιίρῗ
418 3848 511 3923 qui
534 3848 588 3911 id
622 3848 685 3911 i3
712 3848 1299 3924 nove'mms‘iaCiaésar;
1314 3848 1608 3913 suggerit;

94 3905 864 3986 domosnomen;

94 4000 1135 4079 ἥθ’-’ἰ

3226 433 3332 495 (958

1806 560 1894 615 44.
1924 560 2023 618 llic
2039 574 2315 636 postquam
2341 572 2603 629 senatoriis
2618 573 2776 630 linum
2792 591 2878 633 me
2898 575 3089 634 fecisse
3103 588 3330 648 aspexe-

1736 662 1879 719 runt,
1907 670 2230 731 quamquam
2242 660 2352 737 jam
2374 673 2488 718 erat
2503 681 2629 733 nox,
2650 668 2912 738 etaliquid
2928 670 3087 727 etiam
3105 670 3327 730 lucerna

1737 744 1880 800 illata
1907 748 2161 818 scriptum
2198 762 2344 820 erat;
2386 763 2561 812 tamen
2586 759 2657 815 illi
2684 760 3047 820 adolescentes
3073 765 3323 823 intentis-

1737 836 1873 901 sime
1908 843 2326 917 exspectabant,
2378 854 2554 912 utrum
2593 851 2813 921 Alypius
2857 851 2941 910 vel
2987 855 3093 911 alio
3138 856 3228 913 die
3263 872 3324 914 se

1736 946 2116 1002 responsurum
2144 952 2265 994 esse
2304 941 2654 1009 promittent.
2702 944 2834 999 Tum
2862 946 2949 1003 ille
2979 965 2992 1001 :
3024 947 3163 1004 Nihil
3193 949 3325 1005 mihi

1734 1024 2020 1101 aliquando
2041 1071 2056 1095 ,
2086 1030 2284 1099 inquit,
2316 1042 2422 1087 tam
2451 1050 2517 1089 ex
2548 1038 2808 1093 sententia
2846 1043 3152 1109 provenisse
3176 1043 3326 1100 afiir-

1734 1130 1884 1172 mare
1912 1129 2128 1188 paratus
2158 1135 2298 1186 sum,
2330 1138 2488 1193 quam
2515 1127 2655 1195 quod
2684 1128 2933 1185 hodierna
2964 1132 3321 1204 disputatione

1734 1204 1950 1269 discedo
1983 1220 2283 1291 superatus.
2312 1213 2423 1280 Nec
2454 1215 2608 1279 istam
2632 1234 2801 1283 meam
2832 1230 3032 1283 tantum
3065 1234 3194 1301 puto
3221 1226 3319 1284 de-

1735 1306 1861 1363 bere
1885 1326 2005 1366 esse
2028 1312 2283 1369 lntitiam.
2302 1315 2722 1381 Communia!»
2739 1334 2869 1390 ergo
2883 1336 3000 1377 eam
3023 1325 3317 1394 vobiscum,

1733 1412 2130 1461 cntwutores
2153 1407 2258 1461 mei
2283 1448 2299 1473 ,
2323 1409 2405 1462 vel
2427 1408 2634 1478 judices
2662 1412 2848 1465 nostri.
2881 1412 3321 1485 Quandoquidem

1736 1492 1838 1548 isto
1862 1508 1920 1548 se
1951 1505 2102 1566 pacto
2128 1512 2157 1557 a
2186 1497 2299 1554 suis
2327 1500 2557 1569 posteris
2583 1501 2742 1569 vinci,
2774 1502 2874 1582 ipsi
2904 1505 3064 1567 etiam
3094 1506 3319 1571 fortasse

1734 1584 2037 1642 Academici
2063 1598 2332 1661 optarunt.
2379 1590 2513 1667 Quid
2548 1593 2689 1648 enim
2737 1594 2890 1651 nobis
2930 1594 3032 1653 hoc
3055 1599 3319 1655 sermonis

1735 1676 1916 1748 lepore
1944 1680 2260 1752 jucundius,
2308 1684 2431 1756 quid
2472 1687 2858 1747 sententiarum
2898 1689 3158 1761 gravitate
3199 1706 3321 1761 per-

1733 1769 1982 1845 pensius,
2014 1772 2139 1849 quid
2165 1774 2528 1830 benevolentia
2558 1780 2883 1851 promptius,
2925 1782 3049 1857 quid
3079 1782 3320 1845 doctrina

1733 1862 1960 1941 peritius
1986 1864 2148 1920 videri
2190 1874 2283 1921 aut
2320 1866 2559 1923 exhiberi
2591 1871 2809 1945 posset?
2852 1872 3078 1929 Prorsus
3116 1890 3319 1950 nequa-

1731 1969 1886 2031 quam
1905 1954 2065 2029 digne
2084 1957 2329 2013 admirari
2351 1974 2587 2029 possum,
2613 1962 2753 2041 quod
2781 1969 2885 2023 tam
2911 1962 3082 2019 facete
3101 1980 3317 2041 aspera,

1733 2056 1837 2102 tam
1870 2048 2073 2103 fortiter
2100 2048 2377 2121 desperata
2406 2094 2420 2123 ,
2462 2062 2568 2109 tam
2599 2052 2873 2111 moderate
2902 2059 3140 2114 convicta
3161 2099 3174 2121 ,
3208 2067 3316 2114 tam

1730 2138 1960 2194 dilucide
1985 2142 2211 2197 obscura
2246 2152 2467 2207 tractata
2491 2153 2633 2200 sunt.
2661 2146 2835 2219 Quare
2850 2146 2960 2227 iam
2984 2188 2999 2213 ,
3030 2150 3157 2209 socii
3188 2151 3315 2217 mei,

1729 2235 2177 2304 exspectationem
2219 2245 2480 2305 vostram,
2524 2255 2627 2313 qua
2666 2255 2752 2294 me
2793 2239 2859 2293 ad
2889 2241 3314 2313 respondendum

1727 2326 2116 2405 provocabatis,
2147 2328 2374 2383 certiore
2401 2344 2496 2403 spe
2518 2344 2723 2384 mecum
2752 2329 2816 2384 ad
2839 2329 3147 2391 discendum
3175 2347 3309 2387 cou-

1727 2417 1934 2481 vertite.
1993 2417 2260 2475 Habemus
2300 2420 2487 2475 ducem
2530 2421 2620 2497 qui
2671 2437 2769 2476 nos
2812 2423 2864 2481 in
2914 2424 3025 2496 ipsa
3067 2426 3301 2485 veritatis

1727 2524 1915 2566 arcana
1936 2554 1950 2579 ,
1985 2512 2091 2567 Deo
2115 2512 2223 2589 jam
2256 2524 2582 2570 monstrante
2601 2557 2615 2585 ,
2641 2515 2915 2586 perducat.

1796 2625 1885 2685 45.
1915 2624 2012 2687 ilic
2038 2641 2172 2697 ego.
2195 2642 2315 2687 cum
2347 2628 2423 2689 illi
2464 2629 2648 2699 puerili
2683 2628 2912 2702 quodam
2935 2629 3131 2704 studio,
3167 2631 3312 2709 quod

1725 2718 1947 2790 Alypius
1983 2733 2335 2789 responsurus
2369 2736 2476 2781 non
2504 2721 2816 2789 videbatur.
2857 2723 3007 2795 quasi
3035 2721 3309 2785 framlatns

1725 2812 1871 2873 vultu
1916 2827 1976 2871 se
2020 2813 2360 2873 minimam
2404 2813 2726 2880 :lovidetis.
2779 2815 2993 2885 iniquam
3041 2813 3304 2887 arridens,

1725 2903 1966 2965 laudibus
2007 2903 2185 2961 meis?
2230 2903 2335 2963 Sed
2381 2905 2634 2975 quoniam
2676 2904 2743 2967 de
2790 2904 2963 2977 Alypii
3004 2903 3305 2966 constantia

1718 2997 1826 3066 jam
1864 3010 2083 3059 securus
2121 2995 2253 3061 nihil
2289 3010 2413 3057 eum
2443 2996 2639 3060 timeo;
2688 3005 2744 3057 ut
2784 3011 2882 3055 vos
2914 3010 3127 3073 quoque
3170 2994 3302 3057 mihi

1718 3087 1917 3158 gratias
1942 3088 2110 3158 agatis
2127 3129 2140 3154 ,
2168 3088 2373 3151 iutilt'no
2395 3101 2491 3145 vos
2517 3085 2775 3151 adversus
2799 3086 2950 3147 illum
2977 3085 3067 3160 qui
3098 3093 3303 3148 tantum

1719 3178 2070 3239 intentionem
2122 3187 2311 3241 vestra:
2358 3177 2767 3251 exspectationis
2822 3177 3060 3239 attendit.
3126 3178 3306 3255 Legite

1718 3269 2065 3325 Academicos
2085 3287 2098 3335 ;
2127 3280 2181 3325 et
2201 3285 2321 3324 cum
2345 3269 2412 3323 ibi
2431 3270 2683 3329 victorem
2711 3269 2865 3343 (quid
2882 3270 3020 3329 enim
3035 3267 3305 3341 facilius?)

1718 3363 1942 3426 istarum
1971 3377 2229 3436 litigatum
2260 3361 2399 3432 (Lib.
2430 3362 2447 3425 Ι
2484 3361 2730 3431 Retract,
2758 3377 2873 3435 cap.
2896 3361 2944 3425 l.
2965 3376 3015 3419 tt.
3046 3360 3123 3441 ὁ).
3152 3360 3302 3419 Cice-

1715 3469 1905 3520 ronem
1928 3454 2256 3520 inveneritis,
2283 3463 2504 3525 cogatur
2531 3453 2630 3509 iste
2659 3467 2689 3511 a
2720 3450 2870 3511 vobis
2901 3449 3041 3505 hunc
3060 3458 3303 3513 nostrum

1715 3561 2020 3611 sermonem
2066 3555 2250 3609 contra
2290 3546 2380 3607 illa
2425 3544 2618 3603 invicta
2659 3544 2966 3607 defendere.
3000 3543 3145 3603 Hanc
3185 3541 3302 3611 tibi,

1715 3639 1892 3710 Alypi,
1925 3637 2112 3701 duroto
2140 3637 2439 3703 mercedem
2466 3652 2561 3714 pro
2587 3651 2703 3693 mea
2723 3634 2849 3695 falsa
2875 3634 3027 3697 laude
3056 3634 3301 3699 restituo.

1716 3731 1812 3791 ilic
1839 3748 1960 3795 cum
1986 3732 2312 3797 arrisissent,
2338 3732 2498 3791 linem
2529 3738 2685 3789 tanta:
2711 3728 3084 3799 conﬂictionis.
3123 3736 3300 3791 utrum

1714 3824 2077 3887 iii-piissimum
2117 3821 2325 3888 nescio.
2358 3820 2651 3883 modestius
2681 3826 2859 3881 tamen
2881 3826 2934 3879 et
2962 3817 3117 3881 cilius
3139 3832 3300 3893 quam

1712 3930 2051 3986 speraveram
2081 3914 2324 3975 iecimus-

878 4294 985 4355 DE
1029 4293 1419 4370 SEQUENTI
1465 4290 1707 4355 LIBRO
1752 4291 1857 4353 DE
1910 4290 2180 4355 ΒΕΔΤΔ
2224 4288 2438 4357 ἮΤΔ.

140 4408 293 4469 Damus
313 4414 393 4470 hic
418 4415 518 4472 loci
547 4415 752 4471 librum
767 4413 834 4471 de
854 4413 1015 4470 Beata
1040 4414 1179 4482 Vita,
1208 4415 1298 4486 qui
1325 4429 1487 4485 opere
1514 4423 1697 4468 contra
1718 4411 2067 4468 Academicos
2078 4412 2185 4481 jam
2218 4409 2469 4465 inchoato
2490 4415 2652 4479 atque
2677 4405 2888 4462 interim
2916 4404 3137 4465 dimisso
3163 4422 3285 4464 sus-

88 4512 240 4575 ceptus,
257 4517 302 4563 et
349 4511 653 4566 continuata
689 4524 783 4579 per
807 4518 916 4565 tres
942 4510 1056 4565 dies
1084 4510 1439 4581 disputatione
1470 4509 1608 4581 apud
1633 4507 1940 4564 Cassiacum
1965 4507 2231 4578 perfectus
2256 4515 2357 4562 est.
2380 4503 2510 4561 Cum
2542 4519 2668 4561 vero
2689 4504 2804 4575 eius
2822 4504 3013 4561 edendi
3040 4506 3279 4562 occasio-

90 4605 182 4651 nem
207 4588 415 4657 natalitio
435 4618 532 4659 suo
559 4602 651 4659 die
678 4601 854 4657 idibus
876 4602 1177 4658 novembris
1195 4612 1501 4658 recurrente
1534 4603 1661 4675 (quo
1679 4600 1925 4656 videlicet
1947 4600 2035 4656 die
2064 4601 2115 4655 in
2141 4615 2337 4654 annum
2365 4599 2478 4669 ipse
2494 4613 2604 4653 sua:
2624 4597 2794 4654 aetatis
2827 4599 3155 4670 trigesimum
3173 4610 3283 4657 ter-

95 4680 190 4740 tium
210 4693 639 4766 progrediebatur)
675 4703 884 4749 nactum
912 4709 970 4748 se
995 4694 1134 4749 dicat
1163 4694 1506 4765 Augustinus,
1536 4700 1783 4749 constare
1826 4693 2044 4748 omnino
2068 4691 2225 4747 debet
2261 4706 2395 4761 opus
2417 4697 2720 4760 utrumque,
2739 4704 2863 4746 cum
2891 4690 2991 4747 hoc
3015 4691 3083 4746 de
3114 4692 3275 4749 Beata

90 4770 196 4844 Vita,
215 4789 307 4837 tum
324 4784 445 4841 illud
466 4795 653 4843 contra
685 4784 1033 4845 Academicos
1057 4785 1380 4841 elaboratum
1404 4783 1567 4841 fuisse
1592 4793 1822 4842 exeunte
1848 4784 2045 4839 Christi
2071 4798 2209 4837 anno
2240 4782 2612 4837 trecentesimo
2639 4782 2964 4853 octogesimo
2988 4792 3158 4851 sexto,
3187 4786 3280 4858 qui

89 4863 216 4947 ipsius
230 4880 555 4945 conversione
570 4877 794 4949 insignis
828 4878 942 4934 fuit.

141 4961 265 5031 Hisce
291 4984 437 5051 porro
460 4972 528 5033 de
554 4956 719 5031 Beata
750 4972 860 5026 Vita
907 4971 1374 5055 disputationibus,
1407 4986 1538 5042 quas
1579 4970 1746 5026 festivi
1783 4984 1845 5024 ac
1874 4968 2126 5024 solemnis
2170 4969 2338 5024 instar
2363 4968 2504 5038 epuli
2540 4968 2845 5035 exhibebat,
2882 4970 3073 5029 adesse
3110 4973 3277 5029 voluit

93 5055 358 5123 convictores
379 5078 502 5119 suos
520 5079 733 5133 omnes,
762 5073 921 5139 atque
952 5065 1003 5119 iu
1028 5064 1210 5135 primis
1227 5064 1521 5119 Monnicam
1549 5074 1771 5119 matrem
1794 5078 1966 5127 suam,
2002 5078 2121 5132 qua:
2147 5063 2526 5118 sententiarum
2563 5078 2780 5119 suarum
2805 5067 3068 5135 gravitate
3095 5082 3160 5123 ac
3188 5084 3276 5122 sa-

92 5144 240 5215 Ρῖθηιίδ
261 5167 528 5223 pmsentes
559 5157 614 5212 in
638 5156 1042 5212 admirationem
1089 5157 1282 5227 rapuit,
1306 5157 1634 5212 exclamaute
1672 5157 1832 5212 etiam
1862 5156 2156 5226 Augustino
2181 5173 2193 5209 :
2228 5152 2405 5227 Ipsam
2428 5172 2655 5227 prorsus,
2697 5166 2876 5227 mater,
2902 5176 3073 5215 arcem
3112 5160 3284 5232 philo-

96 5241 244 5309 ⁸οράίο
263 5251 465 5304 tenuisti.

144 5329 306 5403 Dieavit
326 5339 511 5403 librum
540 5342 684 5407 hunc
722 5339 1025 5409 Theodoro,
1053 5340 1204 5411 cujus
1230 5340 1614 5403 consuetudine
1647 5340 1787 5413 apud
1826 5338 2181 5395 Mediolanum
2227 5339 2427 5411 potitus
2453 5349 2590 5407 erat,
2621 5339 2698 5394 uti
2717 5340 2927 5394 satisan
2959 5338 3268 5409 prolatione

379 5433 426 5490 Is
448 5450 575 5499 vero
616 5435 704 5491 cui
734 5433 927 5501 Manlio
970 5447 1277 5503 praenomen
1312 5431 1476 5489 fuisse
1502 5433 1554 5495 in
1593 5433 1987 5497 Retractatioue
2017 5431 2233 5495 indicat,
2277 5446 2384 5487 non
2408 5431 2618 5493 videtur
2640 5447 2761 5495 esse
2780 5431 2914 5491 alius
2940 5432 3004 5487 ab
3033 5444 3097 5489 eo
3123 5429 3279 5499 cuius

94 5519 282 5579 meminit
298 5525 346 5582 in
367 5528 453 5589 lib.
475 5530 543 5591 18
564 5527 633 5585 de
669 5527 894 5587 Civitate
914 5527 1029 5595 Dei,
1053 5543 1101 5583 c.
1132 5527 1200 5583 54
1225 5544 1237 5580 :
1268 5526 1357 5598 qui
1397 5525 1643 5581 videlicet
1669 5526 2002 5580 consulatum
2036 5527 2203 5596 gessit
2229 5539 2370 5578 anno
2417 5523 2613 5580 Christi
2644 5523 2766 5590 399,
2799 5532 2851 5577 et
2886 5522 2989 5576 alia
3023 5521 3277 5590 praeclara

92 5618 264 5668 munera
284 5617 374 5673 sub
394 5618 612 5677 diversis
646 5619 1053 5692 imperatoribus
1089 5619 1297 5690 egregie
1332 5618 1611 5686 sustinuit;
1638 5616 1781 5673 unde
1809 5616 1957 5671 illum
1997 5615 2323 5672 Claudianus
2355 5617 2673 5688 panogyrieo
2710 5615 2765 5669 in
2801 5613 2921 5683 eius
2947 5611 3277 5675 mutatum

96 5699 207 5759 edito
225 5713 432 5771 carmine
457 5715 738 5786 plurimum
754 5714 1115 5771 commendat.

310 5800 524 5887 librum
549 5807 610 5879 1,
642 5826 780 5887 cap.
811 5806 875 5883 2,
900 5803 1476 5883 Retractationum,
1503 5803 1624 5881 eoi.
1650 5803 1789 5881 588,
1818 5803 1856 5865 ὰ
1882 5803 2103 5875 verbis,
2128 5808 2392 5870 Librum
2414 5807 2493 5868 de
2515 5806 2731 5873 Beata,
2753 5819 2949 5884 usque
2970 5799 3058 5865 ad
3076 5799 3286 5884 verba,

98 5868 451 5959 Philosophia;
477 5868 753 5964 potioni.
860 5868 874 5883 ’
957 5868 1041 5949 Μ.
