3804 6398
1570 710 2337 796 HIPPONENSIS
2371 710 2905 796 EPISCOPI

1253 868 1574 1026 DE
1681 863 2485 1025 BEATA
2602 867 3176 1028 VITA

1740 1091 2219 1237 LIBER
2327 1091 2768 1204 UNU’S.

636 1282 901 1333 Triduanas
921 1283 1000 1334 hic
1023 1281 1150 1334 liber
1171 1280 1509 1345 cornpleetitur
1529 1279 1886 1345 disputationes
1904 1277 2155 1328 Theodoro
2169 1285 2499 1341 nuncupatas;
2524 1277 2702 1342 quibus
2727 1291 2789 1328 eo
2809 1277 3008 1330 demum
3030 1291 3114 1331 res
3129 1279 3247 1342 abit,
3269 1286 3324 1331 ut
3343 1279 3523 1335 beatam
3553 1286 3671 1337 vitam
3696 1300 3761 1339 ιιοιι

568 1346 662 1397 nisi
684 1346 736 1395 in
756 1345 978 1409 perfecta
999 1347 1086 1398 Dei
1102 1340 1380 1409 cognitione
1401 1340 1672 1395 consistere
1693 1340 1967 1392 deﬁniatur.

1575 1460 2143 1496 *ἢ

567 1568 793 1627 CAPUT
831 1568 1186 1627 PRIMUM.—
1208 1569 1480 1642 Prwfatio.
1513 1569 1661 1624 Dicat
1673 1569 1855 1623 librum
1873 1565 2155 1632 Theodoro,

638 1664 780 1732 eique
803 1664 967 1736 aperit
994 1663 1173 1735 quibus
1202 1665 1357 1718 veluti
1380 1663 1536 1718 ventis
1565 1662 1632 1716 ad
1660 1661 1949 1717 christiana:
1987 1658 2157 1731 philo-

638 1757 831 1829 sophice
855 1766 1056 1827 portum
1084 1757 1333 1829 impulsus
1351 1757 1414 1810 sit
1423 1795 1435 1809 .
1469 1755 1680 1810 Occasio
1701 1752 2078 1825 disputationis.

643 1852 695 1906 1.
725 1849 780 1906 Si
812 1849 876 1906 ad
905 1849 1254 1921 philosophia:
1281 1859 1512 1920 portum,
1546 1847 1614 1903 de
1641 1863 1745 1918 quo
1766 1847 1877 1918 jam
1906 1847 1958 1900 in
1989 1845 2159 1900 beata:

567 1943 690 1997 vitae
713 1941 980 2011 regionem
1005 1940 1283 2011 solumque
1317 1938 1642 2011 proceditur,
1672 1938 1751 1992 vir
1777 1937 2159 1993 humanissime

569 2045 730 2108 atque
756 2049 968 2106 magne,
995 2033 1299 2102 Theodore,
1338 2032 1542 2088 ratione
1570 2031 1841 2087 institutus
1867 2044 2074 2096 cursus,
2104 2037 2160 2085 et

566 2127 809 2184 voluntas
844 2124 958 2197 ipsa
987 2124 1335 2196 perduceret;
1371 2123 1552 2179 nescio
1579 2133 1753 2178 utrum
1781 2130 1982 2176 temere
2007 2120 2156 2176 dixe—

565 2219 666 2276 rim
689 2261 705 2288 ,
734 2218 901 2274 multo
927 2217 1148 2272 minoris
1174 2216 1379 2272 numeri
1405 2215 1651 2270 homines
1677 2214 1743 2269 ad
1782 2229 1905 2270 eum
1934 2227 2159 2284 perven-

564 2322 709 2369 turos
734 2310 917 2378 fuisse,
960 2309 1203 2381 quamvis
1232 2323 1374 2363 nunc
1407 2321 1639 2378 quoque,
1673 2316 1730 2361 ut
1756 2305 2019 2371 videmus,
2050 2303 2158 2359 rari

563 2401 848 2460 admodum
872 2399 1135 2472 paucique
1170 2399 1504 2470 perveniant.
1547 2396 1679 2451 Cum
1725 2395 1867 2451 enim
1912 2395 1968 2450 in
2018 2395 2160 2452 hunc

562 2494 843 2560 mundum,
874 2491 986 2546 sive
1009 2491 1172 2557 Deus,
1200 2490 1313 2545 sive
1338 2497 1546 2556 natura,
1570 2489 1682 2544 sive
1705 2489 2016 2556 necessitas,
2047 2488 2160 2545 sive

564 2586 810 2643 voluntas
841 2593 1041 2650 nostra,
1069 2585 1180 2639 sive
1203 2582 1486 2653 conjuncta
1513 2583 1701 2637 horum
1725 2582 1922 2653 aliqua,
1951 2584 2062 2638 sive
2088 2583 2161 2638 si-

566 2677 680 2733 mul
709 2676 885 2750 omnia
915 2675 1036 2747 (res
1071 2675 1214 2730 enim
1254 2674 1476 2730 multum
1525 2674 1750 2730 obscura
1793 2683 1913 2741 est,
1954 2675 2047 2730 sed
2078 2684 2157 2729 ta-

561 2782 684 2823 men
704 2781 736 2822 a
764 2773 817 2821 te
840 2765 949 2836 jam
971 2763 1281 2821 illustranda
1301 2762 1582 2837 suscepta)
1615 2764 1779 2820 veluti
1809 2765 1861 2820 in
1891 2764 2158 2835 quoddam

561 2857 919 2929 procellosum
947 2855 1117 2913 salum
1153 2870 1254 2911 nos
1281 2855 1432 2926 quasi
1475 2863 1676 2911 temere
1702 2855 2005 2926 passimque
2033 2872 2156 2926 pro-

562 2949 788 3021 iecerit;
817 2950 1239 3020 quotusquisque
1264 2957 1612 3020 cognosceret
1633 2964 1738 3020 quo
1763 2948 1864 3005 sibi
1885 2949 2157 3005 nitendum

564 3049 728 3108 esset,
777 3056 949 3113 quave
993 3041 1347 3109 redeundum,
1393 3041 1496 3096 nisi
1545 3041 1832 3112 aliquando
1869 3051 1924 3096 et
1967 3043 2158 3098 invitos

563 3142 858 3203 contraque
895 3132 1198 3189 obnitentes
1240 3133 1412 3203 aliqua
1455 3142 1743 3204 tempestas
1766 3174 1782 3200 ,
1827 3149 1946 3204 quae
1983 3135 2158 3191 stultis

561 3225 772 3282 videtur
803 3225 1026 3281 adversa
1050 3267 1067 3292 ,
1107 3226 1160 3281 in
1205 3226 1593 3297 optatissimam
1635 3235 1832 3282 terram
1862 3228 2158 3284 nescientes

563 3327 911 3388 errantesque
940 3318 1346 3393 compingeret?

631 3407 686 3462 Ξ.
710 3407 874 3478 Igitur
888 3408 1164 3464 hominum
1183 3425 1318 3480 quos
1338 3409 1672 3481 philosophia
1695 3418 1868 3480 potest
1891 3411 2155 3480 accipere,

564 3501 665 3557 tria
702 3503 854 3572 quasi
899 3502 1257 3572 navigantium
1305 3517 1507 3573 genera
1553 3501 1684 3558 mihi
1727 3501 1911 3558 videor
1953 3503 2154 3560 videre.

563 3593 740 3652 Unum
769 3603 853 3650 est
877 3610 1086 3662 eorum,
1115 3610 1249 3666 quos
1279 3594 1371 3650 ubi
1397 3604 1528 3650 aetas
1555 3610 1775 3666 compos
1809 3596 2034 3651 rationis
2073 3611 2160 3652 as-

563 3689 872 3759 sumpserit,
892 3704 1056 3759 parvo
1075 3689 1278 3760 impetu
1304 3688 1564 3760 pulsuque
1586 3704 1856 3745 remorum
1887 3689 1954 3744 de
1979 3690 2158 3760 proxi-

566 3797 654 3836 mo
679 3780 916 3852 fugiunt,
956 3796 1180 3851 seseque
1222 3781 1463 3837 condunt
1502 3782 1553 3837 in
1595 3781 1684 3837 illa
1733 3783 2113 3853 tranquillitate
2137 3827 2152 3852 ,

561 3873 702 3928 unde
726 3873 936 3929 caneris
976 3872 1184 3928 civibus
1221 3873 1412 3944 quibus
1453 3882 1706 3944 possunt,
1753 3888 1859 3945 quo
1898 3873 2155 3928 admoniti

560 3975 820 4022 conentur
867 3965 934 4021 ad
975 3981 1068 4033 se,
1111 3965 1494 4021 lucidissimum
1544 3967 1750 4037 signum
1799 3967 1882 4022 sui
1929 3967 2187 4044 alicujus,

561 4058 740 4129 aperis
766 4059 995 4128 erigunt.
1028 4057 1270 4113 Alterum
1298 4072 1426 4113 vero
1450 4065 1533 4113 est
1557 4072 1763 4126 eorum,
1788 4059 2156 4128 superiorique

2148 1451 2248 1502 Θ

2249 1457 2818 1495 μή

2265 1564 2559 1636 perducat?
2587 1565 2744 1637 hujus
2772 1569 2981 1639 generis
3011 1577 3187 1626 tamen
3217 1569 3448 1642 plerique
3471 1572 3663 1630 nondum
3681 1575 3762 1631 lon-

2263 1655 2379 1727 gius
2400 1658 2626 1728 evagati,
2650 1658 2963 1729 quibusdam
2991 1675 3100 1715 non
3122 1660 3196 1715 ita
3215 1661 3455 1732 gravibus
3480 1663 3687 1720 molestiis
3703 1683 3763 1722 re-

2263 1747 2543 1805 ducuntur.
2568 1749 2633 1805 Hi
2655 1759 2777 1806 sunt
2798 1751 3059 1817 homines,
3082 1766 3218 1823 quos
3238 1767 3356 1808 cum
3377 1753 3458 1808 vel
3479 1754 3763 1828 Iacrymabiles

2263 1842 2536 1914 tragoedia:
2573 1842 2906 1901 fortunarum
2933 1861 3148 1902 suarum
3172 1889 3188 1915 ,
3218 1846 3303 1902 vel
3343 1846 3560 1903 inanium
3589 1852 3764 1920 negotio«
3796 1845 3797 1898 ξ

2262 1951 2380 1990 rum
2419 1937 2591 1993 anxia:
2630 1937 3003 2007 difficultates,
3049 1940 3204 2011 quasi
3242 1940 3374 1994 nihil
3415 1940 3543 1996 aliud
3579 1941 3764 1999 habentes

2263 2027 2404 2099 quod
2434 2037 2621 2100 agant,
2657 2031 2712 2085 in
2750 2031 2912 2087 libros
2937 2031 3216 2089 doctorum
3245 2034 3764 2106 sapientissimommqne
3796 2021 3797 2096 ἧ

2263 2119 2542 2176 hominum
2570 2122 2844 2188 truserint,
2884 2124 2935 2178 in
2978 2123 3094 2195 ipso
3133 2125 3516 2196 quodammodo
3549 2130 3764 2199 portnevi-

2262 2211 2446 2282 gilant,
2475 2213 2618 2269 unde
2645 2213 2764 2270 illos
2791 2215 2932 2271 nulla
2958 2217 3122 2272 maris
3164 2217 3305 2273 illius
3339 2220 3577 2289 promissa
3599 2220 3758 2276 nimium

2263 2301 2398 2358 falso
2427 2303 2651 2361 ridentis
2691 2307 2994 2362 excludant.
3039 2309 3133 2364 Est
3164 2317 3344 2366 autem
3381 2326 3532 2382 genus
3558 2313 3666 2368 inter
3689 2312 3764 2366 hac
3796 2301 3797 2372 l

2264 2396 2481 2450 tertium
2511 2412 2698 2452 eorum
2719 2438 2736 2464 ,
2777 2398 2867 2470 qui
2896 2399 2979 2455 vel
3006 2399 3058 2455 in
3087 2400 3208 2471 ipso
3232 2402 3578 2459 adolescentia:
3610 2403 3763 2470 limine,
3796 2397 3797 2468 ξ

2263 2487 2348 2542 vel
2370 2487 2479 2557 jam
2519 2489 2606 2544 diu
2638 2491 2972 2563 multumque
2993 2491 3204 2562 jactati,
3236 2503 3410 2551 tamen
3438 2496 3641 2568 quaedam
3664 2498 3766 2568 signa

2263 2578 2574 2648 respiciunt,
2618 2589 2672 2636 et
2723 2597 2833 2637 suae
2873 2583 3202 2641 dulcissima:
3248 2587 3464 2658 patriae,
3505 2591 3698 2660 quamvis
3732 2573 3797 2660 ini

2262 2671 2392 2742 ipsis
2417 2673 2664 2731 ﬂuctibus
2685 2677 3032 2732 recordantur
3059 2697 3073 2730 :
3100 2688 3157 2734 et
3179 2688 3273 2735 aut
3289 2689 3431 2736 recto
3449 2696 3583 2737 cursu
3605 2682 3647 2736 in
3665 2681 3767 2736 nullo

2263 2764 2410 2832 falsi,
2446 2775 2499 2822 et
2529 2767 2655 2822 nihil
2685 2771 2896 2837 morati,
2937 2785 3054 2826 eam
3099 2781 3390 2842 repetunt;
3419 2784 3505 2829 aut
3533 2774 3767 2844 plerumque
3796 2769 3797 2844 ξ

2265 2857 2348 2911 vel
2381 2858 2517 2913 inter
2545 2859 2722 2914 nubila
2753 2861 3029 2917 deviantes
3049 2905 3065 2930 ,
3093 2863 3187 2918 vel
3225 2865 3508 2935 mergentia
3533 2873 3766 2920 contuentes
3796 2857 3797 2935 ξ

2263 2946 2458 3014 sidera,
2490 2949 2572 3004 vel
2601 2950 2866 3006 nonnullis
2888 2951 3154 3007 illecebris
3182 2953 3360 3024 capti,
3388 2953 3525 3010 bona
3546 2954 3764 3023 navigatio-
3796 2957 3797 2988 ῖ

2264 3042 2345 3095 nis
2380 3049 2618 3112 tempora
2662 3043 2998 3111 differentes,
3043 3055 3235 3101 errant
3262 3046 3485 3114 diutius,
3512 3061 3626 3116 satpe
3645 3046 3762 3100 etiam

2264 3133 2647 3202 periclitantur.
2675 3135 2819 3204 Quos
2857 3137 2982 3192 item
3027 3153 3177 3208 saepe
3209 3140 3458 3195 nonnulla
3481 3139 3526 3195 in
3546 3139 3665 3193 ﬂuxis
3688 3137 3769 3191 tor-

2265 3223 2406 3278 tunis
2433 3225 2731 3293 calamitas,
2763 3229 2913 3297 quasi
2943 3229 3232 3286 conatibus
3260 3245 3441 3287 eorum
3467 3230 3638 3285 adversa
3658 3237 3765 3282 tem-

2265 3327 2440 3386 pestas
2465 3360 2478 3383 ,
2519 3319 2570 3373 in
2612 3321 2997 3389 optatissimam
3034 3323 3268 3394 patriam
3293 3326 3310 3356 ί
3339 3325 3629 3396 quietamque
3654 3336 3767 3378 com—

2265 3409 2432 3478 pellit.

2335 3502 2386 3556 5.
2421 3501 2514 3557 llis
2557 3513 2732 3559 autem
2774 3505 3042 3572 omnibus,
3080 3507 3176 3577 qui
3220 3521 3538 3578 quocumque
3571 3503 3696 3560 modo
3722 3501 3767 3556 ad

2262 3593 2430 3649 beatae
2470 3595 2590 3648 vita:
2630 3596 2901 3664 regionem
2945 3595 3214 3665 feruntur,
3260 3614 3396 3654 unus
3437 3596 3764 3653 immanissimus

2262 3700 2415 3739 mons
2442 3693 2566 3739 ante
2592 3685 2761 3755 ipsum
2797 3696 3003 3756 portum
3033 3690 3387 3758 constitutus,
3430 3688 3510 3760 qui
3541 3686 3668 3747 etiam
3691 3699 3768 3738 ina-

2261 3793 2394 3848 gnas
2424 3779 2840 3848 ingredientibus
2866 3780 3031 3850 gignit
3057 3782 3362 3852 angustias,
3394 3778 3770 3836 vehementissime

2261 3869 2664 3936 formidandus,
2717 3872 3127 3944 cautissimeque
3171 3874 3420 3930 vitandus
3462 3882 3551 3930 est.
3589 3870 3690 3927 Nam
3723 3869 3770 3922 ita

2261 3961 2444 4031 fulget,
2479 3963 2548 4016 ita
2581 3964 2868 4019 mentiente
2890 3965 2978 4018 illa
3010 3965 3127 4020 luce
3160 3968 3390 4022 vestitur
3415 4009 3428 4030 ,
3457 3978 3508 4020 ut
3542 3980 3628 4020 non
3648 3961 3771 4017 solum

2261 4054 2689 4122 pervenientibus
2715 4096 2727 4118 ,
2764 4056 3103 4127 nondumque
3132 4059 3394 4130 ingressis
3432 4054 3711 4114 incolendum
3733 4065 3773 4105 se

561 4147 908 4214 contrarium,
940 4147 1030 4218 qui
1060 4145 1400 4202 fallacissima
1428 4146 1562 4202 facie
1591 4149 1754 4203 maris
1779 4147 2006 4219 decepti,
2039 4150 2151 4204 ele-

565 4250 758 4312 gerunt
802 4241 854 4295 in
893 4240 1127 4296 medium
1171 4240 1456 4311 progredi,
1489 4241 1748 4312 longeque
1789 4257 1817 4294 a
1848 4257 1940 4296 sua
1980 4243 2152 4314 patria

567 4332 889 4405 peregrinari
916 4332 1133 4400 audent,
1165 4341 1215 4388 et
1239 4346 1381 4402 saepe
1405 4333 1521 4402 ejus
1543 4332 1943 4388 obliviscuntur.
1975 4333 2082 4389 Hos
2106 4333 2149 4389 si

563 4427 747 4482 nescio
776 4441 882 4497 quo
914 4434 969 4480 et
1013 4425 1170 4479 nimis
1213 4423 1410 4479 latente
1451 4423 1612 4479 modo
1652 4440 1682 4479 a
1713 4424 1872 4494 puppi
1920 4434 2146 4492 ventus,

561 4532 719 4587 quem
747 4531 1057 4586 prosperum
1090 4523 1294 4585 putant,
1322 4515 1478 4570 fuerit
1506 4525 1840 4585 prosecutus,
1872 4523 2151 4584 penetrant

559 4608 612 4664 in
635 4608 889 4664 altissima
931 4608 1263 4664 miseriarum
1293 4607 1416 4663 elati
1454 4615 1610 4678 atque
1650 4607 1940 4679 gaudentes
1963 4650 1979 4674 ,
2009 4607 2148 4677 quod

561 4698 639 4752 eis
689 4712 1064 4770 usquequaque
1117 4697 1455 4754 fallacissima
1504 4699 1765 4754 serenitas
1819 4699 2147 4769 voluptatum

560 4786 929 4860 honorumque
952 4789 1240 4846 blanditur.
1264 4790 1357 4845 His
1383 4789 1618 4861 profecto
1643 4790 1768 4861 quid
1793 4790 1934 4845 aliud
1960 4800 2148 4860 optan-

2260 4147 2440 4204 olTerat
2469 4189 2484 4214 ,
2530 4157 2583 4203 et
2617 4165 2801 4204 eorum
2842 4150 3208 4208 voluntatibus
3247 4169 3345 4224 pro
3385 4155 3490 4224 ipsa
3525 4152 3649 4206 beata
3674 4156 3797 4224 terra;

2258 4241 2648 4295 satisfacturum
2700 4240 3048 4309 polliceatur;
3117 4243 3214 4298 sed
3265 4243 3562 4314 plerumque
3597 4238 3652 4294 de
3693 4229 3797 4314 ipso}

2258 4340 2413 4401 portu
2438 4331 2501 4386 ad
2543 4345 2660 4385 sese
2691 4330 2932 4386 homines
2976 4333 3167 4388 invitat
3194 4376 3209 4399 ,
3245 4349 3440 4404 eosque
3467 4339 3766 4396 nonnunquam

2256 4423 2458 4478 detinet
2496 4425 2606 4493 ipsa
2642 4423 2920 4478 altitudine
2950 4424 3276 4490 delectatos,
3322 4425 3458 4481 unde
3494 4432 3681 4480 cmteros
3708 4415 3797 4493 (ιε-ἦ

2256 4514 2460 4583 spicere
2496 4513 2675 4568 libeat.
2709 4513 2770 4566 lli
2806 4523 2981 4568 tamen
3010 4513 3309 4570 admonent
3349 4531 3488 4584 smpe
3525 4513 3768 4570 venientes.

2255 4620 2322 4660 ne
2352 4614 2440 4659 aut
2470 4603 2691 4659 occultis
2721 4604 2901 4658 subter
2929 4605 3162 4674 scopulis
3191 4606 3536 4678 decipiantur,
3561 4610 3639 4660 aut
3660 4598 3708 4652 ad
3731 4610 3768 4649 se
3796 4598 3797 4672 ᾗ

2254 4693 2542 4748 ascendere
2587 4693 2736 4748 facile
2774 4703 2990 4764 putent;
3022 4703 3076 4749 et
3115 4711 3219 4766 qua
3264 4698 3382 4752 sine
3411 4694 3620 4767 periculo
3642 4692 3797 4758 ingre‘

2252 4785 2466 4840 diantur
2495 4795 2709 4856 propter
2745 4786 2884 4840 illius
2925 4795 3078 4841 terra:
3121 4788 3477 4850 vicinitatem,
3520 4780 3797 4856 benevolum

557 4877 685 4932 dum
711 4887 832 4946 est,
865 4895 1018 4949 quam
1057 4880 1299 4951 quaedam
1339 4881 1390 4935 in
1419 4880 1524 4935 illis
1553 4881 1710 4937 rebus
1735 4896 1763 4934 a
1793 4880 1983 4951 quibus
2019 4879 2147 4950 jacti

558 4970 924 5041 excipiuntur,
960 4973 1328 5046 improspera;
1358 4985 1445 5042 et,
1487 4975 1532 5030 si
1563 4991 1749 5046 parum
1777 4984 1888 5042 est,
1919 4975 2144 5030 smviens

555 5063 773 5119 omnino
797 5072 1105 5135 tempestas,
1127 5067 1504 5136 contrarieque
1526 5065 1664 5122 ﬂans
1693 5075 1897 5134 ventus,
1929 5067 2018 5138 qui
2046 5081 2141 5121 eos

552 5156 620 5213 ad
649 5165 793 5214 certa
823 5164 878 5213 et
903 5156 1072 5212 solida
1108 5156 1296 5230 gaudia
1318 5158 1335 5190 ¹
1354 5201 1368 5227 ,
1420 5159 1502 5214 vel
1540 5157 1730 5215 ﬂentes
1763 5167 2142 5230 gementesque

2255 4877 2456 4932 tissime
2481 4877 2691 4932 docent.
2720 4875 2793 4931 Ita
2821 4893 2942 4932 cum
2968 4878 3044 4932 eis
3087 4877 3328 4934 invident
3353 4879 3658 4933 vanissimam
3689 4870 3769 4939 glo-
3796 4867 3797 4939 ᾗ

2253 4969 2406 5034 riam,
2433 4969 2606 5023 locum
2635 4969 2933 5024 securitatis
2957 4969 3266 5025 ostendunt.
3281 4971 3412 5025 Nam
3429 4984 3573 5040 quem
3589 4973 3766 5021 montem

2251 5061 2410 5114 alium
2441 5062 2554 5114 vult
2582 5060 2796 5131 intelligi
2827 5062 2960 5116 ratio
2989 5063 3464 5134 propinquantibus
3487 5062 3547 5117 ad
3588 5059 3764 5131 philosoo
3796 5061 3797 5134 ᾖ

2252 5153 2425 5226 phiam
2452 5154 2772 5224 ingrcssisve
2792 5155 3153 5222 metuendum,
3175 5157 3276 5212 nisi
3298 5157 3570 5227 superbum
3588 5151 3760 5210 studium
3796 5151 3797 5227 ξ

1786 5285 2047 5324 ΑΩΙΟΝΠἸΟ
2077 5288 2151 5323 PP.
2185 5284 2610 5323 MEDICTINOBUH.

614 5360 884 5422 Castigatus
905 5363 985 5408 est
995 5356 1066 5422 ad
1087 5363 1194 5406 Mss.
1218 5355 1428 5422 codices,
1467 5357 1746 5422 Sorbonieos
1783 5362 1907 5418 tres,
1926 5421 1931 5422 γ
1948 5358 2256 5416 Victorinum,
2280 5353 2637 5422 Genoveheum,
2664 5353 3012 5422 Michaelinum,
3035 5353 3336 5422 Tbuaneum,
3375 5353 3634 5422 casalinuni,
3653 5357 3758 5422 Amit-

545 5416 768 5482 tensem;
783 5419 1200 5482 cirsterciensem,
1216 5417 1552 5482 rvedastinum,
1577 5419 1795 5480 Regium,
1820 5416 2312 5482 Regiomontensem,
2348 5431 2376 5466 e
2401 5416 2691 5482 bibliotheca
2713 5416 2908 5482 (‘pllegii
2933 5417 3161 5465 Navarrici
3185 5417 3309 5482 duos
3325 5451 3346 5482 ,ί
3364 5431 3393 5467 e
3417 5416 3672 5466 biblietheca
3796 5421 3797 5482 ᾖ

545 5466 666 5545 168's
671 5466 956 5532 ﬁliasue;
971 5466 1429 5544 λιιᾷιιὲῑίὸἰωιοὲιιιιι
1453 5466 1595 5529 Paris.
1607 5466 1756 5528 unum
1770 5466 1794 5541 ς’
1807 5466 1874 5529 ad,
1887 5466 2137 5531 variante—sf

551 5543 795 5594 editiones
816 5542 925 5594 Bad.
951 5551 1052 5592 Am.
1077 5548 1151 5593 Er.
1176 5548 1284 5592 ιον.

2265 5466 2402 5530 ioncs
2423 5492 2450 5528 a
2473 5466 2925 5529 Lovaniensibusvex
2949 5484 3150 5542 quatuor
3173 5466 3381 5542 Belgicis
3393 5485 3647 5540 excerptas;
3663 5477 3700 5520 et
3714 5466 3754 5514 id
3796 5466 3797 5520 Ψ

629 5626 1146 5710 Comparavimus
1173 5633 1476 5710 praterea
1508 5645 1608 5690 eas
1643 5643 1848 5690 omnes
1882 5626 2184 5691 editiones
2223 5627 2408 5691 initio
2448 5625 2995 5688 Retractationum
3044 5625 3105 5680 el
3136 5615 3610 5682 Confessionum
3641 5628 3753 5680 πιε-

458 5696 468 5706 ’
564 5696 859 5774 moratus.
1080 5708 1168 5771 M.

2304 5813 2319 5843 ί
2345 5813 2416 5862 Sic
2454 5810 2634 5874 aliquot
2671 5819 2775 5863 Mss.
2797 5819 2852 5863 At
2888 5817 2995 5862 nov.
3038 5816 3089 5862 et
3129 5805 3211 5859 alii
3247 5807 3442 5871 Cdd.,in
3469 5799 3752 5872 Optatissimum

614 5811 835 5922 :‘g’latttss.
859 5812 1074 5878 quinque
1105 5812 1305 5877 legitur,
1342 5810 1523 5876 quieos
1544 5815 1750 5876 atterat,
1790 5818 1838 5864 et
1873 5813 1939 5865 ad
1976 5811 2132 5866 solida

2304 5813 2319 5843 ί
2345 5813 2381 5860 Si

2263 5877 2381 5922 vtam

549 5871 744 5930 uaudta.
