3882 6274
40 151 80 256 Ε

131 351 208 415 est
689 283 714 290 θ’
995 341 1079 398 os
1121 337 1349 397 unus
1383 333 1563 402 vna,
1606 332 1665 389 s.
1697 325 2070 390 AUGUSTINI
2105 329 2309 392 LIBER
2345 334 2541 394 unus.

137 465 411 530 inanissima!
435 462 636 536 gloriae
666 503 680 517 .
712 460 855 534 quod
883 460 954 516 ita
978 459 1111 515 nihil
1137 457 1279 512 intus
1302 456 1518 527 plenum
1545 459 1702 520 atque

144 563 320 624 solidum
347 558 544 624 habet,
595 566 656 612 ut
687 555 899 611 inﬂatos
939 552 1037 609 sibi
1067 546 1558 620 superambulautcs
1583 558 1704 598 sue-

144 664 349 728 mpante
377 650 558 722 fragili
603 650 723 705 solo
750 647 1022 716 demergat
1061 659 1125 699 ac
1170 641 1402 704 sorbeat,
1438 638 1619 708 eisque
1649 637 1700 691 in

144 727 344 804 teuebt‘as
371 740 640 798 revolutis
662 780 678 806 ,
711 739 902 809 eripiat
941 733 1411 792 luculentissimam
1451 731 1696 795 domum,

141 853 258 911 quam
285 849 416 906 pene
440 833 556 903 jam
576 829 858 886 viderant?

187 930 230 986 ι.
255 927 377 994 Quae
403 942 530 981 cum
555 925 629 980 ita
657 925 787 985 sint.
813 922 1015 992 accipe,
1041 918 1115 975 mi
1138 916 1444 981 Theodore,
1473 929 1702 984 namque

142 1023 251 1080 adid
278 1020 417 1092 quod
445 1018 723 1081 desidero,
759 1026 809 1072 te
848 1030 1013 1070 unum
1048 1014 1277 1077 intueor,
1311 1018 1468 1081 teque
1493 1007 1704 1078 aptissi-

142 1131 252 1173 mum
277 1128 492 1182 semper
520 1110 794 1176 admiror;
825 1108 1025 1178 accipe,
1058 1106 1294 1177 inquam,
1327 1111 1380 1158 et
1415 1100 1556 1172 quod
1587 1099 1704 1153 illo-

141 1223 226 1264 nnn
258 1207 411 1260 trium
457 1218 631 1274 genus
680 1201 954 1256 hominum
982 1213 1066 1254 me
1097 1197 1188 1251 tibi
1215 1195 1459 1261 dederit,
1499 1202 1555 1247 et
1599 1204 1704 1260 quo

142 1299 229 1355 loco
250 1296 374 1351 mihi
395 1311 526 1360 esse
562 1293 746 1349 videar
771 1335 786 1361 ,
814 1301 867 1348 ct
894 1291 990 1346 abs
1020 1299 1070 1345 te
1109 1286 1406 1358 cujusmodi
1449 1282 1703 1339 auxilium

143 1404 282 1449 certus
325 1401 661 1462 exspectem.
701 1389 812 1458 Ego
840 1387 907 1442 ab
930 1400 1098 1455 usque
1130 1379 1528 1451 undevigesimo
1565 1390 1705 1430 anno

100 1470 273 1556 iactatis
303 1501 473 1548 mere,
519 1492 799 1556 postquam
842 1481 893 1534 in
936 1478 1114 1534 schola
1151 1475 1380 1532 rhetoris
1419 1473 1611 1527 librum
1642 1470 1708 1525 iL

139 1581 211 1636 lam
235 1578 541 1641 Ciceronis,
580 1575 669 1646 qui
703 1573 1014 1628 llortensius
1044 1578 1282 1636 vocatur,
1313 1567 1528 1638 accepi,
1557 1575 1707 1621 tanto

113 1673 284 1735 iuuare
313 1665 672 1741 philoSOphia:
702 1677 994 1720 succensus
1019 1676 1158 1726 sum,
1189 1668 1246 1714 ut
1276 1659 1453 1714 statim
1482 1656 1548 1711 ad
1585 1671 1705 1711 eam

111 1760 190 1823 ine
219 1758 510 1814 transferre
543 1758 845 1812 meditarer.
874 1753 978 1810 Sed
1004 1768 1176 1823 neque
1215 1751 1346 1806 mihi
1371 1749 1579 1805 nebula:
1605 1746 1704 1802 de-

135 1851 338 1920 luerunt,
371 1851 571 1922 quibus
598 1848 1016 1905 confunderetur
1056 1859 1243 1902 cursus
1270 1858 1420 1898 meus
1449 1859 1463 1908 ;
1494 1851 1549 1897 et
1572 1841 1661 1895 diu
1685 1881 1702 1908 ,

139 1947 278 2003 lateor
296 1988 311 2012 ,
341 1945 538 2016 quibus
569 1945 623 1998 in
647 1958 886 1998 errorem
912 1940 1142 1996 ducebar
1160 1978 1176 2004 ,
1203 1936 1433 1992 labentia
1461 1935 1514 1989 in
1544 1949 1703 1988 ocea-

141 2053 237 2094 tum
270 2048 409 2091 astra
427 2036 665 2105 suspexi.
689 2033 821 2088 Nam
846 2044 898 2087 et
919 2031 1227 2102 superstitio
1251 2028 1492 2101 quaedam
1531 2025 1706 2097 pueri-

137 2125 182 2186 lis
221 2143 304 2183 me
346 2127 413 2182 ab
456 2126 571 2196 ipsa
613 2123 954 2194 inquisitione
1003 2119 1274 2177 terrebat:
1307 2128 1362 2173 et
1403 2118 1492 2172 ubi
1538 2118 1705 2171 factus

43 2207 369 2287 erectior,
418 2219 566 2273 illam
597 2216 874 2287 caliginem
904 2213 1097 2285 diSpuli
1120 2255 1136 2279 ,
1186 2212 1422 2282 mihique
1465 2207 1703 2281 persuasi

143 2313 424 2369 doeemibus
454 2310 631 2380 potius
668 2323 827 2379 quam
861 2306 1170 2377 jubentibus
1200 2318 1318 2360 esse
1347 2301 1700 2365 credendum;

145 2405 273 2464 incidi
303 2405 352 2459 in
379 2403 633 2457 homines
660 2401 851 2471 quibus
872 2399 961 2454 lux
989 2399 1088 2452 ista
1115 2413 1233 2468 qua:
1255 2397 1422 2452 oculis
1445 2395 1700 2458 cernitur,

47 2482 256 2558 :Ihter
299 2509 505 2550 summa
552 2500 608 2548 et
651 2491 826 2547 divina
870 2488 1094 2546 colenda
1140 2487 1409 2542 videretur
1448 2485 1546 2558 (a).
1588 2484 1703 2539 Non

149 2587 461 2650 mentiebar,
488 2583 586 2639 sed
628 2583 874 2654 putabam
905 2595 1000 2636 eos
1028 2594 1277 2649 maguum
1303 2577 1500 2647 aliquid
1528 2585 1705 2646 tegere

127 2667 229 2734 iiiis
263 2672 747 2743 involucristquod
791 2680 972 2727 essent
1013 2668 1294 2739 aliquando
1331 2667 1588 2737 aperturi.
1638 2667 1708 2720 At

151 2769 220 2826 at
247 2768 511 2823 (ﬁscussos
558 2780 653 2820 eos
689 2764 867 2830 evasi,
910 2764 1140 2818 maxime
1167 2761 1386 2830 trajectu
1422 2760 1522 2814 isto
1546 2761 1702 2826 mari,

159 2858 594 2932 ﬁugubernacula
629 2873 746 2913 mea
786 2856 1132 2928 repugnantia
1175 2853 1422 2909 omnibus
1452 2853 1622 2908 ventis
1652 2853 1705 2906 in

157 2952 308 3009 mediis
334 2951 585 3006 fluctibus
614 2947 914 3004 Academici
946 2955 1246 3003 tenuerunt.
1281 2945 1482 3000 Deinde
1507 2943 1627 2999 veni
1653 2944 1707 2998 in

156 3044 228 3101 ias
251 3054 449 3110 terras;
481 3042 570 3097 hic
614 3041 1030 3111 septentrionem
1070 3039 1154 3094 cui
1185 3055 1270 3093 me
1310 3036 1585 3093 crederem
1621 3035 1707 3091 di-

155 3133 252 3190 tlici.
272 3133 632 3190 Animadverti
649 3132 791 3188 enim
813 3140 866 3186 et
880 3146 1021 3200 saepe
1037 3130 1090 3184 in
1112 3128 1405 3183 sacerdotis
1420 3128 1587 3183 nostri
1609 3126 1705 3200 (ὁ),

41 3219 116 3298 1
153 3235 194 3281 et
215 3226 486 3298 aliquando
513 3225 566 3280 in
602 3223 940 3280 sermonibus
966 3223 1088 3287 tuis,
1121 3236 1241 3276 cum
1271 3219 1339 3276 de
1368 3220 1479 3275 Deo
1511 3219 1708 3290 cogita-

94 3310 106 3384 ι
149 3327 294 3382 retur,
318 3317 444 3373 nihil
469 3315 692 3371 omnino
717 3313 956 3384 corporis
990 3327 1109 3368 esse
1133 3310 1500 3382 cogitandum,
1539 3326 1710 3381 neque

147 3424 256 3464 cum
281 3409 343 3464 de
365 3409 533 3462 anima
562 3425 574 3460 :
610 3421 736 3461 nam
757 3404 810 3459 id
840 3414 921 3459 est
947 3420 1107 3458 unum
1143 3404 1194 3458 in
1223 3403 1381 3458 rebus
1411 3404 1710 3472 proximum

148 3498 274 3552 Deo.
308 3498 405 3553 Sed
424 3515 486 3553 ne
517 3498 568 3552 in
598 3495 946 3567 philosophia:
982 3495 1237 3564 gremium
1275 3493 1520 3548 celeriter
1544 3493 1710 3548 advo-

33 3583 94 3655 Ἰ
148 3588 328 3655 larem,
356 3588 528 3653 fateor,
560 3587 746 3642 uxoris
774 3585 1094 3654 honorisque
1121 3583 1369 3638 illecebra
1400 3583 1708 3650 detinebar;

144 3687 202 3734 ut
227 3695 340 3734 cum
367 3680 475 3734 Ιιεεο
500 3694 676 3734 essem
703 3685 1041 3742 consecutus,
1073 3684 1180 3729 tum
1201 3675 1414 3730 domum
1437 3691 1542 3742 me,
1572 3674 1714 3745 quod

83 3775 86 3778 ’
143 3773 313 3843 paucis
351 3771 667 3828 felicissimis
703 3771 882 3836 licuit,
923 3769 1046 3824 totis
1074 3768 1205 3823 velis
1235 3767 1589 3837 omnibusque
1623 3783 1713 3822 re-

147 3864 242 3920 mis
266 3865 314 3919 in
339 3865 480 3919 illum
507 3864 681 3919 sinum
717 3877 960 3933 raperem
983 3904 995 3926 ,
1039 3861 1216 3932 ibique
1258 3860 1710 3932 conquiescerem.

149 3953 310 4011 Lectis
347 3966 521 4012 autem
558 3955 797 4009 Platonis
819 3954 836 3983 ¹
870 3953 1202 4022 paucissimis
1240 3952 1389 4007 libris
1412 3994 1427 4018 ,
1471 3951 1620 4022 cujus
1664 3959 1717 4007 te

1 4043 260 4114 =I".esse
286 4047 727 4102 studiosissimum
751 4045 952 4114 accepi,
974 4043 1272 4114 collataque
1291 4057 1410 4097 cum
1433 4046 1530 4110 eis,
1554 4059 1718 4114 quan-

81 4171 88 4178 -
155 4143 252 4192 tum
273 4137 432 4208 potui,
456 4137 615 4193 etiam
641 4137 855 4191 illorum
881 4134 1193 4189 auctoritate
1214 4135 1301 4204 qui
1323 4134 1498 4188 divina
1518 4143 1719 4205 myste-

153 4227 221 4284 ria
259 4230 617 4293 tradiderunt,
667 4229 745 4283 sic
790 4229 998 4293 exarsi,
1050 4237 1108 4282 ut
1149 4241 1337 4283 omnes
1380 4228 1496 4283 illas
1525 4216 1717 4283 vellem

107 4309 120 4328 ”
153 4320 398 4377 anchoras
441 4334 722 4390 rumpere,
772 4319 874 4373 nisi
915 4332 1002 4373 me
1042 4318 1416 4373 nonnullorum
1446 4317 1718 4373 hominum

95 4413 104 4422 '
156 4412 457 4469 existimatio
496 4420 862 4470 commoveret
895 4409 1168 4483 (Coanib.
1198 4412 1228 4464 7
1250 4453 1264 4478 ,
1289 4427 1439 4481 capp.
1467 4409 1534 4477 9,
1585 4409 1716 4482 20).

83 4493 102 4578 ι
165 4501 284 4570 Quid
309 4521 430 4578 ergo
456 4506 693 4562 restabat
721 4502 886 4568 aliud,
916 4502 1016 4556 nisi
1047 4511 1106 4557 ut
1140 4502 1441 4557 immoranti
1479 4502 1605 4557 mihi
1633 4518 1721 4558 su-

171 4596 389 4663 perﬂuis,
418 4605 702 4668 tempestas
731 4610 851 4666 qua:
874 4594 1152 4666 putabatur
1180 4592 1422 4660 adversa,
1442 4608 1718 4650 succurre-

93 4701 106 4762 ‘L
175 4687 280 4742 ret?
303 4687 474 4762 itaque
503 4698 680 4745 tantus
702 4702 790 4743 me
811 4686 1033 4757 arripuit
1058 4685 1286 4757 pectoris
1307 4685 1478 4752 dolor,
1505 4693 1564 4739 ut
1582 4685 1722 4741 illius

175 4779 486 4844 professionis
505 4797 644 4838 onus
671 4780 937 4846 sustinere
961 4794 1068 4834 non
1092 4778 1295 4844 valens,
1317 4793 1418 4848 qua
1446 4777 1573 4832 mihi
1594 4777 1724 4833 veli-

179 4863 368 4930 ﬂmbam
411 4875 632 4932 fortasse
687 4873 758 4928 ad
801 4871 1036 4938 Sirenas,
1080 4871 1365 4942 abjicerem
1411 4869 1619 4936 omnia,
1671 4880 1725 4927 et

105 4965 110 5032 ἱ
180 4971 342 5030 θρωπε
371 4967 728 5041 tranquillitati
755 4967 839 5022 vel
875 4975 1176 5037 quassatam
1213 4980 1400 5020 navem
1439 4965 1723 5036 fissamque

182 5057 508 5122 Perducerem.

233 5149 278 5208 5.
299 5155 429 5227 Ergo
452 5156 599 5213 vides
625 5156 677 5212 in
706 5169 808 5227 qua
834 5152 1166 5226 philosophia
1194 5152 1344 5224 quasi
1369 5152 1423 5208 in
1450 5161 1602 5224 portu
1625 5167 1723 5207 na-

185 5240 343 5315 Vigem.
367 5249 466 5305 Sed
495 5250 655 5306 etiam
686 5249 802 5318 ipse
824 5247 928 5302 late
953 5255 1115 5317 patet,
1151 5246 1371 5318 ejusque
1419 5245 1724 5318 magnitudo

185 5341 512 5413 quamvisjam
540 5342 722 5398 minus
748 5339 1126 5411 periculosum,
1160 5355 1262 5394 non
1295 5349 1470 5396 tamen
1515 5340 1725 5410 penitus

181 5428 651 5490 excluditerrorem.
675 5432 813 5489 Nam
840 5431 924 5486 cui
952 5431 1087 5503 parti
1120 5440 1294 5500 terrm,
1332 5448 1450 5503 qua:
1490 5431 1726 5502 profecto

231 5624 465 5693 'Quinque
492 5637 600 5681 Mss.
627 5643 641 5679 τ
667 5626 819 5679 Lectis
836 5631 996 5677 autem
1018 5626 1204 5678 Plotini.

230 5710 290 5772 ta)
310 5713 602 5776 Manichacus;
629 5711 716 5762 lib.
740 5711 774 5760 δ
792 5708 943 5771 θοαί,
967 5723 1008 5760 c.
1036 5710 1084 5759 6.

229 5791 294 5860 (ὁ)
312 5797 568 5862 Ambrosii;
594 5797 684 5847 lib.
711 5795 743 5846 6
763 5793 892 5846 Couf.
918 5808 962 5847 c.
985 5795 1036 5859 3,
1059 5808 1109 5845 ιι.
1133 5794 1176 5868 4.

3281 322 3388 388 962

1809 465 1912 504 una
1937 451 1953 481 ¹
1999 450 2153 507 beata
2198 459 2302 520 est,
2342 469 2428 510 me
2471 453 2804 520 admoveam,
2855 458 3018 524 atque
3059 449 3384 521 contingam,

1808 556 2025 610 prorsus
2057 543 2260 614 ignoro.
2292 545 2426 612 Quid
2471 547 2611 602 enim
2638 545 2867 602 solidum
2891 545 3053 609 tenui,
3094 544 3178 600 cui
3213 543 3390 599 adhuc

1809 632 1875 688 de
1900 633 2074 687 anima
2106 636 2326 704 quaestio
2356 644 2506 690 nutat
2525 648 2576 692 et
2600 637 2852 692 fluctuat?
2880 635 3056 703 Quare
3081 635 3307 691 obsecro
3337 643 3391 690 to

1809 740 1905 795 per
1930 727 2174 784 virtutem
2205 737 2368 795 tuam,
2402 744 2499 800 per
2519 729 2919 795 humanitatem,
2960 744 3056 798 per
3088 728 3386 782 animarum

1809 818 1947 873 inter
1986 835 2045 875 se
2070 819 2339 875 vinculum
2377 830 2535 891 atque
2577 822 2976 886 commercium,
3009 828 3064 874 ut
3110 819 3385 875 dexteram

1808 911 2066 980 porrigas.
2099 911 2209 966 lloc
2235 920 2412 967 autem
2435 921 2536 980 est,
2567 921 2624 967 ut
2652 928 2738 968 me
2767 926 2936 980 ames,
2959 921 3013 966 et
3039 927 3070 966 a
3106 926 3193 966 me
3225 911 3386 966 vicis—

1809 1000 1908 1054 sim
1942 1011 1990 1056 te
2018 1003 2184 1056 amari
2228 1001 2415 1058 credas
2445 1003 2769 1073 charumque
2789 1002 2992 1058 haberi.
3016 1003 3170 1072 Quod
3210 1002 3253 1057 si
3284 1002 3386 1058 im-

1809 1100 2110 1162 petravero.
2142 1093 2210 1148 ad
2238 1094 2405 1165 ipsam
2433 1094 2640 1150 beatam
2666 1095 2848 1162 vitam,
2872 1095 2956 1150 cui
2978 1103 3030 1150 te
3058 1097 3165 1165 jam
3185 1095 3390 1152 limere

1810 1200 2096 1254 praesumo,
2127 1203 2292 1258 parvo
2320 1197 2513 1243 conatu
2551 1187 2802 1243 facillime
2829 1187 3098 1243 accedam.
3129 1188 3264 1256 Quid
3292 1204 3388 1242 au-

1810 1283 1918 1332 tem
1947 1291 2120 1348 agam,
2150 1295 2321 1349 quove
2357 1278 2515 1334 modo
2545 1278 2610 1333 ad
2642 1278 2797 1333 istum
2825 1286 3032 1348 portum
3062 1279 3388 1337 necessarios

1811 1385 1959 1426 meos
1993 1386 2308 1443 congregem
2350 1381 2407 1427 ut
2453 1385 2766 1442 cognoscas,
2819 1380 2872 1425 et
2902 1371 2922 1402 ²
2947 1386 3017 1426 ex
3053 1386 3118 1426 eo
3151 1371 3388 1426 animum

1811 1477 1988 1517 meum
2033 1467 2240 1533 (neque
2289 1463 2430 1518 enim
2480 1464 2580 1518 alia
2629 1462 2776 1534 signa
2818 1462 3030 1516 invenio
3068 1461 3261 1532 quibus
3305 1479 3392 1519 me

1811 1552 2109 1625 ostendam)
2137 1564 2192 1608 ut
2209 1554 2414 1624 plenius
2435 1553 2716 1624 intelligas,
2746 1552 2953 1606 initium
2969 1551 3389 1622 disputationum

1811 1659 2090 1711 mearum,
2135 1645 2277 1716 quod
2329 1645 2459 1700 mihi
2512 1643 2721 1699 videtur
2780 1643 3080 1714 religiosius
3135 1643 3392 1712 evasisse,

1810 1743 1969 1804 atque
2000 1743 2088 1788 tuo
2116 1735 2266 1789 titulo
2287 1733 2519 1805 dignius,
2544 1733 2610 1787 ad
2640 1743 2693 1788 te
2739 1731 3076 1788 scribendum
3107 1732 3312 1802 putavi,
3341 1741 3396 1788 et

1809 1823 1927 1892 ipso
1964 1833 2054 1878 tuo
2095 1824 2313 1879 nomine
2361 1823 2734 1879 dedicandum.
2757 1822 3044 1894 Aptissime
3078 1837 3235 1888 sane;
3268 1839 3395 1878 nam

1809 1913 1878 1968 de
1923 1914 2074 1970 beata
2115 1916 2220 1969 vita
2260 1916 2600 1986 quaisivimus
2644 1917 2781 1972 inter
2830 1929 2952 1983 nos,
2983 1915 3222 1987 nihilque
3251 1917 3394 1973 aliud

1809 2003 1966 2059 video
1993 2005 2135 2076 quod
2163 2005 2330 2076 magis
2358 2005 2452 2061 Dei
2467 2005 2663 2060 donum
2691 2004 2986 2060 vocandum
3003 2005 3093 2060 sit.
3123 2005 3392 2076 Eloquen-

1811 2102 1881 2155 tia
1911 2111 1999 2157 tua
2030 2103 2244 2156 territus
2266 2117 2375 2157 non
2406 2118 2556 2169 sum;
2587 2101 2840 2174 quidquid
2856 2101 3000 2156 enim
3033 2116 3176 2165 amo,
3210 2117 3398 2172 quam-

1808 2195 1891 2249 vis
1911 2211 2016 2249 non
2047 2210 2330 2266 assequar,
2356 2195 2544 2250 timere
2573 2210 2678 2250 non
2705 2209 2920 2265 possum
2950 2211 2963 2246 :
3015 2191 3241 2248 fortuna:
3268 2211 3396 2252 vero

1808 2289 2190 2345 sublimitatem
2260 2289 2428 2344 multo
2481 2287 2706 2353 minus;-
2748 2285 2888 2357 apud
2940 2295 2992 2342 te
3046 2285 3190 2341 enim
3243 2301 3393 2354 vere,

1809 2382 2051 2451 quamvis
2077 2382 2146 2435 sit
2166 2396 2374 2452 magna,
2403 2379 2635 2436 secunda
2654 2388 2764 2446 est;
2797 2393 2918 2433 nam
2937 2377 3129 2450 quibus
3144 2377 3393 2434 domina-

1812 2481 1919 2540 tur,
1950 2474 2165 2530 eosdem
2195 2475 2337 2544 ipsos
2376 2472 2644 2530 secundos
2671 2472 2816 2528 facit.
2836 2471 2942 2528 Sed
2965 2471 3073 2542 jam
3113 2470 3239 2542 quid
3265 2471 3396 2530 afl‘e-

1810 2581 1949 2634 ram,
1977 2583 2158 2638 qua-so
2187 2575 2258 2633 te,
2292 2567 2528 2624 attende.

1883 2658 1937 2713 6.
1963 2659 2140 2713 Idibus
2161 2659 2466 2715 novembris
2485 2658 2615 2714 mihi
2636 2659 2827 2716 natalis
2840 2660 2955 2717 dies
2974 2671 3090 2717 erat
3117 2679 3130 2715 :
3157 2671 3275 2733 post
3292 2672 3398 2717 tam

1814 2759 1974 2806 tenue
2000 2750 2301 2820 prandium,
2334 2759 2392 2805 ut
2417 2751 2486 2807 ab
2511 2767 2576 2807 eo
2598 2752 2727 2806 nihil
2745 2752 3075 2823 ingeniorum
3103 2753 3394 2824 impedire-

1813 2851 1920 2910 tur,
1949 2857 2136 2898 omnes
2162 2843 2250 2913 qui
2277 2843 2436 2898 simul
2459 2859 2562 2898 non
2585 2843 2744 2899 modo
2771 2844 2861 2898 illo
2890 2843 2997 2912 die,
3031 2845 3124 2900 sed
3154 2843 3394 2916 quotidie

1812 2935 2247 3001 convivabamur,
2277 2934 2332 2988 in
2375 2935 2596 2990 balneas
2635 2935 2702 2990 ad
2741 2936 3136 2992 consedendum
3181 2938 3395 3003 vocavi;

1813 3043 1936 3082 nam
1982 3028 2026 3082 is
2055 3029 2279 3098 tempori
2320 3037 2474 3098 aptus
2512 3029 2661 3083 locus
2696 3037 3039 3100 secretusque
3068 3039 3396 3086 occurrerat.

1812 3119 1980 3176 Erant
2002 3130 2201 3185 autem,
2230 3136 2336 3175 non
2363 3120 2504 3176 enim
2533 3136 2718 3176 vereor
2747 3136 2841 3176 eos
2870 3123 3126 3193 singulari
3149 3122 3396 3193 benigni-

1813 3215 1906 3269 tati
1924 3223 2026 3269 tute
2040 3222 2195 3270 notos
2209 3214 2419 3269 interim
2432 3213 2736 3269 nominibus
2748 3213 2943 3282 facere,
2958 3215 3011 3270 in
3024 3215 3210 3287 primis
3223 3225 3404 3271 nostra

1814 3314 1985 3360 mater
2012 3302 2088 3378 (η)
2109 3347 2124 3370 ,
2149 3305 2301 3376 cujus
2327 3304 2505 3360 meriti
2541 3305 2702 3360 credo
2736 3320 2856 3361 esse
2884 3320 3046 3363 omne
3073 3307 3214 3379 quod
3249 3309 3403 3375 vivo;

1814 3395 2063 3468 Navigius
2084 3395 2247 3452 frater
2275 3411 2446 3462 meus,
2480 3395 2762 3468 Trygetius
2785 3405 2838 3452 et
2867 3397 3158 3465 Licentius,
3179 3397 3324 3456 cives
3351 3407 3410 3456 et

1816 3488 2062 3558 discipuli
2083 3488 2222 3554 mei;
2253 3503 2352 3543 nec
2372 3487 2732 3543 Lastidianum
2759 3487 2780 3518 ³
2811 3497 2866 3544 et
2897 3488 3177 3545 Rusticum
3215 3505 3408 3546 conso-

1817 3580 2002 3636 brinos
2031 3596 2199 3648 meos,
2232 3582 2472 3652 quamvis
2498 3581 2700 3636 nullum
2729 3582 2814 3636 vel
2845 3583 3248 3652 grammaticum
3266 3586 3409 3655 passi

1819 3672 1946 3736 sint,
1973 3671 2164 3728 deesse
2191 3673 2358 3738 volui,
2407 3673 2688 3744 ipsumque
2717 3688 2903 3728 eorum
2933 3689 3148 3732 sensum
3173 3691 3412 3732 commu-

1818 3780 1963 3830 ncm,
2007 3764 2073 3820 ad
2129 3781 2242 3821 rem
2291 3781 2450 3836 quam
2484 3765 2762 3835 moliebar,
2798 3770 3159 3824 necessarium
3205 3773 3405 3840 putavi.

1820 3855 1949 3910 Erat
1973 3856 2132 3910 etiam
2156 3856 2434 3912 nobiscum
2465 3865 2622 3912 :etate
2642 3857 2891 3914 minimus
2915 3859 3175 3926 omnium,
3203 3859 3297 3915 sed
3317 3877 3410 3915 cu-

1820 3945 1908 4016 jus
1939 3948 2228 4017 ingenium,
2261 3948 2304 4002 si
2334 3961 2517 4004 amore
2541 3963 2646 4003 non
2673 3948 2843 4014 fallor,
2873 3965 3123 4020 magnum
3155 3951 3408 4021 quiddam

1823 4036 2126 4106 pollicetur,
2160 4036 2467 4094 Adeodatus
2487 4038 2626 4096 filius
2655 4054 2826 4095 meus.
2846 4039 3049 4108 Quibus
3073 4042 3308 4111 attentis,
3331 4042 3411 4100 sic

1821 4145 1978 4201 coepi.

1825 4287 2051 4344 CAPUT
2091 4287 2230 4343 ll.—
2253 4285 2540 4360 Disputatio
2571 4289 2746 4361 prima:
2769 4289 2890 4346 diei.
2920 4289 3006 4347 Ea:
3024 4292 3194 4348 anima
3221 4303 3267 4350 et
3292 4309 3407 4351 cor-

1896 4396 2017 4449 pore
2039 4389 2346 4434 constamus.
2398 4378 2548 4436 Cibus
2595 4382 2795 4453 corpori
2840 4384 3167 4439 necessarius.
3211 4384 3413 4443 Anima:

1802 4483 1805 4486 ·
1893 4487 2088 4542 quoque
2113 4487 2233 4526 suus
2257 4479 2330 4526 est
2357 4471 2515 4526 cibus.
2559 4470 2745 4528 Beatus
2787 4490 2889 4528 non
2914 4483 2987 4529 est
3022 4475 3109 4546 qui
3144 4477 3281 4547 quod
3306 4481 3412 4534 uult

1824 4633 1844 4654 η
1899 4579 2000 4616 non
2030 4561 2196 4617 habet.
2214 4561 2325 4617 Nec
2349 4571 2514 4617 tamen
2541 4563 2702 4619 omnis
2720 4565 2960 4636 quiquod
2984 4567 3087 4621 vult
3112 4567 3278 4635 habet,
3293 4569 3412 4626 bea-

1889 4721 1905 4752 ί
1929 4726 2124 4790 ltaMss.
2144 4717 2382 4790 tredecim
2402 4731 2514 4790 cum
2535 4718 2644 4790 Bad.
2671 4726 2771 4769 Am.
2798 4725 2850 4770 et
2870 4725 2944 4770 Er.
2969 4727 3028 4773 At
3056 4721 3108 4773 in
3139 4729 3280 4774 textu
3302 4731 3414 4778 Lov.

1823 4781 2078 4845 praefertur
2101 4791 2212 4846 qua:
2233 4779 2328 4830 vita
2350 4779 2487 4831 beata
2508 4785 2594 4832 est.

1838 4911 1845 4914 _
1886 4846 1908 4875 ³
1929 4850 2005 4914 Er.
2026 4849 2078 4914 et
2098 4849 2208 4892 ιον.
2234 4842 2463 4914 omittunt
2493 4842 2574 4914 hic
2609 4843 2890 4907 particulam
2910 4851 2961 4914 et
2975 4859 3118 4914 ,_qua3
3140 4847 3266 4911 apud
3302 4851 3413 4914 Bad.

1825 4911 1938 4979 am.
1952 4913 2005 4956 et
2025 4911 2130 4979 less.
2155 4904 2584 4979 reperiam-Paulo
2610 4904 2724 4979 post
2743 4904 3127 4979 veroedit’idnes
3140 4904 3313 4979 omnes
3334 4912 3418 4962 ha-

1824 4966 1962 5039 bent,
1976 4965 2150 5039 quibus
2172 4965 2249 5016 me
2268 4967 2530 5039 ostendam,
2552 4965 2631 5017 vel
2647 4979 2742 5039 quo
2756 4966 3202 5039 plqtiusjnteuigaa
3219 4970 3416 5038 pelagus

2216 5039 2433 5101 ηιεᾳζωη
2452 5027 2857 5101 λῦεᾳιιθςιιιιςῇιιοι
2873 5027 3195 5101 ξιιῼξιςειείιιιῖιιι*
3218 5027 3350 5084 'Mss."
3362 5043 3418 5086 At

1824 5087 2039 5164 alii
2065 5103 2158 5164 nec
2178 5089 2316 5164 pauci
2337 5087 2516 5162 feruet,
2544 5087 2810 5164 u't_plenius
2837 5087 3096 5160 irrielligﬁs;
3118 5101 3318 5164 tumque
3351 5109 3416 5146 ex

1824 5154 1888 5223 iis
1907 5152 2100 5223 quidam
2141 5152 2341 5223 habent,
2576 5152 2950 5218 disputationum
2980 5152 3214 5223 rimarum.
3237 5152 3416 5223 hister-

1825 5212 2006 5286 cien'sis
2021 5227 2187 5286 porro,
2211 5212 2584 5286 disputationtnn
2603 5212 2974 5286 memorata.
3021 5218 3239 5280 Denique
3260 5219 3416 5268 codex

1826 5283 1870 5327 s.
1895 5276 2073 5340 Arnum
2095 5277 2319 5326 Metensis
2336 5311 2351 5337 ,
2622 5276 3000 5340 disputationum
3035 5276 3254 5340 marum
3270 5315 3283 5336 ,
3305 5291 3418 5340 qua:

1827 5339 2008 5414 θρυφὲ
2028 5339 2175 5414 ιθφὲο
2195 5340 2299 5388 νίεθ
2322 5345 2416 5414 εέἓι·
2429 5339 2622 5414 ηεὲἒίρβθ
2645 5339 2778 5414 θρφ
2799 5340 2935 5414 δίαὶθ
2955 5339 3084 5413 ¹ί¹ξθτ
3102 5339 3417 5414 οωέίξιέξὶὲιιὲἓ

1837 5544 1860 5573 ι
1881 5519 2062 5601 gipsior
2085 5524 2315 5582 evasisse,
2326 5540 2352 5594 ρ
2372 5519 2420 5573 id
2443 5530 2520 5573 est
2539 5524 2792 5586 prodiisse,
2817 5535 2912 5585 quo
2933 5519 3200 5630 significatu
3218 5519 3420 5592 adhibe:

1837 5597 1908 5638 tur
1930 5588 2058 5638 istud
2080 5589 2284 5638 verbum
2306 5587 2389 5635 lib.
2413 5585 2444 5635 2
2464 5593 2630 5635 contra
2661 5585 2878 5634 Amdem.
2903 5594 2947 5631 c.
3037 5617 3050 5630 .
3087 5588 3140 5631 et
3191 5581 3420 5638 rbeodon

1829 5588 1908 5640 tur
1930 5588 2058 5640 istud
2080 5589 2284 5638 verbum
2306 5588 2351 5634 lil

1837 5669 1860 5699 α
1883 5651 2080 5701 nomine
2101 5649 2308 5712 dignior.
2327 5663 2351 5692 ι

1899 5716 1921 5746 ³
1939 5720 1988 5761 tn
2013 5719 2116 5761 Mss.
2142 5704 2294 5772 prope
2316 5710 2538 5761 omnibus
2557 5709 2783 5768 habetur,
2808 5704 3150 5759 Iartidimmm.

1905 5795 1980 5859 (α)
2001 5793 2225 5845 Monnica.
