3804 6414
547 320 652 387 κδ

617 456 698 502 tua
727 458 818 503 est.
855 447 989 514 Quid
1028 447 1123 502 sibi
1161 446 1309 500 homo
1346 457 1640 513 comparare
1664 441 1804 494 debet
1833 448 1885 493 ut
1923 439 1985 493 sit
2012 437 2127 492 bea-

625 550 723 596 tus.
752 539 877 607 Qui;
901 538 1064 595 Deum
1096 537 1292 592 habeat.
1325 533 1654 592 Academicus
1687 531 1858 588 beatus
1892 548 1997 587 esse
2026 547 2127 586 non

539 619 541 621 ’
623 643 805 704 potest,
837 649 956 704 ergo
985 649 1074 688 nec
1102 631 1322 702 sapiens.

620 727 672 781 7.
705 726 1038 782 Manifestum
1067 725 1218 780 vobis
1245 723 1453 780 videtur
1491 740 1556 780 ex
1595 723 1768 778 anima
1813 731 1866 776 et
1898 733 2126 790 corpore

545 835 645 875 nos
667 834 787 875 esse
811 817 1172 890 compositos?
1193 817 1325 874 Cum
1356 831 1544 873 omnes
1567 816 1948 880 consentirent,
1969 812 2124 868 Navi-

544 911 661 984 gius
700 924 760 967 se
802 911 1046 981 ignorare
1072 910 1364 980 respondit.
1396 905 1492 964 Cui
1535 923 1677 980 ego:
1715 899 1876 973 Nihil,
1922 902 2123 960 nihilne

543 1002 762 1057 omnino
810 1002 935 1067 scis,
994 1001 1230 1072 inquant,
1259 1015 1325 1054 an
1371 1001 1511 1054 inter
1539 995 1712 1068 aliqua
1754 1012 1872 1067 qua:
1911 994 2122 1065 ignoras

541 1093 701 1149 etiam
733 1092 835 1148 hoc
870 1091 1254 1148 numerandum
1285 1090 1398 1146 est?
1439 1083 1554 1144 Non
1596 1097 1722 1158 puto
1770 1102 1876 1153 me,
1929 1079 2120 1154 inquit,

540 1179 717 1239 omnia
749 1182 975 1241 nescire.
1004 1181 1254 1247 Putesne,
1284 1182 1518 1251 inquam,
1540 1177 1693 1233 nobis
1719 1177 1897 1232 dicere
1923 1165 2122 1245 aliquid

538 1292 724 1333 eorum
751 1291 868 1345 qua:
894 1273 1066 1330 nosti?
1089 1269 1332 1338 Possum,
1365 1271 1550 1342 inquit.
1582 1267 1690 1324 Nisi
1711 1267 1990 1323 molestum
2015 1275 2117 1332 est,

539 1369 776 1438 inquam,
811 1367 986 1436 profer
1011 1361 1227 1436 aliquid.
1259 1362 1460 1418 Etcum
1487 1357 2007 1424 dubitaret:Scisnc,
2043 1357 2121 1411 in—

540 1476 718 1531 quam,
738 1460 928 1514 saltem
943 1469 993 1513 te
1017 1455 1226 1512 vivere?
1250 1455 1393 1519 Scio,
1428 1452 1613 1522 inquit.
1642 1445 1757 1507 Scis
1779 1465 1906 1520 ergo
1923 1440 2120 1503 habere

541 1563 593 1609 te
623 1554 802 1617 vitam,
835 1549 1096 1621 siquidem
1131 1549 1306 1603 vivere
1347 1560 1500 1600 nemo
1548 1543 1649 1598 nisi
1687 1542 1790 1597 vita
1827 1543 2020 1612 potest.
2053 1537 2122 1594 Et

538 1645 661 1712 hoc,
685 1643 873 1714 inquit,
906 1643 1036 1698 scio.
1061 1641 1176 1696 Scis
1204 1640 1362 1694 etiam
1384 1651 1577 1708 corpus
1597 1647 1646 1691 te
1669 1633 1896 1691 habere?
1923 1629 2120 1688 Assen-

539 1739 782 1794 tiebatur.
807 1737 948 1807 Ergo
973 1736 1080 1806 jam
1104 1734 1209 1789 scis
1249 1743 1300 1787 te
1326 1740 1573 1788 constare
1588 1746 1652 1786 ex
1674 1742 1893 1799 corpore
1915 1737 1968 1784 et
1991 1721 2115 1782 vita.

537 1828 658 1886 Scio
675 1828 886 1883 interim
911 1842 927 1889 ;
956 1825 1049 1881 sed
1072 1832 1248 1879 utrum
1278 1823 1391 1878 haec
1417 1822 1525 1877 sola
1561 1819 1688 1885 sint,
1717 1819 1952 1874 incertus
1977 1833 2115 1872 sum.

538 1921 678 1991 Ergo
713 1918 818 1974 duo
850 1919 969 1983 ista,
1003 1917 1235 1986 inquam,
1265 1930 1382 1970 esse
1426 1929 1529 1967 non
1571 1909 1804 1977 dubitas,
1847 1924 2041 1980 corpus
2066 1915 2122 1964 et

537 2013 800 2074 animam;
843 2008 936 2063 sed
990 2009 1223 2062 incertus
1268 2021 1326 2060 es
1370 2017 1544 2059 utrum
1589 2004 1658 2058 sit
1706 2000 1848 2057 aliud
1883 1993 2025 2072 quod
2051 1993 2120 2056 ad

536 2103 904 2174 complendum
935 2117 997 2156 ac
1025 2099 1402 2170 perficiendum
1432 2098 1700 2152 hominem
1728 2096 1886 2150 valet.
1913 2095 2008 2158 Ita,
2040 2094 2120 2148 itt-

537 2197 668 2267 quit.
697 2193 807 2250 Hoc
832 2193 983 2264 quale
1013 2192 1100 2258 sit,
1131 2191 1279 2256 alias,
1307 2186 1349 2244 si
1373 2205 1672 2260 possumus,
1691 2202 2014 2258 quaeremus,
2040 2186 2118 2240 in-

538 2302 716 2357 quam.
748 2285 895 2339 Nunc
921 2277 1046 2338 illud
1074 2282 1182 2354 jam
1209 2298 1271 2336 ex
1296 2279 1544 2334 omnibus
1572 2294 1774 2349 quzcro,
1800 2293 1918 2333 cum
1954 2275 2119 2333 fatea-

536 2392 657 2432 mur
705 2375 880 2432 cuncti
927 2390 1098 2443 neque
1137 2373 1252 2427 sine
1298 2386 1538 2440 corpore,
1584 2384 1756 2438 neque
1792 2369 1907 2423 sine
1943 2369 2116 2422 anima

535 2486 656 2527 esse
683 2485 840 2540 posse
865 2465 1156 2530 hominem,
1185 2466 1332 2519 citos
1355 2472 1568 2533 propter
1597 2459 1722 2532 quid
1750 2463 1938 2516 horum
1957 2479 2118 2533 appe-

536 2570 728 2616 tamus.
759 2557 980 2628 Propter
1011 2571 1225 2626 corpus.
1259 2553 1429 2624 inquit
1471 2547 1756 2608 Licentius.
1790 2551 1981 2608 Caeteri
2021 2570 2118 2608 au-

537 2662 645 2707 tem
689 2649 1097 2713 cunctabantur,
1153 2647 1405 2716 varioque
1451 2660 1697 2699 sermone
1740 2643 1877 2698 inter
1903 2659 1960 2700 se
1991 2660 2115 2713 age-

534 2743 686 2808 bant,
716 2735 981 2810 qttomodo
1007 2746 1185 2809 posset
1213 2745 1428 2806 propter
1473 2749 1664 2805 corpus
1690 2733 1841 2790 cibus
1873 2751 2119 2790 necessa-

533 2831 648 2888 rius
665 2829 854 2895 videri,
883 2845 1002 2884 cum
1057 2833 1395 2899 appeleretur
1443 2833 1658 2896 propter
1698 2825 1880 2893 vitam,
1912 2834 1964 2880 ct
2008 2819 2116 2880 vita

535 2939 642 2978 non
671 2921 770 2977 nisi
802 2917 864 2976 ad
893 2919 1124 2975 animam
1171 2917 1483 2988 pertineret.
1526 2911 1657 2970 Tum
1699 2931 1797 2986 ego
1831 2935 1843 2970 :
1878 2909 2112 2981 Videtur,

535 3015 769 3085 inquam,
799 3008 947 3067 vobis
974 3010 1038 3065 ad
1068 3021 1184 3065 eam
1216 3016 1414 3079 partem
1447 3007 1620 3062 cibum
1650 3008 1934 3076 pertinere,
1957 3016 2114 3077 quam

533 3101 653 3163 cibo
681 3121 924 3161 crescere
953 3101 1413 3172 robustioremque
1443 3103 1552 3156 fieri
1599 3099 1876 3155 videmus?
1917 3097 2116 3156 Assen-

533 3197 799 3259 tiebantur
825 3206 1017 3271 praeter
1048 3195 1372 3268 Trygetium.
1406 3195 1490 3249 Ait
1512 3194 1652 3250 enim
1685 3213 1697 3247 :
1746 3191 1851 3250 Cur
1867 3210 1992 3264 ergo
2012 3211 2115 3250 non

535 3311 635 3365 pro
679 3291 943 3348 edacitate
973 3301 1087 3345 mea
1129 3287 1312 3344 crevi?
1353 3283 1580 3352 Modum,
1626 3286 1864 3356 inquam,
1904 3299 2056 3340 suum
2085 3299 2114 3340 a‘

533 3391 722 3443 natura
747 3384 1094 3438 constitutum
1113 3377 1310 3435 habent
1336 3380 1510 3434 omnia
1537 3393 1780 3448 corpora,
1802 3379 1938 3432 ultra
1958 3394 2114 3448 quam

532 3491 837 3533 mensuram
880 3471 1125 3544 progredi
1178 3477 1442 3540 nequeant
1493 3489 1505 3524 :
1553 3477 1726 3524 tamen
1768 3483 1828 3524 ea
1866 3481 2114 3524 mensura

532 3571 741 3627 minora
769 3571 967 3630 essent,
995 3561 1039 3619 si
1070 3563 1147 3619 eis
1174 3563 1422 3617 alimenta
1453 3559 1774 3626 defuissent;
1808 3557 1947 3630 quod
1986 3565 2037 3614 et
2064 3559 2115 3616 in

534 3657 818 3731 pecoribus
853 3655 1059 3710 facilius
1101 3651 1589 3708 animadvertimus.
1625 3651 1691 3706 Et
1717 3664 1874 3707 nemo
1911 3651 2115 3708 dubitat

532 3751 668 3808 cibis
713 3745 1000 3805 subtractis
1042 3745 1278 3801 omnium
1330 3743 1679 3798 animantium
1732 3757 1954 3814 corpora
1998 3757 2111 3797 ma-
2151 3785 2160 3794 .

534 3854 798 3898 crescere.
854 3833 1216 3901 Macrescere,
1270 3834 1438 3905 inquit
1514 3833 1808 3900 Licentius,
1862 3850 1966 3888 non
2016 3833 2113 3890 de-

533 3947 798 3990 crescere.
852 3929 993 3986 Satis
1025 3936 1107 3983 est
1159 3926 1308 3991 mihi,
1342 3926 1576 3995 inquam,
1602 3925 1667 3979 ad
1705 3925 1756 3980 id
1795 3926 1932 3996 quod
1969 3927 2108 3982 volo.

532 4025 740 4082 Etenim
775 4021 997 4093 quaestio
1023 4029 1106 4076 est
1133 4026 1306 4073 utrum
1339 4017 1405 4072 ad
1435 4025 1627 4088 corpus
1656 4018 1805 4072 cibus
1831 4018 2108 4088 pertineat.

533 4116 769 4175 Pertinet
791 4121 989 4178 autem,
1032 4125 1151 4167 cum
1182 4125 1246 4166 eo
1281 4107 1560 4175 subducto,
1593 4106 1659 4164 ad
1691 4110 1912 4164 maciem
1941 4108 2109 4164 dedu-

535 4211 692 4268 citur.
723 4205 1011 4264 Omnesita
1042 4220 1162 4259 esse
1183 4209 1520 4258 censuerunt.

603 4302 656 4358 8.
680 4299 816 4368 Quid
839 4312 967 4368 ergo
1010 4296 1212 4361 anima,
1253 4294 1500 4364 inquam?
1543 4293 1688 4348 nulla
1731 4309 1797 4347 ne
1838 4293 1994 4348 habet
2017 4293 2112 4347 ali-

529 4402 712 4454 menta
753 4387 1004 4464 propria?
1035 4403 1100 4442 an
1125 4387 1241 4457 ejus
1279 4401 1399 4441 esca
1443 4385 1659 4439 scientia
1685 4384 1834 4438 vobis
1865 4385 2112 4439 videtur?

531 4487 718 4553 Plane,
744 4483 913 4554 inquit
947 4489 1148 4545 mater;
1180 4475 1322 4532 nulla
1361 4493 1419 4532 re
1444 4477 1544 4531 alia
1595 4476 1754 4531 credo
1782 4475 1852 4530 ali
1880 4477 2110 4530 animam

529 4595 687 4652 quam
717 4577 988 4633 intellectu
1019 4584 1197 4629 rerum
1249 4579 1406 4641 atque
1452 4570 1691 4625 scicntia.
1743 4569 1818 4624 De
1846 4585 1946 4640 qua
1985 4585 2110 4624 sen-

529 4673 694 4728 tentia
734 4685 854 4726 cum
883 4667 1170 4738 Trygetius
1200 4663 1415 4718 dubium
1443 4678 1500 4717 se
1543 4661 1846 4717 ostenderet
1885 4679 1897 4714 :
1933 4661 2107 4728 hodie,

532 4762 705 4830 inquit
729 4760 838 4823 illa,
865 4767 922 4813 tu
953 4758 1064 4827 ipse
1086 4769 1266 4811 nonne
1289 4753 1518 4809 docuisti
1540 4753 1680 4808 unde
1707 4761 1798 4807 aut
1823 4753 1910 4808 ubi
1936 4753 2110 4807 anima

531 4850 817 4923 pascatur?
865 4848 998 4903 Nam
1047 4856 1166 4918 post
1198 4846 1522 4916 aliquantam
1561 4843 1763 4914 prandii
1812 4853 2012 4915 partem
2061 4853 2112 4900 te

531 4942 712 4998 dixisti
742 4957 846 4994 non
888 4941 1182 4995 advenisse
1228 4954 1336 5009 quo
1383 4938 1598 4992 rusculo
1641 4948 1928 5002 uteremur,
1969 4939 2114 5009 quod

531 5034 633 5090 alia
665 5031 847 5086 nescio
875 5041 994 5101 qua:
1023 5031 1332 5101 cogitasses,
1352 5043 1454 5086 nec
1496 5035 1672 5085 tamen
1701 5030 1768 5085 ab
1807 5031 1920 5102 ipsa
1963 5032 2111 5086 cibo-

532 5141 652 5182 rum
686 5131 837 5194 parte
865 5121 1200 5177 abstinueras
1228 5135 1414 5176 annos
1440 5131 1597 5193 atque
1616 5137 1846 5179 morsus.
1879 5123 1980 5179 Ubi
2010 5123 2109 5194 igi-

533 5222 621 5276 tur
645 5225 761 5274 erat
787 5212 993 5270 animus
1021 5223 1164 5282 tuus,
1191 5230 1298 5285 quo
1327 5223 1561 5287 tempore
1582 5217 1732 5283 illud,
1760 5226 1812 5274 te
1837 5229 2106 5286 vescente,

531 5329 641 5370 non
672 5309 1010 5374 attendebat;
1040 5307 1185 5374 inde,
1214 5309 1340 5362 mihi
1381 5309 1562 5375 crede,
1613 5321 1667 5364 et
1709 5312 1902 5366 talibus
1939 5313 2115 5383 epulis

533 5405 744 5460 animus
766 5397 1020 5474 pascitur,
1054 5399 1104 5454 id
1127 5407 1211 5455 est
1237 5399 1454 5456 theoriis
1474 5412 1527 5455 et
1550 5405 1951 5473 cogitationibus
1977 5408 2106 5474 suis,

532 5500 578 5555 si
600 5513 697 5570 per
717 5512 814 5554 eas
841 5495 1040 5566 aliquid
1062 5495 1334 5566 percipere
1361 5496 1543 5566 possit.
1571 5497 1643 5552 De
1673 5512 1774 5568 (pra
1799 5511 1856 5554 re
1879 5503 2112 5557 cumth

534 5589 768 5650 bitanter
791 5594 1132 5660 streperent:
1175 5581 1380 5654 Nonne,
1423 5590 1654 5660 inquam,
1685 5593 1974 5649 conceditis
2017 5591 2112 5652 ho-

543 5684 746 5739 mitium
787 5681 1213 5737 doctissimorum
1256 5681 1463 5738 animos
1489 5682 1655 5737 multo
1680 5697 1796 5739 esse
1828 5701 1990 5756 quam
2013 5690 2112 5744 im-

541 5774 830 5849 peritorum
859 5773 1010 5844 quasi
1029 5773 1082 5830 in
1108 5787 1205 5831 suo
1239 5785 1432 5846 genere
1460 5774 1728 5846 pleniores
1765 5784 1919 5850 atque
1947 5785 2110 5856 majo—

1635 321 1723 376 DE
1765 318 1994 376 BEATA
2036 305 2217 383 Vl'l‘A,
2261 316 2317 371 s.
2361 317 2724 378 AUGUSTINI
3251 289 3253 292 i
3291 291 3296 293 ’
3369 293 3373 297 ’
3637 341 3716 402 ou

2234 438 2361 489 res?
2390 435 2724 493 Manifestum
2751 453 2868 495 esse
2893 440 3155 521 dixerunt.
3197 444 3351 502 Recte
3384 447 3521 518 igitur
3540 452 3720 518 dicimus

2235 544 2418 583 eorum
2432 530 2657 597 animos,
2676 531 2765 602 qui
2780 532 2940 590 nullis
2959 534 3246 607 disciplinis
3268 531 3443 596 eruditi
3467 549 3585 615 sunt,
3598 550 3720 609 nihil-

2231 635 2337 690 que
2364 619 2621 675 bonarum
2650 621 2843 708 artium
2879 625 3184 708 hauserunt,
3222 625 3422 698 jejunus
3447 639 3494 688 et
3515 641 3638 705 quasi
3671 635 3725 697 fa-

2232 713 2451 768 melicos
2477 729 2613 770 esse.
2636 707 2847 783 Plenus,
2877 707 3047 788 inquit
3068 715 3356 791 Trygetius,
3380 725 3431 779 et
3448 725 3626 786 illorum
3643 727 3725 790 titti-

2231 819 2347 860 mos
2373 821 2492 862 esse
2520 805 2771 874 arbitror,
2803 803 2896 864 sed
2931 803 3077 865 vitiis
3103 821 3259 883 atque
3286 813 3516 886 nequitia.
3544 819 3723 895 [Staipsa

2231 906 2332 964 est,
2366 898 2600 968 inquam,
2643 899 2802 986 crede
2851 901 3000 968 mihi,
3035 899 3274 973 quaedam
3301 905 3528 965 sterilitas
3549 913 3594 967 et
3614 919 3723 986 quasi

2229 989 2393 1044 fames
2419 989 2735 1045 animorum.
2757 979 3337 1062 NamquemadmOdum
3357 1009 3530 1070 corpus
3544 979 3722 1065 detracto

2227 1077 2346 1135 cibo
2374 1079 2692 1152 pleramque
2719 1083 2919 1139 morbis
2950 1089 3108 1155 atque
3131 1077 3307 1143 scabie
3324 1079 3557 1160 repletur,
3579 1107 3670 1166 quae
3688 1099 3723 1154 in

2229 1187 2294 1226 eo
2321 1171 2444 1226 vitia
2488 1171 2722 1228 indicant
2748 1173 2968 1241 famem;
3018 1167 3086 1229 ita
3124 1184 3179 1231 et
3222 1167 3420 1234 illorum
3451 1179 3593 1238 animi
3625 1185 3728 1256 pleni

2227 1270 2351 1316 sunt
2389 1263 2587 1318 morbis
2631 1257 2822 1336 quibus
2869 1273 2963 1321 sua
3000 1265 3199 1337 jernia
3237 1261 3548 1327 Conﬁtentur.
3573 1275 3724 1334 Etenim

2226 1352 2395 1423 ipSam
2423 1354 2706 1426 nequitiam
2721 1365 2942 1413 matrem
2961 1360 3196 1414 omnium
3206 1361 3464 1427 vitiorum,
3481 1379 3538 1421 ex
3557 1369 3726 1440 ecquod

2226 1447 2582 1518 nequidquam
2627 1449 2715 1515 sit,
2746 1445 2802 1504 id
2825 1459 2908 1506 est
2941 1465 3008 1508 ex
3036 1467 3101 1508 eo
3145 1455 3286 1524 quod
3316 1453 3441 1512 nihil
3464 1449 3548 1525 sit,
3574 1471 3725 1519 veteres

2227 1537 2421 1593 dictam
2449 1555 2569 1597 esse
2597 1541 2893 1598 Voluerunt.
2926 1543 3022 1599 Cui
3050 1545 3187 1601 Vitio'
3208 1555 3322 1616 quae
3346 1550 3581 1605 contraria
3603 1554 3725 1611 virtus

2227 1637 2328 1696 εει,
2353 1626 2625 1700 frugalitas
2651 1628 2974 1690 nominatur.
3007 1631 3077 1692 Ut
3101 1629 3257 1708 igitur
3284 1637 3393 1694 haec
3411 1653 3442 1694 ε
3459 1637 3601 1711 fruge,
3619 1641 3656 1698 id
3668 1653 3726 1701 est

2226 1737 2252 1775 a
2286 1721 2478 1787 fructu,
2513 1725 2730 1796 propter
2753 1728 3040 1797 quamdam
3065 1727 3363 1786 animarum
3389 1727 3722 1801 {ceun'dihtem

2226 1815 2296 1870 ita
2327 1815 2412 1870 illa
2443 1815 2510 1872 ab
2531 1815 2828 1888 sterilitate,
2855 1820 2955 1876 hoc
2983 1828 3068 1876 est
3090 1837 3120 1875 a
3160 1819 3344 1888 nihilo,
3373 1823 3581 1896 nequitia
3601 1829 3724 1882 nomi-

2226 1913 2346 1962 nata
2366 1917 2448 1963 est
2479 1927 2491 1964 :
2521 1907 2650 1965 nihil
2680 1919 2764 1966 est
2804 1911 2943 1966 enim
2969 1919 3130 1968 omne
3159 1912 3302 1984 Quod
3325 1905 3450 1983 ﬂuit,
3475 1916 3593 1986 quod
3611 1917 3724 1974 Solvi-

2228 2007 2332 2065 tur,
2365 2001 2504 2071 quod
2545 2003 2786 2072 liquescat
2817 2009 2872 2058 et
2903 2005 3052 2074 quasi
3091 2014 3306 2075 semper
3330 2001 3473 2076 perit.
3510 1999 3612 2062 ideo
3632 2010 3726 2064 lifts

2227 2094 2470 2150 ltotnines
2501 2097 2660 2150 etiam
2696 2097 2931 2166 perditos
2960 2095 3211 2153 dicimus.
3245 2093 3337 2153 ESI
3376 2107 3533 2155 autem
3562 2099 3722 2171 aliquid,

2227 2188 2270 2243 si
2295 2196 2494 2256 manet,
2527 2190 2570 2244 si
2592 2197 2819 2252 constat,
2845 2192 2888 2245 si
2924 2204 3138 2260 semper
3169 2191 3274 2247 tale
3301 2198 3398 2257 est,
3426 2201 3479 2246 ut
3498 2197 3568 2248 est
3589 2191 3721 2258 virtus,

2229 2281 2383 2350 cujus
2407 2293 2590 2352 magna
2621 2298 2744 2352 pars
2773 2292 2855 2339 est
2879 2288 3037 2355 atque
3064 2283 3435 2355 pulcherrima,
3451 2300 3552 2358 qua:
3573 2294 3722 2356 tempe-

2226 2374 2396 2428 rantia
2422 2381 2475 2428 et
2513 2373 2785 2443 frugalitas
2813 2373 3025 2430 dicitur.
3058 2377 3172 2432 Sed
3207 2377 3251 2432 si
3291 2377 3388 2432 hoc
3414 2373 3642 2434 obscurius
3668 2381 3726 2433 est

2224 2473 2382 2535 quam
2415 2474 2470 2520 ut
2497 2461 2551 2520 id
2572 2465 2680 2536 jam
2701 2481 2794 2522 vos
2823 2467 3002 2523 videre
3030 2469 3280 2539 pussit'is;
3303 2475 3441 2525 certe
3463 2463 3721 2524 illudconce-

2223 2553 2369 2624 ditis,
2401 2558 2523 2629 quia
2549 2558 2594 2614 si
2619 2561 2780 2614 animi
2805 2560 3178 2632 imperitorum
3205 2563 3364 2618 etiam
3382 2563 3473 2633 ipsi
3497 2561 3608 2633 pleni
3620 2565 3719 2625 sunt,

2225 2659 2282 2707 ut
2307 2655 2698 2722 corporum,ita
2731 2655 3028 2710 animorum
3075 2649 3185 2712 duo
3215 2650 3552 2712 alimentorum
3583 2663 3720 2726 genera

2224 2743 2565 2800 inveniuntur
2584 2762 2599 2812 ;
2633 2762 2794 2800 unum
2818 2747 3030 2803 salubre
3049 2751 3216 2818 atque
3234 2749 3380 2813 utile,
3408 2749 3594 2803 alterum
3613 2753 3715 2800 mor-

2223 2831 2406 2892 bidum
2427 2845 2584 2908 atque
2603 2830 2933 2907 pestiferum.

2295 2928 2348 2984 9.
2376 2927 2504 2997 ane
2529 2945 2647 2984 cum
2673 2929 2742 2984 ita
2771 2931 2894 2996 sint,
2933 2931 3170 2987 arbitror
3190 2931 3277 2988 die
3306 2927 3454 2986 natali
3490 2937 3601 2995 meo,
3623 2935 3717 2998 quo-

2223 3023 2364 3077 niam
2394 3022 2499 3078 duo
2518 3021 2761 3093 quaedam
2783 3038 2901 3079 esse
2930 3023 2982 3078 in
3012 3024 3235 3080 homine
3260 3025 3491 3080 convenit
3511 3023 3618 3076 inter
3632 3031 3716 3081 nos,

2224 3113 2275 3170 id
2305 3119 2595 3183 estcorpus
2620 3120 2778 3184 atque
2803 3114 3057 3180 animam,
3082 3125 3194 3169 non
3226 3121 3311 3169 me
3336 3112 3567 3184 prandium
3597 3109 3716 3180 paulo

2224 3204 2412 3258 lautius
2425 3204 2738 3274 corporibus
2751 3205 2943 3261 nostris
2953 3205 3125 3261 solum
3135 3246 3152 3269 ,
3168 3205 3266 3260 sed
3280 3215 3332 3260 et
3351 3205 3513 3260 animis
3521 3201 3640 3258 etiam
3649 3213 3713 3255 ex-

2223 3295 2406 3351 hibere
2421 3295 2633 3352 debere.
2649 3297 2799 3365 Quod
2816 3307 2989 3352 autem
3006 3298 3106 3353 hoc
3118 3299 3192 3354 sit
3207 3300 3486 3369 prandium,
3497 3298 3532 3357 si
3542 3297 3715 3366 esuritis,

2222 3389 2506 3458 proferam.
2551 3387 2683 3442 Nam
2720 3385 2768 3443 si
2813 3405 2906 3443 vos
2953 3389 3172 3454 invitos,
3203 3400 3257 3447 et
3305 3385 3589 3446 fastidientes
3611 3387 3717 3445 alere

2223 3480 2481 3546 conabor,
2534 3480 2727 3534 frustra
2779 3497 2992 3551 operam
3028 3483 3332 3550 insumam;
3369 3485 3597 3555 magisque
3634 3491 3718 3535 tota

2223 3572 2461 3628 facienda
2491 3583 2634 3640 sunt,
2669 3582 2725 3628 ut
2768 3575 2900 3630 tales
2931 3576 3116 3646 epulas
3153 3578 3328 3647 potius
3355 3590 3497 3647 quam
3519 3575 3612 3629 illas
3632 3588 3718 3628 cor-

2222 3668 2367 3736 poris
2396 3667 2732 3722 desideretis.
2766 3667 2916 3734 Quod
2948 3669 3164 3724 eveniet
3206 3670 3250 3723 si
3294 3668 3402 3723 sani
3431 3667 3570 3723 animi
3603 3665 3717 3720 vestri

2225 3759 2418 3814 fuerint
2448 3779 2459 3813 :
2490 3761 2615 3830 aegri
2657 3761 2821 3828 enim,
2852 3762 2988 3839 sicut
3037 3762 3088 3816 in
3131 3763 3334 3826 morbis
3361 3762 3510 3833 ipsius
3541 3760 3716 3830 corporis

2233 3851 2495 3917 videmus,
2529 3851 2679 3907 cibos
2707 3867 2832 3908 suos
2857 3862 3104 3908 recusant
3132 3864 3189 3909 et
3224 3861 3482 3925 respuunt.
3509 3845 3662 3908 Omnes
3679 3863 3718 3904 se

2221 3943 2366 3996 vultu
2391 3943 2504 4013 ipso
2518 3949 2574 3998 et‘
2597 3945 2962 4001 consentiente
2980 3960 3132 4011 voce,
3153 3945 3398 4017 quidquid
3415 3955 3717 4017 prteparassem

2214 4037 2324 4105 jam
2345 4052 2558 4093 sumere
2589 4053 2651 4092 ac
2680 4053 2867 4093 vorare
2894 4039 3028 4094 velle
3052 4037 3324 4096 dixerunt.

2292 4129 2378 4183 10.
2408 4129 2579 4200 Atque
2615 4147 2715 4202 ego
2742 4147 2924 4187 rursus
2959 4133 3248 4189 exordiens
3280 4151 3293 4187 :
3323 4133 3499 4189 Beatos
3529 4146 3624 4186 esse
3651 4144 3719 4183 nos

2220 4221 2483 4286 volumus,
2529 4222 2776 4292 inquam?
2815 4217 2911 4278 Vix
2954 4224 3054 4279 hoc
3091 4225 3401 4290 effuderam,
3445 4229 3720 4280 occurrerunt

2221 4327 2323 4366 una
2370 4327 2498 4367 voce
2553 4315 2967 4370 consentientes.
3013 4308 3310 4372 Videturne
3349 4315 3513 4381 vobis,
3540 4314 3714 4382 inquam.

2218 4403 2403 4458 beatus
2443 4417 2563 4460 esse
2606 4405 2694 4474 qui
2740 4403 2880 4474 quod
2911 4404 3028 4460 vult
3070 4421 3179 4460 non
3221 4398 3408 4462 habet?”
3435 4403 3715 4475 Negaverunt.

2218 4489 2391 4562 Quid?
2421 4495 2592 4550 omnis
2623 4495 2711 4565 qui
2755 4495 2896 4566 quod
2929 4491 3043 4550 vult
3087 4495 3268 4562 habet,
3297 4491 3469 4553 beatus
3501 4492 3600 4549 est?
3621 4489 3717 4545 Tum

2218 4593 2386 4640 mater
2419 4583 2512 4640 :Si
2544 4585 2703 4652 bona,
2735 4586 2922 4656 inquit,
2951 4581 3076 4642 velit
3121 4595 3176 4643 et
3217 4581 3418 4655 habeat,
3445 4586 3605 4642 beatus
3631 4589 3716 4642 est;

2218 4676 2265 4730 si
2291 4679 2466 4730 autem
2511 4675 2645 4730 mala
2677 4678 2824 4745 velit,
2855 4679 3096 4748 quamvis
3125 4677 3334 4744 habeat,
3366 4679 3517 4733 miser
3545 4683 3628 4731 est.
3648 4669 3717 4726 Cui

2217 4785 2315 4840 ego
2339 4769 2583 4825 arridens
2607 4781 2764 4840 atque
2785 4771 3046 4841 gestiens:
3070 4765 3262 4843 Ipsam,
3290 4773 3508 4844 inquam,
3535 4779 3715 4840 prorsuS.

2217 4867 2406 4923 mater,
2448 4877 2624 4916 arcem
2657 4855 3004 4934 philosophia:
3042 4864 3278 4919 tenuisti.
3311 4855 3435 4918 Nam
3475 4857 3554 4916 tibi
3582 4853 3718 4928 procul

2216 4945 2378 5005 dubio
2406 4951 2563 5006 verba
2593 4949 2891 5019 defuerunt,
2923 4961 2979 5008 ut
3014 4968 3118 5007 non
3159 4953 3295 5009 sicut
3319 4945 3506 5007 Tullius
3532 4958 3574 5003 te
3596 4942 3715 5000 modo

2221 5043 2499 5114 penderes,
2535 5043 2684 5113 cujus
2708 5037 2774 5099 de
2793 5043 2891 5099 hac
2920 5044 3179 5100 sententia
3198 5043 3350 5101 verba
3369 5045 3458 5099 ista
3482 5049 3602 5097 sunt.
3619 5031 3714 5092 Nam

2217 5137 2270 5192 in
2301 5136 2604 5201 Hortensio,
2630 5152 2788 5207 quem
2832 5135 2898 5191 de
2938 5136 3092 5192 laude
3130 5152 3193 5192 ac
3220 5135 3510 5192 defensione
3534 5128 3713 5202 philoso-

2217 5233 2356 5304 phia:
2404 5232 2594 5287 librum
2625 5227 2750 5286 fecit
2779 5249 2790 5284 :
2824 5225 2956 5286 Ecce
2990 5239 3178 5301 autem,
3224 5232 3313 5296 ait,
3356 5247 3448 5285 non
3488 5218 3712 5299 philosophi

2217 5324 2436 5394 quidem,
2478 5323 2566 5378 sed
2605 5323 2824 5395 prompti
2868 5333 3034 5378 tanien
3086 5325 3154 5378 ad
3192 5321 3544 5395 disputandum,
3586 5324 3710 5368 0mm

2217 5418 2360 5472 aiunt
2404 5429 2508 5472 exse
2539 5417 2708 5471 beatos
2747 5417 2831 5488 qui
2866 5419 3031 5470 vivant
3063 5426 3116 5470 ut
3143 5409 3244 5486 ipsi
3281 5411 3438 5468 uelint.
3473 5407 3649 5464 Falsum
3672 5399 3709 5453 id

2217 5510 2451 5579 quidem:
2491 5503 2628 5564 Velle
2647 5510 2778 5563 enim
2811 5509 2946 5580 quod
2989 5525 3088 5563 non
3112 5508 3296 5573 deceat,
3323 5505 3444 5560 idem
3478 5503 3617 5572 ipsum
3639 5490 3706 5546 mi-

2218 5605 2501 5658 serrimum.
2537 5601 2645 5657 Nec
2665 5611 2768 5656 tam
2789 5603 3024 5657 miserum
3047 5612 3117 5656 est
3141 5618 3237 5656 non
3256 5598 3454 5669 adipisci
3474 5591 3590 5665 quod
3603 5586 3703 5648 uelis.

2216 5714 2368 5768 quam
2395 5697 2607 5766 adipisci
2636 5695 2759 5750 velle
2787 5695 2924 5767 quod
2948 5713 3046 5749 non
3069 5701 3303 5764 oporteat.
3339 5683 3452 5745 Plus
3477 5687 3590 5742 enim
3616 5675 3706 5735 ntali

2219 5789 2442 5858 pravitas
2481 5786 2750 5843 voluntatis
2792 5787 2970 5860 affert,
2986 5805 3135 5862 quam
3161 5789 3356 5860 fortuna
3377 5783 3580 5852 cuiquam
3600 5770 3701 5830 M5-
