  <div class='ocr_page' id='page_1' title='image "/cluster/home/n/w/nwhite01/storage/ocr_20150623/32/uva.x000669813/492.png"; bbox 0 0 3882 6274; ppageno 0'>
   <div class='ocr_carea' id='block_1_1' title="bbox 133 390 1688 475">
    <p class='ocr_par' dir='ltr' id='par_1_1' title="bbox 133 390 1688 475">
     <span class='ocr_line' id='line_1_1' title="bbox 133 390 1688 475; baseline -0.01 -11"><span class='ocrx_word' id='word_1_1' title='bbox 133 410 165 467; x_wconf 79' lang='lat' dir='ltr'><strong>it</strong></span> <span class='ocrx_word' id='word_1_2' title='bbox 188 404 380 475; x_wconf 77' lang='lat' dir='ltr'><strong>quibus</strong></span> <span class='ocrx_word' id='word_1_3' title='bbox 419 403 606 460; x_wconf 78' lang='lat' dir='ltr'><strong>verbis</strong></span> <span class='ocrx_word' id='word_1_4' title='bbox 648 402 740 459; x_wconf 84' lang='lat' dir='ltr'><strong>illa</strong></span> <span class='ocrx_word' id='word_1_5' title='bbox 771 402 850 459; x_wconf 88' lang='lat' dir='ltr'><strong>sic</strong></span> <span class='ocrx_word' id='word_1_6' title='bbox 877 398 1208 458; x_wconf 75' lang='lat' dir='ltr'><strong>exclamabat</strong></span> <span class='ocrx_word' id='word_1_7' title='bbox 1228 441 1243 464; x_wconf 94' lang='lat'><strong>,</strong></span> <span class='ocrx_word' id='word_1_8' title='bbox 1272 402 1331 453; x_wconf 89' lang='lat' dir='ltr'><strong>ut</strong></span> <span class='ocrx_word' id='word_1_9' title='bbox 1389 390 1541 453; x_wconf 85' lang='lat' dir='ltr'><strong>obliti</strong></span> <span class='ocrx_word' id='word_1_10' title='bbox 1594 408 1688 466; x_wconf 84' lang='lat' dir='ltr'><strong>pe-</strong></span> 
     </span>
    </p>
   </div>
   <div class='ocr_carea' id='block_1_2' title="bbox 132 489 1693 568">
    <p class='ocr_par' dir='ltr' id='par_1_2' title="bbox 132 489 1693 568">
     <span class='ocr_line' id='line_1_2' title="bbox 132 489 1693 568; baseline -0.006 -14"><span class='ocrx_word' id='word_1_11' title='bbox 132 501 231 561; x_wconf 72' lang='lat' dir='ltr'><strong>n’itts</strong></span> <span class='ocrx_word' id='word_1_12' title='bbox 269 510 439 552; x_wconf 79' lang='lat' dir='ltr'><strong>sexus</strong></span> <span class='ocrx_word' id='word_1_13' title='bbox 480 496 636 567; x_wconf 79' lang='lat' dir='ltr'><strong>ejus,</strong></span> <span class='ocrx_word' id='word_1_14' title='bbox 675 506 927 568; x_wconf 80' lang='lat' dir='ltr'><strong>magnum</strong></span> <span class='ocrx_word' id='word_1_15' title='bbox 962 491 1192 563; x_wconf 85' lang='lat' dir='ltr'><strong>aliquem</strong></span> <span class='ocrx_word' id='word_1_16' title='bbox 1212 490 1383 545; x_wconf 86' lang='lat' dir='ltr'><strong>virum</strong></span> <span class='ocrx_word' id='word_1_17' title='bbox 1408 489 1693 547; x_wconf 78' lang='lat' dir='ltr'><strong>considere</strong></span> 
     </span>
    </p>
   </div>
   <div class='ocr_carea' id='block_1_3' title="bbox 130 585 1688 657">
    <p class='ocr_par' dir='ltr' id='par_1_3' title="bbox 130 585 1688 657">
     <span class='ocr_line' id='line_1_3' title="bbox 130 585 1688 657; baseline -0.009 -5"><span class='ocrx_word' id='word_1_18' title='bbox 130 589 365 652; x_wconf 72' lang='lat' dir='ltr'><strong>nobiseum</strong></span> <span class='ocrx_word' id='word_1_19' title='bbox 377 589 756 655; x_wconf 84' lang='lat' dir='ltr'><strong>crederemus,</strong></span> <span class='ocrx_word' id='word_1_20' title='bbox 776 596 869 643; x_wconf 87' lang='lat' dir='ltr'><strong>me</strong></span> <span class='ocrx_word' id='word_1_21' title='bbox 884 585 1119 653; x_wconf 86' lang='lat' dir='ltr'><strong>Interim,</strong></span> <span class='ocrx_word' id='word_1_22' title='bbox 1143 591 1403 657; x_wconf 76' lang='lat' dir='ltr'><strong>quantum</strong></span> <span class='ocrx_word' id='word_1_23' title='bbox 1422 592 1688 654; x_wconf 78' lang='lat' dir='ltr'><strong>poteram,</strong></span> 
     </span>
    </p>
   </div>
   <div class='ocr_carea' id='block_1_4' title="bbox 129 675 1693 751">
    <p class='ocr_par' dir='ltr' id='par_1_4' title="bbox 129 675 1693 751">
     <span class='ocr_line' id='line_1_4' title="bbox 129 675 1693 751; baseline -0.007 -10"><span class='ocrx_word' id='word_1_24' title='bbox 129 680 418 751; x_wconf 72' lang='lat' dir='ltr'><strong>uteiligente</strong></span> <span class='ocrx_word' id='word_1_25' title='bbox 448 696 517 736; x_wconf 91' lang='lat' dir='ltr'><strong>ex</strong></span> <span class='ocrx_word' id='word_1_26' title='bbox 548 695 656 751; x_wconf 91' lang='lat' dir='ltr'><strong>quo</strong></span> <span class='ocrx_word' id='word_1_27' title='bbox 686 680 799 746; x_wconf 86' lang='lat' dir='ltr'><strong>illa,</strong></span> <span class='ocrx_word' id='word_1_28' title='bbox 829 687 883 734; x_wconf 92' lang='lat' dir='ltr'><strong>et</strong></span> <span class='ocrx_word' id='word_1_29' title='bbox 908 688 1071 750; x_wconf 76' lang='lat' dir='ltr'><strong>quam</strong></span> <span class='ocrx_word' id='word_1_30' title='bbox 1108 675 1294 733; x_wconf 79' lang='lat' dir='ltr'><strong>divino</strong></span> <span class='ocrx_word' id='word_1_31' title='bbox 1334 676 1481 732; x_wconf 73' lang='lat' dir='ltr'><strong>tanta</strong></span> <span class='ocrx_word' id='word_1_32' title='bbox 1508 686 1693 730; x_wconf 81' lang='lat' dir='ltr'><strong>mana-</strong></span> 
     </span>
    </p>
   </div>
   <div class='ocr_carea' id='block_1_5' title="bbox 9 767 1692 839">
    <p class='ocr_par' dir='ltr' id='par_1_5' title="bbox 9 767 1692 839">
     <span class='ocr_line' id='line_1_5' title="bbox 9 767 1692 839; baseline -0.005 -9"><span class='ocrx_word' id='word_1_33' title='bbox 9 767 83 839; x_wconf 56' lang='lat' dir='ltr'><strong>il</strong></span> <span class='ocrx_word' id='word_1_34' title='bbox 127 778 225 831; x_wconf 76' lang='lat' dir='ltr'><strong>teut.</strong></span> <span class='ocrx_word' id='word_1_35' title='bbox 244 769 645 826; x_wconf 77' lang='lat' dir='ltr'><strong>EtLieeutius:</strong></span> <span class='ocrx_word' id='word_1_36' title='bbox 672 768 782 827; x_wconf 70' lang='lat' dir='ltr'><strong>Sed</strong></span> <span class='ocrx_word' id='word_1_37' title='bbox 805 768 1115 835; x_wconf 71' lang='lat' dir='ltr'><strong>dicundum,</strong></span> <span class='ocrx_word' id='word_1_38' title='bbox 1147 768 1343 839; x_wconf 82' lang='lat' dir='ltr'><strong>inquit,</strong></span> <span class='ocrx_word' id='word_1_39' title='bbox 1386 767 1481 823; x_wconf 72' lang='lat' dir='ltr'><strong>tibi</strong></span> <span class='ocrx_word' id='word_1_40' title='bbox 1505 774 1609 834; x_wconf 79' lang='lat' dir='ltr'><strong>est,</strong></span> <span class='ocrx_word' id='word_1_41' title='bbox 1633 775 1692 822; x_wconf 90' lang='lat' dir='ltr'><strong>ut</strong></span> 
     </span>
    </p>
   </div>
   <div class='ocr_carea' id='block_1_6' title="bbox 123 861 1690 936">
    <p class='ocr_par' dir='ltr' id='par_1_6' title="bbox 123 861 1690 936">
     <span class='ocr_line' id='line_1_6' title="bbox 123 861 1690 936; baseline -0.006 -10"><span class='ocrx_word' id='word_1_42' title='bbox 123 869 273 926; x_wconf 60' lang='lat' dir='ltr'><strong>huius</strong></span> <span class='ocrx_word' id='word_1_43' title='bbox 300 865 371 920; x_wconf 86' lang='lat' dir='ltr'><strong>sit</strong></span> <span class='ocrx_word' id='word_1_44' title='bbox 394 862 650 936; x_wconf 79' lang='lat' dir='ltr'><strong>quisque,</strong></span> <span class='ocrx_word' id='word_1_45' title='bbox 678 861 805 933; x_wconf 88' lang='lat' dir='ltr'><strong>quid</strong></span> <span class='ocrx_word' id='word_1_46' title='bbox 838 861 977 919; x_wconf 81' lang='lat' dir='ltr'><strong>velle</strong></span> <span class='ocrx_word' id='word_1_47' title='bbox 1014 861 1227 927; x_wconf 77' lang='lat' dir='ltr'><strong>debeat,</strong></span> <span class='ocrx_word' id='word_1_48' title='bbox 1259 870 1313 916; x_wconf 83' lang='lat' dir='ltr'><strong>at</strong></span> <span class='ocrx_word' id='word_1_49' title='bbox 1344 875 1573 932; x_wconf 74' lang='lat' dir='ltr'><strong>quam</strong></span> <span class='ocrx_word' id='word_1_50' title='bbox 1600 874 1690 916; x_wconf 80' lang='lat' dir='ltr'><strong>re-</strong></span> 
     </span>
    </p>
   </div>
   <div class='ocr_carea' id='block_1_7' title="bbox 127 952 1690 1026">
    <p class='ocr_par' dir='ltr' id='par_1_7' title="bbox 127 952 1690 1026">
     <span class='ocr_line' id='line_1_7' title="bbox 127 952 1690 1026; baseline -0.008 -8"><span class='ocrx_word' id='word_1_51' title='bbox 127 972 211 1019; x_wconf 71' lang='lat' dir='ltr'><strong>m</strong></span> <span class='ocrx_word' id='word_1_52' title='bbox 229 968 355 1013; x_wconf 85' lang='lat' dir='ltr'><strong>eam</strong></span> <span class='ocrx_word' id='word_1_53' title='bbox 382 962 638 1026; x_wconf 83' lang='lat' dir='ltr'><strong>oporteat</strong></span> <span class='ocrx_word' id='word_1_54' title='bbox 659 954 860 1011; x_wconf 81' lang='lat' dir='ltr'><strong>habere</strong></span> <span class='ocrx_word' id='word_1_55' title='bbox 896 953 1239 1010; x_wconf 75' lang='lat' dir='ltr'><strong>desiderium.</strong></span> <span class='ocrx_word' id='word_1_56' title='bbox 1270 953 1437 1007; x_wconf 83' lang='lat' dir='ltr'><strong>Invita</strong></span> <span class='ocrx_word' id='word_1_57' title='bbox 1465 968 1573 1018; x_wconf 78' lang='lat' dir='ltr'><strong>ma,</strong></span> <span class='ocrx_word' id='word_1_58' title='bbox 1605 952 1690 1006; x_wconf 80' lang='lat' dir='ltr'><strong>in-</strong></span> 
     </span>
    </p>
   </div>
   <div class='ocr_carea' id='block_1_8' title="bbox 125 1042 1693 1122">
    <p class='ocr_par' dir='ltr' id='par_1_8' title="bbox 125 1042 1693 1122">
     <span class='ocr_line' id='line_1_8' title="bbox 125 1042 1693 1122; baseline -0.005 -19"><span class='ocrx_word' id='word_1_59' title='bbox 125 1058 272 1122; x_wconf 67' lang='lat' dir='ltr'><strong>qua,</strong></span> <span class='ocrx_word' id='word_1_60' title='bbox 292 1046 464 1102; x_wconf 80' lang='lat' dir='ltr'><strong>natali</strong></span> <span class='ocrx_word' id='word_1_61' title='bbox 486 1053 603 1112; x_wconf 86' lang='lat' dir='ltr'><strong>tuo,</strong></span> <span class='ocrx_word' id='word_1_62' title='bbox 630 1043 847 1117; x_wconf 85' lang='lat' dir='ltr'><strong>quando</strong></span> <span class='ocrx_word' id='word_1_63' title='bbox 869 1043 1209 1115; x_wconf 79' lang='lat' dir='ltr'><strong>dignaberis;</strong></span> <span class='ocrx_word' id='word_1_64' title='bbox 1237 1042 1495 1114; x_wconf 82' lang='lat' dir='ltr'><strong>quidquid</strong></span> <span class='ocrx_word' id='word_1_65' title='bbox 1521 1057 1693 1114; x_wconf 79' lang='lat' dir='ltr'><strong>appo-</strong></span> 
     </span>
    </p>
   </div>
   <div class='ocr_carea' id='block_1_9' title="bbox 8 1132 1696 1205">
    <p class='ocr_par' dir='ltr' id='par_1_9' title="bbox 8 1132 1696 1205">
     <span class='ocr_line' id='line_1_9' title="bbox 8 1132 1696 1205; baseline -0.004 -9"><span class='ocrx_word' id='word_1_66' title='bbox 8 1132 89 1205; x_wconf 66' lang='lat' dir='ltr'><strong>kl</strong></span> <span class='ocrx_word' id='word_1_67' title='bbox 124 1136 264 1196; x_wconf 64' lang='lat' dir='ltr'><strong>uela</strong></span> <span class='ocrx_word' id='word_1_68' title='bbox 280 1137 519 1193; x_wconf 83' lang='lat' dir='ltr'><strong>libenter</strong></span> <span class='ocrx_word' id='word_1_69' title='bbox 546 1148 776 1192; x_wconf 79' lang='lat' dir='ltr'><strong>sumam.</strong></span> <span class='ocrx_word' id='word_1_70' title='bbox 800 1134 914 1203; x_wconf 81' lang='lat' dir='ltr'><strong>Qua</strong></span> <span class='ocrx_word' id='word_1_71' title='bbox 938 1134 1245 1191; x_wconf 86' lang='lat' dir='ltr'><strong>conditione</strong></span> <span class='ocrx_word' id='word_1_72' title='bbox 1262 1133 1426 1190; x_wconf 83' lang='lat' dir='ltr'><strong>hodie</strong></span> <span class='ocrx_word' id='word_1_73' title='bbox 1445 1132 1587 1205; x_wconf 79' lang='lat' dir='ltr'><strong>apud</strong></span> <span class='ocrx_word' id='word_1_74' title='bbox 1606 1148 1696 1190; x_wconf 78' lang='lat' dir='ltr'><strong>me</strong></span> 
     </span>
    </p>
   </div>
   <div class='ocr_carea' id='block_1_10' title="bbox 126 1227 1697 1302">
    <p class='ocr_par' dir='ltr' id='par_1_10' title="bbox 126 1227 1697 1302">
     <span class='ocr_line' id='line_1_10' title="bbox 126 1227 1697 1302; baseline -0.004 -13"><span class='ocrx_word' id='word_1_75' title='bbox 126 1229 579 1302; x_wconf 69' lang='lat' dir='ltr'><strong>uepderispeto,</strong></span> <span class='ocrx_word' id='word_1_76' title='bbox 604 1242 704 1286; x_wconf 88' lang='lat' dir='ltr'><strong>nec</strong></span> <span class='ocrx_word' id='word_1_77' title='bbox 732 1227 938 1299; x_wconf 72' lang='lat' dir='ltr'><strong>ﬂagitet</strong></span> <span class='ocrx_word' id='word_1_78' title='bbox 953 1228 1094 1299; x_wconf 89' lang='lat' dir='ltr'><strong>quod</strong></span> <span class='ocrx_word' id='word_1_79' title='bbox 1118 1228 1344 1285; x_wconf 78' lang='lat' dir='ltr'><strong>fortasse</strong></span> <span class='ocrx_word' id='word_1_80' title='bbox 1367 1242 1475 1283; x_wconf 82' lang='lat' dir='ltr'><strong>non</strong></span> <span class='ocrx_word' id='word_1_81' title='bbox 1499 1236 1585 1283; x_wconf 83' lang='lat' dir='ltr'><strong>est</strong></span> <span class='ocrx_word' id='word_1_82' title='bbox 1602 1243 1697 1299; x_wconf 61' lang='lat' dir='ltr'><strong>pa.</strong></span> 
     </span>
    </p>
   </div>
   <div class='ocr_carea' id='block_1_11' title="bbox 127 1320 1695 1392">
    <p class='ocr_par' dir='ltr' id='par_1_11' title="bbox 127 1320 1695 1392">
     <span class='ocr_line' id='line_1_11' title="bbox 127 1320 1695 1392; baseline -0.005 -9"><span class='ocrx_word' id='word_1_83' title='bbox 127 1330 288 1383; x_wconf 67' lang='lat' dir='ltr'><strong>om.</strong></span> <span class='ocrx_word' id='word_1_84' title='bbox 316 1323 498 1392; x_wconf 77' lang='lat' dir='ltr'><strong>Quem</strong></span> <span class='ocrx_word' id='word_1_85' title='bbox 517 1333 643 1378; x_wconf 82' lang='lat' dir='ltr'><strong>cunt</strong></span> <span class='ocrx_word' id='word_1_86' title='bbox 673 1320 932 1377; x_wconf 70' lang='lat' dir='ltr'><strong>modesta!</strong></span> <span class='ocrx_word' id='word_1_87' title='bbox 958 1335 1023 1377; x_wconf 77' lang='lat' dir='ltr'><strong>ac</strong></span> <span class='ocrx_word' id='word_1_88' title='bbox 1046 1320 1361 1377; x_wconf 67' lang='lat' dir='ltr'><strong>verecunda</strong></span> <span class='ocrx_word' id='word_1_89' title='bbox 1393 1321 1695 1377; x_wconf 74' lang='lat' dir='ltr'><strong>commoni-</strong></span> 
     </span>
    </p>
   </div>
   <div class='ocr_carea' id='block_1_12' title="bbox 79 1412 1697 1487">
    <p class='ocr_par' dir='ltr' id='par_1_12' title="bbox 79 1412 1697 1487">
     <span class='ocr_line' id='line_1_12' title="bbox 79 1412 1697 1487; baseline -0.002 -13"><span class='ocrx_word' id='word_1_90' title='bbox 79 1412 87 1487; x_wconf 75' lang='grc' dir='ltr'>ι</span> <span class='ocrx_word' id='word_1_91' title='bbox 127 1415 390 1474; x_wconf 58' lang='lat' dir='ltr'><strong>missum</strong></span> <span class='ocrx_word' id='word_1_92' title='bbox 443 1416 733 1487; x_wconf 60' lang='lat' dir='ltr'><strong>paeniteret</strong></span> <span class='ocrx_word' id='word_1_93' title='bbox 760 1432 774 1471; x_wconf 91' lang='lat'><strong>:</strong></span> <span class='ocrx_word' id='word_1_94' title='bbox 803 1415 947 1486; x_wconf 83' lang='lat' dir='ltr'><strong>Ergo</strong></span> <span class='ocrx_word' id='word_1_95' title='bbox 979 1412 1128 1480; x_wconf 88' lang='lat' dir='ltr'><strong>illud,</strong></span> <span class='ocrx_word' id='word_1_96' title='bbox 1177 1412 1415 1486; x_wconf 84' lang='lat' dir='ltr'><strong>Inquam,</strong></span> <span class='ocrx_word' id='word_1_97' title='bbox 1445 1414 1697 1471; x_wconf 85' lang='lat' dir='ltr'><strong>convenit</strong></span> 
     </span>
    </p>
   </div>
   <div class='ocr_carea' id='block_1_13' title="bbox 126 1507 1692 1580">
    <p class='ocr_par' dir='ltr' id='par_1_13' title="bbox 126 1507 1692 1580">
     <span class='ocr_line' id='line_1_13' title="bbox 126 1507 1692 1580; baseline -0.003 -14"><span class='ocrx_word' id='word_1_98' title='bbox 126 1512 236 1566; x_wconf 58' lang='lat' dir='ltr'><strong>ita</strong></span> <span class='ocrx_word' id='word_1_99' title='bbox 256 1520 380 1576; x_wconf 79' lang='lat' dir='ltr'><strong>nos,</strong></span> <span class='ocrx_word' id='word_1_100' title='bbox 412 1518 591 1580; x_wconf 79' lang='lat' dir='ltr'><strong>neque</strong></span> <span class='ocrx_word' id='word_1_101' title='bbox 630 1518 953 1579; x_wconf 75' lang='lat' dir='ltr'><strong>quemquam</strong></span> <span class='ocrx_word' id='word_1_102' title='bbox 979 1508 1193 1563; x_wconf 79' lang='lat' dir='ltr'><strong>beatum</strong></span> <span class='ocrx_word' id='word_1_103' title='bbox 1235 1518 1357 1564; x_wconf 81' lang='lat' dir='ltr'><strong>esse</strong></span> <span class='ocrx_word' id='word_1_104' title='bbox 1385 1520 1566 1577; x_wconf 59' lang='lat' dir='ltr'><strong>posse,</strong></span> <span class='ocrx_word' id='word_1_105' title='bbox 1597 1507 1692 1578; x_wconf 91' lang='lat' dir='ltr'><strong>qui</strong></span> 
     </span>
    </p>
   </div>
   <div class='ocr_carea' id='block_1_14' title="bbox 126 1597 1696 1673">
    <p class='ocr_par' dir='ltr' id='par_1_14' title="bbox 126 1597 1696 1673">
     <span class='ocr_line' id='line_1_14' title="bbox 126 1597 1696 1673; baseline 0.001 -19"><span class='ocrx_word' id='word_1_106' title='bbox 126 1597 235 1673; x_wconf 55' lang='grc' dir='ltr'><strong>μ</strong></span> <span class='ocrx_word' id='word_1_107' title='bbox 250 1599 365 1654; x_wconf 81' lang='lat' dir='ltr'><strong>vult</strong></span> <span class='ocrx_word' id='word_1_108' title='bbox 380 1610 489 1655; x_wconf 82' lang='lat' dir='ltr'><strong>non</strong></span> <span class='ocrx_word' id='word_1_109' title='bbox 508 1600 701 1663; x_wconf 84' lang='lat' dir='ltr'><strong>habet;</strong></span> <span class='ocrx_word' id='word_1_110' title='bbox 724 1612 897 1671; x_wconf 81' lang='lat' dir='ltr'><strong>neque</strong></span> <span class='ocrx_word' id='word_1_111' title='bbox 921 1613 1139 1657; x_wconf 85' lang='lat' dir='ltr'><strong>omnem</strong></span> <span class='ocrx_word' id='word_1_112' title='bbox 1177 1601 1267 1672; x_wconf 87' lang='lat' dir='ltr'><strong>qui</strong></span> <span class='ocrx_word' id='word_1_113' title='bbox 1294 1600 1438 1672; x_wconf 87' lang='lat' dir='ltr'><strong>quod</strong></span> <span class='ocrx_word' id='word_1_114' title='bbox 1459 1600 1572 1654; x_wconf 86' lang='lat' dir='ltr'><strong>vult</strong></span> <span class='ocrx_word' id='word_1_115' title='bbox 1601 1599 1696 1655; x_wconf 85' lang='lat' dir='ltr'><strong>ba-</strong></span> 
     </span>
    </p>
   </div>
   <div class='ocr_carea' id='block_1_15' title="bbox 21 1691 956 1751">
    <p class='ocr_par' dir='ltr' id='par_1_15' title="bbox 21 1691 956 1751">
     <span class='ocr_line' id='line_1_15' title="bbox 21 1691 956 1751; baseline -0.006 1"><span class='ocrx_word' id='word_1_116' title='bbox 21 1691 99 1751; x_wconf 66' lang='lat'><em>.</em></span> <span class='ocrx_word' id='word_1_117' title='bbox 128 1692 210 1751; x_wconf 80' lang='lat' dir='ltr'><strong>tet.</strong></span> <span class='ocrx_word' id='word_1_118' title='bbox 237 1691 457 1748; x_wconf 81' lang='lat' dir='ltr'><strong>beatum</strong></span> <span class='ocrx_word' id='word_1_119' title='bbox 482 1691 643 1747; x_wconf 75' lang='lat' dir='ltr'><strong>esse?</strong></span> <span class='ocrx_word' id='word_1_120' title='bbox 669 1691 956 1747; x_wconf 84' lang='lat' dir='ltr'><strong>Dederunt.</strong></span> 
     </span>
    </p>
   </div>
   <div class='ocr_carea' id='block_1_16' title="bbox 176 1778 1695 1854">
    <p class='ocr_par' dir='ltr' id='par_1_16' title="bbox 176 1778 1695 1854">
     <span class='ocr_line' id='line_1_16' title="bbox 176 1778 1695 1854; baseline 0 -15"><span class='ocrx_word' id='word_1_121' title='bbox 176 1784 256 1839; x_wconf 77' lang='lat' dir='ltr'><strong>li.</strong></span> <span class='ocrx_word' id='word_1_122' title='bbox 280 1778 421 1852; x_wconf 77' lang='lat' dir='ltr'><strong>Quid</strong></span> <span class='ocrx_word' id='word_1_123' title='bbox 448 1781 596 1847; x_wconf 78' lang='lat' dir='ltr'><strong>illud,</strong></span> <span class='ocrx_word' id='word_1_124' title='bbox 630 1784 865 1854; x_wconf 83' lang='lat' dir='ltr'><strong>Inquam,</strong></span> <span class='ocrx_word' id='word_1_125' title='bbox 893 1782 1204 1845; x_wconf 69' lang='lat' dir='ltr'><strong>conceditis,</strong></span> <span class='ocrx_word' id='word_1_126' title='bbox 1224 1794 1439 1838; x_wconf 76' lang='lat' dir='ltr'><strong>omnem</strong></span> <span class='ocrx_word' id='word_1_127' title='bbox 1456 1784 1547 1853; x_wconf 87' lang='lat' dir='ltr'><strong>qui</strong></span> <span class='ocrx_word' id='word_1_128' title='bbox 1566 1782 1695 1839; x_wconf 47' lang='lat' dir='ltr'><strong>bes.</strong></span> 
     </span>
    </p>
   </div>
   <div class='ocr_carea' id='block_1_17' title="bbox 18 1873 1697 1941">
    <p class='ocr_par' dir='ltr' id='par_1_17' title="bbox 18 1873 1697 1941">
     <span class='ocr_line' id='line_1_17' title="bbox 18 1873 1697 1941; baseline -0.002 -6"><span class='ocrx_word' id='word_1_129' title='bbox 18 1873 101 1941; x_wconf 59' lang='lat' dir='ltr'><strong>tl</strong></span> <span class='ocrx_word' id='word_1_130' title='bbox 131 1888 195 1935; x_wconf 64' lang='lat' dir='ltr'><strong>tu</strong></span> <span class='ocrx_word' id='word_1_131' title='bbox 214 1887 319 1932; x_wconf 77' lang='lat' dir='ltr'><strong>non</strong></span> <span class='ocrx_word' id='word_1_132' title='bbox 338 1882 445 1941; x_wconf 73' lang='lat' dir='ltr'><strong>est,</strong></span> <span class='ocrx_word' id='word_1_133' title='bbox 475 1874 732 1931; x_wconf 76' lang='lat' dir='ltr'><strong>miserum</strong></span> <span class='ocrx_word' id='word_1_134' title='bbox 758 1876 918 1932; x_wconf 79' lang='lat' dir='ltr'><strong>esse?</strong></span> <span class='ocrx_word' id='word_1_135' title='bbox 944 1874 1060 1930; x_wconf 81' lang='lat' dir='ltr'><strong>Non</strong></span> <span class='ocrx_word' id='word_1_136' title='bbox 1089 1874 1482 1931; x_wconf 85' lang='lat' dir='ltr'><strong>dubitaverunt.</strong></span> <span class='ocrx_word' id='word_1_137' title='bbox 1511 1873 1697 1932; x_wconf 86' lang='lat' dir='ltr'><strong>Omnia</strong></span> 
     </span>
    </p>
   </div>
   <div class='ocr_carea' id='block_1_18' title="bbox 39 1966 1693 2042">
    <p class='ocr_par' dir='ltr' id='par_1_18' title="bbox 39 1966 1693 2042">
     <span class='ocr_line' id='line_1_18' title="bbox 39 1966 1693 2042; baseline -0.003 -17"><span class='ocrx_word' id='word_1_138' title='bbox 39 1966 103 2042; x_wconf 71' lang='grc' dir='ltr'><strong>Ι</strong></span> <span class='ocrx_word' id='word_1_139' title='bbox 132 1968 278 2042; x_wconf 59' lang='lat' dir='ltr'><strong>igtur,</strong></span> <span class='ocrx_word' id='word_1_140' title='bbox 306 1968 547 2040; x_wconf 79' lang='lat' dir='ltr'><strong>Inquam,</strong></span> <span class='ocrx_word' id='word_1_141' title='bbox 576 1966 667 2039; x_wconf 78' lang='lat' dir='ltr'><strong>qui</strong></span> <span class='ocrx_word' id='word_1_142' title='bbox 704 1967 849 2040; x_wconf 83' lang='lat' dir='ltr'><strong>quod</strong></span> <span class='ocrx_word' id='word_1_143' title='bbox 895 1968 1004 2023; x_wconf 88' lang='lat' dir='ltr'><strong>vult</strong></span> <span class='ocrx_word' id='word_1_144' title='bbox 1044 1981 1147 2022; x_wconf 85' lang='lat' dir='ltr'><strong>non</strong></span> <span class='ocrx_word' id='word_1_145' title='bbox 1187 1966 1370 2035; x_wconf 87' lang='lat' dir='ltr'><strong>habet,</strong></span> <span class='ocrx_word' id='word_1_146' title='bbox 1398 1967 1563 2022; x_wconf 80' lang='lat' dir='ltr'><strong>miser</strong></span> <span class='ocrx_word' id='word_1_147' title='bbox 1590 1975 1693 2023; x_wconf 88' lang='lat' dir='ltr'><strong>est.</strong></span> 
     </span>
    </p>
   </div>
   <div class='ocr_carea' id='block_1_19' title="bbox 136 2058 1696 2131">
    <p class='ocr_par' dir='ltr' id='par_1_19' title="bbox 136 2058 1696 2131">
     <span class='ocr_line' id='line_1_19' title="bbox 136 2058 1696 2131; baseline -0.003 -12"><span class='ocrx_word' id='word_1_148' title='bbox 136 2060 307 2119; x_wconf 69' lang='lat' dir='ltr'><strong>thesis</strong></span> <span class='ocrx_word' id='word_1_149' title='bbox 327 2059 601 2117; x_wconf 78' lang='lat' dir='ltr'><strong>omnibus.</strong></span> <span class='ocrx_word' id='word_1_150' title='bbox 629 2059 769 2128; x_wconf 82' lang='lat' dir='ltr'><strong>Quid</strong></span> <span class='ocrx_word' id='word_1_151' title='bbox 791 2070 919 2131; x_wconf 72' lang='lat' dir='ltr'><strong>ergo</strong></span> <span class='ocrx_word' id='word_1_152' title='bbox 947 2059 1046 2114; x_wconf 83' lang='lat' dir='ltr'><strong>sibi</strong></span> <span class='ocrx_word' id='word_1_153' title='bbox 1074 2058 1239 2114; x_wconf 83' lang='lat' dir='ltr'><strong>homo</strong></span> <span class='ocrx_word' id='word_1_154' title='bbox 1263 2070 1577 2129; x_wconf 83' lang='lat' dir='ltr'><strong>comparare</strong></span> <span class='ocrx_word' id='word_1_155' title='bbox 1596 2060 1696 2115; x_wconf 81' lang='lat' dir='ltr'><strong>de-</strong></span> 
     </span>
    </p>
   </div>
   <div class='ocr_carea' id='block_1_20' title="bbox 139 2150 1698 2224">
    <p class='ocr_par' dir='ltr' id='par_1_20' title="bbox 139 2150 1698 2224">
     <span class='ocr_line' id='line_1_20' title="bbox 139 2150 1698 2224; baseline -0.001 -14"><span class='ocrx_word' id='word_1_156' title='bbox 139 2154 223 2223; x_wconf 62' lang='grc' dir='ltr'><strong>ω,</strong></span> <span class='ocrx_word' id='word_1_157' title='bbox 241 2161 295 2210; x_wconf 70' lang='grc' dir='ltr'>αι</span> <span class='ocrx_word' id='word_1_158' title='bbox 319 2150 506 2210; x_wconf 65' lang='lat' dir='ltr'><strong>beatus</strong></span> <span class='ocrx_word' id='word_1_159' title='bbox 533 2154 622 2219; x_wconf 79' lang='lat' dir='ltr'><strong>sit,</strong></span> <span class='ocrx_word' id='word_1_160' title='bbox 653 2154 906 2224; x_wconf 80' lang='lat' dir='ltr'><strong>inquam?</strong></span> <span class='ocrx_word' id='word_1_161' title='bbox 937 2152 1100 2209; x_wconf 81' lang='lat' dir='ltr'><strong>Forte</strong></span> <span class='ocrx_word' id='word_1_162' title='bbox 1126 2154 1271 2209; x_wconf 83' lang='lat' dir='ltr'><strong>enim</strong></span> <span class='ocrx_word' id='word_1_163' title='bbox 1298 2154 1458 2208; x_wconf 82' lang='lat' dir='ltr'><strong>etiam</strong></span> <span class='ocrx_word' id='word_1_164' title='bbox 1489 2153 1591 2208; x_wconf 85' lang='lat' dir='ltr'><strong>hoc</strong></span> <span class='ocrx_word' id='word_1_165' title='bbox 1610 2153 1698 2208; x_wconf 80' lang='lat' dir='ltr'><strong>isti</strong></span> 
     </span>
    </p>
   </div>
   <div class='ocr_carea' id='block_1_21' title="bbox 29 2244 1699 2312">
    <p class='ocr_par' dir='ltr' id='par_1_21' title="bbox 29 2244 1699 2312">
     <span class='ocr_line' id='line_1_21' title="bbox 29 2244 1699 2312; baseline -0.003 -7"><span class='ocrx_word' id='word_1_166' title='bbox 29 2244 115 2312; x_wconf 80' lang='lat' dir='ltr'><strong>ll</strong></span> <span class='ocrx_word' id='word_1_167' title='bbox 140 2252 291 2305; x_wconf 61' lang='lat' dir='ltr'><strong>mare</strong></span> <span class='ocrx_word' id='word_1_168' title='bbox 309 2247 558 2303; x_wconf 81' lang='lat' dir='ltr'><strong>convivio</strong></span> <span class='ocrx_word' id='word_1_169' title='bbox 584 2246 1094 2312; x_wconf 80' lang='lat' dir='ltr'><strong>subministrabitur,</strong></span> <span class='ocrx_word' id='word_1_170' title='bbox 1127 2258 1196 2300; x_wconf 86' lang='lat' dir='ltr'><strong>ne</strong></span> <span class='ocrx_word' id='word_1_171' title='bbox 1227 2244 1448 2301; x_wconf 80' lang='lat' dir='ltr'><strong>Licentii</strong></span> <span class='ocrx_word' id='word_1_172' title='bbox 1474 2246 1699 2301; x_wconf 84' lang='lat' dir='ltr'><strong>aviditas</strong></span> 
     </span>
    </p>
   </div>
   <div class='ocr_carea' id='block_1_22' title="bbox 142 2334 1699 2412">
    <p class='ocr_par' dir='ltr' id='par_1_22' title="bbox 142 2334 1699 2412">
     <span class='ocr_line' id='line_1_22' title="bbox 142 2334 1699 2412; baseline -0.002 -19"><span class='ocrx_word' id='word_1_173' title='bbox 142 2339 394 2412; x_wconf 60' lang='lat' dir='ltr'><strong>giigatur</strong></span> <span class='ocrx_word' id='word_1_174' title='bbox 411 2355 427 2392; x_wconf 85' lang='lat'><strong>:</strong></span> <span class='ocrx_word' id='word_1_175' title='bbox 446 2352 570 2394; x_wconf 79' lang='lat' dir='ltr'><strong>nam</strong></span> <span class='ocrx_word' id='word_1_176' title='bbox 593 2338 667 2405; x_wconf 88' lang='lat' dir='ltr'><strong>id,</strong></span> <span class='ocrx_word' id='word_1_177' title='bbox 690 2339 902 2407; x_wconf 77' lang='lat' dir='ltr'><strong>Opinor,</strong></span> <span class='ocrx_word' id='word_1_178' title='bbox 922 2338 970 2392; x_wconf 85' lang='lat' dir='ltr'><strong>ei</strong></span> <span class='ocrx_word' id='word_1_179' title='bbox 994 2336 1411 2407; x_wconf 80' lang='lat' dir='ltr'><strong>comparandum</strong></span> <span class='ocrx_word' id='word_1_180' title='bbox 1432 2344 1533 2401; x_wconf 82' lang='lat' dir='ltr'><strong>est,</strong></span> <span class='ocrx_word' id='word_1_181' title='bbox 1554 2334 1699 2406; x_wconf 89' lang='lat' dir='ltr'><strong>quod</strong></span> 
     </span>
    </p>
   </div>
   <div class='ocr_carea' id='block_1_23' title="bbox 146 2424 1695 2499">
    <p class='ocr_par' dir='ltr' id='par_1_23' title="bbox 146 2424 1695 2499">
     <span class='ocr_line' id='line_1_23' title="bbox 146 2424 1695 2499; baseline -0.004 -10"><span class='ocrx_word' id='word_1_182' title='bbox 146 2442 235 2489; x_wconf 62' lang='lat' dir='ltr'><strong>tu</strong></span> <span class='ocrx_word' id='word_1_183' title='bbox 257 2431 383 2498; x_wconf 79' lang='lat' dir='ltr'><strong>vult,</strong></span> <span class='ocrx_word' id='word_1_184' title='bbox 412 2430 592 2488; x_wconf 79' lang='lat' dir='ltr'><strong>habet.</strong></span> <span class='ocrx_word' id='word_1_185' title='bbox 634 2430 973 2486; x_wconf 69' lang='lat' dir='ltr'><strong>Manifestum</strong></span> <span class='ocrx_word' id='word_1_186' title='bbox 1008 2440 1130 2485; x_wconf 83' lang='lat' dir='ltr'><strong>esse</strong></span> <span class='ocrx_word' id='word_1_187' title='bbox 1164 2426 1431 2484; x_wconf 81' lang='lat' dir='ltr'><strong>dixerunt.</strong></span> <span class='ocrx_word' id='word_1_188' title='bbox 1464 2424 1520 2483; x_wconf 91' lang='lat' dir='ltr'><strong>Id</strong></span> <span class='ocrx_word' id='word_1_189' title='bbox 1546 2440 1695 2499; x_wconf 84' lang='lat' dir='ltr'><strong>ergo,</strong></span> 
     </span>
    </p>
   </div>
   <div class='ocr_carea' id='block_1_24' title="bbox 49 2520 1695 2599">
    <p class='ocr_par' dir='ltr' id='par_1_24' title="bbox 49 2520 1695 2599">
     <span class='ocr_line' id='line_1_24' title="bbox 49 2520 1695 2599; baseline -0.005 -17"><span class='ocrx_word' id='word_1_190' title='bbox 49 2520 119 2599; x_wconf 76' lang='grc' dir='ltr'><strong>Ι</strong></span> <span class='ocrx_word' id='word_1_191' title='bbox 146 2524 337 2599; x_wconf 57' lang='lat' dir='ltr'><strong>halm,</strong></span> <span class='ocrx_word' id='word_1_192' title='bbox 376 2537 593 2596; x_wconf 84' lang='lat' dir='ltr'><strong>semper</strong></span> <span class='ocrx_word' id='word_1_193' title='bbox 630 2536 876 2589; x_wconf 85' lang='lat' dir='ltr'><strong>manens,</strong></span> <span class='ocrx_word' id='word_1_194' title='bbox 909 2536 1007 2578; x_wconf 86' lang='lat' dir='ltr'><strong>nec</strong></span> <span class='ocrx_word' id='word_1_195' title='bbox 1045 2537 1110 2578; x_wconf 85' lang='lat' dir='ltr'><strong>ex</strong></span> <span class='ocrx_word' id='word_1_196' title='bbox 1142 2520 1348 2577; x_wconf 78' lang='lat' dir='ltr'><strong>fortuna</strong></span> <span class='ocrx_word' id='word_1_197' title='bbox 1386 2522 1695 2592; x_wconf 85' lang='lat' dir='ltr'><strong>pendulum,</strong></span> 
     </span>
    </p>
   </div>
   <div class='ocr_carea' id='block_1_25' title="bbox 148 2613 1700 2689">
    <p class='ocr_par' dir='ltr' id='par_1_25' title="bbox 148 2613 1700 2689">
     <span class='ocr_line' id='line_1_25' title="bbox 148 2613 1700 2689; baseline -0.006 -12"><span class='ocrx_word' id='word_1_198' title='bbox 148 2626 225 2677; x_wconf 66' lang='grc' dir='ltr'><strong>ιω</strong></span> <span class='ocrx_word' id='word_1_199' title='bbox 242 2614 357 2676; x_wconf 75' lang='lat' dir='ltr'><strong>aliis</strong></span> <span class='ocrx_word' id='word_1_200' title='bbox 380 2617 680 2689; x_wconf 70' lang='lat' dir='ltr'><strong>subjectum</strong></span> <span class='ocrx_word' id='word_1_201' title='bbox 707 2616 921 2674; x_wconf 78' lang='lat' dir='ltr'><strong>casibus</strong></span> <span class='ocrx_word' id='word_1_202' title='bbox 948 2628 1067 2672; x_wconf 84' lang='lat' dir='ltr'><strong>esse</strong></span> <span class='ocrx_word' id='word_1_203' title='bbox 1091 2615 1270 2672; x_wconf 80' lang='lat' dir='ltr'><strong>debet.</strong></span> <span class='ocrx_word' id='word_1_204' title='bbox 1294 2614 1425 2670; x_wconf 82' lang='lat' dir='ltr'><strong>Nam</strong></span> <span class='ocrx_word' id='word_1_205' title='bbox 1447 2613 1700 2685; x_wconf 75' lang='lat' dir='ltr'><strong>quidquid</strong></span> 
     </span>
    </p>
   </div>
   <div class='ocr_carea' id='block_1_26' title="bbox 30 2706 1703 2778">
    <p class='ocr_par' dir='ltr' id='par_1_26' title="bbox 30 2706 1703 2778">
     <span class='ocr_line' id='line_1_26' title="bbox 30 2706 1703 2778; baseline -0.004 -10"><span class='ocrx_word' id='word_1_206' title='bbox 30 2706 115 2778; x_wconf 61' lang='lat' dir='ltr'><strong>il</strong></span> <span class='ocrx_word' id='word_1_207' title='bbox 148 2710 335 2767; x_wconf 71' lang='lat' dir='ltr'><strong>mortale</strong></span> <span class='ocrx_word' id='word_1_208' title='bbox 372 2722 426 2767; x_wconf 87' lang='lat' dir='ltr'><strong>et</strong></span> <span class='ocrx_word' id='word_1_209' title='bbox 464 2709 725 2766; x_wconf 81' lang='lat' dir='ltr'><strong>caducum</strong></span> <span class='ocrx_word' id='word_1_210' title='bbox 754 2718 854 2773; x_wconf 89' lang='lat' dir='ltr'><strong>est,</strong></span> <span class='ocrx_word' id='word_1_211' title='bbox 889 2722 993 2763; x_wconf 90' lang='lat' dir='ltr'><strong>non</strong></span> <span class='ocrx_word' id='word_1_212' title='bbox 1022 2714 1197 2778; x_wconf 82' lang='lat' dir='ltr'><strong>potest</strong></span> <span class='ocrx_word' id='word_1_213' title='bbox 1238 2724 1268 2762; x_wconf 88' lang='lat' dir='ltr'><strong>a</strong></span> <span class='ocrx_word' id='word_1_214' title='bbox 1311 2707 1464 2762; x_wconf 84' lang='lat' dir='ltr'><strong>nobis</strong></span> <span class='ocrx_word' id='word_1_215' title='bbox 1488 2706 1703 2777; x_wconf 73' lang='lat' dir='ltr'><strong>quando</strong></span> 
     </span>
    </p>
   </div>
   <div class='ocr_carea' id='block_1_27' title="bbox 148 2792 1702 2874">
    <p class='ocr_par' dir='ltr' id='par_1_27' title="bbox 148 2792 1702 2874">
     <span class='ocr_line' id='line_1_27' title="bbox 148 2792 1702 2874; baseline -0.005 -14"><span class='ocrx_word' id='word_1_216' title='bbox 148 2800 365 2869; x_wconf 58' lang='lat' dir='ltr'><strong>vlmus,</strong></span> <span class='ocrx_word' id='word_1_217' title='bbox 392 2812 448 2859; x_wconf 89' lang='lat' dir='ltr'><strong>et</strong></span> <span class='ocrx_word' id='word_1_218' title='bbox 475 2801 731 2874; x_wconf 86' lang='lat' dir='ltr'><strong>quamdiu</strong></span> <span class='ocrx_word' id='word_1_219' title='bbox 755 2801 999 2857; x_wconf 83' lang='lat' dir='ltr'><strong>volumus</strong></span> <span class='ocrx_word' id='word_1_220' title='bbox 1024 2799 1231 2855; x_wconf 83' lang='lat' dir='ltr'><strong>haberi.</strong></span> <span class='ocrx_word' id='word_1_221' title='bbox 1260 2792 1702 2853; x_wconf 82' lang='lat' dir='ltr'><strong>Assentiebantur</strong></span> 
     </span>
    </p>
   </div>
   <div class='ocr_carea' id='block_1_28' title="bbox 148 2890 1696 2967">
    <p class='ocr_par' dir='ltr' id='par_1_28' title="bbox 148 2890 1696 2967">
     <span class='ocr_line' id='line_1_28' title="bbox 148 2890 1696 2967; baseline -0.005 -15"><span class='ocrx_word' id='word_1_222' title='bbox 148 2908 312 2952; x_wconf 72' lang='lat' dir='ltr'><strong>naues.</strong></span> <span class='ocrx_word' id='word_1_223' title='bbox 338 2892 443 2952; x_wconf 85' lang='lat' dir='ltr'><strong>Sed</strong></span> <span class='ocrx_word' id='word_1_224' title='bbox 466 2893 753 2967; x_wconf 79' lang='lat' dir='ltr'><strong>Trygetius</strong></span> <span class='ocrx_word' id='word_1_225' title='bbox 774 2909 786 2946; x_wconf 91' lang='lat'><strong>:</strong></span> <span class='ocrx_word' id='word_1_226' title='bbox 808 2892 964 2959; x_wconf 76' lang='lat' dir='ltr'><strong>Sunt,</strong></span> <span class='ocrx_word' id='word_1_227' title='bbox 996 2891 1196 2962; x_wconf 83' lang='lat' dir='ltr'><strong>inquit,</strong></span> <span class='ocrx_word' id='word_1_228' title='bbox 1226 2891 1380 2946; x_wconf 86' lang='lat' dir='ltr'><strong>multi</strong></span> <span class='ocrx_word' id='word_1_229' title='bbox 1424 2890 1696 2958; x_wconf 69' lang='lat' dir='ltr'><strong>fortunati,</strong></span> 
     </span>
    </p>
   </div>
   <div class='ocr_carea' id='block_1_29' title="bbox 146 2982 1699 3059">
    <p class='ocr_par' dir='ltr' id='par_1_29' title="bbox 146 2982 1699 3059">
     <span class='ocr_line' id='line_1_29' title="bbox 146 2982 1699 3059; baseline -0.005 -14"><span class='ocrx_word' id='word_1_230' title='bbox 146 2988 219 3059; x_wconf 58' lang='grc' dir='ltr'><strong>β</strong></span> <span class='ocrx_word' id='word_1_231' title='bbox 238 2998 321 3045; x_wconf 79' lang='lat' dir='ltr'><strong>eas</strong></span> <span class='ocrx_word' id='word_1_232' title='bbox 342 2985 482 3059; x_wconf 82' lang='lat' dir='ltr'><strong>ipsas</strong></span> <span class='ocrx_word' id='word_1_233' title='bbox 509 3001 599 3043; x_wconf 87' lang='lat' dir='ltr'><strong>res</strong></span> <span class='ocrx_word' id='word_1_234' title='bbox 622 2985 837 3058; x_wconf 82' lang='lat' dir='ltr'><strong>fragiles</strong></span> <span class='ocrx_word' id='word_1_235' title='bbox 860 2984 1180 3055; x_wconf 77' lang='lat' dir='ltr'><strong>casibusque</strong></span> <span class='ocrx_word' id='word_1_236' title='bbox 1198 2982 1486 3055; x_wconf 74' lang='lat' dir='ltr'><strong>subiectas,</strong></span> <span class='ocrx_word' id='word_1_237' title='bbox 1521 2990 1699 3039; x_wconf 84' lang='lat' dir='ltr'><strong>tamen</strong></span> 
     </span>
    </p>
   </div>
   <div class='ocr_carea' id='block_1_30' title="bbox 142 3076 1701 3154">
    <p class='ocr_par' dir='ltr' id='par_1_30' title="bbox 142 3076 1701 3154">
     <span class='ocr_line' id='line_1_30' title="bbox 142 3076 1701 3154; baseline -0.004 -16"><span class='ocrx_word' id='word_1_238' title='bbox 142 3076 361 3149; x_wconf 58' lang='lat' dir='ltr'><strong>MS</strong></span> <span class='ocrx_word' id='word_1_239' title='bbox 398 3088 497 3154; x_wconf 81' lang='lat' dir='ltr'><strong>pro</strong></span> <span class='ocrx_word' id='word_1_240' title='bbox 534 3078 636 3136; x_wconf 73' lang='lat' dir='ltr'><strong>hac</strong></span> <span class='ocrx_word' id='word_1_241' title='bbox 666 3080 773 3136; x_wconf 85' lang='lat' dir='ltr'><strong>vita</strong></span> <span class='ocrx_word' id='word_1_242' title='bbox 808 3078 1073 3135; x_wconf 84' lang='lat' dir='ltr'><strong>cumulate</strong></span> <span class='ocrx_word' id='word_1_243' title='bbox 1094 3077 1344 3150; x_wconf 83' lang='lat' dir='ltr'><strong>largeque</strong></span> <span class='ocrx_word' id='word_1_244' title='bbox 1372 3076 1701 3148; x_wconf 74' lang='lat' dir='ltr'><strong>possideant,</strong></span> 
     </span>
    </p>
   </div>
   <div class='ocr_carea' id='block_1_31' title="bbox 27 3170 1698 3248">
    <p class='ocr_par' dir='ltr' id='par_1_31' title="bbox 27 3170 1698 3248">
     <span class='ocr_line' id='line_1_31' title="bbox 27 3170 1698 3248; baseline -0.003 -16"><span class='ocrx_word' id='word_1_245' title='bbox 27 3170 99 3248; x_wconf 79' lang='grc' dir='ltr'>ι</span> <span class='ocrx_word' id='word_1_246' title='bbox 139 3186 223 3231; x_wconf 75' lang='lat' dir='ltr'><strong>nec</strong></span> <span class='ocrx_word' id='word_1_247' title='bbox 246 3174 523 3248; x_wconf 82' lang='lat' dir='ltr'><strong>quidquam</strong></span> <span class='ocrx_word' id='word_1_248' title='bbox 551 3172 655 3230; x_wconf 83' lang='lat' dir='ltr'><strong>Illis</strong></span> <span class='ocrx_word' id='word_1_249' title='bbox 681 3184 870 3230; x_wconf 87' lang='lat' dir='ltr'><strong>eorum</strong></span> <span class='ocrx_word' id='word_1_250' title='bbox 900 3186 1019 3243; x_wconf 63' lang='lat' dir='ltr'><strong>quae</strong></span> <span class='ocrx_word' id='word_1_251' title='bbox 1047 3171 1229 3227; x_wconf 87' lang='lat' dir='ltr'><strong>volunt</strong></span> <span class='ocrx_word' id='word_1_252' title='bbox 1256 3170 1412 3227; x_wconf 85' lang='lat' dir='ltr'><strong>desit.</strong></span> <span class='ocrx_word' id='word_1_253' title='bbox 1443 3171 1537 3228; x_wconf 84' lang='lat' dir='ltr'><strong>Cui</strong></span> <span class='ocrx_word' id='word_1_254' title='bbox 1564 3184 1698 3243; x_wconf 78' lang='lat' dir='ltr'><strong>ego:</strong></span> 
     </span>
    </p>
   </div>
   <div class='ocr_carea' id='block_1_32' title="bbox 14 3258 1703 3335">
    <p class='ocr_par' dir='ltr' id='par_1_32' title="bbox 14 3258 1703 3335">
     <span class='ocr_line' id='line_1_32' title="bbox 14 3258 1703 3335; baseline -0.001 -14"><span class='ocrx_word' id='word_1_255' title='bbox 14 3258 99 3335; x_wconf 72' lang='grc' dir='ltr'><strong>Ι</strong></span> <span class='ocrx_word' id='word_1_256' title='bbox 135 3263 227 3335; x_wconf 74' lang='lat' dir='ltr'><strong>Qui</strong></span> <span class='ocrx_word' id='word_1_257' title='bbox 264 3266 421 3335; x_wconf 82' lang='lat' dir='ltr'><strong>timet,</strong></span> <span class='ocrx_word' id='word_1_258' title='bbox 450 3263 688 3335; x_wconf 85' lang='lat' dir='ltr'><strong>inquam,</strong></span> <span class='ocrx_word' id='word_1_259' title='bbox 713 3261 991 3319; x_wconf 77' lang='lat' dir='ltr'><strong>videturne</strong></span> <span class='ocrx_word' id='word_1_260' title='bbox 1039 3260 1129 3318; x_wconf 85' lang='lat' dir='ltr'><strong>tibi</strong></span> <span class='ocrx_word' id='word_1_261' title='bbox 1171 3258 1356 3317; x_wconf 84' lang='lat' dir='ltr'><strong>beatus</strong></span> <span class='ocrx_word' id='word_1_262' title='bbox 1397 3263 1559 3317; x_wconf 85' lang='lat' dir='ltr'><strong>esse?</strong></span> <span class='ocrx_word' id='word_1_263' title='bbox 1586 3262 1703 3319; x_wconf 79' lang='lat' dir='ltr'><strong>Non</strong></span> 
     </span>
    </p>
   </div>
   <div class='ocr_carea' id='block_1_33' title="bbox 132 3352 1704 3429">
    <p class='ocr_par' dir='ltr' id='par_1_33' title="bbox 132 3352 1704 3429">
     <span class='ocr_line' id='line_1_33' title="bbox 132 3352 1704 3429; baseline -0.001 -16"><span class='ocrx_word' id='word_1_264' title='bbox 132 3352 342 3426; x_wconf 82' lang='lat' dir='ltr'><strong>videtur,</strong></span> <span class='ocrx_word' id='word_1_265' title='bbox 366 3358 549 3429; x_wconf 83' lang='lat' dir='ltr'><strong>inquit.</strong></span> <span class='ocrx_word' id='word_1_266' title='bbox 581 3356 723 3429; x_wconf 76' lang='lat' dir='ltr'><strong>Ergo</strong></span> <span class='ocrx_word' id='word_1_267' title='bbox 761 3352 902 3428; x_wconf 85' lang='lat' dir='ltr'><strong>quod</strong></span> <span class='ocrx_word' id='word_1_268' title='bbox 943 3362 1087 3411; x_wconf 87' lang='lat' dir='ltr'><strong>amat</strong></span> <span class='ocrx_word' id='word_1_269' title='bbox 1128 3354 1355 3425; x_wconf 87' lang='lat' dir='ltr'><strong>quisque</strong></span> <span class='ocrx_word' id='word_1_270' title='bbox 1381 3356 1425 3410; x_wconf 90' lang='lat' dir='ltr'><strong>si</strong></span> <span class='ocrx_word' id='word_1_271' title='bbox 1454 3354 1704 3411; x_wconf 85' lang='lat' dir='ltr'><strong>amittere</strong></span> 
     </span>
    </p>
   </div>
   <div class='ocr_carea' id='block_1_34' title="bbox 123 3445 1699 3520">
    <p class='ocr_par' dir='ltr' id='par_1_34' title="bbox 123 3445 1699 3520">
     <span class='ocr_line' id='line_1_34' title="bbox 123 3445 1699 3520; baseline -0.001 -16"><span class='ocrx_word' id='word_1_272' title='bbox 123 3454 319 3518; x_wconf 81' lang='lat' dir='ltr'><strong>potest,</strong></span> <span class='ocrx_word' id='word_1_273' title='bbox 369 3453 603 3520; x_wconf 80' lang='lat' dir='ltr'><strong>potestne</strong></span> <span class='ocrx_word' id='word_1_274' title='bbox 648 3462 755 3503; x_wconf 86' lang='lat' dir='ltr'><strong>non</strong></span> <span class='ocrx_word' id='word_1_275' title='bbox 811 3446 1037 3502; x_wconf 77' lang='lat' dir='ltr'><strong>timere?</strong></span> <span class='ocrx_word' id='word_1_276' title='bbox 1084 3445 1200 3501; x_wconf 86' lang='lat' dir='ltr'><strong>Non</strong></span> <span class='ocrx_word' id='word_1_277' title='bbox 1254 3455 1449 3516; x_wconf 86' lang='lat' dir='ltr'><strong>potest,</strong></span> <span class='ocrx_word' id='word_1_278' title='bbox 1504 3445 1699 3516; x_wconf 75' lang='lat' dir='ltr'><strong>inquit.</strong></span> 
     </span>
    </p>
   </div>
   <div class='ocr_carea' id='block_1_35' title="bbox 122 3534 1703 3610">
    <p class='ocr_par' dir='ltr' id='par_1_35' title="bbox 122 3534 1703 3610">
     <span class='ocr_line' id='line_1_35' title="bbox 122 3534 1703 3610; baseline -0.001 -18"><span class='ocrx_word' id='word_1_279' title='bbox 122 3538 313 3593; x_wconf 67' lang='lat' dir='ltr'><strong>Amitti</strong></span> <span class='ocrx_word' id='word_1_280' title='bbox 336 3546 491 3595; x_wconf 85' lang='lat' dir='ltr'><strong>autem</strong></span> <span class='ocrx_word' id='word_1_281' title='bbox 520 3542 747 3610; x_wconf 81' lang='lat' dir='ltr'><strong>possunt</strong></span> <span class='ocrx_word' id='word_1_282' title='bbox 775 3538 864 3593; x_wconf 87' lang='lat' dir='ltr'><strong>illa</strong></span> <span class='ocrx_word' id='word_1_283' title='bbox 890 3537 1120 3592; x_wconf 79' lang='lat' dir='ltr'><strong>fortuita.</strong></span> <span class='ocrx_word' id='word_1_284' title='bbox 1149 3534 1265 3592; x_wconf 83' lang='lat' dir='ltr'><strong>Non</strong></span> <span class='ocrx_word' id='word_1_285' title='bbox 1292 3534 1452 3608; x_wconf 82' lang='lat' dir='ltr'><strong>igitur</strong></span> <span class='ocrx_word' id='word_1_286' title='bbox 1477 3534 1593 3591; x_wconf 71' lang='lat' dir='ltr'><strong>hare</strong></span> <span class='ocrx_word' id='word_1_287' title='bbox 1612 3534 1703 3607; x_wconf 86' lang='lat' dir='ltr'><strong>qui</strong></span> 
     </span>
    </p>
   </div>
   <div class='ocr_carea' id='block_1_36' title="bbox 108 3628 1703 3703">
    <p class='ocr_par' dir='ltr' id='par_1_36' title="bbox 108 3628 1703 3703">
     <span class='ocr_line' id='line_1_36' title="bbox 108 3628 1703 3703; baseline 0.001 -20"><span class='ocrx_word' id='word_1_288' title='bbox 108 3638 275 3685; x_wconf 68' lang='lat' dir='ltr'><strong>amat</strong></span> <span class='ocrx_word' id='word_1_289' title='bbox 300 3640 347 3688; x_wconf 87' lang='lat' dir='ltr'><strong>et</strong></span> <span class='ocrx_word' id='word_1_290' title='bbox 371 3629 623 3701; x_wconf 77' lang='lat' dir='ltr'><strong>possidet,</strong></span> <span class='ocrx_word' id='word_1_291' title='bbox 654 3638 829 3703; x_wconf 82' lang='lat' dir='ltr'><strong>potest</strong></span> <span class='ocrx_word' id='word_1_292' title='bbox 860 3628 967 3685; x_wconf 90' lang='lat' dir='ltr'><strong>ullo</strong></span> <span class='ocrx_word' id='word_1_293' title='bbox 997 3628 1157 3685; x_wconf 85' lang='lat' dir='ltr'><strong>modo</strong></span> <span class='ocrx_word' id='word_1_294' title='bbox 1182 3628 1366 3685; x_wconf 83' lang='lat' dir='ltr'><strong>beatus</strong></span> <span class='ocrx_word' id='word_1_295' title='bbox 1391 3644 1527 3683; x_wconf 66' lang='lat' dir='ltr'><strong>esse.</strong></span> <span class='ocrx_word' id='word_1_296' title='bbox 1560 3628 1703 3684; x_wconf 82' lang='lat' dir='ltr'><strong>Nihil</strong></span> 
     </span>
    </p>
   </div>
   <div class='ocr_carea' id='block_1_37' title="bbox 104 3720 1709 3807">
    <p class='ocr_par' dir='ltr' id='par_1_37' title="bbox 104 3720 1709 3807">
     <span class='ocr_line' id='line_1_37' title="bbox 104 3720 1709 3807; baseline -0.001 -29"><span class='ocrx_word' id='word_1_297' title='bbox 104 3724 441 3795; x_wconf 65' lang='lat' dir='ltr'><strong>repugnavit.</strong></span> <span class='ocrx_word' id='word_1_298' title='bbox 473 3723 586 3780; x_wconf 73' lang='lat' dir='ltr'><strong>Hoc</strong></span> <span class='ocrx_word' id='word_1_299' title='bbox 628 3724 747 3779; x_wconf 74' lang='lat' dir='ltr'><strong>IoCo</strong></span> <span class='ocrx_word' id='word_1_300' title='bbox 790 3731 969 3779; x_wconf 86' lang='lat' dir='ltr'><strong>autem</strong></span> <span class='ocrx_word' id='word_1_301' title='bbox 984 3731 1212 3807; x_wconf 58' lang='lat' dir='ltr'><strong>.mater:</strong></span> <span class='ocrx_word' id='word_1_302' title='bbox 1237 3720 1457 3776; x_wconf 83' lang='lat' dir='ltr'><strong>Etiamsi</strong></span> <span class='ocrx_word' id='word_1_303' title='bbox 1484 3734 1709 3778; x_wconf 84' lang='lat' dir='ltr'><strong>securus</strong></span> 
     </span>
    </p>
   </div>
   <div class='ocr_carea' id='block_1_38' title="bbox 103 3812 1705 3888">
    <p class='ocr_par' dir='ltr' id='par_1_38' title="bbox 103 3812 1705 3888">
     <span class='ocr_line' id='line_1_38' title="bbox 103 3812 1705 3888; baseline 0 -17"><span class='ocrx_word' id='word_1_304' title='bbox 103 3812 410 3888; x_wconf 37' lang='lat' dir='ltr'><strong>“inquit,</strong></span> <span class='ocrx_word' id='word_1_305' title='bbox 436 3831 498 3874; x_wconf 88' lang='lat' dir='ltr'><strong>ea</strong></span> <span class='ocrx_word' id='word_1_306' title='bbox 524 3830 585 3874; x_wconf 84' lang='lat' dir='ltr'><strong>se</strong></span> <span class='ocrx_word' id='word_1_307' title='bbox 628 3816 808 3873; x_wconf 86' lang='lat' dir='ltr'><strong>omnia</strong></span> <span class='ocrx_word' id='word_1_308' title='bbox 848 3830 954 3871; x_wconf 89' lang='lat' dir='ltr'><strong>non</strong></span> <span class='ocrx_word' id='word_1_309' title='bbox 994 3828 1115 3871; x_wconf 85' lang='lat' dir='ltr'><strong>esse</strong></span> <span class='ocrx_word' id='word_1_310' title='bbox 1155 3814 1498 3881; x_wconf 87' lang='lat' dir='ltr'><strong>amissurum,</strong></span> <span class='ocrx_word' id='word_1_311' title='bbox 1526 3822 1705 3871; x_wconf 80' lang='lat' dir='ltr'><strong>tamen</strong></span> 
     </span>
    </p>
   </div>
   <div class='ocr_carea' id='block_1_39' title="bbox 10 3902 1706 3979">
    <p class='ocr_par' dir='ltr' id='par_1_39' title="bbox 10 3902 1706 3979">
     <span class='ocr_line' id='line_1_39' title="bbox 10 3902 1706 3979; baseline -0.001 -18"><span class='ocrx_word' id='word_1_312' title='bbox 10 3902 99 3979; x_wconf 74' lang='grc' dir='ltr'>ι</span> <span class='ocrx_word' id='word_1_313' title='bbox 131 3904 309 3964; x_wconf 63' lang='lat' dir='ltr'><strong>salibus</strong></span> <span class='ocrx_word' id='word_1_314' title='bbox 328 3908 502 3964; x_wconf 86' lang='lat' dir='ltr'><strong>satiari</strong></span> <span class='ocrx_word' id='word_1_315' title='bbox 525 3923 631 3963; x_wconf 89' lang='lat' dir='ltr'><strong>non</strong></span> <span class='ocrx_word' id='word_1_316' title='bbox 659 3905 874 3979; x_wconf 87' lang='lat' dir='ltr'><strong>poterit.</strong></span> <span class='ocrx_word' id='word_1_317' title='bbox 901 3902 1042 3975; x_wconf 81' lang='lat' dir='ltr'><strong>Ergo</strong></span> <span class='ocrx_word' id='word_1_318' title='bbox 1070 3910 1122 3961; x_wconf 86' lang='lat' dir='ltr'><strong>et</strong></span> <span class='ocrx_word' id='word_1_319' title='bbox 1145 3916 1210 3959; x_wconf 83' lang='lat' dir='ltr'><strong>eo</strong></span> <span class='ocrx_word' id='word_1_320' title='bbox 1230 3904 1411 3969; x_wconf 86' lang='lat' dir='ltr'><strong>miser,</strong></span> <span class='ocrx_word' id='word_1_321' title='bbox 1438 3920 1545 3975; x_wconf 87' lang='lat' dir='ltr'><strong>quo</strong></span> <span class='ocrx_word' id='word_1_322' title='bbox 1564 3919 1706 3961; x_wconf 84' lang='lat' dir='ltr'><strong>sem-</strong></span> 
     </span>
    </p>
   </div>
   <div class='ocr_carea' id='block_1_40' title="bbox 156 3998 1705 4077">
    <p class='ocr_par' dir='ltr' id='par_1_40' title="bbox 156 3998 1705 4077">
     <span class='ocr_line' id='line_1_40' title="bbox 156 3998 1705 4077; baseline -0.004 -15"><span class='ocrx_word' id='word_1_323' title='bbox 156 4013 228 4069; x_wconf 69' lang='lat' dir='ltr'><strong>per</strong></span> <span class='ocrx_word' id='word_1_324' title='bbox 250 4008 325 4061; x_wconf 78' lang='lat' dir='ltr'><strong>est</strong></span> <span class='ocrx_word' id='word_1_325' title='bbox 358 4003 589 4077; x_wconf 80' lang='lat' dir='ltr'><strong>indigus.</strong></span> <span class='ocrx_word' id='word_1_326' title='bbox 620 4002 717 4061; x_wconf 85' lang='lat' dir='ltr'><strong>Cui</strong></span> <span class='ocrx_word' id='word_1_327' title='bbox 746 4015 878 4075; x_wconf 80' lang='lat' dir='ltr'><strong>ego:</strong></span> <span class='ocrx_word' id='word_1_328' title='bbox 898 3998 1055 4071; x_wconf 83' lang='lat' dir='ltr'><strong>Quid,</strong></span> <span class='ocrx_word' id='word_1_329' title='bbox 1085 3998 1323 4072; x_wconf 86' lang='lat' dir='ltr'><strong>inquam,</strong></span> <span class='ocrx_word' id='word_1_330' title='bbox 1348 3998 1431 4054; x_wconf 80' lang='lat' dir='ltr'><strong>his</strong></span> <span class='ocrx_word' id='word_1_331' title='bbox 1460 3999 1705 4056; x_wconf 80' lang='lat' dir='ltr'><strong>omnibus</strong></span> 
     </span>
    </p>
   </div>
   <div class='ocr_carea' id='block_1_41' title="bbox 43 4088 1705 4169">
    <p class='ocr_par' dir='ltr' id='par_1_41' title="bbox 43 4088 1705 4169">
     <span class='ocr_line' id='line_1_41' title="bbox 43 4088 1705 4169; baseline -0.005 -14"><span class='ocrx_word' id='word_1_332' title='bbox 43 4088 103 4169; x_wconf 81' lang='grc' dir='ltr'><strong>Ι</strong></span> <span class='ocrx_word' id='word_1_333' title='bbox 158 4088 390 4155; x_wconf 59' lang='lat' dir='ltr'><strong>inridens</strong></span> <span class='ocrx_word' id='word_1_334' title='bbox 413 4098 574 4156; x_wconf 80' lang='lat' dir='ltr'><strong>rebus</strong></span> <span class='ocrx_word' id='word_1_335' title='bbox 598 4105 760 4169; x_wconf 82' lang='lat' dir='ltr'><strong>atque</strong></span> <span class='ocrx_word' id='word_1_336' title='bbox 784 4093 1181 4162; x_wconf 82' lang='lat' dir='ltr'><strong>circumﬂuens,</strong></span> <span class='ocrx_word' id='word_1_337' title='bbox 1212 4092 1255 4148; x_wconf 88' lang='lat' dir='ltr'><strong>si</strong></span> <span class='ocrx_word' id='word_1_338' title='bbox 1295 4091 1539 4164; x_wconf 81' lang='lat' dir='ltr'><strong>cupiendi</strong></span> <span class='ocrx_word' id='word_1_339' title='bbox 1585 4106 1705 4148; x_wconf 57' lang='lat' dir='ltr'><strong>moe</strong></span> 
     </span>
    </p>
   </div>
   <div class='ocr_carea' id='block_1_42' title="bbox 39 4178 1705 4260">
    <p class='ocr_par' dir='ltr' id='par_1_42' title="bbox 39 4178 1705 4260">
     <span class='ocr_line' id='line_1_42' title="bbox 39 4178 1705 4260; baseline -0.005 -13"><span class='ocrx_word' id='word_1_340' title='bbox 39 4178 107 4260; x_wconf 78' lang='grc' dir='ltr'><strong>Ι</strong></span> <span class='ocrx_word' id='word_1_341' title='bbox 158 4178 251 4245; x_wconf 62' lang='grc' dir='ltr'><strong>δεῖ</strong></span> <span class='ocrx_word' id='word_1_342' title='bbox 271 4186 369 4246; x_wconf 89' lang='lat' dir='ltr'><strong>sibi</strong></span> <span class='ocrx_word' id='word_1_343' title='bbox 395 4196 612 4258; x_wconf 82' lang='lat' dir='ltr'><strong>statuat,</strong></span> <span class='ocrx_word' id='word_1_344' title='bbox 644 4189 829 4260; x_wconf 84' lang='lat' dir='ltr'><strong>eisque</strong></span> <span class='ocrx_word' id='word_1_345' title='bbox 857 4188 1138 4244; x_wconf 84' lang='lat' dir='ltr'><strong>contentus</strong></span> <span class='ocrx_word' id='word_1_346' title='bbox 1165 4182 1419 4242; x_wconf 77' lang='lat' dir='ltr'><strong>decenter</strong></span> <span class='ocrx_word' id='word_1_347' title='bbox 1442 4184 1705 4255; x_wconf 72' lang='lat' dir='ltr'><strong>jucunde-</strong></span> 
     </span>
    </p>
   </div>
   <div class='ocr_carea' id='block_1_43' title="bbox 156 4273 1701 4354">
    <p class='ocr_par' dir='ltr' id='par_1_43' title="bbox 156 4273 1701 4354">
     <span class='ocr_line' id='line_1_43' title="bbox 156 4273 1701 4354; baseline -0.005 -14"><span class='ocrx_word' id='word_1_348' title='bbox 156 4288 233 4349; x_wconf 59' lang='grc' dir='ltr'><strong>ω</strong></span> <span class='ocrx_word' id='word_1_349' title='bbox 252 4280 576 4354; x_wconf 74' lang='lat' dir='ltr'><strong>perfruatur;</strong></span> <span class='ocrx_word' id='word_1_350' title='bbox 604 4294 783 4339; x_wconf 84' lang='lat' dir='ltr'><strong>nonne</strong></span> <span class='ocrx_word' id='word_1_351' title='bbox 813 4279 904 4336; x_wconf 86' lang='lat' dir='ltr'><strong>tibi</strong></span> <span class='ocrx_word' id='word_1_352' title='bbox 934 4280 1142 4335; x_wconf 88' lang='lat' dir='ltr'><strong>videtur</strong></span> <span class='ocrx_word' id='word_1_353' title='bbox 1164 4274 1389 4334; x_wconf 83' lang='lat' dir='ltr'><strong>beatus?</strong></span> <span class='ocrx_word' id='word_1_354' title='bbox 1413 4273 1525 4332; x_wconf 80' lang='lat' dir='ltr'><strong>Non</strong></span> <span class='ocrx_word' id='word_1_355' title='bbox 1553 4290 1701 4349; x_wconf 84' lang='lat' dir='ltr'><strong>ergo,</strong></span> 
     </span>
    </p>
   </div>
   <div class='ocr_carea' id='block_1_44' title="bbox 99 4366 1705 4444">
    <p class='ocr_par' dir='ltr' id='par_1_44' title="bbox 99 4366 1705 4444">
     <span class='ocr_line' id='line_1_44' title="bbox 99 4366 1705 4444; baseline -0.007 -9"><span class='ocrx_word' id='word_1_356' title='bbox 99 4372 103 4444; x_wconf 72' lang='grc' dir='ltr'>ἑ</span> <span class='ocrx_word' id='word_1_357' title='bbox 150 4366 306 4444; x_wconf 61' lang='lat' dir='ltr'><strong>iuuit,</strong></span> <span class='ocrx_word' id='word_1_358' title='bbox 336 4372 437 4431; x_wconf 82' lang='lat' dir='ltr'><strong>illis</strong></span> <span class='ocrx_word' id='word_1_359' title='bbox 466 4373 650 4443; x_wconf 87' lang='lat' dir='ltr'><strong>rebus,</strong></span> <span class='ocrx_word' id='word_1_360' title='bbox 682 4370 779 4430; x_wconf 90' lang='lat' dir='ltr'><strong>sed</strong></span> <span class='ocrx_word' id='word_1_361' title='bbox 816 4368 980 4427; x_wconf 81' lang='lat' dir='ltr'><strong>animi</strong></span> <span class='ocrx_word' id='word_1_362' title='bbox 1006 4370 1086 4426; x_wconf 88' lang='lat' dir='ltr'><strong>sui</strong></span> <span class='ocrx_word' id='word_1_363' title='bbox 1118 4366 1481 4425; x_wconf 80' lang='lat' dir='ltr'><strong>moderatione</strong></span> <span class='ocrx_word' id='word_1_364' title='bbox 1518 4367 1705 4425; x_wconf 84' lang='lat' dir='ltr'><strong>beatus</strong></span> 
     </span>
    </p>
   </div>
   <div class='ocr_carea' id='block_1_45' title="bbox 150 4458 1702 4540">
    <p class='ocr_par' dir='ltr' id='par_1_45' title="bbox 150 4458 1702 4540">
     <span class='ocr_line' id='line_1_45' title="bbox 150 4458 1702 4540; baseline 0 -22"><span class='ocrx_word' id='word_1_365' title='bbox 150 4466 230 4537; x_wconf 70' lang='lat' dir='ltr'><strong>est.</strong></span> <span class='ocrx_word' id='word_1_366' title='bbox 249 4464 469 4539; x_wconf 85' lang='lat' dir='ltr'><strong>Optime,</strong></span> <span class='ocrx_word' id='word_1_367' title='bbox 502 4469 750 4540; x_wconf 85' lang='lat' dir='ltr'><strong>inquam,</strong></span> <span class='ocrx_word' id='word_1_368' title='bbox 783 4478 882 4522; x_wconf 89' lang='lat' dir='ltr'><strong>nec</strong></span> <span class='ocrx_word' id='word_1_369' title='bbox 923 4460 1046 4520; x_wconf 85' lang='lat' dir='ltr'><strong>huic</strong></span> <span class='ocrx_word' id='word_1_370' title='bbox 1088 4460 1489 4533; x_wconf 78' lang='lat' dir='ltr'><strong>interrogationi</strong></span> <span class='ocrx_word' id='word_1_371' title='bbox 1537 4458 1702 4530; x_wconf 85' lang='lat' dir='ltr'><strong>aliud,</strong></span> 
     </span>
    </p>
   </div>
   <div class='ocr_carea' id='block_1_46' title="bbox 0 5691 120 6128">
    <p class='ocr_par' dir='ltr' id='par_1_46' title="bbox 46 5741 120 6035">
     <span class='ocr_line' id='line_1_46' title="bbox 111 5741 120 5799; baseline 0 0"><span class='ocrx_word' id='word_1_372' title='bbox 111 5741 120 5799; x_wconf 59' lang='grc' dir='ltr'><em>Α</em></span> 
     </span>
     <span class='ocr_line' id='line_1_47' title="bbox 46 5996 69 6035; baseline 0 0"><span class='ocrx_word' id='word_1_373' title='bbox 46 5996 69 6035; x_wconf 83' lang='lat' dir='ltr'><strong>t</strong></span> 
     </span>
    </p>
   </div>
   <div class='ocr_carea' id='block_1_47' title="bbox 150 4552 1707 4629">
    <p class='ocr_par' dir='ltr' id='par_1_47' title="bbox 150 4552 1707 4629">
     <span class='ocr_line' id='line_1_48' title="bbox 150 4552 1707 4629; baseline 0.001 -18"><span class='ocrx_word' id='word_1_374' title='bbox 150 4562 230 4611; x_wconf 61' lang='lat' dir='ltr'><strong>me</strong></span> <span class='ocrx_word' id='word_1_375' title='bbox 255 4559 347 4616; x_wconf 76' lang='lat' dir='ltr'><strong>abs</strong></span> <span class='ocrx_word' id='word_1_376' title='bbox 372 4568 423 4617; x_wconf 86' lang='lat' dir='ltr'><strong>te</strong></span> <span class='ocrx_word' id='word_1_377' title='bbox 448 4559 597 4617; x_wconf 81' lang='lat' dir='ltr'><strong>aliud</strong></span> <span class='ocrx_word' id='word_1_378' title='bbox 622 4556 803 4615; x_wconf 86' lang='lat' dir='ltr'><strong>debuit</strong></span> <span class='ocrx_word' id='word_1_379' title='bbox 838 4554 1168 4629; x_wconf 81' lang='lat' dir='ltr'><strong>responderi.</strong></span> <span class='ocrx_word' id='word_1_380' title='bbox 1202 4554 1343 4627; x_wconf 81' lang='lat' dir='ltr'><strong>Ergo</strong></span> <span class='ocrx_word' id='word_1_381' title='bbox 1375 4552 1519 4611; x_wconf 86' lang='lat' dir='ltr'><strong>nullo</strong></span> <span class='ocrx_word' id='word_1_382' title='bbox 1548 4552 1707 4613; x_wconf 83' lang='lat' dir='ltr'><strong>modo</strong></span> 
     </span>
    </p>
   </div>
   <div class='ocr_carea' id='block_1_48' title="bbox 29 4641 1707 4726">
    <p class='ocr_par' dir='ltr' id='par_1_48' title="bbox 29 4641 1707 4726">
     <span class='ocr_line' id='line_1_49' title="bbox 29 4641 1707 4726; baseline -0.001 -19"><span class='ocrx_word' id='word_1_383' title='bbox 29 4641 99 4726; x_wconf 62' lang='grc' dir='ltr'><strong><em>Ξ</em></strong></span> <span class='ocrx_word' id='word_1_384' title='bbox 152 4641 435 4721; x_wconf 58' lang='lat' dir='ltr'><strong>Mantus,</strong></span> <span class='ocrx_word' id='word_1_385' title='bbox 482 4653 529 4711; x_wconf 85' lang='lat' dir='ltr'><strong>si</strong></span> <span class='ocrx_word' id='word_1_386' title='bbox 567 4650 689 4726; x_wconf 87' lang='lat' dir='ltr'><strong>quis</strong></span> <span class='ocrx_word' id='word_1_387' title='bbox 736 4652 923 4708; x_wconf 87' lang='lat' dir='ltr'><strong>beatus</strong></span> <span class='ocrx_word' id='word_1_388' title='bbox 968 4665 1087 4707; x_wconf 87' lang='lat' dir='ltr'><strong>esse</strong></span> <span class='ocrx_word' id='word_1_389' title='bbox 1129 4650 1332 4717; x_wconf 82' lang='lat' dir='ltr'><strong>statuit,</strong></span> <span class='ocrx_word' id='word_1_390' title='bbox 1366 4644 1417 4705; x_wconf 89' lang='lat' dir='ltr'><strong>id</strong></span> <span class='ocrx_word' id='word_1_391' title='bbox 1456 4666 1576 4707; x_wconf 88' lang='lat' dir='ltr'><strong>eum</strong></span> <span class='ocrx_word' id='word_1_392' title='bbox 1604 4649 1707 4706; x_wconf 84' lang='lat' dir='ltr'><strong>sibi</strong></span> 
     </span>
    </p>
   </div>
   <div class='ocr_carea' id='block_1_49' title="bbox 147 4744 1705 4818">
    <p class='ocr_par' dir='ltr' id='par_1_49' title="bbox 147 4744 1705 4818">
     <span class='ocr_line' id='line_1_50' title="bbox 147 4744 1705 4818; baseline 0 -18"><span class='ocrx_word' id='word_1_393' title='bbox 147 4746 422 4815; x_wconf 53' lang='lat' dir='ltr'><strong>«mare</strong></span> <span class='ocrx_word' id='word_1_394' title='bbox 447 4744 651 4805; x_wconf 82' lang='lat' dir='ltr'><strong>debere</strong></span> <span class='ocrx_word' id='word_1_395' title='bbox 677 4744 818 4818; x_wconf 89' lang='lat' dir='ltr'><strong>quod</strong></span> <span class='ocrx_word' id='word_1_396' title='bbox 859 4758 1071 4816; x_wconf 84' lang='lat' dir='ltr'><strong>semper</strong></span> <span class='ocrx_word' id='word_1_397' title='bbox 1100 4750 1298 4811; x_wconf 87' lang='lat' dir='ltr'><strong>manet,</strong></span> <span class='ocrx_word' id='word_1_398' title='bbox 1333 4756 1431 4800; x_wconf 90' lang='lat' dir='ltr'><strong>nec</strong></span> <span class='ocrx_word' id='word_1_399' title='bbox 1457 4744 1560 4798; x_wconf 86' lang='lat' dir='ltr'><strong>ulla</strong></span> <span class='ocrx_word' id='word_1_400' title='bbox 1602 4756 1705 4800; x_wconf 71' lang='lat' dir='ltr'><strong>sa:-</strong></span> 
     </span>
    </p>
   </div>
   <div class='ocr_carea' id='block_1_50' title="bbox 146 4826 1702 4910">
    <p class='ocr_par' dir='ltr' id='par_1_50' title="bbox 146 4826 1702 4910">
     <span class='ocr_line' id='line_1_51' title="bbox 146 4826 1702 4910; baseline 0.001 -20"><span class='ocrx_word' id='word_1_401' title='bbox 146 4826 294 4895; x_wconf 65' lang='lat' dir='ltr'><strong>t‘bate</strong></span> <span class='ocrx_word' id='word_1_402' title='bbox 329 4836 533 4896; x_wconf 72' lang='lat' dir='ltr'><strong>{ortum</strong></span> <span class='ocrx_word' id='word_1_403' title='bbox 575 4836 711 4910; x_wconf 88' lang='lat' dir='ltr'><strong>eripi</strong></span> <span class='ocrx_word' id='word_1_404' title='bbox 758 4844 949 4909; x_wconf 84' lang='lat' dir='ltr'><strong>potest.</strong></span> <span class='ocrx_word' id='word_1_405' title='bbox 990 4834 1119 4902; x_wconf 78' lang='lat' dir='ltr'><strong>Hoc,</strong></span> <span class='ocrx_word' id='word_1_406' title='bbox 1164 4834 1352 4908; x_wconf 79' lang='lat' dir='ltr'><strong>inquit,</strong></span> <span class='ocrx_word' id='word_1_407' title='bbox 1398 4832 1702 4908; x_wconf 80' lang='lat' dir='ltr'><strong>Trygetius,</strong></span> 
     </span>
    </p>
   </div>
   <div class='ocr_carea' id='block_1_51' title="bbox 21 4916 1702 4998">
    <p class='ocr_par' dir='ltr' id='par_1_51' title="bbox 21 4916 1702 4998">
     <span class='ocr_line' id='line_1_52' title="bbox 21 4916 1702 4998; baseline -0.002 -11"><span class='ocrx_word' id='word_1_408' title='bbox 21 4916 99 4998; x_wconf 75' lang='grc' dir='ltr'>Ι.</span> <span class='ocrx_word' id='word_1_409' title='bbox 141 4916 418 4987; x_wconf 57' lang='lat' dir='ltr'><strong>Mucium</strong></span> <span class='ocrx_word' id='word_1_410' title='bbox 434 4930 831 4986; x_wconf 75' lang='lat' dir='ltr'><strong>censensimus.</strong></span> <span class='ocrx_word' id='word_1_411' title='bbox 851 4924 1011 4995; x_wconf 84' lang='lat' dir='ltr'><strong>Deus,</strong></span> <span class='ocrx_word' id='word_1_412' title='bbox 1032 4926 1265 4998; x_wconf 79' lang='lat' dir='ltr'><strong>inquam,</strong></span> <span class='ocrx_word' id='word_1_413' title='bbox 1286 4925 1432 4982; x_wconf 80' lang='lat' dir='ltr'><strong>vobis</strong></span> <span class='ocrx_word' id='word_1_414' title='bbox 1446 4936 1702 4997; x_wconf 66' lang='lat' dir='ltr'><strong>mtcrnus,</strong></span> 
     </span>
    </p>
   </div>
   <div class='ocr_carea' id='block_1_52' title="bbox 143 5016 1704 5095">
    <p class='ocr_par' dir='ltr' id='par_1_52' title="bbox 143 5016 1704 5095">
     <span class='ocr_line' id='line_1_53' title="bbox 143 5016 1704 5095; baseline -0.002 -15"><span class='ocrx_word' id='word_1_415' title='bbox 143 5018 401 5095; x_wconf 63' lang='lat' dir='ltr'><strong>e“erepet</strong></span> <span class='ocrx_word' id='word_1_416' title='bbox 420 5036 647 5081; x_wconf 86' lang='lat' dir='ltr'><strong>manens</strong></span> <span class='ocrx_word' id='word_1_417' title='bbox 666 5022 913 5079; x_wconf 82' lang='lat' dir='ltr'><strong>videtur?</strong></span> <span class='ocrx_word' id='word_1_418' title='bbox 935 5017 1046 5077; x_wconf 82' lang='lat' dir='ltr'><strong>iluc</strong></span> <span class='ocrx_word' id='word_1_419' title='bbox 1061 5020 1274 5091; x_wconf 86' lang='lat' dir='ltr'><strong>quidem</strong></span> <span class='ocrx_word' id='word_1_420' title='bbox 1322 5020 1489 5091; x_wconf 85' lang='lat' dir='ltr'><strong>inquit</strong></span> <span class='ocrx_word' id='word_1_421' title='bbox 1513 5016 1704 5077; x_wconf 87' lang='lat' dir='ltr'><strong>Licen—</strong></span> 
     </span>
    </p>
   </div>
   <div class='ocr_carea' id='block_1_53' title="bbox 140 5100 1705 5185">
    <p class='ocr_par' dir='ltr' id='par_1_53' title="bbox 140 5100 1705 5185">
     <span class='ocr_line' id='line_1_54' title="bbox 140 5100 1705 5185; baseline -0.003 -12"><span class='ocrx_word' id='word_1_422' title='bbox 140 5100 248 5180; x_wconf 67' lang='grc' dir='ltr'><strong>ιὶιι,</strong></span> <span class='ocrx_word' id='word_1_423' title='bbox 268 5112 337 5173; x_wconf 80' lang='lat' dir='ltr'><strong>ita</strong></span> <span class='ocrx_word' id='word_1_424' title='bbox 360 5126 564 5175; x_wconf 85' lang='lat' dir='ltr'><strong>certum</strong></span> <span class='ocrx_word' id='word_1_425' title='bbox 594 5121 701 5183; x_wconf 85' lang='lat' dir='ltr'><strong>est,</strong></span> <span class='ocrx_word' id='word_1_426' title='bbox 730 5124 785 5171; x_wconf 90' lang='lat' dir='ltr'><strong>ut</strong></span> <span class='ocrx_word' id='word_1_427' title='bbox 814 5112 1226 5185; x_wconf 80' lang='lat' dir='ltr'><strong>interrogatione</strong></span> <span class='ocrx_word' id='word_1_428' title='bbox 1249 5128 1353 5169; x_wconf 84' lang='lat' dir='ltr'><strong>non</strong></span> <span class='ocrx_word' id='word_1_429' title='bbox 1384 5120 1569 5183; x_wconf 79' lang='lat' dir='ltr'><strong>egeat:</strong></span> <span class='ocrx_word' id='word_1_430' title='bbox 1598 5126 1705 5171; x_wconf 68' lang='lat' dir='ltr'><strong>cae-</strong></span> 
     </span>
    </p>
   </div>
   <div class='ocr_carea' id='block_1_54' title="bbox 141 5198 1708 5280">
    <p class='ocr_par' dir='ltr' id='par_1_54' title="bbox 141 5198 1708 5280">
     <span class='ocr_line' id='line_1_55' title="bbox 141 5198 1708 5280; baseline -0.001 -19"><span class='ocrx_word' id='word_1_431' title='bbox 141 5198 325 5279; x_wconf 65' lang='grc' dir='ltr'>ιθῖφε</span> <span class='ocrx_word' id='word_1_432' title='bbox 346 5220 533 5265; x_wconf 85' lang='lat' dir='ltr'><strong>omnes</strong></span> <span class='ocrx_word' id='word_1_433' title='bbox 560 5206 651 5280; x_wconf 86' lang='lat' dir='ltr'><strong>pia</strong></span> <span class='ocrx_word' id='word_1_434' title='bbox 679 5206 960 5262; x_wconf 82' lang='lat' dir='ltr'><strong>devotione</strong></span> <span class='ocrx_word' id='word_1_435' title='bbox 980 5204 1383 5261; x_wconf 80' lang='lat' dir='ltr'><strong>concinuertmt.</strong></span> <span class='ocrx_word' id='word_1_436' title='bbox 1415 5202 1579 5261; x_wconf 82' lang='lat' dir='ltr'><strong>Deum</strong></span> <span class='ocrx_word' id='word_1_437' title='bbox 1611 5200 1708 5276; x_wconf 56' lang='grc' dir='ltr'><strong>ἰαί.</strong></span> 
     </span>
    </p>
   </div>
   <div class='ocr_carea' id='block_1_55' title="bbox 138 5288 1153 5373">
    <p class='ocr_par' dir='ltr' id='par_1_55' title="bbox 138 5288 1153 5373">
     <span class='ocr_line' id='line_1_56' title="bbox 138 5288 1153 5373; baseline -0.01 -11"><span class='ocrx_word' id='word_1_438' title='bbox 138 5288 236 5361; x_wconf 51' lang='grc' dir='ltr'><strong>ἣν.</strong></span> <span class='ocrx_word' id='word_1_439' title='bbox 254 5298 478 5373; x_wconf 60' lang='lat' dir='ltr'><strong>iniquam,</strong></span> <span class='ocrx_word' id='word_1_440' title='bbox 506 5303 601 5373; x_wconf 85' lang='lat' dir='ltr'><strong>qui</strong></span> <span class='ocrx_word' id='word_1_441' title='bbox 628 5297 809 5367; x_wconf 79' lang='lat' dir='ltr'><strong>habet,</strong></span> <span class='ocrx_word' id='word_1_442' title='bbox 837 5295 1025 5355; x_wconf 84' lang='lat' dir='ltr'><strong>beatus</strong></span> <span class='ocrx_word' id='word_1_443' title='bbox 1052 5302 1153 5353; x_wconf 87' lang='lat' dir='ltr'><strong>est.</strong></span> 
     </span>
    </p>
   </div>
   <div class='ocr_carea' id='block_1_56' title="bbox 22 5389 1702 5466">
    <p class='ocr_par' dir='ltr' id='par_1_56' title="bbox 22 5389 1702 5466">
     <span class='ocr_line' id='line_1_57' title="bbox 22 5389 1702 5466; baseline -0.003 -18"><span class='ocrx_word' id='word_1_444' title='bbox 22 5389 83 5466; x_wconf 78' lang='grc' dir='ltr'><strong>Ι</strong></span> <span class='ocrx_word' id='word_1_445' title='bbox 140 5464 146 5466; x_wconf 20' lang='grc' dir='ltr'><em>Α</em></span> <span class='ocrx_word' id='word_1_446' title='bbox 200 5391 284 5448; x_wconf 74' lang='grc'><strong>1⁸3.</strong></span> <span class='ocrx_word' id='word_1_447' title='bbox 308 5393 455 5464; x_wconf 85' lang='lat' dir='ltr'><strong>Quod</strong></span> <span class='ocrx_word' id='word_1_448' title='bbox 481 5410 606 5451; x_wconf 90' lang='lat' dir='ltr'><strong>cum</strong></span> <span class='ocrx_word' id='word_1_449' title='bbox 653 5392 945 5466; x_wconf 78' lang='lat' dir='ltr'><strong>gaudentes</strong></span> <span class='ocrx_word' id='word_1_450' title='bbox 982 5389 1330 5446; x_wconf 86' lang='lat' dir='ltr'><strong>libentissime</strong></span> <span class='ocrx_word' id='word_1_451' title='bbox 1363 5391 1702 5460; x_wconf 85' lang='lat' dir='ltr'><strong>acciperent:</strong></span> 
     </span>
    </p>
   </div>
   <div class='ocr_carea' id='block_1_57' title="bbox 20 5464 1705 5558">
    <p class='ocr_par' dir='ltr' id='par_1_57' title="bbox 20 5464 1705 5558">
     <span class='ocr_line' id='line_1_58' title="bbox 20 5464 1705 5558; baseline -0.004 -17"><span class='ocrx_word' id='word_1_452' title='bbox 20 5464 77 5558; x_wconf 76' lang='grc' dir='ltr'><strong>Ι</strong></span> <span class='ocrx_word' id='word_1_453' title='bbox 131 5464 271 5540; x_wconf 58' lang='lat' dir='ltr'><strong>hu</strong></span> <span class='ocrx_word' id='word_1_454' title='bbox 288 5492 426 5558; x_wconf 76' lang='lat' dir='ltr'><strong>ergo,</strong></span> <span class='ocrx_word' id='word_1_455' title='bbox 454 5464 696 5557; x_wconf 73' lang='lat' dir='ltr'><strong>inquam,</strong></span> <span class='ocrx_word' id='word_1_456' title='bbox 727 5464 884 5540; x_wconf 66' lang='lat' dir='ltr'><strong>nobis</strong></span> <span class='ocrx_word' id='word_1_457' title='bbox 906 5482 1023 5554; x_wconf 70' lang='lat' dir='ltr'><strong>iam</strong></span> <span class='ocrx_word' id='word_1_458' title='bbox 1046 5480 1388 5553; x_wconf 60' lang='lat' dir='ltr'><strong>qum-rendam</strong></span> <span class='ocrx_word' id='word_1_459' title='bbox 1418 5490 1539 5537; x_wconf 84' lang='lat' dir='ltr'><strong>esse</strong></span> <span class='ocrx_word' id='word_1_460' title='bbox 1560 5480 1705 5535; x_wconf 87' lang='lat' dir='ltr'><strong>arbi-</strong></span> 
     </span>
    </p>
   </div>
   <div class='ocr_carea' id='block_1_58' title="bbox 22 5564 1708 5649">
    <p class='ocr_par' dir='ltr' id='par_1_58' title="bbox 22 5564 1708 5649">
     <span class='ocr_line' id='line_1_59' title="bbox 22 5564 1708 5649; baseline -0.002 -17"><span class='ocrx_word' id='word_1_461' title='bbox 22 5564 77 5649; x_wconf 75' lang='grc' dir='ltr'><strong>Ι</strong></span> <span class='ocrx_word' id='word_1_462' title='bbox 129 5564 267 5645; x_wconf 56' lang='grc' dir='ltr'><strong>δυ,</strong></span> <span class='ocrx_word' id='word_1_463' title='bbox 290 5577 389 5635; x_wconf 77' lang='lat' dir='ltr'><strong>nisi</strong></span> <span class='ocrx_word' id='word_1_464' title='bbox 418 5578 545 5649; x_wconf 78' lang='lat' dir='ltr'><strong>quis</strong></span> <span class='ocrx_word' id='word_1_465' title='bbox 566 5574 849 5632; x_wconf 79' lang='lat' dir='ltr'><strong>hominum</strong></span> <span class='ocrx_word' id='word_1_466' title='bbox 893 5574 1086 5630; x_wconf 82' lang='lat' dir='ltr'><strong>habeat</strong></span> <span class='ocrx_word' id='word_1_467' title='bbox 1124 5574 1288 5629; x_wconf 87' lang='lat' dir='ltr'><strong>Deum</strong></span> <span class='ocrx_word' id='word_1_468' title='bbox 1310 5564 1329 5637; x_wconf 58' lang='grc' dir='ltr'><em>ᾗ</em></span> <span class='ocrx_word' id='word_1_469' title='bbox 1354 5570 1538 5629; x_wconf 85' lang='lat' dir='ltr'><strong>beatus</strong></span> <span class='ocrx_word' id='word_1_470' title='bbox 1564 5568 1708 5628; x_wconf 84' lang='lat' dir='ltr'><strong>enim</strong></span> 
     </span>
    </p>
   </div>
   <div class='ocr_carea' id='block_1_59' title="bbox 120 5652 1703 5742">
    <p class='ocr_par' dir='ltr' id='par_1_59' title="bbox 120 5652 1703 5742">
     <span class='ocr_line' id='line_1_60' title="bbox 120 5652 1703 5742; baseline -0.005 -13"><span class='ocrx_word' id='word_1_471' title='bbox 120 5660 428 5742; x_wconf 56' lang='lat' dir='ltr'><strong>Mais</strong></span> <span class='ocrx_word' id='word_1_472' title='bbox 449 5652 572 5730; x_wconf 75' lang='lat' dir='ltr'><strong>erit.</strong></span> <span class='ocrx_word' id='word_1_473' title='bbox 607 5670 687 5729; x_wconf 85' lang='lat' dir='ltr'><strong>De</strong></span> <span class='ocrx_word' id='word_1_474' title='bbox 722 5684 835 5740; x_wconf 82' lang='lat' dir='ltr'><strong>quo</strong></span> <span class='ocrx_word' id='word_1_475' title='bbox 870 5680 1050 5742; x_wconf 65' lang='lat' dir='ltr'><strong>quaero</strong></span> <span class='ocrx_word' id='word_1_476' title='bbox 1090 5667 1217 5739; x_wconf 90' lang='lat' dir='ltr'><strong>quid</strong></span> <span class='ocrx_word' id='word_1_477' title='bbox 1254 5666 1405 5722; x_wconf 82' lang='lat' dir='ltr'><strong>vobis</strong></span> <span class='ocrx_word' id='word_1_478' title='bbox 1445 5665 1703 5722; x_wconf 85' lang='lat' dir='ltr'><strong>videatur.</strong></span> 
     </span>
    </p>
   </div>
   <div class='ocr_carea' id='block_1_60' title="bbox 111 5738 1701 5833">
    <p class='ocr_par' dir='ltr' id='par_1_60' title="bbox 111 5738 1701 5833">
     <span class='ocr_line' id='line_1_61' title="bbox 111 5738 1701 5833; baseline -0.006 -8"><span class='ocrx_word' id='word_1_479' title='bbox 111 5738 533 5826; x_wconf 43' lang='lat' dir='ltr'><strong>“licentius:</strong></span> <span class='ocrx_word' id='word_1_480' title='bbox 556 5738 934 5830; x_wconf 79' lang='lat' dir='ltr'><strong>Deum</strong></span> <span class='ocrx_word' id='word_1_481' title='bbox 954 5761 1043 5833; x_wconf 86' lang='lat' dir='ltr'><strong>qui</strong></span> <span class='ocrx_word' id='word_1_482' title='bbox 1066 5738 1202 5819; x_wconf 79' lang='lat' dir='ltr'><strong>bene</strong></span> <span class='ocrx_word' id='word_1_483' title='bbox 1221 5760 1366 5818; x_wconf 86' lang='lat' dir='ltr'><strong>vivit.</strong></span> <span class='ocrx_word' id='word_1_484' title='bbox 1388 5750 1701 5831; x_wconf 77' lang='lat' dir='ltr'><strong>Trygetius:</strong></span> 
     </span>
    </p>
   </div>
   <div class='ocr_carea' id='block_1_61' title="bbox 136 273 1699 352">
    <p class='ocr_par' dir='ltr' id='par_1_61' title="bbox 136 277 1690 352">
     <span class='ocr_line' id='line_1_62' title="bbox 136 277 1690 352; baseline -0.013 0"><span class='ocrx_word' id='word_1_485' title='bbox 136 286 197 352; x_wconf 63' lang='grc' dir='ltr'><strong>κδ</strong></span> <span class='ocrx_word' id='word_1_486' title='bbox 940 279 949 283; x_wconf 40' lang='grc'><strong><em>⁷</em></strong></span> <span class='ocrx_word' id='word_1_487' title='bbox 1487 277 1690 334; x_wconf 82' lang='lat' dir='ltr'><strong>LIBER</strong></span> 
     </span>
    </p>
   </div>
   <div class='ocr_carea' id='block_1_62' title="bbox 1810 273 1926 352">
    <p class='ocr_par' dir='ltr' id='par_1_62' title="bbox 1810 276 1926 334">
     <span class='ocr_line' id='line_1_63' title="bbox 1810 276 1926 334; baseline 0.017 -2"><span class='ocrx_word' id='word_1_488' title='bbox 1810 276 1926 334; x_wconf 86' lang='lat' dir='ltr'><strong>lUS.</strong></span> 
     </span>
    </p>
   </div>
   <div class='ocr_carea' id='block_1_63' title="bbox 1801 391 3459 472">
    <p class='ocr_par' dir='ltr' id='par_1_63' title="bbox 1801 391 3459 472">
     <span class='ocr_line' id='line_1_64' title="bbox 1801 391 3459 472; baseline 0.008 -23"><span class='ocrx_word' id='word_1_489' title='bbox 1801 392 1968 449; x_wconf 88' lang='lat' dir='ltr'><strong>Deum</strong></span> <span class='ocrx_word' id='word_1_490' title='bbox 2011 391 2190 462; x_wconf 84' lang='lat' dir='ltr'><strong>habet,</strong></span> <span class='ocrx_word' id='word_1_491' title='bbox 2223 397 2413 468; x_wconf 86' lang='lat' dir='ltr'><strong>inquit,</strong></span> <span class='ocrx_word' id='word_1_492' title='bbox 2441 400 2530 471; x_wconf 89' lang='lat' dir='ltr'><strong>qui</strong></span> <span class='ocrx_word' id='word_1_493' title='bbox 2556 400 2682 456; x_wconf 80' lang='lat' dir='ltr'><strong>facit</strong></span> <span class='ocrx_word' id='word_1_494' title='bbox 2706 416 2826 472; x_wconf 76' lang='lat' dir='ltr'><strong>qua:</strong></span> <span class='ocrx_word' id='word_1_495' title='bbox 2860 402 3003 459; x_wconf 89' lang='lat' dir='ltr'><strong>Deus</strong></span> <span class='ocrx_word' id='word_1_496' title='bbox 3030 403 3142 459; x_wconf 89' lang='lat' dir='ltr'><strong>vult</strong></span> <span class='ocrx_word' id='word_1_497' title='bbox 3170 404 3302 462; x_wconf 84' lang='lat' dir='ltr'><strong>ﬁeri.</strong></span> <span class='ocrx_word' id='word_1_498' title='bbox 3329 403 3389 463; x_wconf 80' lang='lat' dir='ltr'><strong>In</strong></span> <span class='ocrx_word' id='word_1_499' title='bbox 3450 451 3459 463; x_wconf 90' lang='lat'><strong>.</strong></span> 
     </span>
    </p>
   </div>
   <div class='ocr_carea' id='block_1_64' title="bbox 1800 484 3389 555">
    <p class='ocr_par' dir='ltr' id='par_1_64' title="bbox 1800 484 3389 555">
     <span class='ocr_line' id='line_1_65' title="bbox 1800 484 3389 555; baseline 0.008 -14"><span class='ocrx_word' id='word_1_500' title='bbox 1800 484 1954 555; x_wconf 81' lang='lat' dir='ltr'><strong>cujus</strong></span> <span class='ocrx_word' id='word_1_501' title='bbox 1994 487 2313 543; x_wconf 85' lang='lat' dir='ltr'><strong>sententiam</strong></span> <span class='ocrx_word' id='word_1_502' title='bbox 2356 489 2694 548; x_wconf 84' lang='lat' dir='ltr'><strong>Lastidianus</strong></span> <span class='ocrx_word' id='word_1_503' title='bbox 2728 495 3011 551; x_wconf 85' lang='lat' dir='ltr'><strong>concessit.</strong></span> <span class='ocrx_word' id='word_1_504' title='bbox 3042 495 3186 553; x_wconf 86' lang='lat' dir='ltr'><strong>Puer</strong></span> <span class='ocrx_word' id='word_1_505' title='bbox 3210 505 3389 553; x_wconf 88' lang='lat' dir='ltr'><strong>autem</strong></span> 
     </span>
    </p>
   </div>
   <div class='ocr_carea' id='block_1_65' title="bbox 1799 576 3390 661">
    <p class='ocr_par' dir='ltr' id='par_1_65' title="bbox 1799 576 3390 661">
     <span class='ocr_line' id='line_1_66' title="bbox 1799 576 3390 661; baseline 0.009 -29"><span class='ocrx_word' id='word_1_506' title='bbox 1799 576 1891 633; x_wconf 86' lang='lat' dir='ltr'><strong>ille</strong></span> <span class='ocrx_word' id='word_1_507' title='bbox 1918 579 2170 635; x_wconf 84' lang='lat' dir='ltr'><strong>minimus</strong></span> <span class='ocrx_word' id='word_1_508' title='bbox 2192 581 2429 638; x_wconf 89' lang='lat' dir='ltr'><strong>omnium</strong></span> <span class='ocrx_word' id='word_1_509' title='bbox 2454 598 2468 636; x_wconf 90' lang='lat'><strong>:</strong></span> <span class='ocrx_word' id='word_1_510' title='bbox 2492 582 2543 639; x_wconf 85' lang='lat' dir='ltr'><strong>Is</strong></span> <span class='ocrx_word' id='word_1_511' title='bbox 2578 585 2740 642; x_wconf 85' lang='lat' dir='ltr'><strong>habet</strong></span> <span class='ocrx_word' id='word_1_512' title='bbox 2765 586 2957 655; x_wconf 85' lang='lat' dir='ltr'><strong>Deum,</strong></span> <span class='ocrx_word' id='word_1_513' title='bbox 2988 587 3081 653; x_wconf 85' lang='lat' dir='ltr'><strong>ait,</strong></span> <span class='ocrx_word' id='word_1_514' title='bbox 3109 589 3201 659; x_wconf 86' lang='lat' dir='ltr'><strong>qui</strong></span> <span class='ocrx_word' id='word_1_515' title='bbox 3229 589 3390 661; x_wconf 82' lang='lat' dir='ltr'><strong>spiri-</strong></span> 
     </span>
    </p>
   </div>
   <div class='ocr_carea' id='block_1_66' title="bbox 1799 670 3394 750">
    <p class='ocr_par' dir='ltr' id='par_1_66' title="bbox 1799 670 3394 750">
     <span class='ocr_line' id='line_1_67' title="bbox 1799 670 3394 750; baseline 0.009 -26"><span class='ocrx_word' id='word_1_516' title='bbox 1799 676 1911 724; x_wconf 88' lang='lat' dir='ltr'><strong>tum</strong></span> <span class='ocrx_word' id='word_1_517' title='bbox 1954 670 2287 728; x_wconf 89' lang='lat' dir='ltr'><strong>immundum</strong></span> <span class='ocrx_word' id='word_1_518' title='bbox 2329 689 2435 729; x_wconf 89' lang='lat' dir='ltr'><strong>non</strong></span> <span class='ocrx_word' id='word_1_519' title='bbox 2480 674 2659 732; x_wconf 80' lang='lat' dir='ltr'><strong>habet.</strong></span> <span class='ocrx_word' id='word_1_520' title='bbox 2688 677 2856 735; x_wconf 79' lang='lat' dir='ltr'><strong>Mater</strong></span> <span class='ocrx_word' id='word_1_521' title='bbox 2893 694 3023 736; x_wconf 89' lang='lat' dir='ltr'><strong>vero</strong></span> <span class='ocrx_word' id='word_1_522' title='bbox 3067 680 3267 750; x_wconf 84' lang='lat' dir='ltr'><strong>omnia,</strong></span> <span class='ocrx_word' id='word_1_523' title='bbox 3294 680 3394 739; x_wconf 85' lang='lat' dir='ltr'><strong>sed</strong></span> 
     </span>
    </p>
   </div>
   <div class='ocr_carea' id='block_1_67' title="bbox 1799 759 3392 842">
    <p class='ocr_par' dir='ltr' id='par_1_67' title="bbox 1799 759 3392 842">
     <span class='ocr_line' id='line_1_68' title="bbox 1799 759 3392 842; baseline 0.008 -25"><span class='ocrx_word' id='word_1_524' title='bbox 1799 759 1906 818; x_wconf 81' lang='lat' dir='ltr'><strong>bac</strong></span> <span class='ocrx_word' id='word_1_525' title='bbox 1928 763 2165 821; x_wconf 73' lang='lat' dir='ltr'><strong>maxime</strong></span> <span class='ocrx_word' id='word_1_526' title='bbox 2185 766 2518 836; x_wconf 87' lang='lat' dir='ltr'><strong>approbavit.</strong></span> <span class='ocrx_word' id='word_1_527' title='bbox 2546 766 2797 840; x_wconf 75' lang='lat' dir='ltr'><strong>Navigius</strong></span> <span class='ocrx_word' id='word_1_528' title='bbox 2823 771 3049 827; x_wconf 89' lang='lat' dir='ltr'><strong>tacebat.</strong></span> <span class='ocrx_word' id='word_1_529' title='bbox 3072 772 3240 842; x_wconf 84' lang='lat' dir='ltr'><strong>Quem</strong></span> <span class='ocrx_word' id='word_1_530' title='bbox 3269 788 3392 830; x_wconf 90' lang='lat' dir='ltr'><strong>cum</strong></span> 
     </span>
    </p>
   </div>
   <div class='ocr_carea' id='block_1_68' title="bbox 1798 852 3398 936">
    <p class='ocr_par' dir='ltr' id='par_1_68' title="bbox 1798 852 3398 936">
     <span class='ocr_line' id='line_1_69' title="bbox 1798 852 3398 936; baseline 0.009 -27"><span class='ocrx_word' id='word_1_531' title='bbox 1798 852 2216 926; x_wconf 70' lang='lat' dir='ltr'><strong>interrogassent</strong></span> <span class='ocrx_word' id='word_1_532' title='bbox 2236 856 2366 928; x_wconf 82' lang='lat' dir='ltr'><strong>quid</strong></span> <span class='ocrx_word' id='word_1_533' title='bbox 2378 858 2623 927; x_wconf 74' lang='lat' dir='ltr'><strong>sentiret,</strong></span> <span class='ocrx_word' id='word_1_534' title='bbox 2643 860 2771 917; x_wconf 89' lang='lat' dir='ltr'><strong>illud</strong></span> <span class='ocrx_word' id='word_1_535' title='bbox 2793 860 3035 919; x_wconf 86' lang='lat' dir='ltr'><strong>ultimum</strong></span> <span class='ocrx_word' id='word_1_536' title='bbox 3052 862 3156 920; x_wconf 86' lang='lat' dir='ltr'><strong>sibi</strong></span> <span class='ocrx_word' id='word_1_537' title='bbox 3181 864 3398 936; x_wconf 79' lang='lat' dir='ltr'><strong>placere</strong></span> 
     </span>
    </p>
   </div>
   <div class='ocr_carea' id='block_1_69' title="bbox 1798 945 3396 1030">
    <p class='ocr_par' dir='ltr' id='par_1_69' title="bbox 1798 945 3396 1030">
     <span class='ocr_line' id='line_1_70' title="bbox 1798 945 3396 1030; baseline 0.009 -30"><span class='ocrx_word' id='word_1_538' title='bbox 1798 945 2095 1016; x_wconf 78' lang='lat' dir='ltr'><strong>respondit.</strong></span> <span class='ocrx_word' id='word_1_539' title='bbox 2124 945 2236 1004; x_wconf 86' lang='lat' dir='ltr'><strong>Nec</strong></span> <span class='ocrx_word' id='word_1_540' title='bbox 2262 947 2539 1007; x_wconf 76' lang='lat' dir='ltr'><strong>Rusticum</strong></span> <span class='ocrx_word' id='word_1_541' title='bbox 2569 955 2871 1022; x_wconf 81' lang='lat' dir='ltr'><strong>percontari</strong></span> <span class='ocrx_word' id='word_1_542' title='bbox 2897 954 3069 1011; x_wconf 88' lang='lat' dir='ltr'><strong>visum</strong></span> <span class='ocrx_word' id='word_1_543' title='bbox 3099 968 3182 1013; x_wconf 84' lang='lat' dir='ltr'><strong>est</strong></span> <span class='ocrx_word' id='word_1_544' title='bbox 3227 958 3396 1030; x_wconf 74' lang='lat' dir='ltr'><strong>negli-</strong></span> 
     </span>
    </p>
   </div>
   <div class='ocr_carea' id='block_1_70' title="bbox 1798 1039 3395 1123">
    <p class='ocr_par' dir='ltr' id='par_1_70' title="bbox 1798 1039 3395 1123">
     <span class='ocr_line' id='line_1_71' title="bbox 1798 1039 3395 1123; baseline 0.009 -28"><span class='ocrx_word' id='word_1_545' title='bbox 1798 1039 2051 1110; x_wconf 81' lang='lat' dir='ltr'><strong>gendum,</strong></span> <span class='ocrx_word' id='word_1_546' title='bbox 2077 1054 2326 1114; x_wconf 71' lang='lat' dir='ltr'><strong>quem</strong></span> <span class='ocrx_word' id='word_1_547' title='bbox 2346 1053 2491 1101; x_wconf 77' lang='lat' dir='ltr'><strong>esset</strong></span> <span class='ocrx_word' id='word_1_548' title='bbox 2517 1044 2585 1101; x_wconf 87' lang='lat' dir='ltr'><strong>de</strong></span> <span class='ocrx_word' id='word_1_549' title='bbox 2609 1061 2669 1103; x_wconf 88' lang='lat' dir='ltr'><strong>re</strong></span> <span class='ocrx_word' id='word_1_550' title='bbox 2693 1054 2839 1103; x_wconf 82' lang='lat' dir='ltr'><strong>tanta</strong></span> <span class='ocrx_word' id='word_1_551' title='bbox 2857 1048 2974 1119; x_wconf 73' lang='lat' dir='ltr'><strong>ejus</strong></span> <span class='ocrx_word' id='word_1_552' title='bbox 2998 1051 3283 1120; x_wconf 77' lang='lat' dir='ltr'><strong>sententia,</strong></span> <span class='ocrx_word' id='word_1_553' title='bbox 3303 1051 3395 1123; x_wconf 82' lang='lat' dir='ltr'><strong>qui</strong></span> 
     </span>
    </p>
   </div>
   <div class='ocr_carea' id='block_1_71' title="bbox 1799 1131 3397 1213">
    <p class='ocr_par' dir='ltr' id='par_1_71' title="bbox 1799 1131 3397 1213">
     <span class='ocr_line' id='line_1_72' title="bbox 1799 1131 3397 1213; baseline 0.008 -24"><span class='ocrx_word' id='word_1_554' title='bbox 1799 1131 1931 1189; x_wconf 80' lang='lat' dir='ltr'><strong>mihi</strong></span> <span class='ocrx_word' id='word_1_555' title='bbox 1952 1132 2232 1192; x_wconf 76' lang='lat' dir='ltr'><strong>videbatur</strong></span> <span class='ocrx_word' id='word_1_556' title='bbox 2256 1150 2365 1192; x_wconf 74' lang='lat' dir='ltr'><strong>non</strong></span> <span class='ocrx_word' id='word_1_557' title='bbox 2393 1135 2778 1195; x_wconf 80' lang='lat' dir='ltr'><strong>deliberatione</strong></span> <span class='ocrx_word' id='word_1_558' title='bbox 2808 1140 2978 1212; x_wconf 78' lang='lat' dir='ltr'><strong>magis</strong></span> <span class='ocrx_word' id='word_1_559' title='bbox 3002 1157 3164 1213; x_wconf 89' lang='lat' dir='ltr'><strong>quam</strong></span> <span class='ocrx_word' id='word_1_560' title='bbox 3192 1142 3397 1213; x_wconf 85' lang='lat' dir='ltr'><strong>pudore</strong></span> 
     </span>
    </p>
   </div>
   <div class='ocr_carea' id='block_1_72' title="bbox 1799 1223 2899 1300">
    <p class='ocr_par' dir='ltr' id='par_1_72' title="bbox 1799 1223 2899 1300">
     <span class='ocr_line' id='line_1_73' title="bbox 1799 1223 2899 1300; baseline 0.007 -23"><span class='ocrx_word' id='word_1_561' title='bbox 1799 1223 2085 1295; x_wconf 81' lang='lat' dir='ltr'><strong>impeditus</strong></span> <span class='ocrx_word' id='word_1_562' title='bbox 2112 1226 2303 1295; x_wconf 76' lang='lat' dir='ltr'><strong>silere;</strong></span> <span class='ocrx_word' id='word_1_563' title='bbox 2331 1228 2582 1300; x_wconf 74' lang='lat' dir='ltr'><strong>Trygetio</strong></span> <span class='ocrx_word' id='word_1_564' title='bbox 2606 1231 2899 1287; x_wconf 83' lang='lat' dir='ltr'><strong>consensit.</strong></span> 
     </span>
    </p>
   </div>
   <div class='ocr_carea' id='block_1_73' title="bbox 1873 1316 3399 1398">
    <p class='ocr_par' dir='ltr' id='par_1_73' title="bbox 1873 1316 3399 1398">
     <span class='ocr_line' id='line_1_74' title="bbox 1873 1316 3399 1398; baseline 0.009 -26"><span class='ocrx_word' id='word_1_565' title='bbox 1873 1317 1961 1372; x_wconf 75' lang='grc'><strong>15.</strong></span> <span class='ocrx_word' id='word_1_566' title='bbox 1986 1316 2122 1373; x_wconf 83' lang='lat' dir='ltr'><strong>Tum</strong></span> <span class='ocrx_word' id='word_1_567' title='bbox 2158 1333 2298 1391; x_wconf 67' lang='lat' dir='ltr'><strong>ego:</strong></span> <span class='ocrx_word' id='word_1_568' title='bbox 2326 1320 2527 1387; x_wconf 83' lang='lat' dir='ltr'><strong>Teneo,</strong></span> <span class='ocrx_word' id='word_1_569' title='bbox 2551 1322 2790 1394; x_wconf 85' lang='lat' dir='ltr'><strong>inquam,</strong></span> <span class='ocrx_word' id='word_1_570' title='bbox 2820 1324 3060 1380; x_wconf 89' lang='lat' dir='ltr'><strong>omnium</strong></span> <span class='ocrx_word' id='word_1_571' title='bbox 3103 1327 3291 1398; x_wconf 89' lang='lat' dir='ltr'><strong>placita</strong></span> <span class='ocrx_word' id='word_1_572' title='bbox 3328 1329 3399 1387; x_wconf 77' lang='lat' dir='ltr'><strong>do</strong></span> 
     </span>
    </p>
   </div>
   <div class='ocr_carea' id='block_1_74' title="bbox 1801 1414 3399 1491">
    <p class='ocr_par' dir='ltr' id='par_1_74' title="bbox 1801 1414 3399 1491">
     <span class='ocr_line' id='line_1_75' title="bbox 1801 1414 3399 1491; baseline 0.008 -27"><span class='ocrx_word' id='word_1_573' title='bbox 1801 1424 1860 1465; x_wconf 88' lang='lat' dir='ltr'><strong>re</strong></span> <span class='ocrx_word' id='word_1_574' title='bbox 1885 1426 2077 1483; x_wconf 76' lang='lat' dir='ltr'><strong>magna</strong></span> <span class='ocrx_word' id='word_1_575' title='bbox 2101 1425 2254 1479; x_wconf 84' lang='lat' dir='ltr'><strong>sane,</strong></span> <span class='ocrx_word' id='word_1_576' title='bbox 2280 1421 2337 1469; x_wconf 88' lang='lat' dir='ltr'><strong>et</strong></span> <span class='ocrx_word' id='word_1_577' title='bbox 2367 1414 2507 1469; x_wconf 86' lang='lat' dir='ltr'><strong>ultra</strong></span> <span class='ocrx_word' id='word_1_578' title='bbox 2548 1431 2708 1485; x_wconf 89' lang='lat' dir='ltr'><strong>quam</strong></span> <span class='ocrx_word' id='word_1_579' title='bbox 2753 1430 2854 1471; x_wconf 88' lang='lat' dir='ltr'><strong>nec</strong></span> <span class='ocrx_word' id='word_1_580' title='bbox 2895 1417 3062 1487; x_wconf 62' lang='lat' dir='ltr'><strong>quaeri</strong></span> <span class='ocrx_word' id='word_1_581' title='bbox 3108 1420 3399 1491; x_wconf 88' lang='lat' dir='ltr'><strong>quidquam</strong></span> 
     </span>
    </p>
   </div>
   <div class='ocr_carea' id='block_1_75' title="bbox 1800 1505 3399 1583">
    <p class='ocr_par' dir='ltr' id='par_1_75' title="bbox 1800 1505 3399 1583">
     <span class='ocr_line' id='line_1_76' title="bbox 1800 1505 3399 1583; baseline 0.007 -26"><span class='ocrx_word' id='word_1_582' title='bbox 1800 1511 2034 1573; x_wconf 77' lang='lat' dir='ltr'><strong>oportet,</strong></span> <span class='ocrx_word' id='word_1_583' title='bbox 2061 1518 2163 1561; x_wconf 83' lang='lat' dir='ltr'><strong>nec</strong></span> <span class='ocrx_word' id='word_1_584' title='bbox 2200 1505 2428 1562; x_wconf 82' lang='lat' dir='ltr'><strong>inveniri</strong></span> <span class='ocrx_word' id='word_1_585' title='bbox 2473 1517 2669 1577; x_wconf 79' lang='lat' dir='ltr'><strong>potest,</strong></span> <span class='ocrx_word' id='word_1_586' title='bbox 2701 1508 2748 1564; x_wconf 86' lang='lat' dir='ltr'><strong>si</strong></span> <span class='ocrx_word' id='word_1_587' title='bbox 2774 1508 2934 1565; x_wconf 90' lang='lat' dir='ltr'><strong>modo</strong></span> <span class='ocrx_word' id='word_1_588' title='bbox 2959 1525 3101 1577; x_wconf 83' lang='lat' dir='ltr'><strong>eam,</strong></span> <span class='ocrx_word' id='word_1_589' title='bbox 3128 1512 3204 1566; x_wconf 88' lang='lat' dir='ltr'><strong>uti</strong></span> <span class='ocrx_word' id='word_1_590' title='bbox 3229 1513 3399 1583; x_wconf 70' lang='lat' dir='ltr'><strong>empi-</strong></span> 
     </span>
    </p>
   </div>
   <div class='ocr_carea' id='block_1_76' title="bbox 1800 1596 3402 1674">
    <p class='ocr_par' dir='ltr' id='par_1_76' title="bbox 1800 1596 3402 1674">
     <span class='ocr_line' id='line_1_77' title="bbox 1800 1596 3402 1674; baseline 0.009 -26"><span class='ocrx_word' id='word_1_591' title='bbox 1800 1609 1943 1662; x_wconf 84' lang='lat' dir='ltr'><strong>mus,</strong></span> <span class='ocrx_word' id='word_1_592' title='bbox 1964 1596 2310 1654; x_wconf 74' lang='lat' dir='ltr'><strong>serenissima</strong></span> <span class='ocrx_word' id='word_1_593' title='bbox 2332 1614 2397 1656; x_wconf 87' lang='lat' dir='ltr'><strong>ac</strong></span> <span class='ocrx_word' id='word_1_594' title='bbox 2425 1600 2787 1657; x_wconf 84' lang='lat' dir='ltr'><strong>sincerissime</strong></span> <span class='ocrx_word' id='word_1_595' title='bbox 2816 1601 3218 1674; x_wconf 83' lang='lat' dir='ltr'><strong>investigemus.</strong></span> <span class='ocrx_word' id='word_1_596' title='bbox 3245 1606 3402 1673; x_wconf 86' lang='lat' dir='ltr'><strong>Quod</strong></span> 
     </span>
    </p>
   </div>
   <div class='ocr_carea' id='block_1_77' title="bbox 1802 1685 3400 1765">
    <p class='ocr_par' dir='ltr' id='par_1_77' title="bbox 1802 1685 3400 1765">
     <span class='ocr_line' id='line_1_78' title="bbox 1802 1685 3400 1765; baseline 0.008 -24"><span class='ocrx_word' id='word_1_597' title='bbox 1802 1685 1964 1742; x_wconf 82' lang='lat' dir='ltr'><strong>hodie</strong></span> <span class='ocrx_word' id='word_1_598' title='bbox 1983 1688 2104 1759; x_wconf 83' lang='lat' dir='ltr'><strong>quia</strong></span> <span class='ocrx_word' id='word_1_599' title='bbox 2134 1688 2348 1761; x_wconf 77' lang='lat' dir='ltr'><strong>longum</strong></span> <span class='ocrx_word' id='word_1_600' title='bbox 2372 1700 2477 1758; x_wconf 85' lang='lat' dir='ltr'><strong>est,</strong></span> <span class='ocrx_word' id='word_1_601' title='bbox 2499 1700 2557 1748; x_wconf 89' lang='lat' dir='ltr'><strong>et</strong></span> <span class='ocrx_word' id='word_1_602' title='bbox 2582 1692 2779 1748; x_wconf 85' lang='lat' dir='ltr'><strong>habent</strong></span> <span class='ocrx_word' id='word_1_603' title='bbox 2800 1694 2853 1748; x_wconf 89' lang='lat' dir='ltr'><strong>in</strong></span> <span class='ocrx_word' id='word_1_604' title='bbox 2875 1696 3049 1765; x_wconf 84' lang='lat' dir='ltr'><strong>epulis</strong></span> <span class='ocrx_word' id='word_1_605' title='bbox 3069 1697 3181 1753; x_wconf 87' lang='lat' dir='ltr'><strong>suis</strong></span> <span class='ocrx_word' id='word_1_606' title='bbox 3200 1706 3255 1753; x_wconf 90' lang='lat' dir='ltr'><strong>et</strong></span> <span class='ocrx_word' id='word_1_607' title='bbox 3281 1698 3400 1754; x_wconf 89' lang='lat' dir='ltr'><strong>ani-</strong></span> 
     </span>
    </p>
   </div>
   <div class='ocr_carea' id='block_1_78' title="bbox 1802 1778 3405 1851">
    <p class='ocr_par' dir='ltr' id='par_1_78' title="bbox 1802 1778 3405 1851">
     <span class='ocr_line' id='line_1_79' title="bbox 1802 1778 3405 1851; baseline 0.009 -18"><span class='ocrx_word' id='word_1_608' title='bbox 1802 1778 1877 1834; x_wconf 81' lang='lat' dir='ltr'><strong>mi</strong></span> <span class='ocrx_word' id='word_1_609' title='bbox 1908 1779 2195 1849; x_wconf 79' lang='lat' dir='ltr'><strong>quamdam</strong></span> <span class='ocrx_word' id='word_1_610' title='bbox 2218 1780 2507 1851; x_wconf 77' lang='lat' dir='ltr'><strong>luxuriem,</strong></span> <span class='ocrx_word' id='word_1_611' title='bbox 2535 1783 2581 1839; x_wconf 92' lang='lat' dir='ltr'><strong>si</strong></span> <span class='ocrx_word' id='word_1_612' title='bbox 2612 1784 2750 1840; x_wconf 84' lang='lat' dir='ltr'><strong>ultra</strong></span> <span class='ocrx_word' id='word_1_613' title='bbox 2777 1785 2996 1842; x_wconf 84' lang='lat' dir='ltr'><strong>modum</strong></span> <span class='ocrx_word' id='word_1_614' title='bbox 3022 1788 3075 1842; x_wconf 90' lang='lat' dir='ltr'><strong>in</strong></span> <span class='ocrx_word' id='word_1_615' title='bbox 3104 1803 3197 1845; x_wconf 89' lang='lat' dir='ltr'><strong>eas</strong></span> <span class='ocrx_word' id='word_1_616' title='bbox 3224 1799 3280 1846; x_wconf 88' lang='lat' dir='ltr'><strong>et</strong></span> <span class='ocrx_word' id='word_1_617' title='bbox 3306 1806 3405 1847; x_wconf 89' lang='lat' dir='ltr'><strong>vo-</strong></span> 
     </span>
    </p>
   </div>
   <div class='ocr_carea' id='block_1_79' title="bbox 1800 1872 3401 1955">
    <p class='ocr_par' dir='ltr' id='par_1_79' title="bbox 1800 1872 3401 1955">
     <span class='ocr_line' id='line_1_80' title="bbox 1800 1872 3401 1955; baseline 0.009 -28"><span class='ocrx_word' id='word_1_618' title='bbox 1800 1872 1997 1928; x_wconf 86' lang='lat' dir='ltr'><strong>raciter</strong></span> <span class='ocrx_word' id='word_1_619' title='bbox 2026 1873 2232 1932; x_wconf 73' lang='lat' dir='ltr'><strong>inruant</strong></span> <span class='ocrx_word' id='word_1_620' title='bbox 2260 1876 2354 1947; x_wconf 80' lang='lat' dir='ltr'><strong>(ita</strong></span> <span class='ocrx_word' id='word_1_621' title='bbox 2375 1877 2519 1932; x_wconf 85' lang='lat' dir='ltr'><strong>enim</strong></span> <span class='ocrx_word' id='word_1_622' title='bbox 2544 1878 2685 1934; x_wconf 87' lang='lat' dir='ltr'><strong>male</strong></span> <span class='ocrx_word' id='word_1_623' title='bbox 2710 1879 3105 1950; x_wconf 80' lang='lat' dir='ltr'><strong>quodammodo</strong></span> <span class='ocrx_word' id='word_1_624' title='bbox 3130 1882 3401 1955; x_wconf 84' lang='lat' dir='ltr'><strong>digerunt;</strong></span> 
     </span>
    </p>
   </div>
   <div class='ocr_carea' id='block_1_80' title="bbox 1800 1966 3404 2048">
    <p class='ocr_par' dir='ltr' id='par_1_80' title="bbox 1800 1966 3404 2048">
     <span class='ocr_line' id='line_1_81' title="bbox 1800 1966 3404 2048; baseline 0.009 -27"><span class='ocrx_word' id='word_1_625' title='bbox 1800 1966 1947 2023; x_wconf 84' lang='lat' dir='ltr'><strong>unde</strong></span> <span class='ocrx_word' id='word_1_626' title='bbox 1963 1968 2255 2025; x_wconf 79' lang='lat' dir='ltr'><strong>valetudini</strong></span> <span class='ocrx_word' id='word_1_627' title='bbox 2286 1971 2545 2026; x_wconf 89' lang='lat' dir='ltr'><strong>mentium</strong></span> <span class='ocrx_word' id='word_1_628' title='bbox 2575 1987 2682 2029; x_wconf 87' lang='lat' dir='ltr'><strong>non</strong></span> <span class='ocrx_word' id='word_1_629' title='bbox 2706 1973 2882 2028; x_wconf 85' lang='lat' dir='ltr'><strong>minus</strong></span> <span class='ocrx_word' id='word_1_630' title='bbox 2907 1989 3069 2045; x_wconf 85' lang='lat' dir='ltr'><strong>quam</strong></span> <span class='ocrx_word' id='word_1_631' title='bbox 3087 1974 3157 2031; x_wconf 87' lang='lat' dir='ltr'><strong>ab</strong></span> <span class='ocrx_word' id='word_1_632' title='bbox 3175 1977 3262 2031; x_wconf 87' lang='lat' dir='ltr'><strong>illa</strong></span> <span class='ocrx_word' id='word_1_633' title='bbox 3285 1978 3404 2048; x_wconf 80' lang='lat' dir='ltr'><strong>ipsa</strong></span> 
     </span>
    </p>
   </div>
   <div class='ocr_carea' id='block_1_81' title="bbox 1802 2057 3404 2139">
    <p class='ocr_par' dir='ltr' id='par_1_81' title="bbox 1802 2057 3404 2139">
     <span class='ocr_line' id='line_1_82' title="bbox 1802 2057 3404 2139; baseline 0.009 -26"><span class='ocrx_word' id='word_1_634' title='bbox 1802 2057 1945 2115; x_wconf 82' lang='lat' dir='ltr'><strong>fame</strong></span> <span class='ocrx_word' id='word_1_635' title='bbox 1967 2061 2310 2118; x_wconf 86' lang='lat' dir='ltr'><strong>metuendum</strong></span> <span class='ocrx_word' id='word_1_636' title='bbox 2338 2060 2463 2136; x_wconf 87' lang='lat' dir='ltr'><strong>est),</strong></span> <span class='ocrx_word' id='word_1_637' title='bbox 2498 2064 2692 2120; x_wconf 84' lang='lat' dir='ltr'><strong>melius</strong></span> <span class='ocrx_word' id='word_1_638' title='bbox 2732 2080 2830 2121; x_wconf 90' lang='lat' dir='ltr'><strong>nos</strong></span> <span class='ocrx_word' id='word_1_639' title='bbox 2870 2067 2985 2122; x_wconf 58' lang='lat' dir='ltr'><strong>bare</strong></span> <span class='ocrx_word' id='word_1_640' title='bbox 3026 2070 3252 2139; x_wconf 66' lang='lat' dir='ltr'><strong>qtmstio</strong></span> <span class='ocrx_word' id='word_1_641' title='bbox 3280 2083 3404 2127; x_wconf 85' lang='lat' dir='ltr'><strong>eras</strong></span> 
     </span>
    </p>
   </div>
   <div class='ocr_carea' id='block_1_82' title="bbox 1803 2154 3404 2228">
    <p class='ocr_par' dir='ltr' id='par_1_82' title="bbox 1803 2154 3404 2228">
     <span class='ocr_line' id='line_1_83' title="bbox 1803 2154 3404 2228; baseline 0.006 -19"><span class='ocrx_word' id='word_1_642' title='bbox 1803 2154 2123 2223; x_wconf 86' lang='lat' dir='ltr'><strong>esurientes,</strong></span> <span class='ocrx_word' id='word_1_643' title='bbox 2150 2156 2198 2211; x_wconf 87' lang='lat' dir='ltr'><strong>si</strong></span> <span class='ocrx_word' id='word_1_644' title='bbox 2226 2156 2454 2222; x_wconf 85' lang='lat' dir='ltr'><strong>videtur,</strong></span> <span class='ocrx_word' id='word_1_645' title='bbox 2480 2157 2724 2228; x_wconf 88' lang='lat' dir='ltr'><strong>accipiet.</strong></span> <span class='ocrx_word' id='word_1_646' title='bbox 2750 2158 2882 2213; x_wconf 86' lang='lat' dir='ltr'><strong>Illud</strong></span> <span class='ocrx_word' id='word_1_647' title='bbox 2909 2158 3070 2215; x_wconf 86' lang='lat' dir='ltr'><strong>modo</strong></span> <span class='ocrx_word' id='word_1_648' title='bbox 3089 2160 3318 2218; x_wconf 88' lang='lat' dir='ltr'><strong>libenter</strong></span> <span class='ocrx_word' id='word_1_649' title='bbox 3338 2163 3404 2219; x_wconf 85' lang='lat' dir='ltr'><strong>Ii-</strong></span> 
     </span>
    </p>
   </div>
   <div class='ocr_carea' id='block_1_83' title="bbox 1803 2248 3402 2323">
    <p class='ocr_par' dir='ltr' id='par_1_83' title="bbox 1803 2248 3402 2323">
     <span class='ocr_line' id='line_1_84' title="bbox 1803 2248 3402 2323; baseline 0.007 -21"><span class='ocrx_word' id='word_1_650' title='bbox 1803 2248 2023 2323; x_wconf 83' lang='lat' dir='ltr'><strong>gnriatis</strong></span> <span class='ocrx_word' id='word_1_651' title='bbox 2052 2250 2199 2317; x_wconf 84' lang='lat' dir='ltr'><strong>volo,</strong></span> <span class='ocrx_word' id='word_1_652' title='bbox 2231 2249 2376 2322; x_wconf 87' lang='lat' dir='ltr'><strong>quod</strong></span> <span class='ocrx_word' id='word_1_653' title='bbox 2404 2250 2582 2306; x_wconf 83' lang='lat' dir='ltr'><strong>subito</strong></span> <span class='ocrx_word' id='word_1_654' title='bbox 2606 2250 2737 2306; x_wconf 89' lang='lat' dir='ltr'><strong>mibi</strong></span> <span class='ocrx_word' id='word_1_655' title='bbox 2764 2252 3113 2310; x_wconf 86' lang='lat' dir='ltr'><strong>ministratori</strong></span> <span class='ocrx_word' id='word_1_656' title='bbox 3138 2265 3320 2312; x_wconf 82' lang='lat' dir='ltr'><strong>vestro</strong></span> <span class='ocrx_word' id='word_1_657' title='bbox 3344 2257 3402 2314; x_wconf 88' lang='lat' dir='ltr'><strong>in</strong></span> 
     </span>
    </p>
   </div>
   <div class='ocr_carea' id='block_1_84' title="bbox 1804 2342 3399 2413">
    <p class='ocr_par' dir='ltr' id='par_1_84' title="bbox 1804 2342 3399 2413">
     <span class='ocr_line' id='line_1_85' title="bbox 1804 2342 3399 2413; baseline 0.006 -19"><span class='ocrx_word' id='word_1_658' title='bbox 1804 2352 2040 2396; x_wconf 86' lang='lat' dir='ltr'><strong>mentem</strong></span> <span class='ocrx_word' id='word_1_659' title='bbox 2067 2351 2371 2413; x_wconf 84' lang='lat' dir='ltr'><strong>suggestum</strong></span> <span class='ocrx_word' id='word_1_660' title='bbox 2400 2351 2483 2400; x_wconf 84' lang='lat' dir='ltr'><strong>est</strong></span> <span class='ocrx_word' id='word_1_661' title='bbox 2510 2342 2882 2411; x_wconf 79' lang='lat' dir='ltr'><strong>inferendum;</strong></span> <span class='ocrx_word' id='word_1_662' title='bbox 2926 2353 2982 2401; x_wconf 85' lang='lat' dir='ltr'><strong>et</strong></span> <span class='ocrx_word' id='word_1_663' title='bbox 3017 2354 3121 2412; x_wconf 87' lang='lat' dir='ltr'><strong>est,</strong></span> <span class='ocrx_word' id='word_1_664' title='bbox 3161 2348 3265 2403; x_wconf 88' lang='lat' dir='ltr'><strong>nisi</strong></span> <span class='ocrx_word' id='word_1_665' title='bbox 3295 2348 3399 2405; x_wconf 84' lang='lat' dir='ltr'><strong>t&#39;aI-</strong></span> 
     </span>
    </p>
   </div>
   <div class='ocr_carea' id='block_1_85' title="bbox 1805 2429 3406 2508">
    <p class='ocr_par' dir='ltr' id='par_1_85' title="bbox 1805 2429 3406 2508">
     <span class='ocr_line' id='line_1_86' title="bbox 1805 2429 3406 2508; baseline 0.008 -23"><span class='ocrx_word' id='word_1_666' title='bbox 1805 2429 1911 2498; x_wconf 88' lang='lat' dir='ltr'><strong>lor,</strong></span> <span class='ocrx_word' id='word_1_667' title='bbox 1949 2432 2125 2503; x_wconf 81' lang='lat' dir='ltr'><strong>qualia</strong></span> <span class='ocrx_word' id='word_1_668' title='bbox 2176 2433 2352 2489; x_wconf 78' lang='lat' dir='ltr'><strong>solent</strong></span> <span class='ocrx_word' id='word_1_669' title='bbox 2393 2434 2579 2490; x_wconf 80' lang='lat' dir='ltr'><strong>ultima</strong></span> <span class='ocrx_word' id='word_1_670' title='bbox 2623 2436 2841 2506; x_wconf 78' lang='lat' dir='ltr'><strong>apponi,</strong></span> <span class='ocrx_word' id='word_1_671' title='bbox 2884 2438 3034 2508; x_wconf 85' lang='lat' dir='ltr'><strong>quasi</strong></span> <span class='ocrx_word' id='word_1_672' title='bbox 3079 2437 3406 2499; x_wconf 70' lang='lat' dir='ltr'><strong>scholastica</strong></span> 
     </span>
    </p>
   </div>
   <div class='ocr_carea' id='block_1_86' title="bbox 1805 2524 3407 2598">
    <p class='ocr_par' dir='ltr' id='par_1_86' title="bbox 1805 2524 3407 2598">
     <span class='ocr_line' id='line_1_87' title="bbox 1805 2524 3407 2598; baseline 0.007 -19"><span class='ocrx_word' id='word_1_673' title='bbox 1805 2524 1968 2580; x_wconf 85' lang='lat' dir='ltr'><strong>melle</strong></span> <span class='ocrx_word' id='word_1_674' title='bbox 2017 2524 2321 2581; x_wconf 76' lang='lat' dir='ltr'><strong>confectum</strong></span> <span class='ocrx_word' id='word_1_675' title='bbox 2366 2536 2528 2598; x_wconf 85' lang='lat' dir='ltr'><strong>atque</strong></span> <span class='ocrx_word' id='word_1_676' title='bbox 2568 2527 2862 2583; x_wconf 86' lang='lat' dir='ltr'><strong>conditum.</strong></span> <span class='ocrx_word' id='word_1_677' title='bbox 2910 2528 3028 2598; x_wconf 87' lang='lat' dir='ltr'><strong>Quo</strong></span> <span class='ocrx_word' id='word_1_678' title='bbox 3064 2531 3245 2586; x_wconf 86' lang='lat' dir='ltr'><strong>audito</strong></span> <span class='ocrx_word' id='word_1_679' title='bbox 3280 2546 3407 2590; x_wconf 80' lang='lat' dir='ltr'><strong>sese</strong></span> 
     </span>
    </p>
   </div>
   <div class='ocr_carea' id='block_1_87' title="bbox 1805 2616 3406 2696">
    <p class='ocr_par' dir='ltr' id='par_1_87' title="bbox 1805 2616 3406 2696">
     <span class='ocr_line' id='line_1_88' title="bbox 1805 2616 3406 2696; baseline 0.006 -25"><span class='ocrx_word' id='word_1_680' title='bbox 1805 2626 1995 2671; x_wconf 81' lang='lat' dir='ltr'><strong>omnes</strong></span> <span class='ocrx_word' id='word_1_681' title='bbox 2017 2616 2170 2686; x_wconf 87' lang='lat' dir='ltr'><strong>quasi</strong></span> <span class='ocrx_word' id='word_1_682' title='bbox 2209 2618 2261 2671; x_wconf 89' lang='lat' dir='ltr'><strong>in</strong></span> <span class='ocrx_word' id='word_1_683' title='bbox 2308 2617 2504 2673; x_wconf 82' lang='lat' dir='ltr'><strong>elatum</strong></span> <span class='ocrx_word' id='word_1_684' title='bbox 2535 2618 2797 2674; x_wconf 72' lang='lat' dir='ltr'><strong>ferculum</strong></span> <span class='ocrx_word' id='word_1_685' title='bbox 2826 2619 3182 2689; x_wconf 88' lang='lat' dir='ltr'><strong>tetenderunt,</strong></span> <span class='ocrx_word' id='word_1_686' title='bbox 3214 2638 3406 2696; x_wconf 84' lang='lat' dir='ltr'><strong>coege-</strong></span> 
     </span>
    </p>
   </div>
   <div class='ocr_carea' id='block_1_88' title="bbox 1805 2709 3406 2790">
    <p class='ocr_par' dir='ltr' id='par_1_88' title="bbox 1805 2709 3406 2790">
     <span class='ocr_line' id='line_1_89' title="bbox 1805 2709 3406 2790; baseline 0.006 -27"><span class='ocrx_word' id='word_1_687' title='bbox 1805 2716 2035 2780; x_wconf 87' lang='lat' dir='ltr'><strong>runtque</strong></span> <span class='ocrx_word' id='word_1_688' title='bbox 2061 2716 2120 2764; x_wconf 90' lang='lat' dir='ltr'><strong>ut</strong></span> <span class='ocrx_word' id='word_1_689' title='bbox 2139 2709 2319 2765; x_wconf 88' lang='lat' dir='ltr'><strong>dicere</strong></span> <span class='ocrx_word' id='word_1_690' title='bbox 2347 2724 2689 2781; x_wconf 80' lang='lat' dir='ltr'><strong>properarem</strong></span> <span class='ocrx_word' id='word_1_691' title='bbox 2704 2712 2957 2783; x_wconf 85' lang='lat' dir='ltr'><strong>quidnam</strong></span> <span class='ocrx_word' id='word_1_692' title='bbox 2982 2714 3036 2770; x_wconf 89' lang='lat' dir='ltr'><strong>id</strong></span> <span class='ocrx_word' id='word_1_693' title='bbox 3060 2725 3221 2772; x_wconf 84' lang='lat' dir='ltr'><strong>esset.</strong></span> <span class='ocrx_word' id='word_1_694' title='bbox 3240 2716 3406 2790; x_wconf 74' lang='lat' dir='ltr'><strong>Quid,</strong></span> 
     </span>
    </p>
   </div>
   <div class='ocr_carea' id='block_1_89' title="bbox 1806 2802 3404 2879">
    <p class='ocr_par' dir='ltr' id='par_1_89' title="bbox 1806 2802 3404 2879">
     <span class='ocr_line' id='line_1_90' title="bbox 1806 2802 3404 2879; baseline 0.008 -23"><span class='ocrx_word' id='word_1_695' title='bbox 1806 2802 2045 2873; x_wconf 77' lang='lat' dir='ltr'><strong>inquam,</strong></span> <span class='ocrx_word' id='word_1_696' title='bbox 2063 2805 2284 2873; x_wconf 86' lang='lat' dir='ltr'><strong>putatis,</strong></span> <span class='ocrx_word' id='word_1_697' title='bbox 2297 2804 2397 2858; x_wconf 86' lang='lat' dir='ltr'><strong>nisi</strong></span> <span class='ocrx_word' id='word_1_698' title='bbox 2417 2818 2537 2860; x_wconf 90' lang='lat' dir='ltr'><strong>cum</strong></span> <span class='ocrx_word' id='word_1_699' title='bbox 2566 2804 2902 2862; x_wconf 82' lang='lat' dir='ltr'><strong>Academicis</strong></span> <span class='ocrx_word' id='word_1_700' title='bbox 2923 2815 3090 2863; x_wconf 84' lang='lat' dir='ltr'><strong>totum</strong></span> <span class='ocrx_word' id='word_1_701' title='bbox 3116 2809 3259 2879; x_wconf 86' lang='lat' dir='ltr'><strong>quod</strong></span> <span class='ocrx_word' id='word_1_702' title='bbox 3282 2825 3404 2868; x_wconf 80' lang='lat' dir='ltr'><strong>aus-</strong></span> 
     </span>
    </p>
   </div>
   <div class='ocr_carea' id='block_1_90' title="bbox 1806 2895 3407 2974">
    <p class='ocr_par' dir='ltr' id='par_1_90' title="bbox 1806 2895 3407 2974">
     <span class='ocr_line' id='line_1_91' title="bbox 1806 2895 3407 2974; baseline 0.007 -24"><span class='ocrx_word' id='word_1_703' title='bbox 1806 2908 2124 2965; x_wconf 86' lang='lat' dir='ltr'><strong>ccperamus</strong></span> <span class='ocrx_word' id='word_1_704' title='bbox 2164 2895 2468 2951; x_wconf 81' lang='lat' dir='ltr'><strong>confectum</strong></span> <span class='ocrx_word' id='word_1_705' title='bbox 2514 2912 2636 2953; x_wconf 82' lang='lat' dir='ltr'><strong>esse</strong></span> <span class='ocrx_word' id='word_1_706' title='bbox 2681 2898 2987 2968; x_wconf 80' lang='lat' dir='ltr'><strong>negotium?</strong></span> <span class='ocrx_word' id='word_1_707' title='bbox 3025 2900 3143 2969; x_wconf 83' lang='lat' dir='ltr'><strong>Quo</strong></span> <span class='ocrx_word' id='word_1_708' title='bbox 3181 2902 3407 2974; x_wconf 79' lang='lat' dir='ltr'><strong>accepto</strong></span> 
     </span>
    </p>
   </div>
   <div class='ocr_carea' id='block_1_91' title="bbox 1806 2987 3410 3059">
    <p class='ocr_par' dir='ltr' id='par_1_91' title="bbox 1806 2987 3410 3059">
     <span class='ocr_line' id='line_1_92' title="bbox 1806 2987 3410 3059; baseline 0.007 -18"><span class='ocrx_word' id='word_1_709' title='bbox 1806 2987 2043 3052; x_wconf 86' lang='lat' dir='ltr'><strong>nomine,</strong></span> <span class='ocrx_word' id='word_1_710' title='bbox 2077 2996 2183 3043; x_wconf 85' lang='lat' dir='ltr'><strong>tres</strong></span> <span class='ocrx_word' id='word_1_711' title='bbox 2219 2988 2293 3043; x_wconf 88' lang='lat' dir='ltr'><strong>illi</strong></span> <span class='ocrx_word' id='word_1_712' title='bbox 2324 2988 2516 3059; x_wconf 87' lang='lat' dir='ltr'><strong>quibus</strong></span> <span class='ocrx_word' id='word_1_713' title='bbox 2548 3004 2643 3046; x_wconf 84' lang='lat' dir='ltr'><strong>res</strong></span> <span class='ocrx_word' id='word_1_714' title='bbox 2665 2999 2789 3046; x_wconf 86' lang='lat' dir='ltr'><strong>nota</strong></span> <span class='ocrx_word' id='word_1_715' title='bbox 2814 2999 2949 3057; x_wconf 91' lang='lat' dir='ltr'><strong>erat,</strong></span> <span class='ocrx_word' id='word_1_716' title='bbox 2971 3007 3090 3048; x_wconf 88' lang='lat' dir='ltr'><strong>sese</strong></span> <span class='ocrx_word' id='word_1_717' title='bbox 3118 3002 3410 3052; x_wconf 78' lang='lat' dir='ltr'><strong>erexerunt</strong></span> 
     </span>
    </p>
   </div>
   <div class='ocr_carea' id='block_1_92' title="bbox 1807 3079 3405 3151">
    <p class='ocr_par' dir='ltr' id='par_1_92' title="bbox 1807 3079 3405 3151">
     <span class='ocr_line' id='line_1_93' title="bbox 1807 3079 3405 3151; baseline 0.008 -19"><span class='ocrx_word' id='word_1_718' title='bbox 1807 3079 2065 3145; x_wconf 87' lang='lat' dir='ltr'><strong>alacrius;</strong></span> <span class='ocrx_word' id='word_1_719' title='bbox 2095 3087 2151 3136; x_wconf 88' lang='lat' dir='ltr'><strong>et</strong></span> <span class='ocrx_word' id='word_1_720' title='bbox 2192 3080 2340 3136; x_wconf 87' lang='lat' dir='ltr'><strong>velut</strong></span> <span class='ocrx_word' id='word_1_721' title='bbox 2370 3081 2653 3151; x_wconf 87' lang='lat' dir='ltr'><strong>porrectis,</strong></span> <span class='ocrx_word' id='word_1_722' title='bbox 2685 3089 2746 3137; x_wconf 89' lang='lat' dir='ltr'><strong>ut</strong></span> <span class='ocrx_word' id='word_1_723' title='bbox 2784 3082 2864 3149; x_wconf 84' lang='lat' dir='ltr'><strong>tit,</strong></span> <span class='ocrx_word' id='word_1_724' title='bbox 2895 3083 3139 3140; x_wconf 89' lang='lat' dir='ltr'><strong>manibus</strong></span> <span class='ocrx_word' id='word_1_725' title='bbox 3166 3085 3405 3144; x_wconf 79' lang='lat' dir='ltr'><strong>inferen-</strong></span> 
     </span>
    </p>
   </div>
   <div class='ocr_carea' id='block_1_93' title="bbox 1808 3171 3401 3251">
    <p class='ocr_par' dir='ltr' id='par_1_93' title="bbox 1808 3171 3401 3251">
     <span class='ocr_line' id='line_1_94' title="bbox 1808 3171 3401 3251; baseline 0.008 -26"><span class='ocrx_word' id='word_1_726' title='bbox 1808 3178 1915 3225; x_wconf 83' lang='lat' dir='ltr'><strong>tem</strong></span> <span class='ocrx_word' id='word_1_727' title='bbox 1954 3171 2257 3227; x_wconf 85' lang='lat' dir='ltr'><strong>ministrum</strong></span> <span class='ocrx_word' id='word_1_728' title='bbox 2301 3171 2642 3243; x_wconf 85' lang='lat' dir='ltr'><strong>adjuverunt,</strong></span> <span class='ocrx_word' id='word_1_729' title='bbox 2670 3174 2862 3246; x_wconf 86' lang='lat' dir='ltr'><strong>quibus</strong></span> <span class='ocrx_word' id='word_1_730' title='bbox 2894 3183 3179 3246; x_wconf 84' lang='lat' dir='ltr'><strong>potuerunt</strong></span> <span class='ocrx_word' id='word_1_731' title='bbox 3200 3179 3401 3251; x_wconf 81' lang='lat' dir='ltr'><strong>verbis,</strong></span> 
     </span>
    </p>
   </div>
   <div class='ocr_carea' id='block_1_94' title="bbox 1808 3265 3188 3337">
    <p class='ocr_par' dir='ltr' id='par_1_94' title="bbox 1808 3265 3188 3337">
     <span class='ocr_line' id='line_1_95' title="bbox 1808 3265 3188 3337; baseline 0.004 -17"><span class='ocrx_word' id='word_1_732' title='bbox 1808 3265 1943 3321; x_wconf 87' lang='lat' dir='ltr'><strong>nihil</strong></span> <span class='ocrx_word' id='word_1_733' title='bbox 1969 3280 2030 3322; x_wconf 85' lang='lat' dir='ltr'><strong>se</strong></span> <span class='ocrx_word' id='word_1_734' title='bbox 2049 3267 2334 3337; x_wconf 85' lang='lat' dir='ltr'><strong>jucundius</strong></span> <span class='ocrx_word' id='word_1_735' title='bbox 2362 3268 2638 3324; x_wconf 85' lang='lat' dir='ltr'><strong>audituros</strong></span> <span class='ocrx_word' id='word_1_736' title='bbox 2662 3282 2783 3325; x_wconf 84' lang='lat' dir='ltr'><strong>esse</strong></span> <span class='ocrx_word' id='word_1_737' title='bbox 2807 3281 3188 3328; x_wconf 79' lang='lat' dir='ltr'><strong>monstrantes.</strong></span> 
     </span>
    </p>
   </div>
   <div class='ocr_carea' id='block_1_95' title="bbox 1882 3360 3407 3436">
    <p class='ocr_par' dir='ltr' id='par_1_95' title="bbox 1882 3360 3407 3436">
     <span class='ocr_line' id='line_1_96' title="bbox 1882 3360 3407 3436; baseline 0.007 -22"><span class='ocrx_word' id='word_1_738' title='bbox 1882 3360 1969 3414; x_wconf 64' lang='lat' dir='ltr'><strong>id.</strong></span> <span class='ocrx_word' id='word_1_739' title='bbox 2003 3360 2137 3414; x_wconf 85' lang='lat' dir='ltr'><strong>Tum</strong></span> <span class='ocrx_word' id='word_1_740' title='bbox 2167 3375 2268 3431; x_wconf 87' lang='lat' dir='ltr'><strong>ego</strong></span> <span class='ocrx_word' id='word_1_741' title='bbox 2297 3362 2369 3415; x_wconf 90' lang='lat' dir='ltr'><strong>ita</strong></span> <span class='ocrx_word' id='word_1_742' title='bbox 2395 3375 2507 3417; x_wconf 87' lang='lat' dir='ltr'><strong>rem</strong></span> <span class='ocrx_word' id='word_1_743' title='bbox 2539 3363 2809 3432; x_wconf 83' lang='lat' dir='ltr'><strong>proposui.</strong></span> <span class='ocrx_word' id='word_1_744' title='bbox 2842 3362 2897 3419; x_wconf 92' lang='lat' dir='ltr'><strong>Si</strong></span> <span class='ocrx_word' id='word_1_745' title='bbox 2928 3363 3269 3422; x_wconf 76' lang='lat' dir='ltr'><strong>manifestum</strong></span> <span class='ocrx_word' id='word_1_746' title='bbox 3294 3375 3407 3436; x_wconf 82' lang='lat' dir='ltr'><strong>est,</strong></span> 
     </span>
    </p>
   </div>
   <div class='ocr_carea' id='block_1_96' title="bbox 1811 3453 3406 3529">
    <p class='ocr_par' dir='ltr' id='par_1_96' title="bbox 1811 3453 3406 3529">
     <span class='ocr_line' id='line_1_97' title="bbox 1811 3453 3406 3529; baseline 0.006 -22"><span class='ocrx_word' id='word_1_747' title='bbox 1811 3454 2047 3523; x_wconf 87' lang='lat' dir='ltr'><strong>inquam.</strong></span> <span class='ocrx_word' id='word_1_748' title='bbox 2075 3453 2289 3509; x_wconf 87' lang='lat' dir='ltr'><strong>beatum</strong></span> <span class='ocrx_word' id='word_1_749' title='bbox 2317 3469 2424 3509; x_wconf 80' lang='lat' dir='ltr'><strong>non</strong></span> <span class='ocrx_word' id='word_1_750' title='bbox 2455 3469 2577 3510; x_wconf 80' lang='lat' dir='ltr'><strong>esse</strong></span> <span class='ocrx_word' id='word_1_751' title='bbox 2610 3455 2698 3526; x_wconf 89' lang='lat' dir='ltr'><strong>qui</strong></span> <span class='ocrx_word' id='word_1_752' title='bbox 2738 3455 2882 3527; x_wconf 89' lang='lat' dir='ltr'><strong>quod</strong></span> <span class='ocrx_word' id='word_1_753' title='bbox 2931 3456 3042 3513; x_wconf 85' lang='lat' dir='ltr'><strong>vult</strong></span> <span class='ocrx_word' id='word_1_754' title='bbox 3078 3471 3185 3514; x_wconf 89' lang='lat' dir='ltr'><strong>non</strong></span> <span class='ocrx_word' id='word_1_755' title='bbox 3220 3457 3406 3529; x_wconf 88' lang='lat' dir='ltr'><strong>habet,</strong></span> 
     </span>
    </p>
   </div>
   <div class='ocr_carea' id='block_1_97' title="bbox 1810 3546 3411 3626">
    <p class='ocr_par' dir='ltr' id='par_1_97' title="bbox 1810 3546 3411 3626">
     <span class='ocr_line' id='line_1_98' title="bbox 1810 3546 3411 3626; baseline 0.006 -26"><span class='ocrx_word' id='word_1_756' title='bbox 1810 3547 1952 3616; x_wconf 85' lang='lat' dir='ltr'><strong>quod</strong></span> <span class='ocrx_word' id='word_1_757' title='bbox 1973 3546 2130 3615; x_wconf 84' lang='lat' dir='ltr'><strong>paulo</strong></span> <span class='ocrx_word' id='word_1_758' title='bbox 2152 3555 2276 3603; x_wconf 87' lang='lat' dir='ltr'><strong>ante</strong></span> <span class='ocrx_word' id='word_1_759' title='bbox 2295 3547 2431 3603; x_wconf 84' lang='lat' dir='ltr'><strong>ratio</strong></span> <span class='ocrx_word' id='word_1_760' title='bbox 2446 3547 2859 3615; x_wconf 83' lang='lat' dir='ltr'><strong>demonstravit;</strong></span> <span class='ocrx_word' id='word_1_761' title='bbox 2884 3565 3042 3606; x_wconf 91' lang='lat' dir='ltr'><strong>nemo</strong></span> <span class='ocrx_word' id='word_1_762' title='bbox 3060 3560 3240 3609; x_wconf 85' lang='lat' dir='ltr'><strong>autem</strong></span> <span class='ocrx_word' id='word_1_763' title='bbox 3262 3569 3411 3626; x_wconf 67' lang='lat' dir='ltr'><strong>quat-</strong></span> 
     </span>
    </p>
   </div>
   <div class='ocr_carea' id='block_1_98' title="bbox 1811 3638 3411 3716">
    <p class='ocr_par' dir='ltr' id='par_1_98' title="bbox 1811 3638 3411 3716">
     <span class='ocr_line' id='line_1_99' title="bbox 1811 3638 3411 3716; baseline 0.006 -23"><span class='ocrx_word' id='word_1_764' title='bbox 1811 3639 1879 3693; x_wconf 86' lang='lat' dir='ltr'><strong>rit</strong></span> <span class='ocrx_word' id='word_1_765' title='bbox 1898 3638 2039 3708; x_wconf 90' lang='lat' dir='ltr'><strong>quod</strong></span> <span class='ocrx_word' id='word_1_766' title='bbox 2061 3639 2302 3695; x_wconf 87' lang='lat' dir='ltr'><strong>invenire</strong></span> <span class='ocrx_word' id='word_1_767' title='bbox 2328 3654 2433 3695; x_wconf 91' lang='lat' dir='ltr'><strong>non</strong></span> <span class='ocrx_word' id='word_1_768' title='bbox 2465 3639 2595 3703; x_wconf 87' lang='lat' dir='ltr'><strong>vult,</strong></span> <span class='ocrx_word' id='word_1_769' title='bbox 2630 3650 2684 3696; x_wconf 88' lang='lat' dir='ltr'><strong>et</strong></span> <span class='ocrx_word' id='word_1_770' title='bbox 2708 3654 2957 3712; x_wconf 77' lang='lat' dir='ltr'><strong>qumrunt</strong></span> <span class='ocrx_word' id='word_1_771' title='bbox 2981 3643 3055 3699; x_wconf 89' lang='lat' dir='ltr'><strong>illi</strong></span> <span class='ocrx_word' id='word_1_772' title='bbox 3086 3658 3300 3716; x_wconf 84' lang='lat' dir='ltr'><strong>semper</strong></span> <span class='ocrx_word' id='word_1_773' title='bbox 3316 3661 3411 3703; x_wconf 81' lang='lat' dir='ltr'><strong>ve-</strong></span> 
     </span>
    </p>
   </div>
   <div class='ocr_carea' id='block_1_99' title="bbox 1809 3733 3411 3809">
    <p class='ocr_par' dir='ltr' id='par_1_99' title="bbox 1809 3733 3411 3809">
     <span class='ocr_line' id='line_1_100' title="bbox 1809 3733 3411 3809; baseline 0.006 -21"><span class='ocrx_word' id='word_1_774' title='bbox 1809 3733 2270 3789; x_wconf 72' lang='lat' dir='ltr'><strong>ritatemzvolunt</strong></span> <span class='ocrx_word' id='word_1_775' title='bbox 2311 3749 2439 3805; x_wconf 87' lang='lat' dir='ltr'><strong>ergo</strong></span> <span class='ocrx_word' id='word_1_776' title='bbox 2483 3735 2755 3803; x_wconf 85' lang='lat' dir='ltr'><strong>invenire;</strong></span> <span class='ocrx_word' id='word_1_777' title='bbox 2794 3737 2981 3792; x_wconf 84' lang='lat' dir='ltr'><strong>volunt</strong></span> <span class='ocrx_word' id='word_1_778' title='bbox 3015 3737 3173 3809; x_wconf 86' lang='lat' dir='ltr'><strong>igitur</strong></span> <span class='ocrx_word' id='word_1_779' title='bbox 3210 3739 3411 3798; x_wconf 80' lang='lat' dir='ltr'><strong>habere</strong></span> 
     </span>
    </p>
   </div>
   <div class='ocr_carea' id='block_1_100' title="bbox 1814 3826 3412 3903">
    <p class='ocr_par' dir='ltr' id='par_1_100' title="bbox 1814 3826 3412 3903">
     <span class='ocr_line' id='line_1_101' title="bbox 1814 3826 3412 3903; baseline 0.006 -24"><span class='ocrx_word' id='word_1_780' title='bbox 1814 3826 2174 3881; x_wconf 87' lang='lat' dir='ltr'><strong>inventionem</strong></span> <span class='ocrx_word' id='word_1_781' title='bbox 2225 3826 2480 3881; x_wconf 84' lang='lat' dir='ltr'><strong>veritatis.</strong></span> <span class='ocrx_word' id='word_1_782' title='bbox 2532 3827 2604 3881; x_wconf 81' lang='lat' dir='ltr'><strong>At</strong></span> <span class='ocrx_word' id='word_1_783' title='bbox 2645 3842 2752 3881; x_wconf 89' lang='lat' dir='ltr'><strong>non</strong></span> <span class='ocrx_word' id='word_1_784' title='bbox 2800 3829 3139 3884; x_wconf 66' lang='lat' dir='ltr'><strong>inveniunt‘:</strong></span> <span class='ocrx_word' id='word_1_785' title='bbox 3168 3831 3412 3903; x_wconf 82' lang='lat' dir='ltr'><strong>sequitur</strong></span> 
     </span>
    </p>
   </div>
   <div class='ocr_carea' id='block_1_101' title="bbox 1813 3918 3409 3991">
    <p class='ocr_par' dir='ltr' id='par_1_101' title="bbox 1813 3918 3409 3991">
     <span class='ocr_line' id='line_1_102' title="bbox 1813 3918 3409 3991; baseline 0.003 -17"><span class='ocrx_word' id='word_1_786' title='bbox 1813 3933 1908 3974; x_wconf 89' lang='lat' dir='ltr'><strong>eos</strong></span> <span class='ocrx_word' id='word_1_787' title='bbox 1934 3934 2042 3975; x_wconf 88' lang='lat' dir='ltr'><strong>non</strong></span> <span class='ocrx_word' id='word_1_788' title='bbox 2069 3918 2268 3974; x_wconf 87' lang='lat' dir='ltr'><strong>habere</strong></span> <span class='ocrx_word' id='word_1_789' title='bbox 2292 3918 2435 3990; x_wconf 89' lang='lat' dir='ltr'><strong>quod</strong></span> <span class='ocrx_word' id='word_1_790' title='bbox 2471 3919 2687 3985; x_wconf 82' lang='lat' dir='ltr'><strong>volunt;</strong></span> <span class='ocrx_word' id='word_1_791' title='bbox 2719 3927 2774 3975; x_wconf 91' lang='lat' dir='ltr'><strong>et</strong></span> <span class='ocrx_word' id='word_1_792' title='bbox 2797 3936 2863 3975; x_wconf 85' lang='lat' dir='ltr'><strong>ex</strong></span> <span class='ocrx_word' id='word_1_793' title='bbox 2888 3932 2953 3976; x_wconf 81' lang='lat' dir='ltr'><strong>co</strong></span> <span class='ocrx_word' id='word_1_794' title='bbox 2976 3920 3218 3991; x_wconf 87' lang='lat' dir='ltr'><strong>sequitur</strong></span> <span class='ocrx_word' id='word_1_795' title='bbox 3244 3921 3409 3978; x_wconf 84' lang='lat' dir='ltr'><strong>etiam</strong></span> 
     </span>
    </p>
   </div>
   <div class='ocr_carea' id='block_1_102' title="bbox 1819 4010 3408 4084">
    <p class='ocr_par' dir='ltr' id='par_1_102' title="bbox 1819 4010 3408 4084">
     <span class='ocr_line' id='line_1_103' title="bbox 1819 4010 3408 4084; baseline 0.002 -17"><span class='ocrx_word' id='word_1_796' title='bbox 1819 4012 2005 4067; x_wconf 85' lang='lat' dir='ltr'><strong>beatos</strong></span> <span class='ocrx_word' id='word_1_797' title='bbox 2033 4024 2139 4066; x_wconf 89' lang='lat' dir='ltr'><strong>non</strong></span> <span class='ocrx_word' id='word_1_798' title='bbox 2164 4010 2387 4066; x_wconf 80' lang='lat' dir='ltr'><strong>esse.At</strong></span> <span class='ocrx_word' id='word_1_799' title='bbox 2403 4026 2560 4065; x_wconf 89' lang='lat' dir='ltr'><strong>nemo</strong></span> <span class='ocrx_word' id='word_1_800' title='bbox 2575 4010 2807 4081; x_wconf 85' lang='lat' dir='ltr'><strong>sapiens,</strong></span> <span class='ocrx_word' id='word_1_801' title='bbox 2827 4011 2929 4065; x_wconf 89' lang='lat' dir='ltr'><strong>nisi</strong></span> <span class='ocrx_word' id='word_1_802' title='bbox 2945 4010 3132 4068; x_wconf 84' lang='lat' dir='ltr'><strong>beatus</strong></span> <span class='ocrx_word' id='word_1_803' title='bbox 3156 4029 3168 4066; x_wconf 92' lang='lat'>:</span> <span class='ocrx_word' id='word_1_804' title='bbox 3192 4012 3408 4084; x_wconf 83' lang='lat' dir='ltr'><strong>sapiens</strong></span> 
     </span>
    </p>
   </div>
   <div class='ocr_carea' id='block_1_103' title="bbox 1815 4104 3408 4180">
    <p class='ocr_par' dir='ltr' id='par_1_103' title="bbox 1815 4104 3408 4180">
     <span class='ocr_line' id='line_1_104' title="bbox 1815 4104 3408 4180; baseline 0 -17"><span class='ocrx_word' id='word_1_805' title='bbox 1815 4108 1979 4180; x_wconf 82' lang='lat' dir='ltr'><strong>igitur</strong></span> <span class='ocrx_word' id='word_1_806' title='bbox 1998 4105 2348 4163; x_wconf 83' lang='lat' dir='ltr'><strong>Academicus</strong></span> <span class='ocrx_word' id='word_1_807' title='bbox 2361 4120 2465 4161; x_wconf 90' lang='lat' dir='ltr'><strong>non</strong></span> <span class='ocrx_word' id='word_1_808' title='bbox 2484 4114 2586 4160; x_wconf 83' lang='lat' dir='ltr'><strong>est.</strong></span> <span class='ocrx_word' id='word_1_809' title='bbox 2604 4104 2702 4160; x_wconf 87' lang='lat' dir='ltr'><strong>Hic</strong></span> <span class='ocrx_word' id='word_1_810' title='bbox 2730 4114 2948 4175; x_wconf 88' lang='lat' dir='ltr'><strong>repente</strong></span> <span class='ocrx_word' id='word_1_811' title='bbox 2966 4104 3059 4170; x_wconf 88' lang='lat' dir='ltr'><strong>illi,</strong></span> <span class='ocrx_word' id='word_1_812' title='bbox 3073 4105 3225 4176; x_wconf 80' lang='lat' dir='ltr'><strong>quasi</strong></span> <span class='ocrx_word' id='word_1_813' title='bbox 3234 4114 3408 4163; x_wconf 87' lang='lat' dir='ltr'><strong>totum</strong></span> 
     </span>
    </p>
   </div>
   <div class='ocr_carea' id='block_1_104' title="bbox 1814 4195 3409 4271">
    <p class='ocr_par' dir='ltr' id='par_1_104' title="bbox 1814 4195 3409 4271">
     <span class='ocr_line' id='line_1_105' title="bbox 1814 4195 3409 4271; baseline -0.001 -16"><span class='ocrx_word' id='word_1_814' title='bbox 1814 4198 2082 4271; x_wconf 82' lang='lat' dir='ltr'><strong>rapientes</strong></span> <span class='ocrx_word' id='word_1_815' title='bbox 2097 4198 2545 4253; x_wconf 82' lang='lat' dir='ltr'><strong>exclamaverunt.</strong></span> <span class='ocrx_word' id='word_1_816' title='bbox 2559 4195 2663 4253; x_wconf 81' lang='lat' dir='ltr'><strong>Sed</strong></span> <span class='ocrx_word' id='word_1_817' title='bbox 2680 4196 2949 4251; x_wconf 85' lang='lat' dir='ltr'><strong>Licentius</strong></span> <span class='ocrx_word' id='word_1_818' title='bbox 2964 4196 3215 4251; x_wconf 86' lang='lat' dir='ltr'><strong>attentius</strong></span> <span class='ocrx_word' id='word_1_819' title='bbox 3225 4205 3409 4253; x_wconf 67' lang='lat' dir='ltr'><strong>etcauo</strong></span> 
     </span>
    </p>
   </div>
   <div class='ocr_carea' id='block_1_105' title="bbox 1815 4288 3406 4360">
    <p class='ocr_par' dir='ltr' id='par_1_105' title="bbox 1815 4288 3406 4360">
     <span class='ocr_line' id='line_1_106' title="bbox 1815 4288 3406 4360; baseline -0.004 -11"><span class='ocrx_word' id='word_1_820' title='bbox 1815 4292 1919 4349; x_wconf 85' lang='lat' dir='ltr'><strong>tius</strong></span> <span class='ocrx_word' id='word_1_821' title='bbox 1939 4289 2221 4347; x_wconf 86' lang='lat' dir='ltr'><strong>advertens</strong></span> <span class='ocrx_word' id='word_1_822' title='bbox 2240 4290 2414 4346; x_wconf 90' lang='lat' dir='ltr'><strong>timuit</strong></span> <span class='ocrx_word' id='word_1_823' title='bbox 2429 4290 2814 4355; x_wconf 85' lang='lat' dir='ltr'><strong>assensionem,</strong></span> <span class='ocrx_word' id='word_1_824' title='bbox 2832 4297 2991 4360; x_wconf 88' lang='lat' dir='ltr'><strong>atque</strong></span> <span class='ocrx_word' id='word_1_825' title='bbox 3017 4288 3274 4360; x_wconf 81' lang='lat' dir='ltr'><strong>subjecit:</strong></span> <span class='ocrx_word' id='word_1_826' title='bbox 3296 4289 3406 4344; x_wconf 82' lang='lat' dir='ltr'><strong>Ra-</strong></span> 
     </span>
    </p>
   </div>
   <div class='ocr_carea' id='block_1_106' title="bbox 1815 4380 3406 4458">
    <p class='ocr_par' dir='ltr' id='par_1_106' title="bbox 1815 4380 3406 4458">
     <span class='ocr_line' id='line_1_107' title="bbox 1815 4380 3406 4458; baseline -0.003 -17"><span class='ocrx_word' id='word_1_827' title='bbox 1815 4385 1904 4458; x_wconf 87' lang='lat' dir='ltr'><strong>pui</strong></span> <span class='ocrx_word' id='word_1_828' title='bbox 1942 4383 2155 4457; x_wconf 87' lang='lat' dir='ltr'><strong>quidem</strong></span> <span class='ocrx_word' id='word_1_829' title='bbox 2197 4383 2468 4439; x_wconf 88' lang='lat' dir='ltr'><strong>vobiscum</strong></span> <span class='ocrx_word' id='word_1_830' title='bbox 2490 4422 2505 4450; x_wconf 94' lang='lat'><strong>,</strong></span> <span class='ocrx_word' id='word_1_831' title='bbox 2536 4380 2798 4452; x_wconf 87' lang='lat' dir='ltr'><strong>siquidem</strong></span> <span class='ocrx_word' id='word_1_832' title='bbox 2828 4380 3125 4437; x_wconf 82' lang='lat' dir='ltr'><strong>exclamavi</strong></span> <span class='ocrx_word' id='word_1_833' title='bbox 3154 4380 3241 4436; x_wconf 88' lang='lat' dir='ltr'><strong>illa</strong></span> <span class='ocrx_word' id='word_1_834' title='bbox 3271 4392 3406 4437; x_wconf 78' lang='lat' dir='ltr'><strong>con-</strong></span> 
     </span>
    </p>
   </div>
   <div class='ocr_carea' id='block_1_107' title="bbox 1814 4471 3404 4534">
    <p class='ocr_par' dir='ltr' id='par_1_107' title="bbox 1814 4471 3404 4534">
     <span class='ocr_line' id='line_1_108' title="bbox 1814 4471 3404 4534; baseline -0.003 0"><span class='ocrx_word' id='word_1_835' title='bbox 1814 4477 2053 4534; x_wconf 86' lang='lat' dir='ltr'><strong>clusione</strong></span> <span class='ocrx_word' id='word_1_836' title='bbox 2067 4485 2385 4533; x_wconf 86' lang='lat' dir='ltr'><strong>commotus.</strong></span> <span class='ocrx_word' id='word_1_837' title='bbox 2410 4473 2518 4531; x_wconf 85' lang='lat' dir='ltr'><strong>Sed</strong></span> <span class='ocrx_word' id='word_1_838' title='bbox 2540 4473 2668 4528; x_wconf 90' lang='lat' dir='ltr'><strong>nihiI</strong></span> <span class='ocrx_word' id='word_1_839' title='bbox 2692 4473 2815 4529; x_wconf 85' lang='lat' dir='ltr'><strong>hinc</strong></span> <span class='ocrx_word' id='word_1_840' title='bbox 2838 4471 3109 4529; x_wconf 84' lang='lat' dir='ltr'><strong>admittam</strong></span> <span class='ocrx_word' id='word_1_841' title='bbox 3141 4473 3193 4528; x_wconf 90' lang='lat' dir='ltr'><strong>in</strong></span> <span class='ocrx_word' id='word_1_842' title='bbox 3228 4475 3404 4531; x_wconf 78' lang='lat' dir='ltr'><strong>visce-</strong></span> 
     </span>
    </p>
   </div>
   <div class='ocr_carea' id='block_1_108' title="bbox 1812 4563 3407 4637">
    <p class='ocr_par' dir='ltr' id='par_1_108' title="bbox 1812 4563 3407 4637">
     <span class='ocr_line' id='line_1_109' title="bbox 1812 4563 3407 4637; baseline -0.002 -13"><span class='ocrx_word' id='word_1_843' title='bbox 1812 4580 1893 4634; x_wconf 88' lang='lat' dir='ltr'><strong>ra,</strong></span> <span class='ocrx_word' id='word_1_844' title='bbox 1924 4575 1980 4623; x_wconf 87' lang='lat' dir='ltr'><strong>et</strong></span> <span class='ocrx_word' id='word_1_845' title='bbox 2018 4573 2225 4637; x_wconf 88' lang='lat' dir='ltr'><strong>partem</strong></span> <span class='ocrx_word' id='word_1_846' title='bbox 2248 4579 2420 4620; x_wconf 88' lang='lat' dir='ltr'><strong>meam</strong></span> <span class='ocrx_word' id='word_1_847' title='bbox 2444 4564 2670 4620; x_wconf 85' lang='lat' dir='ltr'><strong>servabo</strong></span> <span class='ocrx_word' id='word_1_848' title='bbox 2693 4563 2884 4636; x_wconf 82' lang='lat' dir='ltr'><strong>Alypio</strong></span> <span class='ocrx_word' id='word_1_849' title='bbox 2917 4581 2930 4617; x_wconf 91' lang='lat'><strong>:</strong></span> <span class='ocrx_word' id='word_1_850' title='bbox 2967 4576 3092 4619; x_wconf 87' lang='lat' dir='ltr'><strong>nam</strong></span> <span class='ocrx_word' id='word_1_851' title='bbox 3122 4573 3215 4620; x_wconf 88' lang='lat' dir='ltr'><strong>aut</strong></span> <span class='ocrx_word' id='word_1_852' title='bbox 3246 4564 3407 4622; x_wconf 79' lang='lat' dir='ltr'><strong>simul</strong></span> 
     </span>
    </p>
   </div>
   <div class='ocr_carea' id='block_1_109' title="bbox 1812 4655 3407 4727">
    <p class='ocr_par' dir='ltr' id='par_1_109' title="bbox 1812 4655 3407 4727">
     <span class='ocr_line' id='line_1_110' title="bbox 1812 4655 3407 4727; baseline -0.003 -10"><span class='ocrx_word' id='word_1_853' title='bbox 1812 4674 1931 4717; x_wconf 84' lang='lat' dir='ltr'><strong>eam</strong></span> <span class='ocrx_word' id='word_1_854' title='bbox 1952 4674 2163 4716; x_wconf 89' lang='lat' dir='ltr'><strong>mecum</strong></span> <span class='ocrx_word' id='word_1_855' title='bbox 2186 4658 2402 4723; x_wconf 86' lang='lat' dir='ltr'><strong>iambet,</strong></span> <span class='ocrx_word' id='word_1_856' title='bbox 2418 4666 2511 4712; x_wconf 88' lang='lat' dir='ltr'><strong>aut</strong></span> <span class='ocrx_word' id='word_1_857' title='bbox 2534 4672 2620 4711; x_wconf 90' lang='lat' dir='ltr'><strong>me</strong></span> <span class='ocrx_word' id='word_1_858' title='bbox 2643 4655 2953 4711; x_wconf 88' lang='lat' dir='ltr'><strong>admonebit</strong></span> <span class='ocrx_word' id='word_1_859' title='bbox 2984 4670 3080 4711; x_wconf 86' lang='lat' dir='ltr'><strong>cur</strong></span> <span class='ocrx_word' id='word_1_860' title='bbox 3105 4666 3214 4711; x_wconf 89' lang='lat' dir='ltr'><strong>non</strong></span> <span class='ocrx_word' id='word_1_861' title='bbox 3242 4670 3407 4727; x_wconf 81' lang='lat' dir='ltr'><strong>opor-</strong></span> 
     </span>
    </p>
   </div>
   <div class='ocr_carea' id='block_1_110' title="bbox 1815 4746 3407 4822">
    <p class='ocr_par' dir='ltr' id='par_1_110' title="bbox 1815 4746 3407 4822">
     <span class='ocr_line' id='line_1_111' title="bbox 1815 4746 3407 4822; baseline -0.003 -14"><span class='ocrx_word' id='word_1_862' title='bbox 1815 4761 1925 4807; x_wconf 85' lang='lat' dir='ltr'><strong>teat</strong></span> <span class='ocrx_word' id='word_1_863' title='bbox 1959 4752 2239 4822; x_wconf 83' lang='lat' dir='ltr'><strong>attingere.</strong></span> <span class='ocrx_word' id='word_1_864' title='bbox 2266 4749 2469 4816; x_wconf 85' lang='lat' dir='ltr'><strong>Dulcia,</strong></span> <span class='ocrx_word' id='word_1_865' title='bbox 2498 4748 2715 4819; x_wconf 87' lang='lat' dir='ltr'><strong>inquam</strong></span> <span class='ocrx_word' id='word_1_866' title='bbox 2737 4786 2753 4814; x_wconf 94' lang='lat'><strong>,</strong></span> <span class='ocrx_word' id='word_1_867' title='bbox 2780 4747 2947 4818; x_wconf 83' lang='lat' dir='ltr'><strong>magis</strong></span> <span class='ocrx_word' id='word_1_868' title='bbox 2974 4756 3215 4803; x_wconf 86' lang='lat' dir='ltr'><strong>metuere</strong></span> <span class='ocrx_word' id='word_1_869' title='bbox 3242 4746 3407 4804; x_wconf 80' lang='lat' dir='ltr'><strong>Navi-</strong></span> 
     </span>
    </p>
   </div>
   <div class='ocr_carea' id='block_1_111' title="bbox 1812 4837 3405 4916">
    <p class='ocr_par' dir='ltr' id='par_1_111' title="bbox 1812 4837 3405 4916">
     <span class='ocr_line' id='line_1_112' title="bbox 1812 4837 3405 4916; baseline -0.001 -18"><span class='ocrx_word' id='word_1_870' title='bbox 1812 4844 1931 4916; x_wconf 83' lang='lat' dir='ltr'><strong>gius</strong></span> <span class='ocrx_word' id='word_1_871' title='bbox 1955 4842 2195 4908; x_wconf 82' lang='lat' dir='ltr'><strong>deberet,</strong></span> <span class='ocrx_word' id='word_1_872' title='bbox 2227 4840 2415 4911; x_wconf 82' lang='lat' dir='ltr'><strong>splene</strong></span> <span class='ocrx_word' id='word_1_873' title='bbox 2436 4839 2648 4895; x_wconf 84' lang='lat' dir='ltr'><strong>vitioso.</strong></span> <span class='ocrx_word' id='word_1_874' title='bbox 2678 4837 2777 4894; x_wconf 85' lang='lat' dir='ltr'><strong>ilic</strong></span> <span class='ocrx_word' id='word_1_875' title='bbox 2804 4838 2893 4895; x_wconf 85' lang='lat' dir='ltr'><strong>ille</strong></span> <span class='ocrx_word' id='word_1_876' title='bbox 2916 4837 3159 4895; x_wconf 77' lang='lat' dir='ltr'><strong>arridens</strong></span> <span class='ocrx_word' id='word_1_877' title='bbox 3179 4856 3193 4894; x_wconf 89' lang='lat'><strong>:</strong></span> <span class='ocrx_word' id='word_1_878' title='bbox 3217 4839 3405 4910; x_wconf 78' lang='lat' dir='ltr'><strong>Plano,</strong></span> 
     </span>
    </p>
   </div>
   <div class='ocr_carea' id='block_1_112' title="bbox 1815 4932 3407 5010">
    <p class='ocr_par' dir='ltr' id='par_1_112' title="bbox 1815 4932 3407 5010">
     <span class='ocr_line' id='line_1_113' title="bbox 1815 4932 3407 5010; baseline -0.003 -15"><span class='ocrx_word' id='word_1_879' title='bbox 1815 4939 2007 5010; x_wconf 87' lang='lat' dir='ltr'><strong>inquit,</strong></span> <span class='ocrx_word' id='word_1_880' title='bbox 2029 4952 2117 4993; x_wconf 85' lang='lat' dir='ltr'><strong>me</strong></span> <span class='ocrx_word' id='word_1_881' title='bbox 2144 4935 2267 4992; x_wconf 84' lang='lat' dir='ltr'><strong>talia</strong></span> <span class='ocrx_word' id='word_1_882' title='bbox 2294 4934 2577 4991; x_wconf 85' lang='lat' dir='ltr'><strong>sanabunt.</strong></span> <span class='ocrx_word' id='word_1_883' title='bbox 2606 4932 2738 4989; x_wconf 87' lang='lat' dir='ltr'><strong>Nam</strong></span> <span class='ocrx_word' id='word_1_884' title='bbox 2767 4934 2951 4989; x_wconf 86' lang='lat' dir='ltr'><strong>nescio</strong></span> <span class='ocrx_word' id='word_1_885' title='bbox 2975 4932 3247 5003; x_wconf 87' lang='lat' dir='ltr'><strong>quomodo</strong></span> <span class='ocrx_word' id='word_1_886' title='bbox 3273 4949 3407 4991; x_wconf 77' lang='lat' dir='ltr'><strong>con-</strong></span> 
     </span>
    </p>
   </div>
   <div class='ocr_carea' id='block_1_113' title="bbox 1816 5026 3411 5099">
    <p class='ocr_par' dir='ltr' id='par_1_113' title="bbox 1816 5026 3411 5099">
     <span class='ocr_line' id='line_1_114' title="bbox 1816 5026 3411 5099; baseline -0.003 -11"><span class='ocrx_word' id='word_1_887' title='bbox 1816 5041 2013 5088; x_wconf 88' lang='lat' dir='ltr'><strong>tortum</strong></span> <span class='ocrx_word' id='word_1_888' title='bbox 2042 5031 2147 5086; x_wconf 88' lang='lat' dir='ltr'><strong>hoc</strong></span> <span class='ocrx_word' id='word_1_889' title='bbox 2164 5036 2219 5086; x_wconf 90' lang='lat' dir='ltr'><strong>et</strong></span> <span class='ocrx_word' id='word_1_890' title='bbox 2247 5028 2568 5093; x_wconf 83' lang='lat' dir='ltr'><strong>aculeatum,</strong></span> <span class='ocrx_word' id='word_1_891' title='bbox 2589 5026 2731 5099; x_wconf 89' lang='lat' dir='ltr'><strong>quod</strong></span> <span class='ocrx_word' id='word_1_892' title='bbox 2752 5026 2997 5097; x_wconf 79' lang='lat' dir='ltr'><strong>posuisti,</strong></span> <span class='ocrx_word' id='word_1_893' title='bbox 3022 5035 3082 5082; x_wconf 90' lang='lat' dir='ltr'><strong>ut</strong></span> <span class='ocrx_word' id='word_1_894' title='bbox 3108 5026 3182 5083; x_wconf 88' lang='lat' dir='ltr'><strong>ait</strong></span> <span class='ocrx_word' id='word_1_895' title='bbox 3202 5027 3309 5095; x_wconf 88' lang='lat' dir='ltr'><strong>ille,</strong></span> <span class='ocrx_word' id='word_1_896' title='bbox 3337 5026 3411 5085; x_wconf 81' lang='lat' dir='ltr'><strong>de</strong></span> 
     </span>
    </p>
   </div>
   <div class='ocr_carea' id='block_1_114' title="bbox 1814 5118 3406 5193">
    <p class='ocr_par' dir='ltr' id='par_1_114' title="bbox 1814 5118 3406 5193">
     <span class='ocr_line' id='line_1_115' title="bbox 1814 5118 3406 5193; baseline -0.006 -11"><span class='ocrx_word' id='word_1_897' title='bbox 1814 5126 1972 5182; x_wconf 83' lang='lat' dir='ltr'><strong>meite</strong></span> <span class='ocrx_word' id='word_1_898' title='bbox 1998 5122 2265 5193; x_wconf 77' lang='lat' dir='ltr'><strong>Hymetio,</strong></span> <span class='ocrx_word' id='word_1_899' title='bbox 2315 5121 2511 5177; x_wconf 84' lang='lat' dir='ltr'><strong>acriter</strong></span> <span class='ocrx_word' id='word_1_900' title='bbox 2545 5120 2700 5176; x_wconf 85' lang='lat' dir='ltr'><strong>dulce</strong></span> <span class='ocrx_word' id='word_1_901' title='bbox 2743 5128 2844 5185; x_wconf 82' lang='lat' dir='ltr'><strong>est,</strong></span> <span class='ocrx_word' id='word_1_902' title='bbox 2873 5119 3113 5191; x_wconf 88' lang='lat' dir='ltr'><strong>nihilque</strong></span> <span class='ocrx_word' id='word_1_903' title='bbox 3149 5118 3294 5174; x_wconf 77' lang='lat' dir='ltr'><strong>inﬂat</strong></span> <span class='ocrx_word' id='word_1_904' title='bbox 3320 5119 3406 5174; x_wconf 57' lang='lat' dir='ltr'><strong>vi.</strong></span> 
     </span>
    </p>
   </div>
   <div class='ocr_carea' id='block_1_115' title="bbox 1814 5212 3403 5285">
    <p class='ocr_par' dir='ltr' id='par_1_115' title="bbox 1814 5212 3403 5285">
     <span class='ocr_line' id='line_1_116' title="bbox 1814 5212 3403 5285; baseline -0.006 -10"><span class='ocrx_word' id='word_1_905' title='bbox 1814 5234 1987 5276; x_wconf 78' lang='lat' dir='ltr'><strong>scere.</strong></span> <span class='ocrx_word' id='word_1_906' title='bbox 2004 5216 2181 5285; x_wconf 81' lang='lat' dir='ltr'><strong>Quare</strong></span> <span class='ocrx_word' id='word_1_907' title='bbox 2196 5222 2365 5272; x_wconf 88' lang='lat' dir='ltr'><strong>totum</strong></span> <span class='ocrx_word' id='word_1_908' title='bbox 2389 5214 2573 5283; x_wconf 87' lang='lat' dir='ltr'><strong>etiam,</strong></span> <span class='ocrx_word' id='word_1_909' title='bbox 2596 5212 2773 5285; x_wconf 83' lang='lat' dir='ltr'><strong>palato</strong></span> <span class='ocrx_word' id='word_1_910' title='bbox 2794 5213 3121 5285; x_wconf 85' lang='lat' dir='ltr'><strong>aliquantum</strong></span> <span class='ocrx_word' id='word_1_911' title='bbox 3143 5225 3403 5278; x_wconf 78' lang='lat' dir='ltr'><strong>rcmorso,</strong></span> 
     </span>
    </p>
   </div>
   <div class='ocr_carea' id='block_1_116' title="bbox 1817 5301 3402 5380">
    <p class='ocr_par' dir='ltr' id='par_1_116' title="bbox 1817 5301 3402 5380">
     <span class='ocr_line' id='line_1_117' title="bbox 1817 5301 3402 5380; baseline -0.008 -12"><span class='ocrx_word' id='word_1_912' title='bbox 1817 5322 1996 5368; x_wconf 84' lang='lat' dir='ltr'><strong>tamen</strong></span> <span class='ocrx_word' id='word_1_913' title='bbox 2029 5318 2093 5365; x_wconf 80' lang='lat' dir='ltr'><strong>ut</strong></span> <span class='ocrx_word' id='word_1_914' title='bbox 2129 5321 2344 5380; x_wconf 83' lang='lat' dir='ltr'><strong>possum</strong></span> <span class='ocrx_word' id='word_1_915' title='bbox 2393 5305 2749 5363; x_wconf 76' lang='lat' dir='ltr'><strong>libentissime</strong></span> <span class='ocrx_word' id='word_1_916' title='bbox 2789 5306 2845 5361; x_wconf 89' lang='lat' dir='ltr'><strong>in</strong></span> <span class='ocrx_word' id='word_1_917' title='bbox 2882 5304 3141 5360; x_wconf 82' lang='lat' dir='ltr'><strong>medullas</strong></span> <span class='ocrx_word' id='word_1_918' title='bbox 3178 5301 3402 5370; x_wconf 82' lang='lat' dir='ltr'><strong>trajicio.</strong></span> 
     </span>
    </p>
   </div>
   <div class='ocr_carea' id='block_1_117' title="bbox 1816 5390 3405 5471">
    <p class='ocr_par' dir='ltr' id='par_1_117' title="bbox 1816 5390 3405 5471">
     <span class='ocr_line' id='line_1_118' title="bbox 1816 5390 3405 5471; baseline -0.01 -11"><span class='ocrx_word' id='word_1_919' title='bbox 1816 5404 1933 5460; x_wconf 87' lang='lat' dir='ltr'><strong>Non</strong></span> <span class='ocrx_word' id='word_1_920' title='bbox 1954 5404 2095 5460; x_wconf 86' lang='lat' dir='ltr'><strong>enim</strong></span> <span class='ocrx_word' id='word_1_921' title='bbox 2128 5401 2285 5458; x_wconf 87' lang='lat' dir='ltr'><strong>video</strong></span> <span class='ocrx_word' id='word_1_922' title='bbox 2311 5398 2580 5471; x_wconf 90' lang='lat' dir='ltr'><strong>quomodo</strong></span> <span class='ocrx_word' id='word_1_923' title='bbox 2606 5396 2851 5469; x_wconf 78' lang='lat' dir='ltr'><strong>redargui</strong></span> <span class='ocrx_word' id='word_1_924' title='bbox 2879 5397 3043 5466; x_wconf 77' lang='lat' dir='ltr'><strong>possit</strong></span> <span class='ocrx_word' id='word_1_925' title='bbox 3068 5396 3163 5448; x_wconf 85' lang='lat' dir='ltr'><strong>ista</strong></span> <span class='ocrx_word' id='word_1_926' title='bbox 3184 5390 3405 5446; x_wconf 80' lang='lat' dir='ltr'><strong>conclu-</strong></span> 
     </span>
    </p>
   </div>
   <div class='ocr_carea' id='block_1_118' title="bbox 1815 5480 3401 5561">
    <p class='ocr_par' dir='ltr' id='par_1_118' title="bbox 1815 5480 3401 5561">
     <span class='ocr_line' id='line_1_119' title="bbox 1815 5480 3401 5561; baseline -0.011 -7"><span class='ocrx_word' id='word_1_927' title='bbox 1815 5498 1915 5554; x_wconf 88' lang='lat' dir='ltr'><strong>sio.</strong></span> <span class='ocrx_word' id='word_1_928' title='bbox 1967 5495 2195 5550; x_wconf 88' lang='lat' dir='ltr'><strong>Prorsus</strong></span> <span class='ocrx_word' id='word_1_929' title='bbox 2239 5492 2387 5548; x_wconf 91' lang='lat' dir='ltr'><strong>nullo</strong></span> <span class='ocrx_word' id='word_1_930' title='bbox 2434 5490 2593 5551; x_wconf 88' lang='lat' dir='ltr'><strong>modo</strong></span> <span class='ocrx_word' id='word_1_931' title='bbox 2640 5496 2836 5561; x_wconf 87' lang='lat' dir='ltr'><strong>potest,</strong></span> <span class='ocrx_word' id='word_1_932' title='bbox 2885 5482 3055 5555; x_wconf 85' lang='lat' dir='ltr'><strong>inquit</strong></span> <span class='ocrx_word' id='word_1_933' title='bbox 3101 5480 3401 5552; x_wconf 78' lang='lat' dir='ltr'><strong>Trygetius.</strong></span> 
     </span>
    </p>
   </div>
   <div class='ocr_carea' id='block_1_119' title="bbox 1814 5572 3399 5659">
    <p class='ocr_par' dir='ltr' id='par_1_119' title="bbox 1814 5572 3399 5659">
     <span class='ocr_line' id='line_1_120' title="bbox 1814 5572 3399 5659; baseline -0.013 -12"><span class='ocrx_word' id='word_1_934' title='bbox 1814 5590 1992 5659; x_wconf 81' lang='lat' dir='ltr'><strong>Quare</strong></span> <span class='ocrx_word' id='word_1_935' title='bbox 2027 5586 2235 5658; x_wconf 84' lang='lat' dir='ltr'><strong>gaudeo</strong></span> <span class='ocrx_word' id='word_1_936' title='bbox 2264 5583 2468 5657; x_wconf 84' lang='lat' dir='ltr'><strong>jamdiu</strong></span> <span class='ocrx_word' id='word_1_937' title='bbox 2490 5594 2614 5640; x_wconf 73' lang='lat' dir='ltr'><strong>cum</strong></span> <span class='ocrx_word' id='word_1_938' title='bbox 2639 5576 2745 5637; x_wconf 84' lang='lat' dir='ltr'><strong>illis</strong></span> <span class='ocrx_word' id='word_1_939' title='bbox 2769 5591 2855 5634; x_wconf 85' lang='lat' dir='ltr'><strong>me</strong></span> <span class='ocrx_word' id='word_1_940' title='bbox 2883 5572 3182 5631; x_wconf 70' lang='lat' dir='ltr'><strong>ininicitias</strong></span> <span class='ocrx_word' id='word_1_941' title='bbox 3210 5582 3399 5627; x_wconf 76' lang='lat' dir='ltr'><strong>susce-</strong></span> 
     </span>
    </p>
   </div>
   <div class='ocr_carea' id='block_1_120' title="bbox 1880 5740 3132 5825">
    <p class='ocr_par' dir='ltr' id='par_1_120' title="bbox 1880 5740 3132 5825">
     <span class='ocr_line' id='line_1_121' title="bbox 1880 5740 3132 5825; baseline -0.014 -9"><span class='ocrx_word' id='word_1_942' title='bbox 1880 5766 1898 5797; x_wconf 73' lang='grc' dir='ltr'>ί</span> <span class='ocrx_word' id='word_1_943' title='bbox 1922 5769 1998 5815; x_wconf 75' lang='lat' dir='ltr'><strong>Ea.</strong></span> <span class='ocrx_word' id='word_1_944' title='bbox 2023 5769 2143 5814; x_wconf 75' lang='lat' dir='ltr'><strong>Ven.</strong></span> <span class='ocrx_word' id='word_1_945' title='bbox 2163 5773 2272 5818; x_wconf 71' lang='grc' dir='ltr'><strong>ιω.</strong></span> <span class='ocrx_word' id='word_1_946' title='bbox 2297 5764 2523 5825; x_wconf 67' lang='lat' dir='ltr'><strong>rerttutt&#39;s,</strong></span> <span class='ocrx_word' id='word_1_947' title='bbox 2551 5766 2595 5811; x_wconf 75' lang='lat' dir='ltr'><strong>et</strong></span> <span class='ocrx_word' id='word_1_948' title='bbox 2618 5768 2711 5808; x_wconf 79' lang='lat' dir='ltr'><strong>non</strong></span> <span class='ocrx_word' id='word_1_949' title='bbox 2754 5740 3009 5802; x_wconf 74' lang='grc' dir='ltr'><strong>ἕηυεηὶυηι-</strong></span> <span class='ocrx_word' id='word_1_950' title='bbox 3078 5748 3132 5796; x_wconf 75' lang='grc' dir='ltr'><strong>Μ·</strong></span> 
     </span>
    </p>
   </div>
  </div>
