3882 6274
1656 379 1744 436 nu
1783 371 2009 432 suam
2050 366 2231 435 \‘l'l‘A,
2273 367 2330 422 s.
2370 362 2744 424 AUGUSTINI
3709 373 3788 429 εδδ

2288 479 2516 538 CAPUT
2555 481 2644 535 lll.
2664 511 2734 522 -
2756 476 3045 550 Disputatio
3064 477 3292 532 secunda:
3309 476 3418 534 diei.
3436 477 3546 546 Quis
3569 478 3700 536 Deum
3717 486 3788 539 Ita-

2360 575 2468 630 beat
2494 591 2551 629 eo
2579 573 2728 628 modo
2763 581 2818 627 ut
2851 570 3024 626 beatus
3058 571 3139 625 sit.
3174 570 3390 642 Spiritus
3424 572 3672 628 immundus
3695 580 3788 631 duo-

2358 668 2450 724 bus
2475 667 2638 722 modis
2657 664 2908 737 appellari
2926 663 3070 721 solet.

2361 763 2450 819 Π.
2483 759 2745 817 Postridie
2782 767 2960 816 autem
2998 773 3116 813 cum
3143 759 3271 813 item
3299 765 3415 828 post
3438 759 3693 828 prandium,
3715 766 3782 818 sed

2287 855 2557 927 aliquanto
2584 867 2743 924 quam
2782 850 2951 923 pridie
2991 849 3181 916 serius,
3214 849 3371 904 iidem
3410 849 3670 921 ibidemque
3691 869 3783 909 con-

2289 941 2866 1010 sedissemusz'l‘arde,
2895 941 3132 1012 inquam,
3175 939 3392 995 venistis
3429 941 3489 994 ad
3525 943 3782 999 convivium:

2285 1037 2426 1109 quod
2456 1037 2606 1093 vobis
2634 1050 2742 1091 non
2767 1033 3032 1091 cruditate
3058 1032 3316 1090 accidisse
3335 1033 3562 1101 arbitror,
3589 1035 3666 1090 sed
3688 1052 3780 1106 pau-

2285 1129 2459 1183 citatis
2499 1127 2816 1183 ferculorum
2843 1125 3161 1190 securitate;
3192 1123 3332 1195 quod
3372 1139 3472 1179 non
3505 1132 3599 1179 tam
3634 1137 3782 1185 mature

2285 1220 2702 1294 aggrediendum
2729 1219 2902 1275 visum
2933 1225 3037 1285 est,
3067 1216 3210 1288 quod
3229 1218 3334 1273 cito
3347 1231 3438 1272 vos
3463 1232 3700 1287 peresuros
3721 1237 3784 1290 pu-

2283 1315 2455 1370 tastis.
2486 1313 2603 1369 Non
2631 1311 2856 1367 multum
2883 1309 3024 1366 enim
3046 1307 3386 1380 reliquiarum
3409 1308 3684 1365 credendum
3702 1326 3784 1371 erat

2283 1405 2624 1473 remansisse,
2651 1404 2742 1460 ubi
2770 1402 2858 1459 die
2896 1402 3014 1474 ipso
3055 1410 3214 1472 atque
3241 1401 3556 1457 solemnitate
3593 1411 3677 1456 tam
3709 1406 3782 1457 esi.

606 408 706 470 967

600 526 763 599 pisse.
790 518 922 577 Nam
947 511 1134 572 nescio
1159 521 1263 582 qua
1290 500 1593 575 impellente
1621 505 1842 599 natura,
1865 491 2056 599 vehant
2086 497 2182 599 ve;

599 576 927 678 ri-us'dicam,
959 608 1088 672 Deo,
1134 576 1294 659 etiam
1330 595 1575 653 nesciens
1613 584 1880 662 quomodo
1909 576 2182 638 refellendi

601 711 798 768 essent,
829 709 1004 756 tamen
1028 695 1106 752 eis
1134 690 1292 748 nimis
1312 683 1648 743 advorsabar.

669 798 757 854 15.
777 765 874 850 llic
890 789 1161 848 Licentius
1184 803 1198 840 :
1221 784 1351 854 Ego,
1375 777 1562 848 inquit,
1581 775 1698 829 illos
1717 768 1949 826 nondum
1969 765 2178 821 desero.

601 893 763 964 Ergo,
793 890 866 943 ait
889 881 1168 956 Trygetius
1187 921 1201 945 ,
1232 871 1482 932 dissentis
1509 885 1538 924 a
1563 860 2179 964 nobis‘ll‘lnumquidna'm,

596 949 707 1042 ειιὲ
735 949 921 1052 inquit,
955 949 1050 1030 is.
1094 973 1161 1028 ab
1204 967 1393 1040 Alypio
1431 957 1758 1052 dissentitis?
1787 955 1882 1052 Cui
1903 968 2006 1052 ego
2031 949 2180 1052 :l‘ion

595 1043 1066 1144 dubia-inquam,
1091 1061 1219 1134 quin
1244 1060 1287 1114 si
1314 1056 1524 1113 adesset
1553 1050 1794 1123 Alypius,
1826 1046 1949 1144 huic
1978 1043 2179 1098 ratiun-

595 1169 730 1226 culae
755 1139 988 1220 cederet.
1025 1156 1139 1212 Non
1167 1152 1307 1209 enim
1339 1157 1444 1203 tam
1475 1142 1702 1200 absurde
1727 1139 1926 1194 sentire
1953 1140 2176 1206 poterat,

595 1267 657 1316 ut
674 1265 765 1313 aut
782 1255 969 1310 beatus
992 1249 1082 1303 ille
1100 1249 1116 1279 ³
1135 1243 1424 1304 videretur,
1443 1236 1532 1308 qui
1553 1242 1754 1290 tantum
1775 1231 1973 1286 bonum
1994 1227 2177 1293 animi,

596 1350 737 1424 quod
762 1344 1130 1403 ardentissime
1152 1337 1312 1392 vellet
1341 1332 1556 1394 habere,
1583 1343 1690 1383 non
1717 1324 1958 1424 haberet,
1989 1329 2081 1376 aut
2113 1319 2180 1373 il-

597 1415 678 1497 los
703 1438 842 1494 nolle
870 1431 1106 1490 invenire
1132 1427 1426 1485 veritatem,
1453 1427 1542 1474 aut
1574 1433 1695 1474 eum
1733 1416 1822 1487 qui
1862 1415 2048 1469 beatus
2071 1427 2178 1466 non

598 1535 668 1590 sit
692 1546 812 1587 esse
835 1527 1127 1597 sapientem
1151 1540 1163 1576 :
1187 1533 1308 1575 nam
1331 1516 1414 1571 his
1440 1513 1626 1578 tribus,
1649 1509 1797 1583 quasi
1819 1507 1996 1574 melle,
2016 1505 2177 1573 farre,

597 1634 757 1694 atque
783 1617 1005 1682 nucleis,
1038 1611 1164 1668 illud
1207 1607 1346 1680 quod
1390 1605 1582 1662 metuis
1615 1609 1848 1674 gustare,
1879 1597 2179 1654 confectum

597 1690 698 1773 est.
723 1713 904 1778 llleue,
929 1707 1117 1779 inquit,
1147 1701 1269 1758 huic
1306 1708 1411 1755 tam
1455 1711 1630 1769 parva:
1672 1706 1956 1764 puerorum
1998 1690 2179 1744 illece-

597 1807 707 1864 bra:
747 1803 980 1867 cederet,
1008 1795 1441 1852 Academicorum
1486 1795 1629 1844 tanta
1671 1787 1910 1841 ubertate
1947 1782 2175 1848 deserta,

597 1915 702 1972 qua
753 1894 1036 1952 inundante
1067 1889 1168 1944 hoc
1212 1885 1396 1942 nescio
1443 1881 1568 1952 quid
1597 1881 1758 1935 breve
1787 1885 1877 1932 aut
1901 1877 2176 1972 obruetur,

596 1963 690 2047 aut
713 1981 1080 2059 pertrahetur?
1109 1976 1270 2046 Quasi
1299 1989 1449 2040 vero,
1483 1973 1718 2042 inquam,
1741 1970 1953 2039 longum
1981 1963 2179 2036 aliquid

596 2095 697 2140 nos
735 2091 1053 2152 qureramus,
1096 2068 1391 2142 prtesertim
1438 2066 1693 2122 adversus
1731 2063 1974 2134 Alypium
2011 2079 2024 2115 :
2058 2074 2179 2115 nam

596 2189 702 2232 non
731 2169 1070 2229 mediocriter
1099 2179 1258 2236 parva
1288 2163 1388 2217 ista
1419 2175 1538 2216 esse
1577 2157 1730 2211 fortia
1768 2165 1822 2211 et
1859 2155 2026 2221 utilia,
2049 2152 2179 2208 satis

594 2266 696 2325 sibi
725 2266 838 2336 ipse
881 2261 948 2318 de
986 2274 1083 2315 suo
1129 2269 1354 2326 corpore
1392 2257 1868 2322 argumentaretur.
1898 2248 1978 2302 Tu
2005 2253 2177 2300 autem

593 2360 683 2433 qui
713 2354 921 2427 elegisti
946 2353 1013 2409 de
1038 2348 1274 2406 absentis
1299 2346 1609 2402 auctoritate
1650 2342 1899 2412 pendere,
1927 2339 2052 2410 quid
2079 2338 2178 2392 ho-

592 2429 710 2508 rum
747 2463 853 2504 non
897 2442 1131 2516 probas?
1154 2439 1342 2496 Utrum
1386 2437 1598 2492 beatum
1627 2449 1729 2488 non
1760 2447 1898 2499 esse,
1925 2431 2011 2502 qui
2037 2429 2179 2500 quod

590 2543 705 2598 vult
743 2555 847 2595 non
879 2535 1079 2592 habet?
1100 2549 1165 2588 an
1194 2531 1313 2586 illos
1344 2543 1507 2601 negas
1530 2527 1667 2582 velle
1691 2525 1887 2581 habere
1912 2524 2177 2579 inventam

595 2633 900 2694 veritatem,
929 2641 1086 2698 quam
1133 2621 1478 2678 vehementer
1520 2617 1830 2688 inquirunt?
1873 2631 1939 2671 an
1973 2615 2179 2670 videtur

593 2725 689 2781 tibi
716 2723 990 2795 quisquam
1013 2719 1224 2789 sapiens
1244 2730 1353 2770 non
1376 2713 1598 2770 beatus?
1629 2712 1852 2767 Prorsus
1873 2710 2057 2765 beatus
2073 2717 2174 2774 est,

593 2816 783 2887 inquit,
815 2811 903 2884 qui
932 2809 1074 2882 quod
1099 2807 1212 2863 vult
1241 2822 1348 2862 non
1378 2804 1569 2869 habet,
1597 2804 1748 2875 quasi
1786 2801 2180 2858 stomachanter

590 2905 853 2962 arridens.
905 2900 1055 2969 Quod
1109 2914 1230 2955 cum
1273 2897 1516 2969 iuberem
1567 2904 1623 2951 ut
1670 2895 1991 2951 scriberetur
2022 2913 2033 2948 :
2063 2893 2176 2949 Non

590 3000 720 3067 dixi,
759 2999 930 3069 inquit
977 2996 1299 3053 exclamans.
1348 2993 1499 3062 Quod
1545 2993 1671 3048 item
1723 3007 1842 3048 cum
1888 3006 2176 3045 annuerem

593 3093 752 3150 scribi
779 3109 791 3146 :
814 3091 955 3155 Dixi,
984 3090 1172 3160 inquit.
1198 3089 1370 3158 Atque
1401 3101 1502 3158 ego
1535 3085 1701 3141 semel
1742 3099 2096 3156 praeceperam
2123 3092 2181 3139 ut

591 3184 794 3240 nullum
819 3181 1039 3238 verbum
1066 3189 1260 3252 praeter
1285 3179 1486 3233 litteras
1514 3176 1842 3231 funderetur.
1883 3177 1957 3230 lta
1997 3175 2178 3230 adole-

590 3284 826 3332 scentem
848 3273 987 3329 inter
1003 3269 1376 3327 verecundiam
1393 3280 1549 3339 atque
1567 3267 1914 3323 constantiam
1941 3269 2174 3339 exagita-

593 3378 704 3424 tum
738 3367 1000 3423 tenebam.

668 3461 756 3515 16.
782 3457 887 3514 Sed
926 3471 1045 3512 cum
1084 3454 1168 3510 his
1193 3454 1369 3509 verbis
1392 3468 1511 3508 eum
1537 3451 1797 3523 jocantes,
1826 3453 1970 3522 quasi
1997 3451 2061 3507 ad
2091 3468 2177 3508 ve-

594 3551 846 3610 scendam
869 3548 1179 3620 particulam
1205 3561 1353 3602 suam
1373 3559 1806 3616 provocaremus,
1829 3544 2176 3600 animadverti

597 3653 820 3700 cat-teres
845 3641 921 3697 rei
953 3641 1113 3695 totius
1141 3639 1372 3709 ignaros,
1402 3636 1494 3692 sed
1519 3636 1654 3691 scire
1675 3638 1945 3707 cupientes
1962 3636 2085 3707 quid
2108 3636 2179 3690 in-

595 3745 678 3791 ter
702 3751 798 3790 nos
831 3733 974 3789 solos
1003 3739 1107 3786 tam
1149 3729 1379 3800 jucunde
1406 3735 1670 3798 ageretur,
1697 3728 1810 3781 sine
1839 3729 1946 3782 risu
1977 3742 2072 3782 nos
2099 3727 2179 3781 in-

595 3829 752 3884 tueri.
780 3826 880 3895 Qui
902 3824 1029 3880 mihi
1056 3837 1272 3894 prorsus
1294 3820 1493 3875 similes
1509 3817 1607 3875 visi
1627 3829 1768 3885 sunt,
1787 3819 1926 3889 quod
1945 3819 2178 3889 plerum-

595 3924 697 3990 que
739 3917 855 3973 fieri
897 3916 1063 3982 solet,
1096 3913 1161 3968 iis
1186 3913 1274 3984 qui
1305 3927 1425 3966 cum
1455 3911 1733 3981 epulantur
1763 3910 1898 3965 inter
1926 3909 2176 3964 avidissi-

593 4027 711 4068 mos
738 4009 1216 4080 rapacissimosque
1239 4006 1506 4070 convivas,
1545 4019 1576 4058 a
1615 4003 1866 4074 rapiendo
1893 4004 1974 4058 vel
2001 4003 2178 4074 gravi-

594 4100 700 4159 tate
724 4117 843 4158 sese
875 4101 1162 4166 abstinent,
1189 4098 1268 4154 vel
1296 4097 1497 4168 pudore
1529 4105 1810 4152 terrentur.
1843 4096 1909 4152 Et
1933 4097 2053 4167 quia
2080 4111 2180 4168 ego

592 4194 962 4259 inritaverant,
991 4200 1046 4248 et
1079 4190 1258 4260 magni
1286 4189 1558 4261 cujusdam
1598 4187 1826 4243 hominis
1875 4202 2175 4258 personam,

573 4297 753 4360 atque
793 4295 852 4342 ut
897 4295 1064 4341 totum
1108 4283 1386 4354 explicem,
1410 4281 1520 4338 veri
1556 4281 1783 4336 hominis
1811 4280 1969 4335 etiam
1998 4281 2048 4334 in
2075 4280 2180 4337 illis

593 4382 765 4452 epulis
792 4379 1128 4435 invitatorem
1150 4376 1420 4448 gerebam,
1440 4374 1702 4430 sustinere
1722 4389 1826 4428 non
1849 4373 2015 4444 potui,
2035 4389 2180 4429 corn-

597 4473 870 4544 movitque
900 4474 1020 4528 me’
1041 4471 1126 4526 illa
1168 4469 1498 4540 inmqualitas
1527 4483 1724 4524 mensa:
1763 4475 1959 4523 nostra:
1993 4475 2048 4522 et
2072 4465 2181 4522 dis-

594 4565 891 4636 crepantia.
933 4563 1100 4618 Arrisi
1147 4562 1324 4616 matri.
1369 4560 1543 4630 Atque
1579 4559 1676 4634 illa
1712 4559 1982 4615 liberrime
2039 4557 2178 4630 quod

594 4659 771 4716 minus
809 4655 1097 4722 habebant,
1127 4653 1278 4725 quasi
1327 4652 1394 4708 de
1435 4667 1531 4707 suo
1575 4650 1790 4707 cellario
1831 4650 2180 4721 promendum

596 4750 869 4819 imperans
906 4765 918 4800 :
957 4746 1074 4802 Jam
1117 4745 1203 4801 dic
1248 4744 1421 4811 nobis,
1454 4743 1642 4814 inquit,
1673 4750 1727 4798 et
1750 4743 1913 4798 redde
1953 4743 2040 4814 qui
2076 4743 2184 4799 sint

596 4840 686 4896 isti
717 4837 1038 4906 Academici,
1067 4845 1124 4893 et
1161 4837 1286 4907 quid
1329 4836 1428 4891 sibi
1454 4835 1658 4891 velint?
1679 4835 1773 4891 Cui
1804 4836 2035 4892 breviter
2058 4851 2178 4892 cum

597 4933 962 5004 exposuissem
988 4939 1294 5002 aperteque,
1322 4929 1394 4984 ita
1440 4936 1497 4984 ut
1536 4945 1693 4985 nemo
1733 4929 1940 4984 illorum
1967 4929 2180 5000 ignarus

596 5021 939 5080 abscederet:
964 5021 1053 5078 lsti
1098 5021 1358 5088 homines,
1387 5020 1574 5092 inquit,
1604 5020 1868 5076 caducarii
1909 5029 2032 5076 sunt
2054 5021 2181 5094 (quo

601 5116 820 5175 nomine
843 5115 1003 5188 vulgo
1026 5114 1163 5186 apud
1184 5130 1282 5171 nos
1300 5125 1573 5182 vocantur,
1591 5129 1726 5185 quos
1740 5113 2020 5170 comitialis
2039 5128 2182 5169 mor-

599 5209 703 5266 bus
749 5206 1064 5281 subvertit),
1095 5215 1148 5263 et
1175 5207 1332 5262 simul
1357 5207 1583 5263 surrexit
1601 5213 1659 5261 ut
1678 5207 1879 5273 abiret;
1907 5213 2067 5277 atque
2095 5205 2182 5262 hic

596 5315 789 5358 omnes
816 5300 921 5357 laeti
950 5314 1014 5355 ac
1040 5297 1294 5368 ridentes,
1323 5297 1634 5370 interposito
1674 5298 1778 5354 fine
1814 5296 2176 5356 discessimus.

660 5461 677 5493 ³
709 5458 786 5511 Illi
804 5498 818 5511 .
843 5460 980 5511 iuxta
1001 5463 1074 5508 Er.
1097 5464 1209 5508 Lov.
1234 5464 1289 5506 Μ.

660 5475 677 5493 ι
709 5475 786 5511 Ius
804 5498 818 5523 ,
841 5475 980 5523 )llea
1003 5475 1074 5508 er.
1099 5475 1209 5508 ων.
1237 5475 1289 5506 m.

658 5523 681 5554 ⁹
705 5530 811 5592 ayss.
829 5521 1093 5592 undecim:
1122 5529 1178 5569 In
1317 5516 1472 5592 epulas
1498 5517 1806 5592 imitatorem
1839 5517 2185 5592 sustinere

597 5583 753 5646 euasti,
780 5581 1029 5635 commori:
1046 5594 1122 5633 me
1141 5581 1231 5646 ;ad
1249 5580 1679 5646 quam‘lectionem
1695 5594 1846 5646 prope
1861 5582 2092 5633 accedunt
2101 5583 2183 5636 alii

596 5645 694 5709 duo
725 5641 809 5709 qui
838 5647 1029 5709 ferunt,
1060 5641 1355 5709 ministrum
1384 5641 1545 5709 docti,
1856 5657 1949 5695 me.
1983 5651 2185 5709 Fortean

597 5705 830 5771 ἁψῖδι
857 5707 1239 5771 Theodorus
1272 5706 1531 5771 tractandae
1561 5718 1646 5771 res
1680 5711 1850 5771 essent
1879 5719 1990 5771 cum
2026 5708 2186 5771 unpe-

598 5767 924 5839 ﬁliorihusjn
950 5767 1242 5839 cjnscemotu
1273 5765 1542 5839 colloquia
1575 5767 1627 5820 td
1655 5767 1784 5833 quod
1808 5768 2039 5834 auspicari
2069 5765 2186 5826 licet

603 5839 667 5882 ex
687 5829 771 5879 lib.
797 5832 817 5880 l
845 5829 1125 5892 deordine,
1142 5844 1245 5895 cap.
1274 5829 1348 5881 ll.

2285 1513 2444 1570 gnum
2494 1505 2768 1568 repertum
2798 1503 2932 1551 erat.
2961 1493 3214 1550 Fortasse
3249 1501 3410 1548 recte.
3437 1492 3532 1549 Sed
3545 1493 3648 1563 quid
3677 1496 3780 1548 vobis

2282 1596 2637 1662 praeparatum
2677 1588 2768 1654 sit,
2790 1601 2890 1658 ego
2934 1600 3144 1656 quoque
3184 1584 3452 1640 vobiscum
3492 1585 3662 1640 nescio.
3677 1587 3779 1640 Alius

2283 1692 2367 1739 est
2388 1682 2529 1737 enim
2557 1681 2646 1752 qui
2672 1681 2918 1736 omnibus
2933 1693 3054 1735 cum
3083 1692 3270 1734 omnes
3291 1677 3331 1746 ί,
3357 1686 3463 1735 tum
3480 1679 3668 1735 maxime
3687 1682 3776 1734 tales

2284 1775 2470 1849 epulas
2499 1772 2739 1843 praebere
2765 1786 2869 1828 non
2899 1777 3073 1827 cessat
3106 1788 3120 1824 :
3167 1768 3267 1825 sed
3306 1782 3401 1824 nos
3435 1769 3496 1825 ab
3520 1769 3702 1834 edendo,
3719 1772 3772 1824 vel

2283 1865 2666 1930 imbecillitate,
2709 1863 2796 1919 vel
2847 1864 3143 1928 saturitate,
3171 1859 3257 1915 vel
3307 1858 3504 1930 negotio
3537 1859 3771 1930 plerumque

2283 1969 2764 2026 cessamuszquem
2795 1962 3098 2008 manentem
3128 1954 3183 2006 in
3218 1950 3507 2006 hominibus
3540 1950 3685 2005 beatos
3711 1966 3771 2004 eos

2283 2047 2480 2114 facere,
2512 2048 2649 2102 inter
2669 2059 2768 2101 nos
2788 2045 2923 2111 heri,
2945 2044 2999 2099 ni
3020 2042 3198 2111 fallor,
3218 2043 3308 2114 pie
3325 2050 3675 2112 constanterque
3686 2057 3769 2096 con-

2283 2147 2520 2194 venerat.
2555 2139 2684 2194 Nam
2728 2153 2849 2221 cum
2889 2137 3025 2192 ratio
3064 2136 3477 2192 demonstrasset
3496 2150 3599 2190 eum
3622 2135 3767 2189 beatum

2283 2244 2403 2285 esse
2431 2230 2520 2300 qui
2552 2222 2719 2285 Deum
2758 2229 2998 2295 haberet,
3028 2243 3127 2284 nec
3163 2226 3289 2282 huic
3323 2226 3572 2298 quisquam
3603 2235 3765 2282 vestrum

2283 2322 2561 2378 sententiae
2589 2322 2894 2389 restitisset,
2922 2321 3209 2392 quaesitum
3239 2328 3322 2376 est
3347 2321 3562 2390 quisnam
3585 2320 3696 2375 vobis
3715 2320 3766 2372 vi-
3810 2341 3811 2360 ι

2282 2412 2501 2467 deretur
2523 2413 2687 2468 Deum
2729 2411 2946 2468 habere.
2984 2412 3061 2467 De
3100 2425 3206 2480 qua
3250 2425 3329 2478 re,
3375 2409 3416 2465 si
3449 2410 3566 2466 bene
3599 2410 3762 2471 memini,
3810 2405 3811 2420 ‘

2282 2511 2390 2558 tres
2427 2503 2706 2559 sententiae
2742 2502 2900 2558 dictas
2947 2510 3090 2557 sunt.
3119 2501 3256 2556 Nam
3292 2501 3420 2572 parti
3450 2501 3626 2572 placuit,
3652 2500 3762 2554 Deum
3810 2519 3811 2572 ξ

2283 2595 2482 2652 habere
2507 2596 2656 2651 illum
2688 2596 2774 2667 qui
2801 2610 2864 2651 ea
2894 2594 3094 2651 faceret
3119 2610 3242 2665 qum
3269 2595 3404 2649 Deus
3432 2594 3582 2649 vellet.
3606 2591 3760 2660 Quidam

2281 2695 2460 2743 autem
2486 2687 2736 2742 dixerunt
2759 2687 2902 2758 quod
2934 2687 2980 2741 is
3008 2687 3181 2742 Deum
3208 2686 3435 2752 haberet,
3477 2686 3554 2756 qui
3584 2686 3684 2740 bene
3711 2685 3759 2735 vi-

2281 2789 2450 2837 veret.
2478 2780 2717 2850 Reliquis
2747 2793 2874 2835 vero
2901 2779 2955 2833 in
2979 2779 3058 2834 eis
3085 2779 3232 2834 Deus
3251 2792 3370 2834 esse
3387 2779 3515 2833 visus
3528 2785 3609 2844 est,
3631 2777 3669 2831 in
3683 2775 3758 2846 qui-

2281 2871 2383 2928 bus
2411 2872 2500 2942 qui
2535 2871 2838 2926 immundus
2865 2870 3188 2942 appellatur,
3219 2869 3428 2941 spiritus
3448 2883 3538 2924 non
3559 2877 3634 2922 est.

2281 2974 2314 3029 ῖς
2353 2963 2442 3020 l8.
2470 2962 2574 3020 Sed
2600 2963 2827 3018 fortasse
2843 2977 3034 3017 omnes
3059 2961 3290 3017 diversis
3308 2960 3470 3016 verbis
3491 2971 3618 3013 unum
3640 2956 3754 3010 iduu-

2281 3070 2385 3126 que
2427 3055 2686 3111 sensistis.
2724 3054 2854 3110 Nam
2897 3055 2944 3110 si
2989 3053 3095 3109 duo
3135 3054 3308 3124 prima
3359 3051 3690 3110 consideremus,
3713 3057 3750 3100 et

2281 3148 2454 3203 omnis
2494 3146 2584 3217 qui
2619 3145 2755 3201 bene
2803 3144 2970 3211 vivit,
3007 3159 3070 3199 ea
3108 3142 3241 3200 facit
3281 3158 3396 3215 quae
3426 3142 3521 3197 vult
3548 3140 3672 3200 Deus;
3713 3146 3752 3189 et

2281 3238 2456 3294 omnis
2492 3237 2579 3307 qui
2619 3252 2680 3292 ea
2719 3236 2842 3292 facit
2876 3251 2996 3305 quae
3047 3235 3164 3290 vult
3201 3236 3374 3301 Deus,
3414 3234 3529 3289 bene
3548 3231 3754 3294 vivit;nec

2281 3329 2566 3401 quidquam
2606 3337 2688 3383 est
2732 3325 2875 3382 aliud
2918 3327 3055 3382 bene
3097 3327 3287 3382 vivere
3308 3367 3322 3393 ,
3367 3339 3505 3396 quam
3543 3338 3592 3378 ea
3635 3321 3752 3373 facere

2280 3436 2400 3491 quae
2448 3421 2558 3474 Deo
2603 3419 2848 3489 placeant
2883 3434 2896 3470 :
2940 3415 3043 3472 nisi
3091 3417 3220 3488 quid
3268 3416 3412 3472 vobis
3451 3413 3566 3469 aliud
3593 3410 3749 3465 videtur.

2281 3511 2743 3568 Assentiebantur.
2777 3509 3014 3565 Tertium
3061 3523 3191 3564 vero
3222 3508 3344 3564 illud
3373 3508 3510 3578 paulo
3538 3503 3754 3574 diligentius
3810 3503 3811 3574 ξ

2281 3602 2720 3659 considerandum
2742 3610 2842 3668 est,
2863 3610 3146 3673 propterea
3169 3603 3308 3672 quod
3325 3577 3422 3656 ritu
3438 3597 3750 3654 castissimorum

2281 3711 2556 3753 sacrorum
2595 3695 2816 3766 spiritus
2860 3694 3168 3749 immundus
3193 3696 3251 3761 ³,
3300 3700 3528 3764 quantum
3565 3687 3748 3756 intelligo.
3810 3747 3811 3758 χ

2281 3787 2488 3844 duobus
2512 3785 2684 3842 modis
2711 3785 2965 3856 appellari
2993 3781 3128 3840 solet
3155 3802 3169 3839 :
3195 3784 3277 3840 vel
3306 3785 3390 3840 ille
3414 3782 3491 3854 qui
3515 3779 3751 3837 extrinsecus
3810 3801 3811 3808 η

2282 3880 2484 3936 invadit
2526 3878 2756 3934 animam
2803 3891 3096 3948 sensusque
3139 3876 3440 3942 conturbat,
3480 3882 3526 3928 et
3553 3866 3751 3942 quemdam

2282 3973 2587 4030 hominibus
2631 3970 2791 4027 infert
2819 3969 3090 4036 furorem;
3122 3969 3208 4025 cui
3249 3964 3546 4024 excludenda
3569 3962 3637 4032 qui
3659 3973 3749 4030 pra:-

2283 4074 2441 4134 sunt,
2471 4079 2688 4122 manum
2714 4065 2989 4134 imponere
3022 4063 3107 4118 vel
3137 4061 3429 4118 exorcizare
3455 4058 3666 4118 dicuntur,
3686 4051 3750 4104 inc

2281 4166 2383 4224 est,
2405 4173 2501 4230 per
2515 4157 2692 4213 divina
2717 4171 2840 4212 eum
2864 4153 3158 4226 adjurando
3177 4152 3461 4224 expellere:
3481 4148 3611 4204 aliter
3630 4152 3748 4199 autem

2282 4247 2476 4304 dicitur
2503 4246 2719 4318 spiritus
2748 4246 3080 4311 immundus,
3112 4246 3284 4301 omnis
3311 4242 3509 4299 omnino
3533 4239 3667 4294 anima
3684 4235 3749 4288 im-

2283 4340 2479 4397 munda
2499 4358 2512 4408 ;
2535 4339 2675 4411 quod
2707 4339 2839 4394 nihil
2862 4346 2945 4395 est
2975 4337 3114 4394 aliud
3145 4353 3300 4410 quam
3332 4336 3462 4392 vitiis
3482 4342 3529 4390 et
3559 4325 3748 4388 erroribus

2283 4430 2575 4502 inquinata.
2605 4428 2787 4501 Itaque
2809 4429 2903 4484 abs
2929 4437 2981 4485 te
3009 4444 3210 4500 quaero,
3241 4437 3294 4484 tu
3320 4442 3471 4499 puer,
3498 4422 3571 4495 qui
3593 4419 3749 4475 fortasse

2284 4523 2556 4594 aliquanto
2593 4521 2865 4577 sereniore
2887 4535 2951 4576 ac
2988 4519 3286 4592 purgatiore
3323 4517 3491 4588 spiritu
3516 4513 3637 4568 istam
3664 4519 3747 4563 sen-

2287 4614 2506 4671 tentiam
2531 4613 2830 4684 protulisti,
2861 4612 2980 4685 quis
3007 4612 3098 4668 tibi
3127 4612 3356 4669 videatur
3379 4603 3654 4664 immundum
3677 4595 3749 4667 spi-

2285 4707 2444 4762 ritum
2485 4722 2592 4762 non
2623 4706 2818 4763 habere
2846 4724 2861 4761 :
2889 4705 3045 4761 illene
3073 4705 3160 4776 qui
3192 4704 3467 4760 daemonem
3503 4711 3587 4753 non
3620 4689 3743 4753 habet.

2285 4813 2390 4870 quo
2416 4799 2598 4855 vesani
2628 4798 2870 4854 homines
2910 4796 3025 4852 fieri
3054 4796 3257 4863 solent;
3287 4811 3348 4849 an
3377 4792 3458 4848 ille
3478 4789 3554 4862 qui
3583 4783 3743 4870 animant

2285 4905 2434 4947 suam
2460 4907 2489 4945 a
2516 4888 2657 4944 vitiis
2689 4889 3042 4960 omnibusque
3074 4888 3297 4960 peccatis
3319 4877 3587 4940 mundavit?
3604 4867 3746 4960 lsmiht'

2286 4985 2520 5053 videtur,
2550 4983 2739 5055 inquit,
2771 4958 3100 5039 immundum
3130 4981 3358 5054 spiritum
3382 4992 3474 5032 non
3493 4970 3662 5032 habere,
3681 4958 3740 5032 qui

2284 5088 2428 5136 caste
2450 5078 2598 5134 vivit.
2628 5077 2734 5134 Sed
2763 5087 2986 5143 castum,
3014 5077 3240 5148 inquam,
3269 5087 3411 5145 quem
3430 5064 3591 5128 vocas?
3609 5070 3740 5118 eumne

2285 5171 2374 5242 qui
2403 5168 2535 5226 nihil
2559 5179 2760 5241 peccat,
2786 5184 2855 5223 an
2879 5183 3002 5224 eum
3031 5169 3120 5240 qui
3147 5168 3212 5224 ab
3234 5164 3401 5223 illicito
3421 5170 3586 5216 tantum
3605 5160 3736 5209 conor

2286 5264 2396 5320 bitu
2425 5261 2723 5335 temperet?
2748 5261 3062 5335 Quomodoj,
3088 5261 3276 5334 inquit,
3305 5265 3461 5315 castus
3483 5256 3625 5326 potest
3645 5255 3735 5304 esse.

2287 5461 2720 5576 ἰαέἕῖιλὶετηῗιὶῡηε
2741 5459 2816 5548 vel
2834 5464 3282 5529 commwtes,juna
3319 5465 3386 5509 Er.
3415 5451 3733 5507 Veterum!

2305 5533 2422 5576 uxta
2441 5533 2550 5576 ιον.
2585 5533 2641 5574 Μ.
2807 5539 2816 5548 '

2280 5541 2422 5590 Juxua
2442 5541 2550 5576 ων.
2587 5541 2641 5574 Μ.
2807 5541 2815 5548 '

2352 5590 2372 5620 ³
2384 5594 2434 5637 In
2447 5589 2580 5658 prius
2588 5587 2699 5638 add.
2725 5585 2937 5658 legitur:
2959 5588 3091 5649 Quod
3101 5587 3204 5658 fita

2288 5633 3733 5722 queFﬁrhWn'éﬁd’tﬁ'iﬁéiiﬁdﬁgﬁéﬁ-iseinéhei'itﬂ

2287 5693 2539 5777 tangitur"
2546 5693 2770 5777 “suae;
2783 5693 2874 5777 is:
2898 5693 3190 5775 sua}:
3211 5693 3407 5777 eius,
3425 5693 3728 5777 ηυξ-Ἦ

2289 5747 3270 5836 ἱιῖἕ’ῗιὲὦρὲ“ἓῖειῶἇιῖ›νῖἔη”³ἲα”ἔτὸἕιὶιὶ“

2290 5843 2370 5888 tur
2391 5835 2690 5888 sacramenta
2711 5835 2967 5888 initiorum.
