3804 6418
118 448 189 516 ,ω
1412 429 1619 494 LIBER
1656 434 1855 496 UNUS.

117 566 178 640 qui
193 564 247 622 sb
264 559 417 620 illicito
437 565 626 614 tantum
654 549 933 612 concubitu
953 551 1222 609 abstinens
1243 566 1361 607 sese
1378 591 1393 615 ,
1424 559 1584 606 eam-

117 663 166 717 ris
184 654 364 729 peccatis
382 668 476 706 non
494 648 681 705 desinit
705 646 1001 717 inquinari?
1023 644 1115 701 [lle
1140 654 1223 701 est
1242 659 1367 700 vere
1386 652 1584 707 castus,

117 754 177 825 qui
199 752 323 805 Deum
345 744 575 808 attendit,
599 751 651 798 et
679 741 744 795 ad
774 741 944 811 ipsum
977 739 1149 795 solum
1179 753 1238 795 se
1264 745 1428 794 tenet.
1457 736 1587 805 Quae

118 840 227 895 verbs
257 834 378 908 pueri
418 835 547 890 sicut
582 832 719 887 dicta
761 839 949 897 erant,
999 844 1119 885 eum
1164 829 1423 884 conscribi
1456 828 1587 885 mihi

118 931 353 1002 piscinis-set:
384 927 428 982 Is
452 941 590 996 ergo,
622 925 836 995 inquam
856 964 869 985 .
900 937 1121 978 necesse
1147 930 1229 977 est
1261 930 1317 976 ut
1342 920 1477 976 bene
1505 920 1588 974 vi-

117 1034 194 1089 vat,
213 1032 255 1077 et
275 1019 351 1091 qui
378 1019 503 1077 bene
529 1018 656 1073 vivit
682 1016 980 1073 necessario
1014 1015 1133 1070 talis
1158 1022 1274 1080 est;
1321 1013 1422 1069 nisi
1461 1012 1587 1084 quid

116 1115 178 1170 tibi
202 1112 311 1169 aliud
336 1110 544 1166 videtur.
578 1107 851 1165 Concessit
888 1122 1009 1163 cum
1047 1106 1275 1162 exeteris.
1310 1105 1447 1175 Ergo
1482 1119 1586 1159 una

115 1217 168 1264 est
185 1208 260 1271 hic,
284 1205 489 1275 inquam,
519 1201 653 1258 dicta
675 1200 957 1258 sententia.

159 1298 221 1353 l9.
240 1294 325 1352 Sed
352 1292 466 1349 illud
494 1309 522 1347 a
548 1292 697 1347 vobis
718 1289 982 1362 paululum
1007 1303 1211 1361 qumro.
1230 1288 1426 1343 velitne
1446 1287 1587 1343 Deus

115 1400 150 1446 nl
166 1388 287 1443 homo
308 1385 452 1441 Deum
471 1382 706 1454 qumrat?
726 1381 1010 1437 Dedemut.
1040 1380 1167 1435 Item
1189 1393 1397 1449 qurero;
1430 1393 1587 1433 num-

112 1481 290 1553 quidnam
314 1491 574 1549 possumus
604 1475 817 1542 dicere,
849 1475 994 1530 illum
1041 1473 1129 1545 qni
1169 1473 1331 1528 Deum
1373 1472 1584 1544 qurerit,

110 1571 206 1628 male
225 1569 400 1625 virere?
431 1566 582 1623 Nullo
613 1563 772 1621 modo
794 1606 809 1629 ,
842 1562 1106 1619 dixerunt.
1138 1562 1310 1617 Etiam
1350 1562 1450 1617 hoc
1475 1572 1588 1617 ter-

110 1664 196 1717 tium
222 1657 528 1731 respondete;
570 1658 787 1729 spiritus
820 1655 1124 1711 immundus
1150 1664 1390 1725 potestne
1419 1654 1585 1710 Deum

109 1753 309 1827 quatere?
341 1750 631 1822 Negabant,
663 1748 989 1819 aliquantum
1036 1747 1311 1803 dubitante
1347 1745 1583 1818 Navigio,

108 1847 164 1916 qui
195 1856 335 1914 postea
364 1850 667 1898 ceterorum
701 1839 917 1896 vocibus
941 1840 1103 1895 cessit
1128 1840 1165 1891 ί.
1204 1837 1259 1895 Si
1291 1838 1476 1909 igitur,
1506 1838 1590 1893 iu-

108 1951 231 2005 quam,
256 1934 328 2004 qui
356 1934 509 1990 Deum
533 1931 758 2003 qnzerit,
780 1930 832 1986 id
861 1929 986 1986 facit
1018 1929 1161 2001 quod
1193 1929 1330 1985 Deus
1360 1931 1469 1985 vult
1489 1972 1502 1994 ,
1534 1939 1588 1985 et

108 2028 198 2081 bene
224 2026 356 2091 vivit,
383 2033 434 2080 et
470 2023 713 2094 spiritum
753 2021 1083 2078 immundum
1124 2037 1230 2076 non
1274 2019 1461 2086 habet;
1496 2021 1586 2093 qui

107 2126 225 2172 autem
245 2115 382 2172 Deum
408 2115 613 2187 qumrit,
632 2113 864 2169 nondum
895 2112 1052 2168 habet
1074 2112 1272 2167 Deum:
1296 2127 1399 2166 non
1431 2112 1587 2181 igitur

107 2210 269 2280 quisquis
286 2216 364 2263 aut
397 2208 530 2265 bene
559 2206 707 2271 vivit,
734 2215 825 2262 aut
850 2204 989 2275 quod
1019 2206 1128 2259 vult
1156 2204 1291 2259 Deus
1324 2203 1465 2268 facit,
1496 2214 1587 2261 aut

105 2300 273 2371 spiritum
290 2299 599 2355 itnmundum
626 2313 729 2354 non
748 2297 924 2362 habet,
942 2297 1193 2353 continuo
1212 2297 1374 2353 Deum
1392 2296 1587 2352 habere

105 2390 320 2447 credendus
341 2399 434 2447 est.
458 2389 555 2446 Hie
579 2404 702 2445 eum
723 2404 783 2445 se
809 2388 991 2445 exteri
1016 2387 1449 2444 concessionibus
1476 2388 1587 2443 suis

104 2480 278 2551 deceptos
296 2481 534 2549 ﬁderent,
567 2480 853 2552 postulavit
880 2466 1081 2543 mater,
1112 2493 1233 2535 enm
1258 2477 1347 2534 diu
1377 2477 1585 2549 stupida

103 2569 240 2637 luisset,
261 2582 309 2627 ut
331 2574 375 2629 ei
399 2572 495 2628 hoc
522 2573 698 2643 ipsum
724 2571 863 2642 quod
886 2569 1242 2626 conclusionis
1268 2569 1587 2625 necessitate

103 2659 234 2717 inerte
252 2662 462 2719 dixeram
481 2705 499 2730 ,
528 2662 845 2733 explicando
890 2661 1185 2718 relasarem
1212 2671 1372 2731 atque
1409 2660 1585 2718 solve-

101 2755 328 2823 ηυξ-0.»ηὰ
346 2772 458 2813 cum
488 2755 686 2811 factum
715 2763 858 2812 esset
890 2773 901 2809 :
926 2754 1031 2811 Sed
1057 2769 1233 2816 nemo.
1265 2753 1451 2824 inquit.
1470 2762 1583 2822 pot-

102 2854 153 2899 est
176 2848 403 2916 pervenire
424 2846 489 2904 ad
514 2847 704 2911 Deum,
733 2846 833 2901 nisi
858 2846 1019 2901 Deum
1046 2843 1333 2917 qumsierit.
1351 2842 1583 2914 Optime,

103 2935 261 3006 inquam.
277 2936 457 2997 Tamen
484 2941 573 3010 qui
613 2938 787 2994 adhuc
812 2936 1035 3010 qua-rit,
1066 2937 1301 2993 nondum
1325 2936 1394 2993 ad
1422 2938 1585 2993 Deum

103 3029 283 3094 perimit.
308 3031 496 3087 etiamsi
521 3030 663 3088 bene
691 3030 838 3086 vivit.
861 3028 976 3086 Non
1000 3029 1156 3101 igitur
1179 3028 1420 3101 quisquis
1448 3027 1587 3085 bene

102 3116 197 3180 vivit,
221 3118 356 3176 Deum
382 3120 559 3177 habet.
588 3119 737 3187 Mihi,
768 3120 971 3191 inquit,
998 3120 1205 3176 videtur
1234 3121 1400 3177 Deum
1426 3134 1587 3176 nemo

100 3205 368 3267 nonbabere:
393 3211 482 3267 sed
506 3227 635 3267 eum
659 3209 749 3282 qui
765 3210 901 3266 bene
916 3210 1063 3275 vivit,
1086 3209 1245 3265 habet
1266 3210 1584 3280 pmpitium;

98 3296 154 3364 qui
183 3298 312 3368 male,
339 3300 602 3358 intestato.
635 3300 768 3357 Male
811 3302 1001 3373 igitttr,
1050 3299 1296 3372 inquam,
1335 3300 1587 3358 hesterno

97 3387 153 3442 die
177 3393 481 3451 concessimus
509 3410 639 3451 eum
682 3393 894 3450 beatum
932 3408 1052 3450 esse
1075 3394 1163 3465 qui
1189 3397 1354 3449 Deum
1392 3394 1584 3453 habet:

98 3480 281 3551 siquidem
299 3487 456 3543 omnis
486 3487 653 3542 homo
683 3486 848 3542 Demn
875 3485 1054 3555 habet,
1082 3502 1178 3543 nec
1207 3495 1383 3543 tamen
1411 3488 1587 3545 omnis

100 3566 214 3626 homo
228 3574 374 3633 battis
389 3588 487 3633 est.
517 3576 675 3635 Adde
702 3591 847 3647 ergo.
878 3575 1065 3646 inquit,
1091 3577 1399 3649 propitium.

154 3659 394 3727 20.3mm
416 3710 432 3735 .
460 3671 710 3741 inquam,
752 3669 854 3724 hoc
892 3669 1029 3724 inter
1066 3684 1164 3724 nos
1192 3670 1321 3724 satis
1355 3677 1582 3736 constat,

98 3766 184 3807 eum
204 3755 368 3815 beatum
391 3776 512 3817 esse
531 3761 625 3832 qui
654 3758 810 3814 habet
834 3759 1115 3829 propitium
1140 3758 1341 3814 Deum?
1358 3757 1582 3825 Vellem,

96 3839 213 3914 inqut
246 3846 466 3922 Navigius
488 3892 505 3919 ,
556 3850 862 3906 consentire
897 3866 911 3903 :
953 3849 1046 3905 sed
1089 3849 1236 3905 illum
1277 3865 1464 3906 vereor
1495 3852 1586 3921 qui

95 3932 212 3992 adhuc
232 3942 419 4010 quaerit;
456 3941 756 4013 praesertim
797 3955 865 3996 ne
902 3940 1189 3996 concludas
1224 3940 1435 3996 beatum
1466 3956 1585 3997 esse

96 4022 402 4099 Academicum,
426 4032 515 4103 qui
544 4031 799 4087 hesterno
826 4044 1072 4086 sermone
1089 4071 1102 4095 ,
1132 4030 1332 4100 vulgari
1368 4030 1582 4100 quidem

93 4116 244 4173 ﬁnale
268 4119 414 4176 latino
431 4163 446 4183 .
471 4120 569 4177 sed
608 4120 881 4191 aptissimo
906 4134 1033 4175 sane
1051 4160 1069 4186 ,
1100 4125 1159 4174 ut
1199 4119 1327 4174 mihi
1356 4119 1580 4186 videtur,

95 4203 204 4259 mbo
229 4210 514 4267 cadumrius
553 4210 857 4265 nominatus
897 4218 999 4263 est.
1024 4206 1141 4263 Non
1182 4208 1322 4263 enim
1368 4223 1582 4278 possum

91 4290 213 4352 dicere
232 4298 408 4357 homini
436 4303 607 4358 Deum
634 4301 890 4373 qumrenti
918 4298 1197 4355 adversum
1230 4299 1393 4355 Deum
1421 4314 1541 4355 esse
1565 4318 1577 4355 :

92 4387 185 4454 quod
205 4391 243 4445 si
257 4390 348 4448 diei
369 4394 513 4450 nelas
538 4401 644 4458 est,
666 4391 923 4463 propitius
944 4392 1079 4455 erit;
1104 4398 1159 4445 et
1176 4390 1264 4460 qui
1295 4390 1579 4460 protritium

89 4473 205 4536 Deum
235 4482 403 4555 habet,
446 4487 636 4544 beatus
672 4494 772 4541 est.
816 4483 1013 4540 Beatus
1048 4497 1178 4554 ergo
1213 4482 1315 4538 erit
1357 4481 1446 4536 ille
1490 4480 1583 4552 qui

89 4574 439 4636 Mhomnis
468 4586 647 4634 autem
685 4591 929 4648 qua-rens
974 4576 1205 4631 nondum
1244 4573 1401 4630 habet
1442 4574 1582 4645 quod

88 4661 177 4718 Vult.
193 4664 288 4723 Erit
304 4668 453 4741 igitur
474 4671 663 4726 beatus
688 4669 847 4723 homo
865 4668 955 4738 qui
981 4666 1119 4737 quod
1140 4665 1250 4721 vult
1269 4680 1373 4720 non
1402 4663 1580 4730 habet,

88 4755 185 4821 (1ωά
203 4756 298 4815 beri
324 4764 470 4819 nobis
506 4761 751 4817 omnibus
784 4759 1061 4815 videbatur
1094 4756 1413 4820 absurdum;
1443 4755 1583 4812 unde

86 4845 361 4908 ﬁdebamus
394 4852 826 4909 Academicorum
866 4848 1109 4905 tenebras
1144 4862 1265 4903 esse
1295 4847 1580 4904 discussae.

85 4932 211 4999 0m
227 4939 321 5011 iam
344 4942 410 5000 de
439 4944 596 4999 nobis
636 4942 900 4999 Licentius
938 4938 1314 5010 trinmphabit;
1348 4940 1584 5011 mihique

84 5021 144 5079 illa
171 5026 347 5098 dulcia,
384 5051 501 5106 quae
539 5044 719 5089 contra
766 5031 1121 5088 valetudinem
1162 5046 1336 5087 meam
1385 5040 1585 5087 temere

84 5119 232 5189 δωφί,
257 5120 346 5178 has
366 5124 430 5179 de
450 5140 537 5179 me
562 5138 744 5195 pinnas
771 5122 1004 5194 exigere,
1033 5120 1183 5192 quasi
1213 5121 1444 5192 prudens
1468 5136 1583 5177 me-

83 5201 189 5263 dicus
209 5210 514 5270 admonebit.

130 5293 200 5352 9i.
224 5298 309 5357 llic
343 5319 462 5359 cum
495 5306 654 5360 etiam
701 5312 871 5359 mater
903 5302 1362 5373 arrisissetzEgo,
1396 5304 1583 5374 inquit,

1695 553 1851 633 .{tliud
1872 563 1970 617 est,
2001 558 2167 629 inquit
2193 569 2384 630 mater,
2406 564 2571 620 Deum
2603 558 2817 633 habere.
2844 571 2985 628 aliud
3015 590 3119 632 non
3145 592 3266 637 esse

1696 643 1811 699 sine
1841 645 1967 701 Deo.
1995 646 2131 715 Quid
2168 668 2323 724 ergo,
2366 654 2577 726 inquam
2596 698 2609 719 ,
2638 660 2823 713 nielins
2844 673 2951 728 est;
2976 676 3151 721 utrum
3176 668 3272 723 ha-

1696 734 1823 789 bere
1846 735 2032 803 Deum,
2059 754 2126 793 an
2158 757 2261 796 nou
2286 757 2408 800 esse
2433 745 2551 801 sine
2582 747 2722 801 Deo?
2750 750 3045 819 Quantum,
3081 756 3271 825 inquit,

1696 844 1911 900 possum
1945 830 2270 905 intelligere,
2303 836 2399 891 ista
2428 846 2512 893 est
2537 840 2796 895 sententia
2826 858 2941 899 mea
2973 848 3104 916 :qui
3140 849 3275 905 bene

1694 921 1856 989 vivit,
1896 921 2055 978 habet
2085 924 2272 990 Deum,
2300 926 2393 982 sed
2421 930 2737 998 propitium;
2763 934 2852 1003 qui
2901 936 3060 1001 male,
3116 939 3274 997 habet

1695 1011 1885 1076 Deum,
1913 1014 2005 1069 sed
2029 1014 2331 1071 adversum.
2358 1016 2457 1084 Qui
2485 1030 2660 1075 autem
2686 1022 2858 1079 adhuc
2887 1029 3095 1097 qumrit,
3134 1045 3272 1085 nun-

1696 1103 1928 1172 dumque
1957 1104 2191 1169 invenit,
2232 1121 2403 1176 neque
2447 1111 2727 1181 propitiant
2758 1129 2928 1183 neque
2965 1118 3267 1189 adversum,

1694 1192 1789 1249 sed
1817 1209 1922 1248 non
1949 1203 2030 1250 est
2053 1197 2168 1251 sine
2195 1196 2321 1251 Deo.
2351 1196 2614 1263 Haeccine,
2647 1202 2880 1272 inquam,
2909 1218 3079 1263 vestra
3108 1212 3270 1268 etiam

1692 1286 1953 1341 sententia
1973 1285 2089 1342 est?
2109 1286 2256 1343 [hinc
2273 1301 2393 1344 esse
2413 1287 2678 1345 dixerunt.
2704 1291 2867 1349 Dicite
2891 1296 3041 1365 mihi.
3062 1314 3270 1371 quaeso.

1693 1378 1907 1449 inquam
1939 1397 1952 1433 :
1984 1394 2089 1435 non
2116 1381 2265 1436 vobis
2300 1382 2508 1438 videtur
2532 1398 2653 1447 esse
2691 1385 2890 1442 homini
2920 1390 3057 1449 Deus
3095 1396 3275 1467 propi-

1694 1470 1799 1523 tius
1819 1470 1902 1524 cui
1930 1469 2101 1525 favet?
2121 1469 2255 1527 Esse
2274 1473 2503 1529 confessi
2529 1485 2672 1529 sunt.
2698 1474 2811 1531 Non
2835 1493 2990 1550 ergo,
3023 1481 3237 1554 inquam
3251 1528 3272 1554 ,

1692 1560 1831 1614 favet
1878 1560 2019 1615 Deus
2063 1564 2319 1632 quierenti
2366 1579 2488 1619 sese
2532 1563 2772 1621 homini?
2816 1568 3266 1640 Responderunt:

1692 1649 1876 1707 Favet.
1902 1652 2071 1709 liabet
2092 1656 2267 1726 igitur,
2300 1657 2533 1727 inquam,
2564 1658 2654 1729 qui
2684 1660 2847 1717 Deum
2873 1665 3080 1733 quaerit,
3104 1666 3274 1733 Deum

1693 1745 2014 1813 propitium;
2060 1756 2114 1801 et
2162 1750 2335 1802 omnis
2376 1750 2463 1819 qui
2524 1750 2684 1806 habet
2736 1752 2899 1809 Deum
2949 1760 3272 1833 propitium,

1692 1833 1880 1888 beatus
1903 1845 2005 1891 est.
2032 1836 2224 1891 Beatus
2248 1847 2333 1894 est
2361 1854 2490 1910 ergo
2509 1850 2562 1895 et
2584 1842 2671 1897 ille
2698 1845 2789 1913 qui
2819 1848 3026 1916 quaerit.
3054 1849 3153 1917 Qui
3178 1866 3275 1911 aII-

1693 1933 1800 1980 tem
1839 1928 2065 1997 quierit,
2115 1929 2349 1985 nondum
2394 1930 2551 1987 habet
2592 1937 2732 2004 quod
2776 1938 2904 1992 vult.
2949 1938 3066 1995 Erit
3112 1943 3273 2013 igitur

1691 2016 1877 2072 beatus
1898 2019 1987 2089 qui
2012 2020 2152 2089 quod
2194 2022 2305 2075 vult
2331 2038 2435 2076 non
2466 2023 2643 2080 habet.
2670 2025 2928 2096 Prorsus,
2958 2029 3127 2102 inquit
3153 2049 3272 2091 tua.

1693 2117 1793 2175 ter,
1826 2126 1930 2163 non
1976 2110 2104 2166 mini
2132 2112 2340 2168 videtur
2364 2115 2550 2171 beatus
2580 2132 2699 2173 esse
2731 2120 2821 2189 qui
2850 2122 2991 2190 quod
3015 2125 3127 2180 vult
3162 2142 3273 2185 non

1691 2200 1874 2257 habet.
1924 2203 2085 2275 Ergo,
2116 2205 2364 2276 inquam,
2408 2224 2511 2261 non
2551 2212 2726 2265 omnis
2770 2213 2858 2281 qui
2900 2214 3055 2271 habet
3102 2218 3270 2275 Deum

1691 2294 1998 2364 propitium,
2032 2296 2217 2350 beatus
2240 2305 2339 2351 est.
2366 2296 2423 2353 Si
2462 2298 2563 2355 hoe
2586 2301 2728 2371 cogit
2755 2303 2912 2368 ratio,
2945 2303 3131 2374 inquit,
3162 2324 3271 2373 non

1691 2399 1907 2455 possum
1939 2400 2153 2455 negare.
2186 2386 2289 2441 Ista
2320 2388 2508 2457 igitur,
2537 2389 2750 2460 inquam
2775 2434 2790 2459 ,
2819 2392 3119 2449 diswibutio
3143 2398 3264 2466 erit,

1691 2484 1751 2530 ut
1776 2478 1950 2532 omnis
1982 2478 2070 2548 qui
2102 2478 2213 2549 jam
2252 2479 2415 2534 Deum
2459 2480 2654 2536 invenit
2680 2492 2735 2537 et
2775 2484 3057 2553 propitium
3099 2486 3268 2551 Deum

1690 2564 1902 2632 habeat,
1929 2576 1981 2622 et
2008 2569 2192 2623 beatus
2218 2570 2287 2624 sit
2319 2588 2332 2623 :
2364 2572 2537 2626 omnis
2562 2581 2737 2627 autem
2763 2575 2852 2644 qui
2883 2575 3047 2630 Deum
3076 2580 3269 2647 quierit

1690 2659 1973 2729 prepitium
2002 2658 2166 2714 Deum
2194 2659 2406 2726 habeat,
2434 2661 2527 2717 sed
2553 2663 2786 2718 nondum
2806 2666 2876 2719 sit
2894 2665 3267 2739 beatus;jam.

1690 2764 1818 2805 vero
1845 2751 2082 2821 quisquis
2112 2751 2255 2805 vitiis
2296 2762 2455 2823 atque
2492 2756 2721 2823 peccatis
2750 2771 2780 2811 a
2822 2757 2929 2814 Deo
2954 2774 3013 2814 se
3048 2760 3265 2828 alienat.

1691 2858 1797 2897 non
1825 2842 1983 2897 modo
2006 2842 2191 2897 beatus
2228 2858 2334 2898 non
2361 2844 2465 2913 sit,
2506 2846 2600 2900 sed
2629 2861 2698 2902 ne
2742 2847 2850 2903 Deo
2886 2850 3100 2919 quidem
3128 2854 3271 2908 vivat

1690 2932 1935 3003 propitio.

1782 3021 1873 3078 22.
1904 3021 2056 3090 Quod
2099 3038 2218 3078 eum
2249 3023 2532 3095 placuisset
2572 3028 2815 3082 omnibus
2847 3048 2860 3083 :
2899 3029 3041 3084 Bene
3082 3030 3265 3099 habet,

1691 3115 1939 3186 inquam;
1968 3113 2063 3168 sed
2084 3113 2256 3169 adhuc
2275 3114 2405 3170 illud
2433 3131 2639 3183 vereor,
2670 3132 2738 3172 ne
2758 3133 2853 3173 vos
2881 3130 3091 3176 moveat
3122 3124 3267 3191 quod

1685 3206 1796 3277 jam
1819 3206 2063 3276 superius
2090 3220 2525 3262 concesseramus
2542 3248 2558 3272 ,
2594 3209 2847 3264 miserum
2885 3226 3003 3266 esse
3028 3215 3271 3283 quisquis

1690 3296 1880 3352 beatus
1904 3312 2012 3351 non
2032 3296 2101 3352 sit
2128 3314 2141 3349 :
2173 3298 2258 3350 cui
2284 3312 2617 3368 consequens
2634 3299 2736 3353 erit
2755 3314 2875 3354 esse
2898 3301 3149 3357 miserum
3174 3306 3271 3357 ho-

1689 3389 1886 3443 minem
1910 3388 2001 3458 qui
2029 3387 2310 3458 propitium
2338 3398 2482 3444 tenet
2507 3388 2693 3457 Deum,
2722 3406 2879 3460 quem
2898 3392 3072 3448 adhuc
3100 3394 3265 3450 Deum

1691 3488 2014 3551 quaerentem
2057 3480 2291 3535 nondum
2330 3479 2560 3535 diximus
2592 3496 2712 3537 esse
2739 3481 2971 3538 beatum.
3000 3486 3081 3540 An
3118 3500 3265 3553 vero,

1691 3570 1833 3643 quod
1863 3572 1938 3626 ait
1965 3571 2189 3635 Tullius,
2231 3571 2519 3625 multorum
2554 3572 2605 3627 in
2638 3574 2792 3627 terris
2822 3574 3140 3643 praediorum
3169 3576 3267 3631 do-

1690 3664 1865 3718 minos
1890 3663 2084 3719 divites
2109 3663 2475 3734 appellamus;
2507 3665 2741 3719 omnium
2770 3666 3019 3721 virtutum
3050 3683 3266 3737 posscs-

1688 3769 1840 3811 seres
1866 3770 2125 3825 pauperes
2146 3756 2535 3810 nominabimus
2550 3756 2573 3810 ?
2590 3755 2694 3812 Sed
2720 3756 2844 3811 illud
2874 3759 3063 3822 videte.
3089 3772 3266 3817 utrum

1689 3847 1956 3918 quomodo
1986 3863 2169 3902 verum
2213 3856 2296 3902 est
2322 3848 2463 3917 quod
2489 3848 2663 3903 omnis
2700 3864 2861 3919 egens
2888 3852 3049 3906 miser
3072 3853 3169 3918 sit,
3196 3854 3266 3907 ita

1688 3936 1758 3993 sit
1783 3953 1967 3993 verum
1996 3938 2137 4008 quod
2167 3938 2342 3992 omnis
2368 3938 2530 3992 miser
2558 3949 2728 4009 egeat.
2762 3939 2834 3994 Ita
2873 3941 3014 3995 enim
3041 3943 3144 3996 erit
3170 3957 3263 3997 ve-

1687 4043 1828 4095 rum,
1856 4027 1987 4083 nihil
2005 4027 2147 4081 aliud
2176 4042 2295 4082 esse
2319 4026 2584 4082 miseriam
2611 4044 2767 4097 quam
2789 4038 3098 4099 egestatem,
3122 4032 3263 4102 quod

1687 4136 1775 4178 me
1804 4136 1965 4182 nunc.
1994 4135 2113 4175 eum
2140 4120 2437 4186 diceretur,
2471 4119 2684 4174 laudare
2719 4120 2979 4176 sensistis.
3021 4122 3133 4177 Hoc
3170 4139 3265 4179 au-

1687 4221 1797 4269 tem
1827 4210 1985 4268 hodie
2014 4213 2226 4281 longum
2256 4221 2339 4267 est
2374 4222 2431 4265 ut
2468 4226 2803 4282 quaeramus;
2842 4228 3007 4283 quare
3046 4225 3169 4284 peto
3194 4232 3263 4272 ne

1686 4304 1899 4359 fastidio
1924 4303 2073 4358 vobis
2096 4304 2165 4358 sit
2192 4302 2257 4357 ad
2283 4304 2435 4357 istam
2465 4317 2700 4357 mensam
2726 4318 2847 4358 cras
2873 4305 3031 4359 etiam
3070 4321 3264 4363 conveo

1687 4395 1823 4449 nire.
1854 4392 2006 4462 Quod
2034 4408 2153 4448 eum
2182 4406 2370 4448 omnes
2394 4406 2453 4448 se
2484 4391 2830 4448 libentissime
2867 4393 3062 4451 habere
3095 4396 3260 4453 dixis-

1686 4496 1827 4552 sent,
1854 4486 2198 4540 surreximus.

1686 4575 1913 4632 CAPUT
1954 4575 2040 4629 IV.
2077 4603 2148 4616 -—-
2184 4573 2473 4642 Disputatio
2515 4573 2673 4627 tertii:
2712 4574 2830 4628 diei.
2865 4574 2943 4629 De
2990 4579 3264 4645 quastione

1758 4667 1921 4740 pridie
1948 4667 2205 4738 proposita
2230 4664 2512 4719 dicendum.
2544 4663 2703 4718 Miser
2731 4674 2806 4719 est
2837 4667 2999 4719 atmiis
3021 4668 3109 4739 qui
3132 4681 3258 4740 eget.

1760 4758 1979 4829 Sapiens
2005 4774 2155 4829 porro
2181 4756 2351 4826 aliqua
2392 4772 2492 4809 non
2534 4764 2659 4826 eget.
2689 4756 2767 4810 An
2801 4758 2963 4813 omnis
2989 4760 3076 4828 qui
3113 4761 3263 4818 miser

1686 4852 1699 4917 ί
1757 4857 1864 4913 est,
1895 4855 2053 4917 egeat.
2086 4846 2253 4899 Animi
2278 4854 2486 4916 egestas.
2517 4844 2685 4897 Animi
2714 4844 2991 4916 plenitudo.
3026 4849 3147 4915 Quis
3173 4851 3262 4906 de—

1758 4954 1897 4993 mum
1922 4938 1987 4991 sit
2016 4938 2205 4992 beatus.

1758 5032 1848 5086 25.
1881 5029 2094 5086 Tertius
2112 5038 2288 5083 autem
2317 5027 2431 5083 dies
2454 5028 2823 5097 disputationis
2846 5041 3061 5095 nostrae,
3090 5046 3234 5091 matn

1688 5124 1829 5182 tinas
1850 5124 2015 5177 nubes
2040 5136 2158 5193 quae
2183 5135 2281 5175 nos
2317 5120 2576 5190 cogebant
2599 5120 2651 5174 in
2690 5121 2931 5190 balneas,
2970 5124 3271 5196 dissipavit,

1690 5226 2005 5286 tempusque
2053 5211 2473 5284 pomeridianum
2528 5210 2961 5269 candidissimum
3016 5216 3268 5273 reddidit.

1693 5311 1898 5367 Placuit
1931 5322 2061 5379 ergo
2087 5307 2138 5361 in
2172 5306 2359 5376 pratuli
2405 5305 2696 5375 propinqua
2726 5304 3072 5373 descendere,
3110 5318 3271 5377 atquo

85 5379 321 5459 insutus.
351 5411 454 5451 non
483 5395 716 5452 concedo
740 5396 990 5451 continuo
1010 5395 1175 5451 Deum
1206 5395 1474 5450 adversari
1503 5396 1588 5451 cui
1695 5402 1941 5459 omnibus
1969 5400 2124 5455 nobis
2151 5397 2237 5453 ubi
2264 5397 2603 5452 commodum
2636 5397 2807 5451 visum
2837 5408 2918 5453 est
2941 5397 3269 5451 considentio

85 5488 160 5531 non
178 5480 232 5536 sit
253 5488 529 5557 propitius,
556 5486 645 5543 sed
678 5502 798 5542 esse
824 5485 1018 5557 aliquid
1058 5484 1289 5542 medium
1318 5496 1462 5551 puto.
1490 5486 1584 5540 Cui

1699 5497 1815 5561 bus,
1844 5495 2077 5563 reliquus
2096 5491 2166 5546 ita
2193 5506 2372 5546 sermo
2399 5500 2639 5559 peractus
2665 5498 2763 5543 est.
2791 5486 2976 5542 Omnia
3004 5500 3157 5552 pene,
3187 5488 3271 5541 iu-

85 5579 186 5636 080:
210 5571 350 5633 Istum
380 5587 554 5637 tamen
592 5579 893 5645 hominem,
930 5580 1171 5648 inquam,
1205 5577 1434 5633 melium
1456 5618 1471 5640 .
1503 5577 1591 5632 cui
1697 5603 1856 5659 quam
1878 5628 1894 5653 ,
1932 5602 2050 5657 qua:
2078 5582 2421 5652 interroganti
2463 5580 2588 5634 mihi
2621 5578 2834 5634 concedi
2869 5591 2899 5629 a
2924 5575 3074 5627 vobis
3106 5577 3268 5644 volui,

86 5662 297 5722 “tenens
337 5670 589 5740 propitius
617 5679 699 5724 est
742 5684 839 5724 nec
877 5668 1098 5723 infestus
1121 5708 1135 5730 ,
1176 5668 1339 5722 Deum
1379 5682 1592 5738 quoquo
1700 5678 1871 5733 habeo
1894 5691 1954 5729 ac
1986 5684 2177 5730 teneo:
2205 5688 2368 5742 quare
2412 5670 2667 5723 hodierno
2704 5667 2821 5724 die.
2864 5678 2969 5729 quo
3006 5665 3270 5729 possimus

86 5750 206 5806 ωαιο
241 5757 423 5815 habere
462 5759 747 5815 concedis?
780 5760 871 5815 llic
928 5776 1049 5817 cum
1086 5760 1173 5816 ille
1213 5767 1591 5815 cunctaretur:
1700 5769 1913 5826 tandem
1935 5767 2036 5821 huc
2066 5773 2300 5819 nostrum
2328 5761 2621 5816 convivium
2652 5754 2829 5822 aliquo
2856 5750 3134 5806 intervallo
3151 5752 3269 5810 die.

128 5863 339 5925 im
358 5879 483 5931 Μελ,
516 5869 717 5922 pultibus
736 5869 889 5923 cessa,
1709 5877 1825 5919 rum
1853 5859 2196 5928 distinguere,
2228 5862 2320 5907 aut
2344 5851 2509 5915 nihil,
2546 5856 2635 5901 aut
2671 5859 2775 5898 non
2804 5840 3024 5893 multum
3052 5845 3187 5911 erit,
3217 5855 3271 5910 ω

306 5952 505 6016 Βωοτ
540 5999 553 6014 .
604 5956 869 6014 Αυουετ.
914 5954 940 6014 Ι
1471 6014 1474 6016 λ

2556 5936 3031 6015 (Tremo-une.)
