3804 6408
185 463 262 520 973
1542 433 1741 514 [ΔιςἘῆ
1781 425 1976 515 υΰέυέ.

183 553 404 610 Licentius
442 549 592 603 ltetus
621 546 918 601 exclamans
961 564 972 600 :
1020 542 1278 609 Prorsus,
1331 546 1520 614 inquit,
1561 547 1695 604 nihil

179 646 336 704 verius,
358 640 474 694 nihil
496 637 719 693 divinius
745 632 845 692 dici
872 637 1057 706 potuit.
1083 633 1215 691 Nam
1245 643 1296 690 et
1317 636 1486 705 major
1511 646 1571 714 et
1593 637 1694 718 mi-

179 729 409 789 serabilior
429 723 636 799 egestas
665 723 803 781 nulla
832 737 929 788 est,
958 723 1115 796 quam
1144 735 1299 796 egere
1325 728 1614 798 sapientia;
1643 738 1698 784 et

178 805 494 895 quisapieiitia
521 815 627 872 non
653 826 792 888 eget.
821 815 964 871 nulla
985 811 1043 871 re
1071 815 1287 872 omnino
1309 833 1464 888 egere
1501 813 1692 888 potest.

226 913 302 970 ιε.
337 911 427 966 Bst
462 905 590 980 ergo
629 909 788 963 animi
826 919 1055 979 egestas,
1094 908 1340 978 inquam,
1387 905 1520 964 nihil
1557 907 1696 963 aliud

175 1017 299 1076 quam
321 997 550 1057 Stultitia.
586 999 704 1054 llaec
737 1008 816 1053 est
854 999 991 1053 enim
1026 999 1292 1053 'contraria
1319 999 1612 1072 sapientia),
1643 1007 1699 1054 et

176 1085 228 1150 ita
247 1092 483 1149 Contraria
511 1103 571 1145 ut
596 1105 739 1145 mors
761 1088 902 1155 vitm,
934 1097 994 1144 ut
1015 1082 1170 1144 beata
1198 1089 1300 1144 vita
1332 1089 1573 1152 miserae;
1598 1089 1697 1163 hoc

175 1169 386 1247 sitit:
417 1179 595 1251 aliquo
629 1179 824 1234 medio.
865 1177 998 1233 Nam
1043 1187 1099 1232 ut
1137 1179 1310 1232 omnis
1359 1193 1463 1232 non
1509 1177 1696 1233 beatus

174 1273 475 1330 mulier
495 1279 598 1338 est,
625 1267 900 1340 omnisque
928 1268 1087 1324 homo
1117 1285 1220 1323 non
1248 1278 1489 1323 mortuus
1527 1268 1692 1335 vivit;

173 1365 230 1422 sic
251 1359 440 1420 inanem
625 1362 843 1418 stultum
874 1361 1208 1416 manifestum
1236 1371 1316 1416 est
1341 1376 1459 1417 esse
1485 1362 1696 1431 sapien-

159 1445 366 1511 Ἐκ
392 1457 494 1525 quo
517 1463 575 1510 et
605 1453 734 1509 illud
759 1452 866 1524 jam
890 1452 1010 1506 licet
1040 1453 1239 1516 videre,
1269 1467 1372 1505 non
1401 1468 1466 1506 ex
1487 1469 1550 1505 eo
1576 1461 1695 1506 tan-

173 1560 257 1602 tum
281 1546 502 1617 Sergium
529 1545 744 1599 Oratam
777 1543 935 1597 fuisse
964 1543 1213 1595 miserum
1234 1583 1249 1608 ,
1291 1541 1430 1610 quod
1479 1541 1697 1595 timebat

170 1647 222 1694 ne
253 1639 454 1694 iuuante
485 1638 572 1692 illa
619 1645 836 1691 munera
875 1636 1162 1699 amitte-ret,
1203 1633 1296 1687 sed
1344 1635 1465 1704 quia
1504 1633 1695 1687 stultus

171 1737 277 1785 erat.
297 1729 407 1796 Quo
449 1729 508 1781 ut
552 1735 610 1782 ut
651 1727 897 1781 miserior
925 1733 1088 1788 esset,
1117 1725 1161 1778 si
1195 1733 1299 1776 tam
1325 1723 1566 1793 pendulis
1594 1738 1694 1777 nu-

169 1821 457 1890 uatibusque
482 1820 548 1874 iis
571 1833 692 1888 qum
724 1819 860 1873 bena
901 1816 1149 1886 putabat,
1183 1817 1311 1869 nihil
1342 1817 1558 1870 omnino
1583 1829 1698 1870 me-

170 1912 334 1967 tuisset.
370 1909 521 1965 Esset
562 1911 706 1965 enim
760 1920 862 1964 non
918 1907 1238 1962 fortitudinis
1283 1907 1554 1968 excubiis,
1601 1905 1694 1960 sed

175 2002 531 2069 utentis-sopore
561 1997 818 2064 securior,
848 2007 903 2052 et
930 1998 1115 2051 altiore
1157 1997 1376 2050 stultitia
1419 1997 1696 2050 demersus

165 2093 308 2147 miser.
332 2095 394 2146 At
413 2095 457 2146 si
479 2093 657 2147 omnis
676 2092 763 2161 qui
786 2100 927 2144 caret
951 2089 1209 2159 sapient-ia
1232 2101 1475 2157 magnam
1505 2089 1696 2156 patitur

169 2189 425 2254 egestatem,
453 2185 738 2253 manisque
776 2181 993 2251 campos
1035 2181 1306 2250 sapientia:
1345 2180 1509 2233 nihilo
1538 2183 1692 2248 eget,

169 2277 360 2345 sequitur
385 2282 440 2329 ut
462 2275 684 2329 stultitia
706 2275 776 2328 sit
798 2281 1022 2342 egestas.
1051 2271 1120 2326 Ut
1146 2280 1318 2325 autem
1350 2270 1522 2323 omnis
1562 2269 1695 2322 stul-

169 2375 230 2421 tu
248 2368 406 2433 miser,
436 2367 506 2421 ita
534 2367 711 2422 omnis
734 2365 896 2419 miser
916 2364 1106 2417 Stultus
1134 2372 1231 2417 est.
1264 2361 1398 2442 Ergo
1429 2371 1485 2415 ut
1526 2362 1697 2415 omnis

169 2465 330 2527 egestas
359 2457 589 2521 miseria,
617 2457 689 2511 ita
712 2453 885 2510 omnis
914 2453 1125 2508 miseria
1169 2462 1375 2522 egestas
1420 2453 1538 2507 csSe
1561 2465 1692 2507 con-

168 2549 365 2604 vincitur.

213 2665 285 2720 29.
308 2655 464 2732 Quam
494 2659 900 2718 concluSionem
939 2649 1215 2746 Trygetius
1252 2673 1371 2713 eum
1409 2675 1467 2714 se
1509 2655 1691 2744 parum

165 2755 434 2810 intellexisse
454 2753 664 2809 diceret
694 2771 708 2808 :
734 2751 865 2821 Quid
883 2794 897 2814 ,
925 2753 1133 2818 inquam
1152 2791 1166 2816 ,
1195 2751 1330 2805 inter
1365 2765 1462 2803 nos
1489 2752 1695 2805 ratione

163 2845 394 2901 wnvenit?
445 2845 585 2900 Eum
628 2839 813 2914 egere,
866 2833 1053 2912 inquit,
1098 2843 1184 2914 qui
1235 2842 1544 2914 sapientiam
1588 2845 1694 2895 non

163 2935 330 2993 habeat.
354 2935 482 3005 Quid
519 2943 612 2992 est
653 2923 779 3005 ergo
799 2977 814 3000 ,
843 2936 1053 3004 inquam
1074 2976 1087 2999 ,
1115 2932 1304 3004 egere?
1327 2931 1651 3004 Sapientiam
1676 2975 1691 3008 ,_

165 3027 310 3099 inquit,
334 3045 427 3083 non
451 3029 679 3084 habere.
706 3026 840 3094 Quid
870 3035 970 3086 est,
997 3025 1231 3094 inquam,
1256 3025 1562 3092 sapientiam
1591 3042 1693 3079 non

163 3113 351 3174 habere?
370 3119 459 3173 Hic
487 3135 615 3173 cum
647 3125 862 3181 taceret,
889 3131 1064 3169 nonne
1087 3115 1185 3168 hoc
1206 3125 1304 3178 est,
1332 3116 1565 3186 inquam,
1605 3117 1698 3170 ha-

163 3208 262 3266 bere
284 3193 591 3266 stultitiam?
622 3210 753 3274 lloc,
787 3211 970 3278 inquit.
1003 3207 1137 3261 Nihil
1167 3217 1246 3260 est
1278 3221 1401 3278 ergo
1429 3207 1589 3274 aliud,
1619 3209 1698 3264 in-

165 3314 304 3370 quam,
330 3301 516 3358 habere
572 3307 878 3370 egestatem,
931 3311 1088 3367 quam
1137 3297 1446 3364 stultitiam;
1494 3313 1554 3351 ex
1592 3295 1696 3369 quo

165 3390 245 3458 iam
263 3407 456 3448 necesse
485 3403 577 3447 est
609 3401 895 3460 egestatem
918 3389 1020 3442 alio
1040 3389 1200 3443 verbo
1227 3389 1505 3453 neminari,
1531 3406 1695 3459 quan-

170 3477 220 3536 do
250 3483 438 3538 stultitia
483 3483 812 3539 nominatur.
859 3479 1166 3550 Quanquam
1208 3479 1385 3532 nescio
1433 3479 1695 3549 quoniodo

176 3569 368 3640 (litanias,
395 3575 572 3631 liabet
603 3581 906 3643 egestatem,
932 3584 1040 3636 aut,
1070 3571 1226 3626 habet
1250 3571 1541 3626 stultitiam.
1567 3571 1694 3628 Tale

177 3657 356 3720 estétlim
375 3681 435 3722 ac
455 3667 502 3721 si
523 3667 705 3721 lecum
737 3665 983 3734 aliquem,
1014 3662 1100 3733 qui
1139 3662 1336 3715 lumine
1370 3671 1583 3728 careat,
1613 3662 1692 3716 di-

171 3765 307 3809 camus
338 3756 527 3813 habere
569 3755 815 3810 tenebras
845 3771 858 3807 :
892 3754 1032 3824 quod
1065 3753 1192 3806 nihil
1236 3760 1316 3806 est
1355 3751 1491 3806 aliud
1533 3741 1691 3822 quam

167 3841 300 3916 lumen
326 3862 424 3901 non
453 3847 680 3902 habere.
728 3845 839 3916 Non
869 3845 1010 3898 enim
1043 3843 1274 3916 tenebra:
1302 3841 1449 3910 quasi
1479 3844 1695 3898 veniunt

164 3944 229 4010 tul
251 3915 513 4010 recedunt;
551 3938 643 4010 sed
673 3915 854 3994 carere
888 3935 1088 3990 lumine
1130 3935 1229 3988 hoc
1257 3934 1428 4002 ipsum
1470 3942 1553 3986 est
1583 3933 1693 4002 jam

163 4003 448 4102 tenebrosum
469 4007 695 4104 esse,_ttt
717 4043 898 4098 carere
921 4037 1070 4082 veste
1091 4025 1191 4092 hoc
1219 4039 1299 4081 est
1329 4044 1447 4086 esse
1471 4028 1689 4088 nudum.

159 4110 245 4196 Non
286 4121 607 4194 enimveste
635 4118 918 4194 accedente
946 4118 1104 4172 veluti
1145 4118 1314 4188 aliqua
1360 4136 1447 4176 res
1485 4120 1693 4176 mobilis

160 4187 330 4262 anilitas
348 4187 491 4282 fugit.
520 4187 614 4265 Sic
637 4191 764 4284 ergo
781 4210 1003 4266 dicimus
1027 4187 1251 4278 aliquem
1273 4209 1471 4268 habere
1488 4223 1693 4282 egesta-

159 4304 263 4370 tem,
283 4303 425 4376 quasi
451 4302 696 4377 dicamus
724 4299 916 4366 habere
956 4300 1261 4366 nuditatem.
1303 4300 1522 4374 Egestas
1551 4302 1690 4358 enim

162 4389 338 4446 Verbum
366 4373 592 4464 estnon
626 4391 874 4466 habendi.
907 4390 1282 4458 Quamobrem,
1321 4373 1378 4445 ut
1401 4391 1541 4461 quod
1570 4392 1692 4448 volo

157 4479 375 4558 explicem
392 4485 802 4558 sicutpossum,
849 4483 920 4551 ita
943 4482 1151 4550 dicitur,
1177 4481 1346 4546 Habet
1370 4491 1690 4552 egestatem;

160 4572 279 4642 quasi
297 4553 514 4640 dieatur,
537 4553 716 4648 Habet
739 4588 844 4646 ηομ
885 4572 1098 4648 Ικιᾳὶκιισρ.
1127 4572 1323 4642 ltaque,
1347 4573 1391 4628 si
1415 4573 1691 4636 stultitiam

159 4651 294 4738 ipsam
317 4680 494 4738 veram
533 4674 593 4738 et
637 4647 834 4724 certam
881 4671 1170 4738 egestatem
1196 4678 1314 4724 esse
1337 4672 1689 4726 monstratum

160 4741 239 4826 est,
387 4755 508 4838 jam,
523 4733 1047 4838 ᾖυξξιειὶριμεῐιι,ψιεμηΖ
1061 4769 1489 4826 susceperamus,
1512 4762 1688 4816 utrum

159 4833 314 4910 soluta
338 4847 422 4900 sit.
467 4833 817 4902 ﬁdhitahatur
858 4846 999 4914 enim
1039 4845 1175 4899 inter
1201 4858 1298 4899 nos
1323 4885 1339 4912 ,
1369 4853 1542 4902 utrum
1568 4859 1692 4900 cum

159 4931 509 5006 Ippellaremus
538 4938 836 5010 miseriam,
875 4936 1009 4991 nihil
1047 4935 1186 4989 aliud
1217 4951 1373 5006 quam
1401 4945 1690 5004 egestatem

157 5023 536 5084 nominaremus.
565 5030 816 5085 Dedimus
848 5040 1022 5084 autem
1053 5028 1328 5102 rationein,
1353 5038 1493 5083 recte
1520 5028 1696 5090 stulti-

156 5110 262 5180 llam
300 5115 472 5196 vecari
516 5131 822 5192 egestatem.
868 5121 1014 5176 Sicut
1049 5137 1174 5188 ergo
1207 5129 1260 5178 ct
1295 5121 1467 5176 onmis
1499 5121 1693 5176 stultus

157 5207 308 5292 miser,
333 5223 386 5293 et
404 5193 577 5294 omnis
599 5215 973 5288 miserstultus
996 5222 1110 5278 est;
1143 5216 1212 5268 ita
1244 5228 1463 5270 necesse
1488 5221 1691 5269 estnon

157 5283 300 5355 toluni
322 5283 530 5372 omnem
554 5283 815 5377 quiegeat
843 5306 1124 5374 miserum,
1164 5303 1269 5372 sed.
1297 5305 1454 5364 etiam
1481 5320 1690 5366 onmem

156 5388 228 5457 qui
246 5389 395 5449 miser
417 5396 485 5450 sit
512 5375 749 5466 egentem
772 5411 888 5451 esse
914 5395 1188 5450 fateamur.
1210 5395 1279 5450 At
1304 5395 1351 5450 si
1375 5410 1438 5449 ex
1468 5410 1531 5451 eo
1551 5393 1693 5464 quod

157 5488 379 5564 etpmnis
400 5490 590 5560 Stultus
615 5489 774 5558 miser
797 5497 897 5553 est,
915 5498 966 5542 ct
987 5488 1158 5544 omnis
1186 5487 1345 5548 miser
1372 5487 1568 5540 stultus.
1588 5494 1688 5549 est,

156 5559 399 5638 conicitur
431 5559 711 5633 stultitiam
748 5594 866 5635 esse
911 5579 1210 5642 miseriam;
1248 5592 1342 5631 cur
1382 5592 1483 5629 non
1523 5591 1585 5629 ex
1627 5589 1692 5630 eo

300 5672 613 5748 et,_quisqttis
655 5684 771 5741 eget
809 5673 996 5735 miser,
1043 5681 1096 5726 et
1128 5671 1365 5741 quisquis
1411 5660 1568 5723 miser
1611 5677 1692 5722 est

159 5753 302 5828 θεώ,
331 5762 462 5817 nihil
487 5763 626 5817 aliud
657 5763 915 5817 miseriam
937 5778 1090 5832 quam
1113 5772 1393 5832 egestatem
1428 5776 1484 5811 es
1515 5775 1544 5813 ρ
1567 5778 1692 5812 ron-

155 5841 334 5908 lif‘i'ihfis
347 5855 374 5907 Ἰ

3269 471 3374 528 976

1873 551 1959 606 50.
1993 551 2139 619 Quod
2183 571 2300 608 eum
2349 573 2534 612 οιι-,ιιοε
2577 561 2646 612 ita
2702 541 2819 616 esse
2871 543 3204 619 faterentur:
3238 565 3373 620 illud

1799 645 1928 710 jam,
1965 644 2195 711 inquam,
2223 635 2474 722 sequitur,
2509 661 2564 702 ut
2594 651 2862 716 videamus
2890 655 3006 726 quis
3045 671 3150 710 non
3179 667 3368 730 egeat;

1801 733 1843 787 is
1874 734 2011 788 enim
2038 736 2138 790 erit
2163 739 2372 806 sapiens
2398 751 2448 793 et
2477 735 2679 797 beatus.
2713 741 2927 814 Egestas
2952 756 3125 799 autem
3153 747 3372 804 stultitia

1801 837 1906 888 est,
1940 830 2291 898 cgestalisque
2322 846 2511 886 numen
2546 852 2559 887 :
2594 834 2689 889 hoc
2717 846 2892 914 autem
2923 839 3140 893 verbum
3180 835 3372 894 sterili-

1779 907 1961 971 tatem
1993 921 2270 988 quamdam
2304 930 2355 975 et
2391 923 2618 993 inopiam
2658 927 2789 982 solet
2828 907 3142 1004 significare.
3182 933 3370 988 Atten-

1799 997 1926 1073 dlte,
1955 1025 2155 1079 qumso,
2184 1010 2362 1074 altius,
2389 1026 2580 1083 quanta
2608 1033 2731 1090 cura
2760 1021 3046 1090 priscorum
3072 1001 3369 1098 hominum,

1799 1098 1910 1152 sive
1938 1100 2134 1164 omnia,
2165 1101 2278 1156 sive
2307 1104 2443 1172 quod
2472 1106 2799 1161 manifestum
2823 1120 2923 1176 est,
2947 1113 3184 1181 qumdain
3213 1117 3370 1172 verba

1799 1181 1974 1245 creata
2021 1203 2164 1260 sunt,
2197 1205 2376 1248 earum
2419 1210 2594 1250 rerum
2637 1199 2861 1256 maxime
2889 1218 3108 1272 quarum
3137 1217 3253 1262 erat
3279 1225 3373 1263 no-

1801 1279 1911 1334 titia
1942 1284 2356 1350 pernecessaria.
2386 1283 2499 1340 Jam
2526 1289 2664 1341 enim
2687 1292 2971 1349 conceditis
2995 1310 3206 1352 omnem
3235 1280 3370 1354 stul-

1801 1381 1909 1427 tum
1940 1388 2126 1443 egere,
2159 1385 2212 1429 et
2240 1390 2449 1430 omnem
2476 1379 2563 1448 qui
2591 1389 2740 1450 egeat
2779 1382 2992 1438 stultum
3020 1402 3136 1442 esse
3169 1408 3182 1444 :
3213 1392 3372 1446 credo

1797 1475 1894 1517 vos
1921 1465 2079 1517 etiam
2123 1465 2416 1520 concedere
2440 1470 2672 1522 animum
2703 1471 2919 1527 stultum
2947 1491 3062 1531 esse
3091 1478 3332 1535 vitiosum
3354 1523 3370 1550 ,

1799 1556 2083 1626 omniaque
2120 1556 2280 1613 animi
2320 1561 2445 1614 vitia
2493 1578 2598 1615 uno
2638 1563 2873 1622 stultitia:
2906 1568 3116 1622 nomine
3154 1571 3372 1628 includi.

1799 1647 1976 1701 Primo
1994 1659 2167 1704 autem
2187 1649 2272 1708 die
2293 1653 2449 1723 hujus
2471 1655 2840 1723 disputationis
2866 1669 3061 1715 nostra:
3089 1665 3375 1733 nequitiam

1798 1736 2100 1792 dixeramus
2127 1755 2245 1795 esse
2270 1743 2337 1797 ab
2367 1759 2429 1797 eo
2455 1744 2650 1799 dictam
2679 1749 2817 1816 quod
2848 1765 2943 1804 nec
2969 1752 3250 1823 quidquam
3272 1757 3372 1824 sit,

1797 1827 1881 1880 eui
1912 1831 2230 1884 contrariam
2253 1832 2810 1906 frugalitatcmafruge
2833 1837 2997 1894 fuisse
3026 1843 3370 1899 nominatam.

1798 1917 1936 1987 Ergo
1954 1918 2003 1971 in
2023 1918 2085 1972 iis
2102 1920 2307 1974 duobus
2323 1925 2601 1979 contrariis
2624 1966 2640 1992 ,
2666 1926 2764 1980 hoc
2789 1938 2868 1982 est
2891 1927 3186 2000 frugalitate
3210 1942 3372 2005 atque
3459 1930 3464 1936 ’

1799 2007 2051 2077 nequitia,
2087 2009 2173 2063 illa
2203 2011 2306 2065 duo
2334 2013 2577 2068 videntur
2599 2017 2854 2083 eminere,
2877 2035 2996 2075 esse
3017 2031 3070 2077 et
3099 2038 3201 2079 non
3233 2041 3372 2082 esse.

1800 2099 2028 2168 ligestati
2052 2109 2228 2156 autem
2256 2103 2321 2157 de
2343 2121 2441 2172 qua
2462 2107 2683 2174 quinstio
2712 2117 2814 2176 est,
2840 2112 2962 2180 quid
2990 2123 3230 2181 putamus
3257 2097 3378 2173 esse

1799 2191 2156 2247 contrarium?
2197 2194 2291 2249 llic
2335 2193 2452 2250 eum
2498 2197 2821 2268 aliquantum
2869 2215 3245 2263 cunctarentur
3276 2227 3292 2268 :
3319 2189 3376 2268 Si

1801 2281 1969 2337 dicam
1993 2327 2006 2351 ,
2038 2285 2205 2354 inquit
2234 2275 2532 2356 Trygetius,
2564 2289 2808 2359 divitias;
2837 2293 2991 2348 video
3035 2295 3116 2350 his
3144 2279 3373 2369 pauper-

1801 2381 1958 2428 tatem
1990 2391 2108 2430 esse
2137 2381 2476 2433 contrariam.
2508 2377 3371 2458 Estquideni,iuquam,vicinum.

1799 2463 1929 2518 Nam
1961 2479 2240 2536 paupertas
2268 2480 2322 2524 et
2358 2479 2566 2541 egestas
2603 2489 2762 2528 unum
2811 2486 2970 2546 atque
3021 2479 3160 2534 idem
3205 2485 3375 2556 accipi

1801 2554 1990 2610 solent.
2016 2556 2214 2615 Tamen
2242 2560 2381 2615 aliud
2402 2563 2618 2617 verbum
2644 2564 3012 2622 inveniendum
3039 2578 3139 2631 est,
3173 2589 3237 2626 ne
3264 2554 3378 2630 me—

1802 2647 1916 2702 liori
1951 2650 2087 2718 parti
2127 2649 2265 2705 desit
2303 2667 2466 2705 unum
2509 2655 2842 2718 vocabulum,
2878 2666 2934 2711 ut
2972 2663 3091 2713 eum
3123 2660 3207 2714 illa
3254 2678 3376 2731 pars

1798 2742 2124 2810 paupertatis
2144 2752 2202 2802 at
2222 2731 2474 2816 egestatis
2499 2749 2714 2804 nomine
2740 2733 2994 2818 abundet,
3021 2767 3088 2808 ex
3110 2753 3208 2810 hac
3227 2765 3375 2825 parte

1800 2831 1970 2888 solum
1991 2843 2287 2902 opponatur
2306 2835 2606 2891 divitiarum
2633 2853 2849 2894 nomen.
2866 2840 3005 2895 Nihil
3026 2844 3165 2898 enim
3190 2846 3376 2901 absur-

1799 2923 1917 2977 dius
1939 2940 2092 2994 quam
2122 2935 2178 2980 ttt
2204 2925 2289 2981 hic
2314 2930 2381 2981 sit
2409 2940 2617 2999 egestas
2646 2932 2907 3000 vocabuli,
2938 2935 3024 2989 ubi
3054 2945 3134 2991 est
3157 2946 3371 2994 contra-

1800 3015 1874 3068 ria
1904 3030 2024 3084 pars
2052 3019 2288 3086 egestati.
2334 3019 2606 3074 Plenitudo
2628 3063 2641 3084 ,
2681 3022 2853 3092 inquit
2880 3025 3163 3091 Licentius,
3198 3031 3242 3084 si
3267 3031 3372 3087 dici

1798 3113 1989 3175 potest,
2019 3108 2226 3162 videtur
2251 3099 2380 3164 mihi
2407 3119 2550 3166 recte
2572 3114 2765 3183 opponi
2789 3118 3028 3186 egestati.

1870 3198 1960 3252 51.
2011 3198 2224 3264 Postea,
2265 3200 2501 3271 inquam,
2541 3203 2610 3258 de
2635 3205 2800 3260 verbo
2827 3221 3123 3274 qumremus
3153 3212 3374 3270 fortasse

1799 3286 2125 3357 diligentius.
2165 3289 2277 3345 Non
2309 3293 2450 3346 enim
2482 3293 2583 3349 hoc
2608 3295 2898 3351 curandum
2939 3308 3022 3353 est
3059 3299 3112 3354 in
3157 3301 3374 3372 inquisi-

1801 3378 1942 3434 tione
1972 3381 2225 3435 veritatis.
2270 3382 2520 3451 Quamvis
2564 3386 2703 3439 enim
2747 3383 3027 3444 Sallustius
3059 3391 3374 3451 lectissimus

1800 3477 2052 3538 pensator
2093 3473 2408 3537 verborum,
2449 3477 2666 3545 egestati
2706 3481 3014 3548 opposuerit
3050 3482 3373 3550 opulentiam

1803 3559 2120 3632 (Sallustius,
2167 3563 2232 3616 de
2275 3563 2420 3618 Bello
2463 3566 2723 3641 Catilin.)-;
2773 3578 2948 3625 tamen
2989 3574 3190 3642 accipio
3218 3575 3373 3631 istaut

1799 3651 2200 3722 plenitudinem.
2232 3654 2348 3711 Non
2391 3657 2531 3712 enim
2569 3659 2653 3712 hic
2687 3663 3150 3729 grammaticorum
3185 3665 3372 3722 forati-

1797 3745 1922 3802 dine
1966 3747 2320 3804 laborabimus
2347 3753 2395 3816 ι,
2428 3759 2519 3805 aut
2561 3754 2898 3810 metuendum
2947 3766 3030 3811 est
3074 3774 3139 3812 ne
3183 3761 3250 3812 ah
3293 3761 3372 3817 eis

1798 3839 2134 3908 eastigemur,
2157 3841 2296 3910 quod
2319 3841 2580 3897 incuriose
2605 3843 2803 3898 utimur
2821 3845 3014 3911 verbis,
3037 3849 3122 3914 qui
3146 3865 3228 3904 res
3248 3866 3372 3905 suas

1799 3929 1952 3984 nobis
1980 3931 2044 3985 ad
2067 3931 2319 3986 utendum
2340 3932 2599 3988 dederunt
2627 3933 2724 4004 (τι).
2756 3936 2854 3991 Ubi
2884 3954 3000 3990 cum
3027 3939 3328 3994 arrisissent
3353 3959 3367 3994 :

1798 4019 1972 4090 Ergo,
1999 4022 2120 4091 quia
2148 4033 2354 4078 mentes
2373 4035 2594 4090 vestras,
2621 4027 2853 4096 inquam,
2883 4043 3001 4082 cum
3034 4030 3216 4084 intenti
3241 4034 3372 4090 estis

1797 4111 1851 4165 in
1899 4111 2096 4178 Deum,
2142 4111 2289 4166 velut
2331 4114 2568 4182 quaedam
2617 4117 2826 4170 oracula
2880 4134 2981 4171 non
3027 4128 3369 4178 Contemnere

1795 4202 1977 4265 statui,
2021 4203 2295 4259 videamus
2339 4205 2463 4274 quid
2509 4205 2608 4260 sibi
2652 4207 2776 4261 velit
2822 4207 2923 4262 hoc
2972 4225 3201 4276 nomen;
3246 4228 3367 4269 nam

1797 4295 1997 4348 nullum
2039 4296 2484 4351 accommodatius
2522 4312 2642 4352 esse
2679 4299 2905 4353 arbitror
2930 4302 3151 4356 veritati.
3186 4303 3367 4359 Pleni-

1797 4385 1924 4440 tudo
1947 4385 2102 4456 igitur
2120 4395 2172 4442 et
2193 4396 2400 4458 egestas
2427 4389 2690 4444 contraria
2713 4391 2843 4443 'sunt
2866 4408 2880 4444 :
2910 4401 2963 4444 at
2991 4394 3146 4446 etiam
3179 4395 3265 4449 hic
3291 4397 3366 4449 si-

1795 4477 2025 4545 militer,
2061 4486 2120 4532 ut
2164 4477 2215 4532 in
2259 4479 2492 4549 nequitia
2531 4487 2586 4534 et
2625 4479 2950 4550 frugalitate,
2991 4496 3243 4554 apparent
3277 4485 3369 4543 illa

1795 4568 1918 4633 duo,
1962 4583 2081 4623 esse
2104 4578 2159 4624 et
2184 4584 2291 4624 non
2315 4585 2453 4625 esse.
2490 4569 2554 4625 Et
2586 4572 2629 4624 si
2658 4579 2863 4640 egestas
2883 4583 2962 4625 est
2986 4573 3095 4643 ipsa
3124 4576 3366 4645 stultitia,

1796 4660 2063 4730 plenitudo
2080 4661 2179 4716 erit
2204 4675 2260 4715 sa
2268 4662 2480 4731 pientia.
2492 4662 2675 4717 Merito
2690 4665 2846 4718 etiam
2864 4665 3112 4720 virtutum
3131 4669 3368 4723 omnium

1795 4760 2016 4806 matrem
2046 4752 2192 4805 multi
2215 4752 2564 4822 frugalitatem
2585 4769 2700 4809 esse
2725 4754 2991 4810 dixerunt.
3015 4758 3215 4823 Quibus
3237 4776 3368 4814 eon-

1796 4843 2030 4898 scntiens
2066 4843 2268 4898 Tullius
2301 4847 2459 4900 etiam
2502 4847 2552 4899 in
2591 4847 2828 4917 populari
2870 4850 3109 4904 oratione.
3138 4853 3211 4906 ait
3245 4872 3258 4907 :
3302 4852 3371 4908 Ut

1794 4934 1922 4987 valet
1949 4935 2158 5006 quisque
2194 4935 2408 5005 accipiat
2439 4951 2457 4987 :
2498 4952 2587 5008 ego
2624 4948 2786 4991 tamen
2829 4936 3186 5010 frugali:ulem,
3221 4943 3274 4996 id
3298 4957 3369 4997 est

1797 5025 2090 5079 modestiam
2114 5034 2159 5080 et
2186 5029 2583 5098 tenipcramiam,
2607 5031 2834 5084 virtutem
2864 5047 2969 5085 csse
2985 5035 3258 5087 'maximum
3279 5038 3370 5107 ju-

1797 5119 1908 5172 dico
1937 5117 2111 5189 (Orat.
2150 5135 2242 5192 pro
2290 5118 2574 5192 Deiotaro).
2611 5122 2832 5178 Prorsus
2859 5123 3161 5180 doctissime
3189 5144 3248 5180 ac
3277 5130 3369 5182 de-

1796 5210 2100 5267 centissime
2129 5227 2144 5265 :
2174 5211 2528 5268 consideravit
2568 5214 2708 5269 enim
2751 5214 2987 5284 frugem,
3019 5217 3072 5270 id
3113 5227 3194 5271 est
3238 5217 3365 5271 illud

1796 5305 1936 5377 quod
1963 5319 2082 5362 esse
2103 5305 2361 5373 dicimus,
2388 5307 2472 5360 cui
2500 5316 2583 5362 est
2612 5323 2716 5362 non
2745 5323 2862 5362 esse
2892 5309 3232 5362 comi-arium.
3261 5308 3365 5361 Sed

1799 5406 2015 5466 propter
2040 5397 2312 5466 vulgarem
2354 5396 2600 5466 loquendi
2642 5399 3095 5457 consuetudinem,
3129 5411 3226 5462 qua
3258 5394 3366 5447 fru-

1795 5491 1984 5560 galitas
2001 5491 2150 5560 quasi
2175 5489 2489 5559 parcimonia
2514 5491 2615 5544 dici
2636 5493 2788 5556 solet,
2817 5489 3018 5542 duobus
3038 5501 3362 5552 consequen-

1796 5586 1936 5640 tibus
1963 5583 2086 5653 quid
2107 5584 2352 5649 senserit,
2379 5584 2672 5646 illustravit,
2706 5577 3026 5650 subjiciendo
3052 5577 3358 5629 modestiam

1860 5731 1876 5762 ί
1903 5738 1966 5793 ita
1991 5739 2091 5781 Mss.
2118 5737 2172 5780 At
2196 5732 2324 5793 prius
2341 5730 2503 5793 excusi
2523 5729 2726 5793 habent:
2748 5733 2843 5774 non
2863 5721 2987 5773 cnim
3008 5733 3094 5770 nec
3109 5721 3188 5771 hic
3200 5733 3360 5784 gram-

1797 5791 2077 5859 nugtitrorum
2100 5790 2354 5859 [arundine
2378 5790 2712 5859 liberelimi'lr;
2746 5846 2755 5856 ,
2807 5857 2829 5859 ἡ
2865 5839 3043 5859 mum“

1859 5839 1932 5919 (ά)
2554 5846 2839 5899 beneﬁcium
2858 5839 3140 5891 subinditat.
