3882 6274
487 358 591 420 975

486 486 536 529 et
569 470 973 543 temperantiam
1000 482 1011 521 :
1035 476 1089 523 et
1117 461 1231 521 hinc
1259 463 1365 520 duo
1392 462 1549 519 verba
1574 460 1877 531 diligentius
1900 467 2071 514 atten-

484 566 693 620 damus.

554 656 642 713 52.
686 654 938 711 Modestia
965 653 1146 722 utique
1169 649 1310 705 dicta
1337 659 1420 706 est
1444 664 1474 703 a
1500 648 1679 714 modo,
1710 657 1759 703 et
1798 663 1829 702 a
1865 654 2071 716 tempe-

477 750 556 805 rie
586 744 952 816 tempetantia.
981 743 1081 800 Ubi
1117 751 1291 797 autem
1335 739 1528 795 modus
1557 750 1641 794 est
1664 746 1824 809 atque
1867 746 2070 807 tempe-

476 843 608 903 ries,
638 853 738 893 nec
762 838 879 907 plus
896 844 977 891 est
1005 833 1294 907 quidquam
1322 847 1419 888 nec
1449 832 1645 888 minus.
1669 830 1785 900 Ipsa
1810 838 1893 884 est
1912 829 2070 899 igitur

478 929 791 1003 plenitudo,
836 943 995 998 quam
1044 926 1265 997 egestati
1310 922 1633 980 contrariam
1684 935 2064 991 posueramus,

476 1022 647 1077 multo
687 1021 875 1074 melius
922 1034 1078 1089 quam
1118 1018 1164 1071 si
1201 1015 1578 1070 abundantiam
1625 1025 1963 1083 poneremus.
2010 1010 2066 1065 In

477 1100 797 1169 abundantia
826 1113 970 1167 enim
994 1110 1302 1179 intelligitur
1321 1107 1591 1162 aﬂlucntia
1620 1116 1675 1161 et
1700 1106 1847 1176 quasi
1878 1104 1956 1159 rei
1981 1102 2064 1157 ni-

482 1208 646 1260 mium
692 1205 1032 1259 exnberantis
1076 1200 1283 1255 ell‘usio.
1336 1199 1487 1265 Quod
1534 1213 1652 1252 cum
1701 1196 1883 1251 evenit
1927 1195 2063 1250 ultra

475 1314 634 1369 quam
677 1296 807 1351 satis
841 1304 941 1359 est,
976 1293 1135 1348 etiam
1167 1292 1237 1347 ibi
1270 1290 1604 1345 desideratur
1646 1287 1855 1353 modus,
1887 1296 1942 1342 et
1978 1300 2065 1341 res

477 1406 597 1460 quae
627 1388 787 1442 nimia
813 1395 914 1449 est,
944 1384 1104 1441 modo
1133 1394 1270 1454 eget.
1309 1382 1450 1453 Ergo
1490 1397 1587 1437 nec
1616 1381 1683 1436 ab
1722 1381 1835 1451 ipsa
1868 1378 2066 1434 redun-

475 1482 653 1537 dantia
675 1488 882 1549 egestas
906 1476 1077 1531 aliena
1101 1485 1212 1531 est:
1239 1489 1268 1528 a
1296 1473 1457 1529 modo
1478 1482 1654 1528 autem
1672 1480 1725 1527 et
1751 1471 1868 1541 plus
1886 1480 1940 1526 et
1965 1471 2064 1524 mi-

477 1588 577 1626 nus
602 1572 775 1625 aliena
799 1576 942 1623 sunt.
978 1566 1339 1637 Ipsa__,,ctiam
1364 1562 1687 1634 opulentiam
1717 1562 1763 1616 si
1784 1560 2059 1626 discutias,

477 1664 713 1718 invenies
750 1677 866 1716 eam
897 1659 1025 1713 nihil
1065 1657 1206 1711 aliud
1239 1665 1422 1711 tenere
1460 1670 1614 1725 quam
1654 1652 1892 1707 modum.
1929 1651 2061 1705 Nam

477 1771 580 1809 non
608 1754 706 1808 nisi
730 1751 796 1806 ab
836 1765 936 1823 ope
965 1749 1104 1804 dicta
1130 1756 1213 1802 est
1250 1747 1543 1816 opulentia.
1574 1743 1855 1811 Quomodo
1882 1752 2061 1798 autem

474 1847 781 1920 opitulatur,
801 1842 939 1915 quod
957 1842 1171 1896 nimium
1186 1847 1287 1903 est,
1301 1854 1421 1894 cum
1440 1836 2063 1905 incommodinssitsrepe

473 1953 631 2008 quam
666 1935 882 2006 parum?
907 1930 1172 2002 Quidquid
1209 1931 1367 2001 igitur
1394 1930 1478 1985 vel
1510 1944 1694 1999 parum
1730 1927 1813 1982 vel
1839 1926 2059 2001 nimiqm

472 2042 574 2096 est,
604 2032 726 2101 quia
766 2027 923 2082 modo
960 2035 1101 2096 eget,
1147 2023 1433 2079 obnoxium
1476 2032 1557 2077 est
1584 2019 1825 2090 egestati.
1872 2018 2057 2073 Modus

472 2136 600 2191 ergo
635 2118 795 2173 animi
824 2116 1079 2187 sapientia
1109 2122 1209 2171 est.
1251 2113 1462 2167 Etenim
1498 2110 1753 2181 sapientia
1792 2109 2056 2164 contraria

469 2211 703 2266 stultitia:
732 2224 837 2264 non
866 2216 1106 2277 negatur,
1130 2215 1183 2260 et
1207 2204 1429 2260 stultitia
1451 2210 1681 2273 ege~tas,
1714 2200 1934 2272 egestati
1965 2214 2059 2254 au-

470 2315 575 2358 tem
601 2301 865 2358 contraria
894 2288 1186 2369 plenitudo.
1205 2295 1476 2365 Sapientia
1506 2293 1664 2364 igitur
1685 2290 1976 2362 plenitudo.
2003 2288 2058 2344 In

468 2393 796 2465 plenitudine
818 2399 994 2445 autem
1026 2388 1235 2442 modus.
1268 2385 1456 2440 Modus
1484 2384 1645 2454 igitur
1672 2382 1833 2436 animi
1875 2383 1926 2435 in
1968 2395 2057 2435 sa-

468 2486 666 2555 pientia
695 2493 795 2538 est.
821 2481 973 2536 Unde
1010 2479 1138 2533 illud
1168 2478 1481 2548 praeclarum
1521 2484 1623 2542 est,
1655 2483 1709 2531 et
1736 2490 1840 2529 non
1872 2474 2059 2529 imme-

470 2577 569 2630 rito
593 2574 894 2630 diti-amatur
922 2572 1021 2625 hoc
1054 2572 1280 2639 primum
1305 2570 1354 2622 in
1383 2568 1492 2622 vita
1520 2581 1641 2622 esse
1668 2567 1798 2621 utile
1822 2584 1837 2618 :

958 2656 1014 2699 Ut
1036 2661 1101 2721 ne
1123 2648 1236 2721 quid
1260 2647 1417 2721 nimis.

904 2711 1110 2774 (Terent.
1135 2707 1187 2760 in
1213 2707 1410 2774 ...rndrt'a,
1438 2713 1532 2774 act.
1560 2709 1605 2774 l_,
1625 2720 1753 2774 seat.
1781 2708 1861 2772 1.)

544 2777 632 2831 55.
678 2770 986 2829 Dixeranins
1017 2782 1195 2826 autent
1232 2773 1285 2825 in
1324 2773 1544 2826 exordio
1570 2770 1849 2827 hodiernae
1869 2770 2053 2840 dispu-

469 2866 682 2922 talionis
716 2874 943 2931 nostrae,
974 2864 1114 2934 quod
1144 2863 1187 2917 si
1217 2863 1576 2918 inveniremus
1603 2863 1732 2917 nihil
1766 2862 1906 2917 aliud
1932 2876 2054 2918 esse

466 2958 740 3013 miseriam
769 2970 926 3026 quam
966 2964 1279 3026 egestatem,
1307 2968 1429 3008 eum
1463 2952 1677 3009 beatum
1706 2968 1826 3009 esse
1854 2952 2050 3009 fatere-

465 3070 603 3117 mur,
629 3054 716 3123 qui
747 3068 854 3106 non
878 3058 1077 3121 egeret.
1109 3049 1202 3104 Est
1223 3057 1403 3103 autem
1427 3047 1696 3103 inventum
1724 3064 1737 3100 :
1766 3063 1892 3116 ergo
1920 3045 2051 3102 bea-

465 3156 574 3200 tum
601 3160 720 3200 esse
745 3144 877 3200 nihil
906 3151 988 3197 est
1011 3142 1154 3197 aliud
1183 3156 1341 3211 quam
1374 3157 1482 3196 non
1503 3155 1681 3211 egere,
1705 3140 1806 3195 hoc
1826 3148 1908 3195 est
1931 3155 2050 3195 esse

464 3236 778 3303 sapientem.
812 3233 867 3288 Si
896 3240 1074 3287 autem
1106 3229 1343 3300 qumritis
1371 3229 1497 3299 quid
1522 3231 1591 3284 sit
1617 3228 1871 3299 sapientia
1905 3228 2047 3301 (nam

463 3334 519 3378 et
550 3326 714 3393 ipsam
750 3324 911 3384 ratio,
943 3331 1199 3391 quantum
1233 3321 1287 3375 in
1316 3320 1598 3390 prmsentia
1638 3320 1827 3391 potuit,
1855 3320 2051 3376 evolvit

462 3426 623 3485 atque
651 3412 809 3484 eruit)
833 3431 848 3476 ;
877 3412 1009 3467 nihil
1047 3422 1129 3467 est
1153 3411 1293 3467 aliud
1331 3426 1489 3481 quam
1517 3411 1707 3467 modus
1732 3412 1915 3476 animi,
1946 3412 2050 3468 hoc

464 3515 565 3569 est,
592 3519 697 3574 quo
733 3517 851 3558 sese
886 3502 1096 3556 animus
1116 3501 1292 3565 librat,
1327 3510 1383 3554 ut
1408 3515 1579 3571 neque
1611 3510 1861 3556 excurrat
1882 3501 1935 3555 in
1967 3502 2047 3555 ni-

463 3597 653 3661 mium,
685 3608 858 3665 neque
886 3592 1018 3647 infra
1047 3608 1204 3662 quam
1234 3591 1448 3661 plenum
1475 3601 1555 3645 est
1576 3601 1902 3647 COarctetur.
1932 3591 2044 3647 Ex-

462 3687 627 3740 currit
673 3695 847 3739 autem
896 3684 947 3738 in
992 3683 1249 3749 luxurias,
1301 3682 1709 3749 dominationes,
1743 3683 2041 3753 superbias,

460 3788 759 3845 caetcraqnc
785 3774 835 3829 id
859 3788 1049 3845 genus,
1090 3774 1282 3844 quibus
1321 3773 1789 3828 immoderatorum
1820 3775 2043 3830 misero-

460 3881 683 3936 rumque
706 3865 869 3919 animi
909 3864 1012 3920 sibi
1042 3864 1252 3918 laetitias
1279 3872 1437 3933 atque
1465 3863 1723 3933 potentias
1744 3867 2041 3935 comparari

457 3965 662 4027 putant.
701 3956 1015 4010 Coarctatur
1054 3964 1231 4009 autem
1269 3953 1535 4017 sordibus,
1565 3954 1862 4021 timoribus,
1902 3970 2040 4010 mm-

457 4062 598 4112 rore,
628 4046 933 4117 cupiditate,
960 4055 1118 4116 atque
1138 4045 1277 4109 aliis,
1300 4059 1645 4115 quacumque
1671 4057 1812 4110 sunt,
1846 4045 2041 4116 quibus

457 4139 701 4194 homines
724 4140 946 4193 miseros
981 4139 1140 4192 etiam
1175 4136 1357 4191 miseri
1385 4137 1727 4192 eonliteutur.
1755 4136 1888 4193 Cum
1910 4154 2039 4195 vero

456 4235 767 4306 sapientiam
793 4230 1181 4301 contemplatur
1204 4230 1494 4295 inventam,
1522 4244 1769 4300 cumque,
1798 4240 1853 4285 ut
1879 4232 2037 4302 hujus

454 4330 604 4399 pueri
628 4326 789 4382 verbo
811 4334 946 4388 utar,
979 4323 1045 4377 ad
1071 4323 1239 4392 ipsam
1272 4337 1330 4376 se
1360 4330 1527 4389 tenet,
1553 4337 1651 4376 nec
1677 4338 1736 4378 se
1770 4323 1836 4377 ad
1866 4324 2034 4378 simu-

454 4422 718 4474 lacrorutn
764 4416 1045 4475 fallaciam.
1076 4427 1298 4483 quorum
1334 4412 1537 4483 pondus
1565 4414 1837 4481 amplexus
1863 4429 1894 4468 a
1925 4415 2034 4470 Deo

454 4526 549 4564 suo
575 4509 765 4564 Cadere
789 4517 947 4576 atque
968 4503 1201 4574 demergi
1223 4504 1379 4567 solet,
1413 4503 1519 4558 ulla
1545 4515 1844 4560 commotus
1865 4505 2033 4561 inani-

452 4610 559 4656 tate
582 4602 865 4664 convcrtit;
897 4597 1026 4651 nihil
1047 4594 1518 4663 immoderationis,
1540 4606 1594 4651 et
1620 4597 1739 4653 ideo
1759 4598 1889 4654 nihil
1908 4614 2034 4670 ege-

452 4693 624 4758 statis,
674 4690 803 4744 nihil
850 4690 1007 4759 igitur
1049 4688 1277 4743 miseriie
1317 4688 1660 4758 pertimescit.
1700 4690 1870 4746 Habet
1904 4706 2031 4762 ergo

452 4784 669 4839 modum
704 4797 879 4846 suum,
909 4782 958 4834 id
978 4788 1061 4835 est
1086 4779 1420 4849 sapientiam,
1448 4780 1685 4851 quisquis
1708 4780 1896 4838 beatus
1924 4793 2028 4838 est.

522 4876 611 4930 54.
654 4876 783 4942 Quae
827 4881 908 4926 est
946 4880 1123 4926 autem
1166 4871 1386 4926 dicenda
1436 4873 1715 4942 sapientia,
1767 4874 1868 4928 nisi
1910 4890 2030 4945 qum

450 4968 543 5022 Dei
585 4962 856 5033 Sapientia
884 4961 1001 5017 est?
1031 4963 1345 5032 Accepimus
1384 4975 1559 5018 autem
1591 4966 1749 5019 etiam
1792 4968 2027 5022 auctori-

449 5066 556 5111 tate
589 5055 786 5120 divina,
815 5053 907 5107 Dei
932 5052 1122 5107 Filium
1149 5053 1278 5108 nihil
1302 5069 1422 5110 esse
1447 5055 1587 5110 aliud
1614 5071 1771 5127 quam
1802 5058 1895 5114 Dei
1928 5060 2022 5116 Sa-

450 5148 703 5218 pientiam
745 5145 787 5218 (ι
828 5145 945 5199 Cor.
984 5160 1034 5208 ι,
1065 5144 1159 5216 24)
1194 5157 1288 5201 :et
1329 5156 1412 5202 est
1452 5147 1543 5202 Dei
1590 5148 1753 5204 Filius
1790 5151 2026 5221 profecto

450 5241 610 5296 Dens.
652 5241 820 5296 Deum
850 5238 1011 5295 habet
1054 5239 1212 5309 igitur
1238 5240 1477 5311 quisquis
1506 5241 1692 5297 beatus
1734 5253 1816 5298 est
1844 5262 1857 5297 :
1883 5244 2023 5315 quod

446 5332 693 5386 omnibus
724 5332 878 5387 nobis
898 5332 1007 5401 jam
1043 5341 1165 5386 ante
1196 5332 1410 5400 placuit,
1440 5347 1561 5386 cum
1590 5333 1692 5388 hoc
1726 5336 2022 5392 convivium

445 5424 668 5496 ingressi
710 5438 916 5479 sumus.
960 5424 1063 5480 Sed
1112 5424 1236 5494 quid
1281 5426 1475 5493 putatis
1523 5440 1643 5482 esse
1686 5427 2021 5496 sapientiam,

442 5519 547 5574 nisi
575 5521 888 5575 veritatem?
916 5520 1086 5575 Etiam
1118 5520 1219 5574 hoc
1248 5522 1389 5574 enim
1413 5520 1608 5573 dietum
1633 5527 1751 5575 est:
1777 5520 1884 5591 Ego
1911 5538 2024 5576 sum

456 5608 653 5664 Veritas
688 5608 866 5679 (Joan.
894 5626 1007 5676 xw,
1045 5608 1121 5682 6).
1162 5609 1369 5665 Veritas
1411 5618 1587 5663 autem
1632 5619 1689 5664 ut
1727 5612 1816 5677 sit,
1846 5614 1903 5667 lit
1928 5628 2024 5683 per

445 5699 677 5770 aliquem
707 5717 968 5755 summum
992 5702 1225 5768 modum,
1249 5717 1279 5756 a
1303 5717 1409 5773 quo
1428 5703 1686 5774 procedit,
1712 5714 1766 5760 et
1786 5705 1837 5760 in
1864 5722 2021 5777 quem

448 5802 503 5843 se
528 5788 761 5858 perfecta
791 5792 1066 5847 convertit.
1099 5790 1200 5860 Ipsi
1228 5800 1403 5851 autem
1430 5808 1638 5862 summo
1667 5800 1825 5855 modo
1846 5801 2019 5860 nullus

1321 345 1408 403 DE
1448 342 1675 402 BEATA
1713 336 1897 409 VITA,
1937 339 1996 399 S.
2037 332 2403 400 AUGUSTINI
2443 336 2645 397 LIBER
2685 332 2886 399 UNUS.
3626 344 3717 406 975

2177 456 2313 511 alius
2342 454 2535 510 modus
2572 454 2861 528 imponitur
2885 472 2899 511 :
2921 455 2965 510 si
3004 453 3144 510 enim
3176 468 3413 513 summus
3446 457 3617 515 modus
3640 478 3719 531 per

2175 562 2440 603 summum
2464 546 2679 602 modum
2702 545 2895 602 modus
2917 554 3022 615 est,
3053 561 3148 618 per
3169 547 3401 618 seipsnm
3434 549 3609 605 modus
3632 562 3717 607 est.

2175 640 2281 697 Sed
2310 640 2473 696 etiam
2509 653 2752 696 summus
2775 637 2972 695 modus
3006 653 3225 695 necesse
3261 649 3346 697 est
3370 650 3429 696 ut
3451 656 3601 697 verus
3623 658 3721 699 mo-

2174 731 2275 788 dus
2294 732 2383 788 sit.
2411 730 2481 789 Ut
2501 732 2661 804 igitur
2680 731 2877 788 veritas
2901 731 3062 787 modo
3086 732 3339 803 gignitur,
3366 732 3434 788 ita
3461 733 3633 789 modus
3648 751 3722 791 ve-

2174 824 2332 880 ritate
2368 825 2726 897 cognoscitur.
2772 822 2955 895 Neque
2998 822 3157 895 igitur
3186 825 3386 879 veritas
3425 824 3536 880 sine
3567 826 3721 894 modo,

2174 931 2349 987 neque
2395 915 2592 971 modus
2639 915 2758 972 sine
2798 915 3026 971 veritate
3066 929 3296 986 unquam
3342 913 3459 970 fuit.
3501 914 3619 983 Quis
3652 930 3721 973 est

2175 1006 2269 1061 Dei
2297 1006 2503 1061 Filius?
2532 1005 2742 1061 Dictum
2763 1014 2867 1071 est,
2905 1002 3123 1059 Veritas.
3152 1004 3385 1072 Quisest
3405 1004 3492 1074 qui
3522 1018 3619 1060 non
3642 1004 3719 1061 ba-

2173 1094 2265 1152 bet
2301 1104 2534 1167 patrem,
2566 1096 2687 1168 quis
2717 1095 2857 1152 alius
2882 1110 3044 1167 quam
3083 1111 3327 1152 summus
3354 1094 3569 1152 modus?
3588 1097 3720 1166 Quis-

2172 1190 2293 1259 quis
2312 1191 2469 1260 igitur
2487 1189 2553 1245 ad
2572 1204 2840 1244 summum
2867 1188 3083 1244 modum
3110 1202 3209 1259 per
3227 1188 3503 1244 veritatem
3526 1190 3718 1256 venerit,

2171 1281 2365 1337 beatus
2389 1290 2490 1336 est.
2523 1280 2636 1335 Hoc
2676 1288 2761 1336 est
2797 1280 2979 1335 animo
3005 1279 3172 1335 Deum
3203 1277 3424 1343 habere,
3451 1276 3505 1334 id
3537 1286 3611 1335 est
3632 1277 3718 1335 Deo

2172 1372 2297 1427 frui.
2324 1373 2531 1429 Cretera
2555 1373 2701 1429 enim
2722 1373 2967 1444 quamvis
2989 1387 3022 1427 a
3042 1372 3153 1429 Deo
3177 1370 3493 1439 habeantur,
3525 1385 3621 1428 non
3643 1371 3717 1429 Ita.

2168 1462 2297 1519 bent
2327 1464 2513 1520 Deum.

2246 1554 2335 1610 55.
2386 1554 2693 1609 Adutonitio
2742 1562 2921 1611 autem
2971 1554 3251 1626 quedam,
3312 1569 3435 1626 qua:
3483 1554 3716 1613 nobiseum

2173 1649 2297 1720 agit,
2342 1657 2403 1703 ut
2446 1648 2613 1703 Deum
2658 1648 3023 1715 recordemur,
3064 1657 3125 1703 ut
3170 1662 3298 1704 eum
3339 1662 3637 1718 quantum,
3672 1660 3717 1706 ut

2169 1755 2291 1797 eum
2313 1740 2467 1811 pulso
2490 1743 2635 1795 omni
2659 1739 2871 1795 fastidio
2888 1740 3153 1807 sitiamus,
3178 1739 3249 1796 de
3276 1739 3396 1811 ipso
3413 1739 3480 1796 ad
3500 1740 3717 1798 uastante

2170 1832 2407 1887 veritatis
2441 1840 2673 1888 emanat.
2722 1832 2833 1888 lloc
2871 1831 3216 1887 interioribus
3243 1831 3532 1889 luminibus
3555 1834 3717 1890 nostris

2164 1923 2325 1993 jubar
2346 1924 2428 1978 sol
2455 1922 2545 1979 ille
2562 1932 2806 1981 secretus
2830 1923 3079 1979 infundit.
3108 1922 3282 1994 Hujus
3299 1932 3388 1980 est
3400 1939 3572 1980 verum
3588 1938 3717 1982 omne

2169 2013 2309 2083 quod
2335 2013 2621 2083 loquimur,
2653 2015 2813 2070 etiam
2840 2014 3053 2086 quando
3090 2014 3267 2070 adhuc
3293 2015 3382 2071 vel
3406 2016 3571 2070 minus
3599 2016 3715 2075 suis

2169 2104 2253 2159 vel
2283 2113 2503 2175 repente
2522 2106 2722 2174 apertis
2745 2105 2916 2161 oculis
2939 2103 3192 2160 audacter
3211 2105 3477 2171 converti,
3505 2115 3555 2161 et
3578 2115 3712 2161 totum

2169 2194 2360 2250 intueri
2391 2194 2754 2266 trepidamus:
2782 2194 3018 2265 nihilque
3044 2194 3188 2251 aliud
3212 2196 3378 2251 etiam
3405 2195 3506 2251 hoc
3532 2207 3713 2268 appam

2168 2300 2289 2342 esse
2336 2300 2494 2357 quam
2545 2285 2743 2352 Deum,
2796 2285 2938 2341 nulla
2977 2285 3394 2357 degeneratione
3441 2288 3713 2358 impediente

2168 2374 2483 2445 perfectum.
2513 2375 2648 2431 Nam
2670 2376 2741 2431 ibi
2766 2385 2933 2431 totum
2960 2385 3121 2448 atque
3145 2393 3307 2435 omne
3335 2378 3611 2450 perfectum
3628 2390 3709 2447 est.

2172 2468 2439 2539 simulque
2484 2478 2569 2524 est
2614 2469 3165 2540 oninipotentisssimus
3212 2470 3377 2527 Deus.
3429 2470 3532 2527 Sed
3571 2482 3710 2527 tamen

2166 2560 2419 2632 quamdiu
2445 2562 2758 2633 quaerimus,
2792 2562 3027 2618 nondum
3058 2563 3176 2634 ipso
3199 2563 3366 2631 fonte,
3393 2572 3549 2636 atque
3573 2574 3623 2619 ut
3639 2564 3710 2620 illo

2165 2654 2331 2710 verbo
2375 2662 2514 2716 utar,
2560 2654 2889 2726 plenitudine
2944 2656 3205 2724 saturati,
3255 2657 3492 2713 nondum
3536 2659 3593 2714 ad
3636 2672 3709 2713 uo-

2164 2752 2334 2799 strutn
2384 2743 2601 2799 modum
2659 2759 2758 2801 nos
2811 2746 3117 2815 pervenisse
3170 2746 3550 2804 fateamur-:et
3592 2748 3703 2814 ideo.

2164 2835 2406 2905 quamvis
2421 2833 2533 2905 jam
2558 2835 2666 2891 Deo
2683 2834 2988 2907 adjuvante,
3016 2836 3251 2892 nondum
3279 2847 3457 2893 vimen
3478 2839 3703 2910 sapientes

2163 2940 2227 2981 ac
2253 2926 2395 2982 beati
2425 2941 2631 2982 sumus.
2667 2925 2759 2980 llla
2789 2937 2873 2982 est
2913 2928 3072 2999 igitur
3102 2927 3259 2998 plena
3288 2930 3504 2985 satietas
3536 2929 3703 2984 animo-

2162 3033 2304 3084 rum,
2333 3017 2450 3075 haec
2487 3027 2571 3074 est
2594 3017 2747 3074 beata
2776 3019 2905 3086 vita,
2942 3019 3026 3089 pie
3050 3018 3389 3090 perlecteque
3428 3034 3700 3091 cognoscere

2162 3124 2193 3165 a
2222 3124 2330 3181 quo
2367 3110 2635 3166 induceris
2678 3109 2735 3165 in
2774 3110 3074 3176 veritatem,
3113 3126 3216 3182 qua
3258 3112 3479 3168 veritate
3509 3110 3693 3182 perfrua-

2161 3202 2258 3268 ris,
2293 3218 2388 3273 per
2432 3202 2560 3274 quid
2606 3203 2941 3258 connectaris
2984 3218 3195 3259 summo
3223 3204 3441 3261 modo‘.
3483 3204 3587 3273 Quae
3612 3203 3692 3258 tria

2160 3307 2327 3347 unum
2376 3292 2543 3348 Deum
2593 3292 3008 3365 intelligentibus
3052 3310 3321 3366 unamque
3367 3296 3695 3361 substantiam.

2160 3384 2395 3440 exclusis
2426 3385 2749 3441 vanitatibus
2784 3384 2945 3440 variae
2982 3385 3399 3456 superStitionis,
3434 3387 3696 3443 οςιειιιΙιιιιι.

2160 3475 2258 3531 Hic
2284 3484 2456 3532 mater
2498 3476 2784 3548 recognitis
2828 3477 3006 3532 verbis
3040 3492 3161 3548 qua:
3203 3494 3317 3535 sum
3357 3479 3609 3536 memoria:
3629 3494 3699 3549 pe-

2157 3566 2300 3622 nitus
2338 3566 2687 3634 inhmrebant,
2731 3577 2786 3623 et
2812 3569 2962 3639 quasi
2999 3570 3256 3640 evigilans
3286 3571 3339 3627 in
3380 3572 3529 3628 [idem
3554 3586 3695 3640 suam,

2156 3671 2371 3713 versum
2399 3658 2545 3713 illum
2574 3659 2868 3714 sacerdotis
2894 3661 3060 3716 nostri
3090 3676 3103 3716 :

2433 3754 2559 3800 Fove
2580 3761 2761 3813 precata
2782 3762 2856 3813 es,
2881 3750 3103 3813 Trinitas,

2604 3811 2878 3862 Ambrosius
2899 3813 2949 3861 in
2971 3811 3123 3877 bym.,
3143 3821 3272 3865 Deus
3288 3821 3471 3867 creator
3482 3814 3693 3874 Mm.)

2154 3892 2273 3948 laeta
2301 3891 2504 3959 effudit,
2528 3904 2685 3963 atque
2710 3893 2940 3964 subjecit
2972 3914 2985 3952 :
3009 3897 3134 3953 Haec
3156 3908 3241 3953 est
3268 3898 3416 3953 nullo
3439 3899 3694 3969 ambigente

2154 3980 2309 4035 beata
2340 3982 2466 4049 vita,
2499 3998 2616 4053 quae
2647 3984 2752 4038 vita
2784 3986 3014 4053 perfecta
3041 3995 3143 4053 est,
3170 3986 3237 4042 ad
3264 4004 3421 4059 quam
3454 4005 3543 4044 nos
3571 3988 3692 4044 festi-

2153 4082 2343 4129 nantes
2384 4088 2539 4143 posse
2579 4074 2818 4144 perduci,
2864 4075 3033 4131 solida
3070 4076 3174 4131 ﬁde
3194 4079 3239 4146 ',
3270 4078 3433 4136 alacri
3467 4095 3571 4151 spe,
3612 4078 3691 4133 ﬂa-

2154 4171 2343 4233 grante
2362 4166 2620 4219 charitate
2650 4166 3075 4236 prazsumendum
3103 4177 3207 4224 est.

2224 4255 2313 4309 56.
2355 4256 2515 4325 Ergo,
2547 4255 2780 4325 inquam,
2803 4260 3052 4328 quoniam
3074 4259 3265 4315 modus
3286 4262 3402 4334 ipse
3425 4278 3516 4319 nos
3538 4263 3692 4319 adtac-

2149 4353 2261 4411 net,
2287 4346 2584 4400 convivium
2615 4347 2791 4418 aliquo
2832 4347 3112 4405 intervallo
3148 4352 3357 4409 dierum
3384 4354 3689 4425 distinguere,

2148 4447 2371 4505 quantas
2412 4452 2509 4507 pro
2548 4438 2748 4493 viribus
2796 4453 3014 4510 possum
3055 4443 3255 4511 gratias
3296 4459 3395 4517 ago
3431 4460 3616 4502 summo
3644 4455 3689 4500 et

2144 4541 2275 4581 vero
2301 4529 2408 4583 Deo
2443 4528 2605 4594 Patri,
2636 4530 2858 4586 Domino
2882 4532 3154 4590 liberatori
3178 4536 3472 4594 animarum
3496 4558 3507 4593 :
3528 4538 3685 4595 deinde

2148 4617 2299 4674 vobis
2325 4620 2414 4690 qui
2442 4621 2777 4678 concorditer
2801 4623 3028 4689 invitati.
3055 4627 3410 4685 multisetiam
3433 4646 3511 4687 me
3533 4646 3685 4687 cumu-

2151 4709 2303 4764 lastis
2338 4712 2668 4767 muneribus.
2701 4712 2834 4769 Nam
2852 4724 3056 4772 tantum
3085 4719 3138 4773 in
3164 4729 3407 4778 nostrum
3424 4736 3681 4779 set-metm

2143 4802 2464 4870 contulistis,
2504 4813 2559 4858 ut
2596 4819 2684 4861 me
2734 4822 2928 4878 negare
2962 4824 3068 4865 non
3112 4814 3331 4881 possim,
3381 4816 3450 4871 ab
3487 4818 3680 4873 invitatis

2142 4895 2277 4951 meis
2300 4910 2420 4951 esse
2442 4896 2710 4953 satiatum.
2743 4898 2839 4955 llic
2860 4902 3105 4959 omnibus
3130 4906 3479 4974 gaudentibus
3514 4917 3561 4964 et
3587 4909 3678 4963 latt-

2141 4986 2388 5042 dantibns
2425 4988 2589 5043 Deum
2615 5007 2629 5043 :
2654 4989 2823 5059 Quam
2851 4993 3063 5061 vellem,
3093 4994 3263 5067 inquit
3290 4997 3575 5071 Trygetius,
3601 4999 3678 5053 hoc

2140 5077 2301 5132 modo
2347 5092 2445 5133 nos
2485 5080 2720 5150 quotidie
2759 5098 3027 5153 pasceres.
3086 5087 3288 5155 Modus,
3340 5091 3561 5162 inquam,
3608 5090 3676 5145 illc

2140 5169 2336 5239 ubique
2362 5172 2658 5227 servandus
2680 5182 2785 5239 est,
2810 5175 3004 5247 ubique
3026 5179 3303 5244 amandus,
3326 5180 3369 5236 si
3391 5181 3530 5235 vobis
3552 5180 3674 5236 conﬁ

2138 5274 2219 5317 eSt
2244 5262 2310 5315 ad
2334 5261 2499 5316 Deum
2528 5263 2727 5319 reditus
2750 5274 2954 5322 noster.
2986 5266 3081 5323 His
3103 5268 3280 5336 dictis,
3310 5268 3443 5327 facto
3467 5270 3671 5342 disputa-

2139 5353 2297 5407 tionis
2321 5352 2445 5418 ﬁne,
2468 5352 2828 5412 discessimus.

2200 5442 2677 5517 διονν-ιςιιιουεξνίιιιιε
2691 5447 3671 5517 Ρςῖΐνιιιέῖίξνρετφάάωηκεαρνῡωηιο

2137 5501 2270 5576 pono.
2294 5501 2809 5576 sed'eoncianius'alizie
2832 5501 3071 5576 editiones
3103 5501 3160 5562 'et
3189 5520 3293 5563 mss.
3562 5524 3666 5575 pra-

2135 5566 2313 5631 terunt,
2332 5579 2427 5631 qua
2448 5580 2516 5617 vei
2722 5583 2905 5621 summa
2924 5572 3080 5622 nwdo.

2240 5629 2313 5700 sic
2321 5629 2655 5701 incunctanter
2672 5630 2930 5696 legendum
2946 5647 3052 5701 cum
3077 5644 3177 5685 Mss.
3195 5637 3471 5701 et
3487 5633 3664 5695 antiquis

2136 5692 2427 5757 editionieus
2448 5692 2560 5757 sed.
2583 5701 2683 5742 Am.
2709 5692 2781 5743 Er.
2809 5704 2861 5745 et
2897 5696 3161 5745 Ooloniens.
3183 5712 3262 5747 au.
3289 5696 3418 5747 1519.
3439 5706 3526 5745 Non
3546 5708 3569 5743 v

2133 5750 2234 5822 sola
2253 5750 2383 5822 fide,_
2394 5752 2462 5801 uti
2486 5751 2692 5822 habetur
2711 5756 2836 5819 apud
2857 5764 2974 5822 tov._
3007 5761 3256 5822 tuanijestn
3293 5759 3451 5822 lapsu,
3472 5767 3574 5822 μη

2135 5813 2237 5861 hanc
2255 5813 2563 5864 ’continenter
2584 5813 2796 5875 addatur,
2823 5816 2974 5869 alacri
2995 5832 3091 5886 spe,
3109 5813 3575 5887 ﬂagrmtte'dta'rt'tau.
