1941 3137
301 207 457 237 dimdentla.
482 209 548 237 Tum
573 210 712 247 Trygetios
726 211 900 246 gaudentibus
912 212 1001 240 verbis
1016 221 1025 241 :
1038 213 1092 242 ﬂa-

300 252 404 286 bemus,
427 255 522 290 inquit,
545 255 600 290 jam
620 256 690 291 quod
713 257 771 292 plus
792 262 843 289 est,
866 257 1013 286 Licentium
1036 267 1090 288 non

298 298 506 333 Academicum;
529 308 576 329 eos
592 302 664 329 cnim
679 302 722 330 ille
741 302 934 331 studiosissime
946 304 1090 335 defendere

298 345 409 372 solebat.
421 345 484 373 Haec
497 346 587 379 modo.
603 347 696 382 inquit.
710 348 803 376 omitte
819 357 920 384 quasso,
934 358 967 378 ne
980 359 1023 379 me
1037 351 1089 380 hoc

296 391 399 419 vafrum
414 391 537 426 quiddam
558 398 586 421 et
598 394 773 429 captatorium
787 403 802 422 a
818 396 909 424 nescio
928 405 979 433 qua
999 398 1088 427 divina

297 445 337 469 re,
351 444 411 472 qua:
420 437 486 465 mihi
503 443 636 467 ostentare
646 447 675 467 se
689 441 779 475 erepit,
791 445 819 469 et
827 441 870 469 cui
884 450 927 470 me
941 442 1087 472 inhiantem

297 483 442 518 suspendo,
457 483 613 520 detorqueat
621 491 701 522 atque
712 487 868 523 disrumpat.
886 489 932 518 llic
942 498 992 525 ego
1004 491 1087 519 multo

282 527 404 556 'uberius
427 536 540 559 renuens
564 531 700 561 abundare
724 533 827 562 lauitias
849 543 922 562 meas
941 543 1020 571 quam
1044 537 1086 565 vel

293 577 387 609 optare
402 574 543 611 aliquando
564 584 645 605 ausus
665 586 736 613 sum,
753 588 857 608 versum
876 581 955 609 istum
968 582 1085 618 gestiens

292 619 373 648 ell'udi
386 628 394 650 :

383 667 422 692 sic
431 670 502 693 Pater
510 668 552 694 ille
563 669 637 695 deum
648 669 726 703 faciat,
738 673 773 697 sie
783 672 846 698 altus
856 673 947 705 Apollo,

382 708 492 739 Incipias:

659 752 762 784 (miti.
774 762 800 784 x,
811 754 866 781 874.
878 755 945 789 875.)

292 789 421 824 perducet
440 791 511 818 enim
531 792 598 827 ipse,
617 793 639 820 si
658 795 794 828 sequimur
807 804 859 831 quo
874 805 922 825 nos
935 798 973 826 ire
984 799 1060 833 jubet
1073 820 1081 834 ,

290 840 371 872 atque
383 837 427 864 ubi
441 845 540 872 ponere
553 839 655 872 sedem,
666 841 710 876 qui
721 841 766 869 dat
779 843 857 869 modo
870 845 1016 880 augurium,
1036 854 1083 874 no-

291 883 406 918 strisque
421 883 536 912 illabitur
556 886 652 913 animis
666 886 676 923 (
685 887 726 914 Id.
749 896 787 921 Ill,
803 889 848 922 88,
866 890 928 925 89).
944 892 997 920 Nec
1011 894 1081 922 enim

290 929 360 956 altus
382 929 475 964 Apollo
497 936 549 963 eat,
566 931 608 966 qui
631 931 657 959 in
678 934 825 968 speluncis,
842 935 867 963 in
892 938 1033 972 montibus,
1054 939 1081 967 in

290 976 455 1009 nemoribus,
484 977 576 1005 nidore
600 978 685 1006 thuris
717 981 900 1017 pecudumque
933 984 1081 1014 calamitate

290 1020 438 1048 concitatus
447 1021 537 1056 implet
550 1022 657 1051 insanos
667 1033 674 1055 ;
688 1025 735 1053 sed
745 1026 813 1053 alius
824 1028 941 1062 profecto
952 1035 1002 1063 est,
1013 1030 1081 1060 alius

291 1064 336 1091 ille
360 1065 429 1092 allus
453 1067 592 1099 veridicus,
616 1073 694 1104 atque
718 1070 774 1105 ipsa
800 1071 877 1108 (quid
898 1074 969 1102 enim
993 1077 1080 1105 verbis

287 1110 403 1138 ambiam
412 1110 441 1147 τ)
458 1112 561 1140 Veritas
576 1122 582 1141 :
599 1115 674 1150 cujus
686 1121 761 1144 vates
775 1123 837 1146 sunt
847 1120 1006 1156 quicumque
1019 1130 1081 1157 pos-

288 1161 351 1182 sunt
368 1163 428 1184 esse
439 1158 583 1192 sapientes.
598 1160 669 1196 Ergo
682 1163 1001 1199 aggrediaturur.‘Liceuti,
1017 1167 1079 1196 freti

287 1202 387 1237 pietate
396 1203 523 1236 cultores,
533 1210 559 1232 et
571 1207 687 1242 vestigiis
695 1209 792 1237 nostris
803 1210 889 1245 ignem
901 1213 1078 1247 perniciosum

286 1246 451 1276 fumosarum
467 1257 509 1282 cu;
521 1249 642 1279 iditatom
656 1254 848 1288 oppritnamus.

322 1294 368 1322 ll.
386 1294 455 1327 Jam,
470 1296 564 1331 inquit,
589 1297 730 1335 interroga,
757 1308 805 1327 oro
820 1305 854 1334 te,
872 1303 894 1330 si
908 1304 1007 1338 possim
1028 1305 1079 1334 hoc

287 1342 390 1366 tantum
406 1341 495 1368 nescio
513 1342 577 1377 quid
589 1343 733 1378 explicare,
754 1350 782 1373 et
794 1346 845 1374 tuis
856 1348 945 1376 verbis
959 1354 985 1377 et
1000 1351 1076 1378 meis.

286 1385 343 1414 Hoc
360 1387 456 1422 ipsum,
478 1388 596 1423 inquam,
613 1389 677 1418 mihi
691 1392 833 1427 responde,
847 1394 932 1428 primo
944 1395 1016 1423 unde
1030 1397 1077 1424 tibi

284 1431 406 1460 videatur
419 1441 486 1468 aqua
495 1433 609 1462 ista'tiou
622 1441 722 1464 temere
733 1437 780 1470 sic,
795 1438 842 1466 sed
853 1440 946 1468 Ordine
955 1441 1076 1470 inﬂuere.

284 1477 351 1505 Nam
362 1478 431 1514 quod
446 1479 489 1506 illa
503 1480 624 1515 ligoeolis
641 1483 777 1511 canalibus
789 1485 977 1520 superlabitur,
993 1488 1077 1516 ctdu~

284 1523 354 1551 citur
364 1532 447 1560 usque
460 1526 486 1553 in
502 1534 565 1554 usus
581 1532 695 1557 nostros.
710 1535 795 1564 potest
809 1531 842 1558 ad
857 1533 977 1561 ordinem
994 1535 1075 1569 perti-

284 1577 359 1597 nere.
376 1570 484 1598 Faetum
500 1575 541 1598 est
554 1572 624 1599 enim
639 1573 673 1600 ab
687 1573 839 1603 hominibus
854 1577 956 1606 ratione
975 1580 1076 1607 utenti~

284 1614 344 1645 bus,
361 1619 391 1642 ut
402 1624 454 1643 uno
468 1616 526 1651 ejus
539 1617 633 1645 itinere
645 1619 723 1647 simul
734 1624 759 1647 et
775 1621 897 1650 biberent
911 1628 936 1650 et
945 1623 1074 1661 iuvarent,

283 1664 310 1688 ct
325 1667 374 1695 pro
395 1660 513 1688 locorum
535 1664 776 1697 opportunitatibus
790 1673 955 1702 consequens
969 1675 1026 1698 erat
1047 1675 1076 1699 ut

283 1704 320 1732 ita
334 1705 419 1732 lleret.
434 1706 510 1740 Quod
522 1715 585 1734 vero
595 1708 648 1740 illa,
661 1714 689 1736 ut
700 1710 777 1742 dicis,
789 1711 849 1739 folia
863 1713 901 1741 sic
914 1714 1072 1751 inciderunt,

282 1754 314 1778 ut
334 1750 385 1777 hoc
403 1752 474 1785 quod
489 1752 610 1781 admirati
632 1761 724 1794 sumus
744 1758 878 1792 eveniret;
894 1768 946 1795 quo
967 1750 1072 1791 tandem

281 1803 372 1824 rerum
387 1797 490 1831 ordine,
506 1806 537 1827 ac
551 1808 602 1827 non
616 1802 702 1836 potius
719 1811 782 1831 casu
797 1804 891 1833 factum
907 1809 1074 1842 putabimus?

282 1840 362 1874 Quasi
384 1850 458 1876 vero,
479 1844 562 1879 inquit
583 1845 637 1878 ille,
659 1848 737 1875 aliter
754 1853 832 1885 atque
850 1840 1013 1888 ceciderunt,
1026 1855 1072 1884 de-

281 1886 371 1915 buisse
384 1894 429 1916 aut
442 1891 560 1924 potuisse
575 1892 670 1921 cadere
684 1895 806 1931 cuiquam
821 1897 902 1926 videri
917 1886 1012 1935 potest.
1028 1909 1072 1930 se-

281 1935 421 1964 renissime
436 1937 546 1965 intuenti
561 1939 625 1966 nihil
640 1948 718 1975 posse
740 1943 796 1971 lieri
811 1944 869 1972 sine
883 1954 972 1974 causa.
985 1948 1072 1982 Quid?

276 1979 333 2015 jam
355 1981 394 2009 ris
416 1990 560 2017 persequar
586 1986 650 2013 situs
676 1988 800 2016 arborum
819 1996 897 2026 atque
915 2000 1069 2029 ramorum,

278 2026 419 2063 ipsumque
443 2029 546 2063 pondus
568 2036 695 2066 quantum
718 2038 809 2062 natura
835 2036 903 2065 foliis
925 2026 1072 2075 imposuiti

278 2071 358 2106 Quid.
374 2074 444 2102 aeris
468 2075 509 2102 vel
525 2077 699 2106 mobilitatem
721 2086 772 2115 qua
794 2081 913 2114 volitant,
927 2084 969 2111 vel
984 2085 1072 2113 molli-

279 2118 341 2145 tiem
356 2127 407 2155 qua
423 2120 594 2154 descendunt,
613 2124 752 2160 variosque
766 2125 856 2161 lapsus
869 2136 917 2163 pro
931 2129 1070 2160 affectione

277 2164 349 2197 cmli,
364 2172 413 2199 pro
423 2174 514 2200 onere,
534 2175 581 2202 pm
595 2168 685 2204 ﬁguris
699 2171 763 2203 suis,
779 2174 936 2208 etuteriSque
947 2175 1069 2205 innume-

277 2209 404 2237 rabilibus
422 2215 501 2246 atque
514 2213 713 2243 obscurioribus
727 2217 823 2251 causis,
840 2219 902 2255 quid
921 2228 964 2248 tne
976 2222 1069 2251 attinet

276 2255 415 2289 quarere?
429 2255 524 2284 Latent
539 2257 587 2285 ista
601 2266 696 2287 sensus
708 2267 823 2296 nostros,
844 2266 949 2299 penitus
963 2267 1044 2296 latent
1060 2278 1066 2296 :

276 2299 339 2328 illud
351 2306 438 2329 tamen
446 2302 516 2338 quod
531 2311 661 2339 aggressa:
670 2307 682 2321 '
691 2307 829 2342 quasstinui
840 2310 904 2338 satis
912 2316 962 2344 est,
977 2314 1068 2342 nescio

279 2346 413 2380 quomodo
432 2348 548 2376 animum
571 2357 623 2377 non
638 2351 710 2385 latet,
733 2353 798 2381 nihil
819 2354 876 2383 fieri
899 2357 956 2385 sine
975 2366 1065 2387 causa.

276 2390 367 2418 Potest
377 2391 447 2419 enim
458 2393 566 2421 odiosus
574 2401 743 2429 percontator
754 2407 861 2435 pergere
869 2410 997 2436 qumrere,
1007 2413 1066 2440 qua:

275 2443 355 2464 causa
378 2441 437 2465 erat
450 2443 478 2465 ut
493 2439 527 2466 ibi
541 2441 649 2470 arbores
669 2447 848 2479 ponerentur?
869 2439 1044 2484 Respondebo
1056 2473 1063 2485 ,

276 2486 384 2509 secutos
396 2490 456 2510 esse
473 2484 594 2514 homines
606 2488 672 2516 uber
692 2494 780 2518 terrae.
795 2492 874 2525 Quid,
888 2495 910 2522 si
925 2494 1065 2527 fructuosa

275 2526 386 2555 arbores
398 2536 449 2555 non
459 2534 529 2562 sunt,
539 2538 570 2559 ac
583 2536 683 2562 temere
692 2539 760 2563 natm
768 2542 827 2565 sunt
837 2538 848 2565 τ
863 2539 893 2567 Et
905 2540 947 2569 hic
955 2550 1065 2578 respon-

274 2571 353 2607 debo,
369 2581 418 2601 nos
432 2583 523 2609 parum
537 2577 626 2606 videre
641 2587 649 2612 ;
665 2589 725 2609 nam
740 2586 918 2620 temerariam,
933 2571 1063 2624 quasillas

272 2619 373 2652 genuit,
389 2627 554 2656 nequaquam
573 2630 633 2652 esse
647 2630 779 2655 naturam.
803 2629 871 2662 Quid
891 2619 987 2666 plura?
1011 2635 1064 2664 Aut

272 2664 370 2699 aliquid
383 2666 442 2694 sine
452 2674 530 2695 causa
547 2669 603 2696 fieri
612 2670 718 2705 docear,
733 2678 777 2701 aut
788 2675 853 2703 nihil
863 2664 919 2705 ﬁeri
932 2679 1062 2709 nisiee‘rto

271 2716 410 2740 causarum
424 2712 518 2742 ordine
529 2716 639 2745 credite.

267 2774 274 2809 ἐ
302 2788 312 2832 ξ
324 2788 673 2832 πιςζιξιιθι-ἰςιιςλρευςίηιίαιτ
682 2800 742 2832 Tum
748 2800 907 2832 nonnulli,sie
915 2802 977 2830 allus
987 2808 1059 2832 Im.

302 2818 554 2868 minimum
574 2818 694 2853 Eleusis.

268 2849 376 2881 ΙΝ
384 2851 469 2882 aptius.

877 155 921 184 DE
940 155 1077 191 0RDINE,
1097 157 1126 185 S.
1145 158 1329 190 AUGUSTINI

1198 215 1313 245 CAPUT
1325 215 1359 246 ν.
1371 232 1409 240 -
1421 219 1519 249 Ordine
1528 228 1616 251 cuncta
1625 223 1688 254 Dm
1696 227 1837 259 administrat.

1179 261 1223 291 12.
1246 262 1295 292 Cui
1314 271 1387 300 ego:
1402 266 1495 302 Licet,
1515 268 1637 305 inquam.
1658 279 1697 301 me
1714 274 1816 305 odiosum
1834 287 1879 314 per.

1143 313 1307 338 contatorem
1320 319 1418 346 voces;
1434 313 1479 342 vix
1495 314 1564 342 enim
1588 323 1689 351 possum
1705 327 1751 348 non
1768 313 1878 361 esse,qu

1142 357 1289 391 expugnavi
1304 365 1339 385 ne
1358 366 1419 386 eum
1433 359 1544 396 Pyramo
1556 366 1582 389 et
1596 362 1697 399 Tltysbe
1709 357 1877 406 mltoquera-ig;

1141 409 1248 437 pergam
1272 406 1359 431 tamen
1374 412 1493 440 quaerere
1505 406 1552 435 abs
1566 411 1602 436 te.
1616 408 1709 438 Natura
1726 411 1769 440 ista
1777 421 1839 449 quam
1850 418 1878 446 vis

1140 447 1223 476 videri
1245 449 1410 484 ordinatam,
1428 451 1471 479 cui
1484 451 1563 486 bono,
1578 459 1608 481 ut
1623 454 1656 482 de
1668 457 1763 485 caeteris
1778 447 1841 488 rebus
1851 462 1879 491 in-

1139 495 1348 524 numerabilibus
1358 502 1471 531 taceam,
1482 499 1544 526 istas
1557 499 1736 535 ipsasarbores
1745 512 1797 539 qua:
1804 505 1877 537 fruetus

1139 547 1191 567 non
1203 540 1326 573 all‘erunt.
1343 543 1508 577 procreavit?
1522 546 1556 573 At
1569 545 1615 574 illo
1628 547 1751 583 cogitante
1762 551 1815 585 quid
1824 552 1877 582 dies.

1138 590 1179 613 ret
1191 606 1198 617 ,
1213 586 1250 613 ait
1260 586 1399 622 Trygetius
1414 597 1421 615 :
1434 588 1628 625 Numquidnam
1641 600 1701 621 usus
1713 594 1850 626 arbustorum
1859 600 1877 628 in

1138 631 1202 659 solis
1213 631 1342 660 fructibus
1354 635 1486 669 praebetur
1495 635 1663 665 hominibus?
1671 638 1765 673 Quanta
1775 647 1824 671 sunt
1833 645 1876 679 alia,

1137 685 1196 713 qua:
1209 678 1312 712 umbra,
1324 688 1385 713 quin
1396 681 1485 717 lignis,
1497 687 1633 718 postremo
1641 692 1698 720 qua
1707 686 1764 721 ipsis

1136 729 1183 750 seu
1193 724 1262 752 foliis
1271 725 1351 753 fiant?
1359 725 1418 754 Noli
1426 727 1549 762 obsecro,
1560 729 1643 765 inquit
1651 730 1703 764 ille,
1712 731 1877 770 intemigauoui-

1136 768 1185 796 bus
1196 770 1253 805 ejus
1270 771 1327 800 haec
1340 772 1462 801 reddere.
1479 774 1682 804 Innumerabilia
1694 782 1752 807 sunt
1766 768 1824 808 enini
1835 790 1877 818 qs:

1136 814 1247 849 proferri
1256 822 1376 851 possunt,
1386 826 1417 846 ex
1424 819 1521 854 quibus
1527 820 1600 848 nulla
1607 825 1649 849 est
1657 822 1792 853 hominibus
1797 814 1875 861 utiiilas,

1134 866 1180 889 aut
1192 866 1265 890 certe
1278 863 1313 891 ita
1326 864 1389 892 latet
1401 865 1445 893 vel
1460 866 1592 895 imbecilla
1605 872 1656 901 est,
1672 873 1700 897 ιιι
1708 870 1741 898 ab
1753 870 1875 908 hominibus,

1135 908 1281 942 praesertim
1296 909 1382 942 nobis,
1394 911 1451 938 erui
1463 911 1606 941 defemlive
1623 921 1675 941 non
1695 916 1778 950 possit.
1789 917 1875 954 Ipsepo.

1134 952 1186 979 tius
1199 961 1248 981 nos
1257 954 1353 983 doceat
1361 977 1368 988 ,
1381 957 1515 992 quomodo
1526 958 1626 994 aliquid
1637 959 1680 987 liat
1691 961 1755 996 quod
1766 970 1809 990 non
1819 952 1875 994 ausa

1134 1000 1310 1033 prmeesscrit.
1323 1001 1396 1035 Post,
1410 1002 1528 1038 inquam,
1544 1004 1594 1032 ista
1609 1005 1757 1034 videbimus.
1767 1008 1815 1037 Non
1825 1011 1874 1039 eain

1129 1042 1185 1078 jam
1201 1052 1244 1073 me
1257 1053 1368 1074 necesse
1387 1052 1428 1075 est
1442 1056 1503 1077 esse
1514 1049 1652 1078 doctorem
1661 1071 1669 1085 ,
1683 1059 1739 1080 cum
1749 1059 1772 1080 tu
1790 1056 1824 1090 qui
1836 1056 1873 1090 jam

1133 1093 1214 1117 tautae
1224 1092 1261 1119 rei
1278 1097 1303 1120 te
1313 1097 1414 1121 certum
1429 1102 1489 1122 esse
1504 1096 1639 1130 proli-ssus
1651 1105 1689 1131 es,
1699 1098 1776 1127 adhuc
1785 1108 1819 1128 Ine
1829 1101 1873 1130 nihil

1131 1135 1254 1164 docueris
1266 1137 1375 1166 nimium
1391 1139 1493 1168 discere
1508 1143 1659 1177 cupientem
1670 1163 1677 1176 ,
1701 1149 1725 1172 et
1745 1147 1872 1181 propterboc

1131 1181 1217 1209 solum
1232 1182 1289 1210 dies
1302 1189 1446 1220 noctesque
1458 1187 1622 1223 vigilantem.

1167 1227 1211 1255 13.
1231 1228 1289 1263 Quo
1309 1237 1351 1256 me
1372 1231 1465 1265 mittis,
1482 1232 1588 1268 inquit?
1600 1235 1641 1263 An
1659 1236 1716 1271 quia
1728 1236 1800 1266 levius
1811 1243 1829 1266 te
1841 1246 1871 1268 ιθ-

1131 1279 1198 1308 quor
1219 1281 1298 1308 quam
1322 1275 1372 1303 ista
1393 1275 1454 1304 folia
1479 1283 1591 1313 ventos,
1620 1280 1713 1315 quibus
1734 1282 1756 1310 in
1775 1283 1871 1318 prolato

1131 1321 1184 1345 tem
1199 1326 1294 1353 aquam
1314 1319 1457 1355 iaciuntur,
1473 1327 1502 1350 ut
1514 1323 1554 1351 eis
1567 1325 1664 1354 cadere
1685 1334 1766 1362 parum
1785 1329 1870 1363 sit,niti

1130 1363 1209 1391 etiam
1229 1365 1386 1394 trahantur?
1405 1366 1473 1395 Nam
1485 1369 1548 1404 quid
1564 1370 1636 1398 aliud
1649 1372 1698 1400 erit
1710 1380 1762 1401 cum
1774 1374 1871 1403 licentior
1908 1396 1909 1403 η

1130 1413 1155 1425 nl
1176 1409 1347 1425 Annua-hu...
1373 1416 1397 1425 ..ι
1414 1420 1442 1425 Α..
1462 1422 1516 1425 _..__
1536 1421 1596 1425 λημ.
1613 1416 1620 1423 σ
1705 1417 1719 1425 a-
1761 1418 1790 1425 α..
1841 1420 1859 1425 ..
1908 1414 1909 1425 i

1130 1413 1156 1436 et
1172 1409 1359 1444 Augustinum,
1372 1416 1400 1440 et
1413 1420 1444 1440 ea
1459 1422 1518 1449 qu:c
1534 1421 1599 1444 sunt
1613 1416 1639 1444 in
1656 1417 1735 1446 modia
1747 1418 1869 1456 philtmiph’n

1129 1453 1227 1482 docet?
1240 1455 1298 1483 Noli
1312 1457 1434 1491 obsecro,
1449 1459 1557 1496 inquam
1566 1482 1575 1495 ,
1591 1467 1637 1490 aut
1646 1467 1672 1491 te
1683 1453 1771 1492 tantum
1779 1453 1868 1501 abjiocte,

1128 1505 1173 1527 aut
1183 1507 1225 1528 me
1236 1502 1372 1530 extollere.
1383 1503 1449 1532 Nam
1461 1510 1488 1532 et
1497 1513 1547 1540 ego
1563 1506 1590 1534 in
1600 1508 1754 1545 philosophia
1763 1518 1866 1546 pueritia,

1128 1549 1154 1572 et
1168 1553 1220 1573 non
1235 1546 1314 1574 nimis
1326 1555 1401 1580 curo,
1414 1556 1476 1577 cum
1488 1550 1637 1588 interrogo,
1643 1562 1697 1589 per
1705 1562 1769 1589 quem
1777 1555 1824 1583 mihi
1834 1555 1866 1583 illo

1127 1591 1297 1625 respondeat,
1312 1592 1357 1628 qui
1370 1601 1413 1621 me
1426 1596 1544 1629 quotidie
1557 1599 1697 1633 querulum
1710 1601 1786 1636 accipit
1796 1600 1866 1636 :cuju

1128 1639 1153 1663 te
1169 1635 1275 1671 quidem
1297 1638 1378 1666 credo
1391 1640 1550 1677 quanquue
1564 1648 1652 1671 vatem
1667 1635 1785 1677 futuruut',

1126 1679 1189 1712 hoc,
1205 1682 1372 1718 quandoque,
1390 1683 1499 1713 forsitan
1513 1687 1624 1723 Iungunt
1636 1695 1685 1717 est.
1699 1689 1746 1718 Sed

1126 1733 1232 1761 quoque
1254 1727 1365 1756 multum
1380 1731 1489 1765 sepositi
1502 1731 1537 1759 ab
1550 1733 1868 1767 hujusmudistudiisdooen
1908 1739 1909 1767 1

1125 1770 1222 1807 aliquid
1250 1780 1379 1808 possunt,
1404 1782 1463 1804 cum
1486 1776 1680 1807 disserentium
1703 1780 1804 1807 societati
1815 1780 1868 1816 quasi

1126 1816 1240 1845 vinculis
1263 1818 1499 1855 interrogationum
1520 1829 1700 1853 eoaretautur.
1725 1825 1786 1854 Idem
1804 1831 1867 1854 auten

1125 1862 1221 1897 aliquid
1247 1872 1298 1891 non
1321 1871 1360 1892 est
1377 1866 1451 1894 nihil.
1469 1868 1508 1894 An
1522 1876 1574 1896 non
1589 1870 1662 1897 rides
1679 1875 1733 1903 (tuo
1745 1871 1802 1898 enim
1812 1871 1868 1901 simili

1125 1912 1183 1934 ut..r
1209 1909 1347 1946 libentius)
1371 1912 1413 1938 illa
1436 1913 1493 1947 ipsa
1516 1914 1577 1942 folia
1600 1925 1658 1951 qum
1684 1916 1867 1950 ferunturnnt'u,

1124 1962 1182 1989 quae
1194 1956 1269 1983 undis
1283 1957 1412 1990 innatant,
1425 1960 1549 1988 resistere
1564 1962 1722 1997 aliquantum
1735 1961 1868 1999 pmipitlnti

1123 2007 1152 2026 se
1176 2000 1275 2027 ﬂumini
1287 2021 1293 2033 ,
1309 2007 1335 2029 et
1347 2002 1379 2030 de
1393 2011 1481 2031 rerutn
1495 2005 1589 2034 ordine
1603 2007 1719 2035 homines
1727 2015 1866 2041 commutat.

1123 2045 1144 2071 si
1158 2050 1244 2072 tamen
1260 2046 1310 2073 hoc,
1322 2048 1391 2082 quod
1406 2049 1453 2077 abs
1465 2054 1490 2077 te
1501 2051 1661 2084 defendimur.
1678 2061 1760 2081 terum
1770 2053 1819 2081 esti

1163 2091 1205 2117 14.
1228 2092 1274 2119 Hic
1289 2093 1334 2120 ille
1353 2094 1421 2122 lecto
1431 2096 1510 2123 etiam
1523 2098 1648 2126 exsilieus
1658 2107 1709 2134 pra:
1718 2099 1795 2128 laetitia
1805 2107 1811 2125 ε
1821 2098 1867 2133 Otii

1123 2142 1213 2172 neget,
1230 2138 1297 2165 Deus
1311 2147 1415 2175 magne,
1430 2141 1530 2177 inquit,
1547 2146 1573 2170 te
1586 2149 1679 2172 cuncta
1690 2144 1774 2172 ordine
1784 2143 1867 2172 adniti-

1121 2183 1225 2209 stnare?
1238 2182 1322 2217 Quam
1335 2193 1364 2212 se
1375 2187 1462 2214 omnia
1475 2189 1581 2216 tenent!
1598 2197 1674 2224 quam
1685 2190 1746 2218 ratis
1756 2188 1867 2218 sumit-

1121 2227 1197 2254 nibus
1211 2228 1236 2255 in
1253 2229 1335 2257 nodos
1348 2238 1411 2258 suos
1425 2235 1566 2267 urgentur!
1581 2240 1676 2270 quanta
1694 2239 1721 2263 et
1730 2242 1797 2271 quant
1807 2233 1866 2262 tntilli

1121 2272 1187 2301 facta
1203 2280 1265 2301 sunt
1278 2281 1305 2302 ut
1319 2275 1376 2303 htec
1394 2277 1580 2313 loqueremur!
1597 2285 1691 2316 quanta
1706 2280 1764 2308 fiunt
1774 2278 1865 2307 utbil—

1120 2320 1273 2347 veniamus!
1297 2321 1373 2351 Unde
1394 2325 1465 2351 enim
1491 2325 1541 2353 hoc
1562 2327 1665 2361 ipsum,
1689 2327 1736 2354 nisi
1755 2333 1783 2354 ex
1799 2331 1865 2354 ret'll

1120 2366 1214 2393 ordine
1238 2374 1326 2395 manat
1349 2373 1376 2396 et
1392 2369 1507 2404 ducitur,
1523 2372 1592 2408 quod
1613 2373 1794 2409 evigilavimttt.
1813 2369 1865 2407 φά

1119 2410 1192 2437 illum
1217 2419 1310 2440 sonum
1330 2414 1483 2449 advertisti,
1508 2418 1577 2452 quod
1601 2419 1714 2454 quesisti
1734 2421 1874 2447 ωπον-ι

1118 2462 1192 2489 sam,
1217 2457 1286 2491 quod
1310 2462 1337 2485 tu
1361 2467 1468 2488 causam
1491 2463 1599 2490 tantilla:
1621 2464 1658 2491 rei
1681 2471 1731 2491 non
1750 2459 1874 2504 invotis“.

1117 2500 1201 2529 Sorex
1211 2502 1290 2530 etiam
1307 2504 1403 2539 prodit,
1421 2510 1449 2533 ut
1460 2514 1509 2542 ego
1523 2508 1634 2544 vigilans
1646 2509 1744 2544 prodar.

1118 2550 1178 2573 tuus
1191 2548 1270 2575 etiam
1286 2549 1342 2583 ipse
1356 2557 1455 2584 sermo,
1471 2557 1496 2580 te
1506 2552 1619 2582 fortasse
1629 2554 1654 2582 id
1667 2561 1716 2582 non
1724 2557 1806 2590 agente
1814 2551 1862 2589 (Μ

1116 2593 1186 2620 enim
1197 2578 1319 2629 cuiquam
1328 2596 1352 2623 in
1365 2578 1496 2631 potestate
1504 2601 1616 2636 estquid
1626 2601 1710 2629 veniat
1718 2578 1883 2631 inuncata“.

1115 2638 1153 2665 sic
1175 2640 1265 2667 nescio
1279 2642 1413 2675 quomodo
1427 2644 1621 2680 circumagitur,
1637 2651 1663 2673 ut
1680 2652 1721 2673 Ino
1733 2643 1860 2682 ipsulm
1878 2654 1880 2658 '

1114 2684 1176 2718 quid
1191 2684 1235 2712 tibi
1249 2685 1358 2713 debeam
1371 2689 1541 2723 respondere.
1552 2690 1677 2726 Namque.
1690 2697 1734 2717 oro
1746 2694 1777 2721 te.
1788 2688 1807 2716 Ii
1817 2686 1858 2715 ιιι

1114 2737 1173 2764 quae
1193 2738 1207 2757 a
1230 2731 1305 2759 nobis
1326 2732 1395 2760 dicta
1408 2739 1486 2767 sunt,
1503 2735 1605 2770 litteris,
1621 2740 1649 2764 ut
1660 2734 1789 2768 instituisti.
1801 2738 1857 2761 αι·

1113 2775 1173 2802 data
1189 2785 1364 2813 pervagentur
1385 2781 1462 2815 paulo
1483 2782 1560 2810 latius
1577 2782 1611 2811 ad
1630 2782 1755 2811 hominum
1766 2780 1855 2811 fami

1113 2829 1201 2850 nonne
1225 2824 1259 2850 ita
1276 2833 1319 2852 res
1335 2834 1428 2862 magna
1443 2828 1579 2862 videbitur,
1596 2833 1623 2857 ut
1641 2829 1674 2857 de
1693 2828 1731 2856 illa
1745 2824 1854 2856 ωηδιιιιι

1114 2868 1207 2906 aliquis
1221 2875 1295 2899 vates
1302 2879 1414 2909 magnus
1424 2879 1469 2902 aut
1475 2873 1613 2905 Chaldzus
