3804 6380
1022 323 1026 327 ⁴
1080 328 1127 339 κο-

111 409 185 466 985
1380 395 1586 456 LIBER
1623 395 1888 458 PRIMUS.

111 525 187 587 rit,
219 517 365 575 multo
386 524 508 573 ante
533 530 689 590 quam
715 512 921 571 evenit?
946 510 1097 584 Quod
1144 510 1191 569 sl
1227 508 1608 584 respondisset,

108 618 159 673 ita
177 613 358 670 divinus
376 609 658 676 diceretur,
685 608 756 665 ita
788 607 1067 665 ell'erretur
1092 603 1331 661 laudibus
1350 603 1608 668 omnium,

106 716 149 763 vt
169 716 311 762 tamen
334 718 395 758 es
422 716 492 758 eo
512 716 670 760 nemo
687 714 925 771 quaerere
948 696 1170 754 auderet
1196 711 1293 752 cur
1320 695 1501 752 folium
1542 694 1613 751 ab

104 801 249 858 triton
267 794 540 861 ceciderit,
568 801 658 851 aut
679 802 855 848 utrum
875 806 994 847 mus
1017 790 1273 846 oberrans
1292 787 1488 860 jaceuti
1510 785 1610 842 bo-

105 889 198 947 nini
220 886 450 943 molestus
476 883 669 941 fuerit?
694 880 1085 954 Numquidnam
1108 880 1253 936 enim
1283 879 1408 935 talia
1438 879 1611 935 futura

103 981 317 1052 qusquam
355 976 561 1032 illortnn
596 984 688 1030 aut
715 989 812 1045 per
838 988 900 1030 se
936 972 1070 1028 dixit
1106 971 1423 1042 aliquando,
1461 979 1554 1026 aut
1578 985 1609 1028 a

102 1068 345 1125 eomltore
384 1074 600 1122 coactus
648 1074 733 1122 est
777 1062 1002 1121 dicere?
1038 1062 1233 1133 Atqui,
1279 1060 1326 1117 si
1376 1060 1609 1117 futurum

102 1158 319 1232 quemdam
344 1158 535 1213 librum
562 1172 661 1211 non
693 1154 978 1227 ignobilem
1004 1153 1226 1218 diceret,
1257 1162 1311 1209 et
1337 1153 1389 1209 id
1417 1167 1607 1209 neces-

100 1252 200 1305 sario
230 1258 522 1305 erettturnm
563 1246 795 1313 videret,
822 1260 931 1301 non
959 1246 1101 1302 enim
1132 1254 1311 1316 posset
1338 1245 1496 1300 aliter
1523 1244 1608 1301 di-

100 1340 254 1406 vinare;
290 1337 521 1411 proiecto
547 1336 797 1410 quidquid
821 1336 1063 1392 volitatio
1092 1336 1351 1391 foliorum
1383 1336 1435 1391 in
1455 1351 1603 1407 agro,

96 1429 289 1504 quidquid
329 1428 577 1486 vilissima
627 1428 846 1485 bestiola
880 1429 932 1484 in
959 1426 1119 1483 domo
1146 1427 1287 1492 facit,
1341 1436 1447 1483 tam
1484 1435 1610 1484 sunt

97 1525 132 1580 in
160 1537 304 1580 rerum
340 1520 527 1577 ordine
553 1519 885 1585 necessaria,
916 1534 1075 1591 quam
1112 1518 1221 1575 illa:
1259 1518 1467 1575 littere.
1513 1518 1608 1575 His

93 1614 196 1669 etin
222 1612 375 1668 verbis
417 1612 555 1666 ﬁunt
575 1652 591 1677 ,
621 1626 739 1682 quae
784 1610 902 1667 sine
939 1610 1045 1666 illis
1071 1609 1493 1681 procedentibus
1521 1610 1606 1665 vi-

94 1702 259 1761 lissimis
289 1703 441 1760 rebus
468 1717 571 1759 nec
616 1701 669 1757 in
720 1709 952 1757 mentem
986 1700 1169 1756 venire
1209 1709 1460 1770 possent,
1508 1715 1608 1757 nec

94 1810 158 1851 ne
181 1793 435 1867 procedere
455 1792 790 1865 posterisque
808 1790 1067 1847 mandari.
1098 1789 1274 1859 Quare
1295 1790 1428 1858 jam,
1451 1805 1601 1861 rogo,

94 1901 208 1944 item
226 1901 280 1942 es
312 1901 391 1940 me
414 1880 622 1956 (ilth
646 1898 743 1939 cur
770 1881 1002 1954 quidque
1037 1881 1146 1937 ﬁat.
1175 1881 1317 1937 Satis
1354 1891 1439 1937 est
1472 1881 1603 1937 nihil

96 1978 203 2045 lori,
243 1976 359 2034 nihil
396 1976 542 2049 gigni
586 1974 729 2047 quod
764 1989 871 2030 non
895 1972 1069 2045 altqtta
1093 1986 1252 2028 causa
1278 1971 1515 2043 genuerit
1538 1986 1604 2027 ac

94 2068 271 2124 noverit.

216 2159 420 2219 CAPUT
456 2159 549 2216 Vl.
588 2189 661 2204 -
700 2159 840 2215 Ordo
864 2159 1034 2214 omnia
1060 2158 1423 2230 complectitur.

140 2252 203 2310 l5.
235 2252 319 2309 llic
337 2263 558 2323 apparet
607 2262 693 2319 te,
744 2252 955 2323 inquam
982 2290 997 2315 ,
1044 2250 1253 2306 nescire
1292 2249 1601 2305 adolescens

96 2359 206 2415 qun
225 2345 367 2401 multa
390 2385 406 2408 ,
434 2353 492 2400 et
528 2358 559 2398 a
589 2342 835 2415 qualibus
863 2342 988 2396 viris
1012 2351 1194 2397 contra
1221 2340 1600 2397 divinationem

92 2434 185 2490 dicta
202 2436 307 2492 sint.
333 2434 436 2492 Sed
467 2433 737 2505 responde
766 2447 924 2497 nunc,
956 2448 1060 2487 non
1086 2440 1260 2487 utrum
1284 2431 1375 2485 ﬁat
1400 2430 1599 2502 aliquid

91 2526 168 2582 sine
196 2542 361 2592 causa;
399 2542 523 2582 nam
556 2525 612 2581 id
650 2525 763 2596 jam
789 2523 946 2580 video
973 2532 1026 2581 te
1058 2522 1201 2578 nolle
1229 2521 1551 2593 respondere
1579 2537 1596 2578 :

90 2617 151 2674 ted
167 2617 275 2673 ordo
294 2619 386 2674 iste
411 2625 702 2687 susceptus
740 2625 861 2671 tuus
901 2615 1170 2671 honumne
1195 2601 1503 2686 quidquam,
1529 2629 1597 2671 an

89 2708 227 2764 Iliun
266 2709 348 2765 tibi
386 2724 510 2767 esse
539 2706 804 2765 videatur.
858 2706 927 2763 Et
977 2706 1065 2763 ille
1110 2705 1548 2761 submurtnuraus
1579 2722 1593 2760 :

89 2798 184 2866 Non,
205 2802 350 2871 inquit
369 2842 385 2867 ,
423 2801 503 2856 sic
541 2800 784 2871 rogasti,
825 2805 883 2853 ut
904 2812 1067 2853 unum
1094 2813 1127 2853 e
1152 2796 1357 2852 duobus
1401 2811 1596 2868 queam

91 2891 359 2962 respondere.
386 2890 555 2947 Video
595 2889 684 2945 hic
720 2889 862 2945 enim
906 2886 1189 2960 quamdam
1233 2886 1592 2943 medietatem.

90 2981 303 3040 Nanordo
324 2985 447 3039 mihi
476 2998 581 3040 nec
609 2982 829 3047 bonum,
861 2996 963 3039 nec
989 2981 1187 3037 malum
1207 2980 1433 3036 videtur.
1456 2979 1595 3050 Quid

87 3072 216 3129 ultu
233 3089 430 3139 asses,
476 3075 704 3145 inquam
730 3114 745 3140 ,
778 3071 951 3128 ordini
975 3086 1096 3129 esse
1113 3071 1435 3127 contrarium
1450 3070 1477 3126 ἲ
1499 3070 1593 3127 Ni-

85 3161 227 3228 hil.alt
243 3165 334 3221 ille.
362 3165 489 3222 Nam
507 3162 785 3237 quomodo
807 3177 928 3219 esse
952 3161 1277 3218 contrarium
1301 3161 1591 3233 quidquam

85 3261 208 3324 plut
238 3255 280 3311 ei
312 3255 382 3313 rei
408 3271 529 3328 qua:
555 3263 729 3311 totum
768 3252 1053 3323 occupavit
1078 3293 1094 3317 ,
1128 3260 1297 3307 totum
1323 3252 1593 3308 obtinuit?

84 3344 191 3410 Quod
211 3346 329 3401 enim
353 3347 454 3402 erit
481 3345 664 3401 ordini
692 3343 1064 3411 contrarium,
1095 3357 1317 3399 necesse
1344 3343 1450 3398 erit
1473 3356 1593 3400 esse

84 3446 223 3505 rem
234 3438 476 3496 ordinem.
507 3436 655 3494 Nihil
679 3446 858 3493 autem
882 3449 1003 3491 esse
1032 3443 1225 3506 praeter
1249 3432 1491 3490 ordinem
1514 3434 1593 3491 vi-

87 3525 305 3585 dealitltil
343 3530 501 3602 igitur
547 3528 727 3583 ordini
756 3536 966 3598 oportet
1004 3535 1191 3597 putare
1232 3540 1351 3582 esse
1376 3532 1590 3581 contra-

88 3615 204 3673 rittttt.
237 3618 410 3693 Ergone
435 3663 453 3688 ,
480 3622 561 3676 ait
586 3619 890 3691 Trygetius,
919 3617 1220 3674 contrarius
1242 3615 1415 3671 ordini
1441 3631 1593 3671 error

83 3718 162 3759 non
192 3709 285 3765 uti
316 3709 465 3767 Nullo
494 3709 695 3776 modo,
727 3708 915 3779 inquit.
967 3705 1099 3763 Nam
1139 3704 1406 3762 neminem
1435 3705 1591 3762 video

81 3799 320 3857 missine
350 3817 528 3857 causa.
563 3800 860 3856 Causarum
899 3806 1074 3853 autem
1102 3796 1270 3854 series
1294 3796 1482 3853 ordine
1508 3797 1590 3853 in-

82 3888 261 3948 cluditur.
288 3892 348 3949 Et
373 3909 528 3951 error
557 3892 678 3963 ipse
704 3906 811 3947 non
835 3891 1006 3948 solum
1031 3890 1264 3962 gignitur
1281 3905 1463 3957 causa,
1491 3889 1589 3946 sed

81 3978 354 4055 etiangignit
378 3983 589 4055 aliquid
618 3983 769 4054 cujus
797 3997 958 4038 causa
985 3982 1073 4037 sit.
1102 3981 1455 4050 Quamobrem
1484 3996 1590 4053 quo

80 4082 181 4129 extra
194 4076 409 4135 ordinem
433 4094 542 4134 non
568 4086 673 4143 est,
695 4090 762 4132 eo
786 4090 891 4131 non
920 4081 1095 4146 potest
1118 4073 1294 4130 ordini
1319 4089 1438 4131 esse
1462 4089 1589 4130 eon-

79 4165 232 4221 Iturius.

125 4256 189 4311 l6.
221 4258 283 4315 Et
301 4275 415 4316 cum
446 4260 707 4317 tacuisset
732 4259 1013 4333 Trygetius
1036 4301 1052 4325 ,
1098 4274 1301 4333 egoque
1328 4260 1587 4330 meipsum

76 4355 383 4420 Melperem
422 4351 659 4423 gaudio,
708 4350 852 4422 quod
900 4350 1141 4407 videbam
1193 4350 1587 4407 adolescentem

74 4436 305 4498 chﬁssimi
325 4444 477 4500 amici
504 4443 677 4499 tilium
704 4444 863 4499 etiam
886 4457 1061 4499 meum
1087 4442 1234 4507 lit-ri;
1264 4458 1364 4498 nec
1391 4444 1584 4511 solum,

74 4540 205 4587 muto
243 4534 290 4589 in
332 4536 561 4591 amicum
603 4550 817 4607 quoque
861 4536 970 4605 jam
1012 4534 1140 4590 mihi
1187 4551 1404 4606 surgere
1429 4545 1587 4604 atque

73 4620 373 4692 “habere,
399 4636 453 4681 et
478 4626 636 4697 cujus
654 4626 884 4681 studium
915 4627 997 4683 vel
1029 4626 1080 4680 in
1112 4626 1409 4681 mediocres
1437 4627 1582 4683 litte-

72 4710 565 4784 rulesperaveram,
604 4716 758 4787 quasi
796 4726 1034 4786 respecta
1064 4716 1079 4748 ¹
1106 4718 1444 4786 possessione
1486 4732 1584 4772 sua

71 4804 152 4855 “l0
179 4802 355 4878 inpetu
398 4808 451 4864 in
500 4807 732 4865 mediam
756 4808 943 4864 venire
979 4806 1385 4879 philosophiam.
1433 4807 1585 4875 Quod

70 4886 349 4953 Misenus
394 4900 565 4956 miror
593 4908 647 4956 et
673 4907 909 4957 exaestuo
934 4898 986 4953 in
1019 4898 1459 4969 gratulationem,
1490 4914 1582 4955 su-

69 4978 148 5085 bito
168 4987 245 5046 ille
270 4993 412 5065 quasi
434 5003 616 5051 mente
643 4993 870 5066 quadam
894 5001 1173 5064 correptus
1197 4993 1461 5049 exclamat
1490 5013 1502 5049 :
1534 4993 1579 5050 Ο

67 5084 100 5128 il
131 5088 305 5148 Mm
336 5084 513 5143 dicere
555 5085 698 5158 quod
722 5086 877 5143 volo!
910 5086 1097 5157 Rogo;
1146 5086 1267 5151 ubi,
1296 5087 1386 5143 ubi
1416 5088 1580 5156 estis,

73 5169 222 5229 “fit?
238 5180 546 5236 succurrite.
578 5180 641 5236 Et
682 5180 821 5237 bona
867 5188 924 5236 et
959 5180 1095 5236 mala
1136 5179 1187 5234 in
1224 5178 1411 5236 ordine
1438 5189 1580 5237 sunt.

68 5256 239 5323 CAPUT
270 5267 473 5325 νῑιί-
493 5268 633 5328 Dm
656 5287 757 5327 non
779 5269 945 5340 diligit
968 5270 1104 5325 male
1124 5270 1239 5325 licet
1258 5272 1327 5325 ad
1356 5260 1605 5328 ordinem

32 5362 55 5439 ξς
180 5424 181 5427 η
356 5376 357 5379 ‘
650 5364 951 5435 pertineant.

26 5416 55 5484 ὅ
120 5424 188 5503 t7:
208 5450 440 5521 Credite,
468 5455 515 5511 si
540 5416 703 5513 vultis
716 5470 881 5522 ;nam
921 5456 1190 5527 quomodo
1224 5455 1277 5511 id
1321 5456 1580 5527 explicem

245 5540 352 5616 Ego
380 5546 611 5603 mirabar
628 5557 681 5605 et
700 5547 956 5603 tacebam.
981 5547 1260 5619 Trygetius
1287 5556 1464 5603 autem
1491 5548 1581 5603 ubi

68 5622 167 5682 *ἱειἱὶ
182 5622 431 5692 hominem
456 5637 727 5708 paululum
754 5639 905 5710 quasi
933 5637 1133 5710 digesta
1159 5636 1424 5694 ebrietate
1447 5637 1578 5693 atla-

65 5744 494 5887 ’ὲψῐονὼάᾶραια
521 5768 824 5835 possessione.
865 5776 921 5822 Αι
939 5771 1105 5826 caeteri
1141 5769 1333 5822 codices
1371 5769 1487 5823 editi
1527 5776 1581 5825 et

384 5863 401 5887 ο
422 5837 651 5887 fm-

384 5863 401 5889 ο
422 5837 651 5909 respecto.

1714 509 1875 567 bilem
1922 511 2118 570 factum
2163 514 2534 588 redditumque
2573 514 2842 589 colloquio
2888 530 2903 571 :
2947 516 3293 589 Absurdum,

1716 603 1903 676 inquit,
1930 605 2057 661 mihi
2085 607 2308 674 videtur,
2338 608 2567 676 Licenti,
2589 618 2645 665 et
2669 609 2826 681 plane
2848 608 3080 666 alienum
3110 627 3141 667 a
3159 614 3295 670 veri-

1715 700 1825 751 tate
1848 696 1990 767 quod
2014 696 2179 765 dicis;
2207 698 2300 754 sed
2326 716 2507 771 qureso
2529 700 2735 771 patiare
2763 717 2852 758 me
2878 702 3172 773 paululum,
3196 720 3297 764 nec

1714 790 1995 860 perturbes
2037 790 2383 848 clamitando.
2428 793 2521 849 Dic
2558 792 2700 865 quod
2744 794 2853 857 vis,
2899 792 2974 851 ait
3011 795 3142 853 ille:
3186 813 3295 856 non

1715 880 1858 936 enim
1884 888 2065 937 metuo
2089 896 2157 938 ne
2180 898 2266 938 me
2286 882 2496 938 auferas
2519 884 2587 939 ab
2611 898 2678 939 eo
2700 884 2840 955 quod
2868 884 3044 950 video,
3074 900 3137 943 ac
3156 900 3296 961 pene

1715 979 1892 1029 teneo.
1918 970 2165 1038 Utinam,
2200 972 2387 1044 inquit,
2418 975 2485 1029 ab
2529 988 2595 1030 eo
2641 990 2801 1045 quem
2831 974 3075 1033 defendis
3107 978 3294 1037 ordine
3328 966 3333 969 l

1713 1062 1899 1120 devius
1928 1081 2032 1120 non
2059 1065 2134 1121 sis
2152 1107 2169 1134 ,
2200 1081 2305 1122 non
2329 1076 2471 1122 tanta
2502 1068 2554 1122 in
2586 1068 2750 1124 Deum
2790 1068 2977 1127 feraris
3006 1069 3087 1143 (ut
3112 1074 3293 1131 mitius

1714 1154 1921 1226 loquar)
1957 1156 2178 1211 incuria.
2201 1156 2337 1225 Quid
2362 1160 2504 1215 enim
2531 1159 2699 1229 potuit
2723 1159 2826 1215 dici
2852 1160 3020 1233 magis
3050 1162 3288 1235 impium,

1712 1260 1870 1317 quam
1901 1247 2061 1301 etiam
2097 1246 2235 1301 mala
2261 1246 2450 1303 ordine
2474 1248 2777 1303 contineri?
2804 1249 2960 1305 Certe
2984 1253 3126 1308 enitn
3155 1255 3292 1311 Deus

1711 1344 1856 1391 amat
1878 1336 2142 1392 ordinem.
2165 1336 2306 1393 Vere
2332 1348 2495 1404 amat,
2525 1338 2600 1393 ait
2624 1338 2744 1404 ille;
2774 1339 2843 1395 ab
2871 1339 2989 1410 ipso
3015 1354 3210 1410 manat,
3236 1354 3295 1402 et

1710 1442 1831 1483 cum
1858 1428 1972 1499 ipso
1998 1438 2098 1484 est.
2124 1429 2191 1485 Et
2213 1431 2256 1484 si
2281 1429 2407 1501 quid
2439 1438 2613 1500 potest
2630 1429 2699 1486 de
2718 1445 2777 1487 re
2806 1440 3005 1487 tantum
3025 1434 3128 1489 alta
3157 1450 3289 1492 con-

1710 1519 2008 1575 venientins
2035 1519 2159 1585 dici,
2190 1520 2385 1591 cogita,
2413 1536 2597 1592 quaeso
2615 1561 2631 1587 ,
2661 1520 2775 1591 ipse
2794 1530 2990 1577 tecum.
3018 1522 3126 1579 Nec
3149 1526 3291 1583 enim

1708 1621 1826 1664 sum
1870 1609 2092 1665 idoneus
2118 1611 2204 1681 qui
2236 1620 2289 1666 te
2315 1611 2415 1666 ista
2438 1626 2579 1667 nunc
2600 1612 2842 1668 doceam.
2872 1613 3010 1681 Quid
3036 1616 3285 1686 cogitem,

1708 1700 1880 1773 inquit
1906 1700 2226 1774 Trygetius?
2254 1703 2469 1774 Accipio
2505 1718 2721 1774 prorsus
2759 1704 2903 1774 quod
2928 1705 3093 1770 dicis,
3124 1709 3285 1764 satis-

1706 1806 1811 1863 que
1836 1791 1965 1847 mihi
1996 1800 2079 1848 est
2109 1793 2160 1847 in
2190 1808 2256 1848 eo
2276 1792 2417 1864 quod
2441 1793 2696 1866 intelligo.
2730 1794 2887 1851 Certe
2913 1796 3055 1852 enitn
3080 1807 3136 1854 et
3153 1800 3292 1857 mala

1704 1882 1886 1940 dixisti
1912 1883 2099 1940 ordine
2128 1886 2425 1955 contineri,
2452 1897 2506 1943 et
2546 1891 2716 1957 ipsum
2747 1888 2991 1946 ordinem
3017 1906 3231 1950 manare
3256 1908 3290 1949 ιι

1703 1990 1916 2032 summo
1960 1976 2071 2034 Deo
2090 2019 2107 2044 ,
2151 1988 2309 2049 atque
2335 1978 2404 2033 ab
2441 1993 2507 2034 eo
2533 1980 2697 2052 diligi.
2729 1981 2806 2037 Ex
2833 1998 2940 2051 quo
2968 1984 3207 2055 sequitur
3233 1996 3291 2045 ut

1702 2074 1758 2122 et
1777 2067 1910 2124 mala
1935 2068 2043 2125 sint
2066 2084 2095 2124 a
2123 2084 2335 2126 summo
2356 2072 2485 2139 Deo,
2513 2081 2567 2127 et
2598 2074 2733 2127 mala
2759 2074 2896 2130 Deus
2916 2076 3121 2148 diligat.

1776 2160 1863 2215 18.
1905 2160 1961 2215 ln
1986 2177 2090 2231 qua
2114 2161 2460 2218 conclusione
2486 2162 2634 2219 timui
2657 2163 2913 2220 Licentia.
2942 2168 3120 2225 Atille
3144 2170 3290 2243 inge-

1702 2250 1934 2307 miscens
1960 2251 2269 2309 dil'licnltate
2291 2253 2574 2309 verborum
2604 2297 2620 2321 ,
2669 2271 2769 2311 nec
2796 2258 3016 2314 omnino
3042 2276 3287 2330 qun-rens

1701 2343 1827 2414 quid
1872 2345 2253 2416 responderet,
2294 2346 2389 2402 sed
2420 2348 2863 2417 quemadmodum
2890 2351 3029 2421 quod
3058 2368 3285 2423 respuit:-

1700 2432 1933 2490 dendum
1957 2443 2072 2492 erat
2099 2446 2367 2506 promeret
2406 2454 2419 2491 :
2449 2436 2563 2493 Non
2602 2439 2775 2510 diligit
2818 2440 2955 2497 Deus
2985 2443 3121 2498 mala
3151 2485 3168 2511 ,
3198 2445 3286 2501 in-

1700 2526 1847 2597 quit;
1894 2542 1993 2583 nec
2015 2526 2084 2582 ob
2109 2526 2283 2593 aliud,
2330 2529 2430 2585 nisi
2455 2531 2577 2600 quia
2602 2530 2807 2586 ordtuis
2829 2547 2932 2587 non
2959 2543 3118 2590 estut
3146 2534 3285 2592 Deus

1703 2618 1838 2673 mala
1868 2618 2071 2689 diligat.
2106 2619 2170 2674 Et
2196 2620 2436 2675 ordinem
2480 2621 2599 2677 ideo
2641 2625 2864 2679 tnultum
2916 2625 3120 2697 diligit,
3162 2629 3285 2700 quia

1700 2727 1795 2783 per
1813 2727 1934 2768 eum
1966 2727 2073 2767 non
2100 2712 2269 2783 diligit
2298 2714 2457 2767 mala.
2490 2717 2554 2769 At
2585 2732 2713 2771 vero
2737 2717 2848 2786 ipsa
2879 2720 3017 2773 mala
3042 2719 3133 2790 qtti
3156 2735 3280 2791 pos-

1698 2813 1823 2859 sunt
1861 2819 1966 2859 non
2004 2818 2124 2859 esse
2154 2802 2206 2858 in
2235 2805 2423 2860 ordine
2444 2846 2460 2872 ,
2492 2819 2613 2861 cum
2649 2807 2787 2863 Deus
2816 2809 2901 2863 illa
2927 2825 3032 2865 non
3062 2810 3285 2883 diligat?

1697 2895 1828 2952 Nam
1859 2896 1960 2952 iste
1986 2898 2099 2965 ipse
2121 2904 2205 2952 est
2245 2897 2505 2953 malorum
2535 2898 2667 2953 ordo
2705 2909 2765 2955 ut
2798 2917 2902 2957 nou
2928 2902 3217 2975 diligantur
3250 2922 3283 2963 a

1700 2984 1830 3040 Deo.
1861 2988 1942 3040 An
1986 3000 2184 3057 parvus
2210 3001 2388 3042 rerum
2419 2986 2552 3043 ordo
2578 2988 2670 3043 tibi
2694 2988 2920 3057 videtur,
2953 3000 3011 3048 ut
3042 3002 3098 3049 et
3142 2994 3280 3051 bona

1697 3073 1839 3132 Deus
1865 3074 2085 3147 diligat,
2126 3085 2181 3132 et
2208 3092 2315 3131 non
2342 3076 2527 3149 diligat
2551 3079 2726 3135 mala?
2752 3078 2825 3135 lta
2857 3096 2957 3138 nec
2986 3094 3177 3154 praeter
3194 3102 3283 3143 or-

1695 3165 1875 3222 dinem
1898 3174 2023 3221 suut
2051 3167 2209 3234 mala,
2238 3184 2356 3238 quos
2387 3182 2490 3224 non
2520 3168 2692 3240 diligit
2719 3170 2879 3238 Deus,
2901 3180 2957 3227 et
2985 3174 3156 3243 ipsum
3198 3185 3280 3233 ta-

1696 3272 1820 3313 men
1845 3256 2086 3315 ordinem
2111 3258 2282 3331 diligit
2311 3276 2323 3312 :
2359 3258 2459 3315 hoc
2486 3260 2659 3331 ipsum
2700 3261 2842 3316 enim
2868 3262 3038 3335 diligit
3057 3264 3280 3339 diligere

1699 3349 1838 3409 bona
1858 3390 1874 3414 ,
1901 3361 1955 3406 et
1985 3366 2089 3406 non
2112 3350 2334 3422 diligere
2367 3351 2540 3415 mala;
2572 3352 2713 3422 quod
2740 3362 2825 3409 est
2849 3356 3024 3425 magni
3053 3357 3278 3425 ordinis,

1693 3450 1749 3499 et
1793 3441 1987 3497 divina:
2023 3441 2407 3511 dispositionis.
2439 3439 2541 3509 Qui
2586 3440 2718 3496 ordo
2763 3452 2922 3511 atque
2960 3443 3279 3516 dispesitio,

1693 3531 1817 3604 quia
1849 3531 2204 3587 universitatis
2230 3531 2632 3601 congruentiam
2684 3532 2795 3602 ipsa
2824 3532 3163 3595 distinctione
3188 3553 3283 3596 cu-

1693 3626 1876 3693 stodit,
1906 3626 1963 3680 lit
1992 3633 2049 3680 ut
2076 3624 2211 3681 mala
2240 3625 2398 3680 etiam
2427 3639 2547 3680 esse
2586 3639 2807 3680 necesse
2834 3626 2924 3681 sit.
2946 3626 3182 3698 ltaquasi
3211 3646 3281 3688 ex

1692 3716 1966 3772 antithetis
1994 3714 2406 3785 quodammodo.
2436 3714 2575 3785 quod
2607 3716 2762 3771 nobis
2779 3718 2939 3772 etiam
2963 3718 3016 3774 in
3037 3722 3281 3779 oratione

1688 3806 1982 3877 jucundum
2011 3815 2112 3871 est,
2142 3806 2193 3861 id
2215 3814 2298 3861 est
2322 3823 2386 3862 ex
2414 3808 2719 3874 contrariis,
2745 3809 2983 3866 omnium
3005 3812 3163 3869 simul
3188 3829 3278 3871 re-

1694 3915 1811 3956 rum
1831 3899 2170 3971 pulchritudo
2194 3900 2465 3970 ﬁguratur.

1764 3991 1855 4048 19.
1894 3991 2021 4047 Post
2067 3990 2167 4045 hoc
2209 3990 2487 4047 iutersiluit
2529 3990 2754 4047 modice.
2788 3992 2855 4047 Et
2882 4002 3103 4063 repente
3144 4010 3266 4054 sese

1692 4081 1904 4154 erigens
1942 4098 2045 4153 qua
2076 4081 2355 4153 Trygetius
2385 4082 2577 4137 lectum
2611 4082 2839 4137 habebat
2880 4101 2894 4137 :
2936 4083 3067 4139 Nam
3095 4102 3277 4156 quam

1692 4188 1756 4229 ex
1789 4184 1861 4239 te,
1884 4187 2088 4243 quaeso,
2118 4172 2306 4242 inquit,
2334 4170 2581 4242 justusue
2606 4171 2676 4227 sit
2707 4171 2885 4228 Deus?
2910 4174 3137 4231 'l‘acebat
3163 4178 3272 4244 ille,

1693 4264 1885 4328 nimis,
1919 4273 1975 4319 ut
2001 4272 2185 4334 postea
2220 4263 2425 4325 retulit,
2457 4261 2728 4318 admirans
2763 4272 2818 4318 et
2851 4263 3073 4320 horrens
3101 4268 3277 4326 subito

1692 4354 2037 4425 condiscipuli
2068 4363 2122 4410 et
2143 4353 2416 4409 iamiliaris
2433 4353 2517 4409 sui
2543 4352 2780 4409 amatum
2810 4369 2944 4410 nova
2971 4356 3274 4427 inspiratio-

1694 4463 1760 4503 ne
1786 4461 2110 4503 sermonem.
2142 4445 2258 4511 Quo
2299 4452 2543 4510 tacente,
2577 4444 2665 4500 ille
2710 4446 2780 4500 ita
2822 4454 3034 4501 secutus
3077 4457 3176 4504 est.
3216 4449 3274 4507 Si

1692 4538 1832 4594 enim
1862 4537 2024 4591 Deum
2050 4536 2253 4605 justum
2288 4551 2392 4590 non
2424 4550 2543 4592 esse
2586 4535 2958 4605 responderis,
2998 4546 3052 4593 tu
3077 4538 3275 4597 videris

1690 4629 1813 4701 quid
1833 4644 1978 4699 agas,
2007 4629 2095 4699 qui
2126 4644 2210 4683 me
2229 4626 2430 4683 dudum
2462 4627 2753 4696 impietatis
2783 4626 3063 4699 arguebas.
3090 4630 3146 4687 Si
3175 4647 3274 4687 au-

1692 4730 1820 4788 tem,
1850 4727 1909 4774 ut
1931 4719 2083 4775 nobis
2116 4719 2359 4787 traditur,
2390 4733 2593 4788 nosque
2624 4718 2789 4789 ipsius
2809 4719 3014 4776 ordinis
3035 4723 3276 4781 necessio

1690 4820 1799 4869 tate
1825 4811 2103 4876 sentimus,
2126 4809 2303 4880 justus
2327 4817 2409 4863 est
2434 4808 2590 4874 Deus,
2619 4823 2713 4863 sua
2731 4812 2922 4881 cuique
2946 4810 3276 4872 distribuen-

1689 4904 1759 4959 do
1805 4904 1985 4975 utique
2035 4903 2208 4973 justus
2257 4911 2359 4957 est.
2413 4901 2543 4969 Qua:
2585 4912 2760 4957 autent
2814 4903 3120 4961 distributio
3170 4908 3276 4967 dici

1689 5005 1897 5069 potest,
1930 4996 2018 5051 ubi
2049 4994 2326 5051 distinctio
2357 4995 2496 5049 nulla
2528 4996 2655 5051 est?
2683 4996 2792 5052 Aut
2818 5012 2938 5069 quae
2983 4999 3273 5070 distinctio,

1689 5087 1733 5143 si
1759 5086 1895 5144 bona
1922 5094 2045 5143 sunt
2070 5084 2281 5141 omnia?
2332 5084 2539 5152 Quidve
2569 5093 2761 5155 praeter
2786 5084 3027 5144 ordinem
3050 5092 3273 5161 reperiri

1689 5184 1900 5249 potest,
1932 5175 1976 5231 si
2015 5175 2106 5231 Dei
2133 5174 2337 5245 justitia
2362 5173 2624 5237 bonorum
2653 5175 3022 5249 malorumque
3064 5182 3273 5238 meritis

1686 5284 1782 5325 sua
1827 5269 2016 5341 cuique
2054 5267 2393 5329 redduntur?
2415 5267 2627 5324 Justum
2664 5278 2843 5325 autem
2888 5270 3050 5325 Deum
3080 5286 3275 5328 omnes

1689 5363 1932 5419 fatentur.
1957 5360 2148 5418 Totum
2170 5360 2329 5430 igitur
2349 5360 2540 5418 ordine
2563 5361 2867 5418 includitur.
2890 5360 3094 5429 Quibus
3115 5361 3271 5417 dictis
3294 5348 3307 5367 ’

1689 5410 1931 5419 -_---.-_--
1967 5410 2148 5418 _--__-
2170 5410 2317 5430 τη-
2355 5410 2539 5418 μή---
2563 5410 2865 5418 ---ν----η
2896 5410 3089 5429 νην-
3119 5410 3271 5417 ψη.

1688 5456 1858 5512 resilit
1896 5471 1927 5511 e
1978 5463 2184 5522 strato,
2216 5464 2269 5511 et
2305 5455 2417 5525 jam
2440 5455 2611 5511 lenior
2634 5469 2763 5509 voce
2789 5468 2912 5507 cum
2955 5452 3004 5507 ei
3047 5450 3270 5508 verbum

1687 5563 1845 5604 nemo
1884 5546 2086 5603 faceret
2115 5564 2127 5599 :
2159 5546 2371 5603 Nihilne
2413 5547 2564 5614 mihi,
2596 5545 2785 5621 inquit,
2812 5542 2895 5596 vel
2922 5548 2978 5594 tu
3005 5540 3094 5610 qui
3121 5554 3271 5597 com-

1680 5638 1867 5711 'pulisti
1895 5639 1961 5695 ad
1984 5639 2104 5703 ista,
2138 5636 2433 5710 respondes
2448 5638 2474 5692 ?

1754 5730 1846 5789 20.
1874 5732 1969 5787 Cui
1991 5746 2091 5805 ego
2116 5749 2128 5785 :
2154 5730 2297 5788 Nova
2328 5746 2468 5786 nunc
2493 5720 3259 5797 religioisthteeinteineessit.
3287 5758 3292 5764 η

1689 5823 1820 5885 sedo
1857 5824 1877 5897 (
1903 5822 2098 5883 Terent.
2153 5822 2312 5878 Andr.
2344 5829 2443 5878 act.
2475 5820 2509 5877 4
2532 5858 2548 5886 ,
2579 5831 2713 5872 scen.
2738 5814 2771 5869 ὅ
2790 5810 2810 5887 )
2830 5851 2845 5879 ,
2873 5812 3106 5899 inquam.
3149 5811 3264 5885 sed
