3804 6412
588 579 997 635 conduceretur.
1030 574 1231 632 Deinde
1257 574 1486 631 erectior
1512 590 1528 629 :
1554 572 1700 631 Ordo
1724 582 1829 641 est,
1858 571 2047 645 inquit,
2077 584 2173 641 per

588 685 748 743 quem
774 677 1005 741 aguntur
1029 668 1207 745 out/nia
1233 682 1354 739 qua:
1382 666 1524 724 Deus
1544 666 1835 724 constituit.

656 762 744 818 99.
782 760 918 830 Quid
955 760 1071 831 ipse
1097 759 1267 826 Deus,
1302 758 1559 831 inquam?
1582 774 1689 815 non
1719 758 1811 814 tibi
1850 757 2059 813 videtur
2085 755 2172 828 agi

585 854 814 910 ordine?
838 853 1095 919 Prorsus,
1128 852 1331 926 inquit,
1360 852 1586 909 videtur.
1630 850 1773 924 Ergo
1809 851 1983 923 agitur
2007 850 2169 916 Deus,

472 974 475 975 ν
584 945 660 999 ait
684 944 983 1017 Trygetins.
1014 944 1083 1000 Et
1118 943 1208 1001 ille
1238 962 1252 1001 :
1284 943 1423 1012 Quid
1448 944 1627 1009 enim,
1660 943 1858 1015 inquit,
1897 941 2169 998 Christum

586 1034 754 1090 Deum
794 1049 989 1107 negas,
1019 1034 1108 1106 qui
1148 1044 1205 1091 et
1236 1034 1424 1091 ordine
1449 1032 1518 1091 ad
1544 1048 1641 1091 nos
1670 1035 1847 1101 venit,
1877 1043 1933 1091 et
1957 1048 1986 1087 a
2012 1033 2170 1090 Patre

583 1124 693 1180 Deo
715 1124 937 1180 missum
962 1139 1084 1181 esse
1119 1140 1180 1181 se
1214 1125 1382 1181 dicit?
1423 1123 1480 1181 Si
1524 1124 1683 1196 igitur
1721 1124 1861 1180 Deus
1894 1123 2167 1180 Christum

580 1218 768 1273 ordine
798 1218 865 1273 ad
890 1233 991 1274 nos
1015 1218 1192 1283 misit,
1221 1230 1277 1275 et
1302 1218 1467 1275 Deum
1491 1218 1763 1274 Christum
1792 1232 1913 1274 esse
1940 1234 2045 1274 non
2074 1232 2168 1274 ne-

577 1324 786 1380 gamus,
816 1322 919 1363 non
944 1311 1114 1366 solum
1138 1311 1249 1382 agit
1269 1311 1469 1375 omnia,
1495 1310 1590 1367 sed
1612 1311 1786 1381 agitur
1802 1310 1988 1366 ordine
2005 1310 2164 1369 etiam

579 1403 742 1459 Deus.
773 1400 870 1457 Hic
891 1400 1173 1474 Trygetius
1195 1400 1512 1459 addubitans
1540 1420 1553 1457 :
1582 1401 1790 1465 Nescio.
1818 1403 2005 1474 inquit,
2033 1418 2165 1474 quo-

578 1493 739 1550 modo
764 1493 901 1549 istuc
918 1493 1196 1563 accipiam.
1222 1492 1387 1550 Deum
1412 1494 1553 1549 enim
1573 1494 1787 1564 quando
1806 1494 2160 1561 nominamus,

575 1597 683 1640 non
708 1584 860 1653 quasi
887 1584 1155 1641 mentibus
1183 1586 1297 1656 ipse
1315 1584 1562 1642 Christus
1585 1585 1837 1651 occurrit,
1868 1584 1962 1642 sed
1983 1586 2158 1642 Pater.

574 1673 670 1731 Ille
694 1682 871 1730 autem
901 1683 1029 1731 tunc
1054 1677 1307 1741 occurrit,
1337 1675 1552 1747 quando
1576 1676 1669 1731 Dei
1695 1676 1884 1731 Filium
1913 1678 2159 1732 nomina-

573 1780 715 1821 mus.
751 1764 951 1821 Bellam
990 1779 1104 1823 rem
1142 1766 1293 1832 facis,
1329 1767 1499 1838 inquit
1521 1766 1811 1824 Licentius.
1840 1766 2159 1839 Negabimus

571 1871 703 1928 ergo
734 1857 826 1912 Dei
854 1856 1046 1913 Filium
1078 1858 1242 1914 Deum
1270 1858 1429 1914 esse?
1454 1857 1552 1914 llic
1574 1858 1683 1924 ille,
1712 1873 1833 1913 cum
1860 1858 1909 1914 ei
1935 1874 2157 1929 respon-

571 1949 703 2006 dere
725 1949 1076 2021 periculosum
1095 1951 1384 2016 videretur,
1407 1960 1586 2007 tamen
1607 1967 1667 2009 se
1686 1952 1859 2022 coegit
1876 1962 2034 2022 atque.
2052 1951 2155 2007 ait:

572 2042 640 2099 Et
667 2041 757 2098 hic
777 2044 992 2114 quidem
1018 2044 1160 2100 Deus
1183 2053 1267 2100 est
1284 2087 1301 2113 ,
1346 2045 1440 2101 sed
1484 2054 1659 2101 tamen
1706 2045 1919 2116 proprie
1946 2045 2154 2101 Patrem

569 2130 736 2188 Deum
759 2132 1005 2189 dicimus.
1037 2133 1135 2190 Cui
1158 2149 1260 2205 ego
1286 2151 1301 2187 :
1330 2134 1534 2191 Cohibe
1570 2145 1621 2190 te
1659 2136 1863 2206 potius,
1904 2135 2152 2207 inquam;

566 2240 675 2280 non
703 2224 845 2280 enim
876 2225 1041 2282 Filius
1069 2227 1355 2298 improprie
1384 2227 1526 2284 Deus
1558 2227 1770 2285 dicitur.
1811 2230 1881 2283 At
1910 2228 1999 2285 ille
2026 2229 2153 2283 reli-

563 2316 724 2388 gione
747 2327 1080 2381 commotus,
1110 2333 1232 2373 cum
1272 2318 1431 2373 etiam
1471 2318 1630 2373 verba
1668 2333 1763 2374 sua
1802 2319 1996 2389 scripta
2032 2332 2153 2375 esse

564 2408 750 2474 nollet,
779 2409 1000 2479 urgebat
1021 2408 1291 2465 Licentius
1320 2417 1380 2463 ut
1401 2418 1698 2474 manerent,
1729 2425 2015 2481 puerorum
2043 2409 2151 2465 sci-

562 2500 691 2557 licet
725 2515 907 2567 more,
955 2500 1041 2557 vel
1086 2501 1264 2571 potius
1307 2500 1611 2569 hominum,
1641 2504 1772 2572 proh
1804 2503 1983 2558 nefas!
2017 2517 2151 2572 pene

560 2592 824 2657 omnium,
853 2593 1005 2663 quasi
1050 2607 1180 2649 vero
1221 2594 1483 2664 gloriandi
1528 2608 1686 2650 causa
1729 2595 1866 2651 inter
1896 2610 1993 2651 nos
2022 2594 2149 2651 illud

560 2692 826 2753 ageretur.
863 2682 1026 2753 Cujus
1054 2693 1257 2740 motum
1286 2686 1449 2741 animi
1486 2701 1607 2742 cum
1645 2686 1981 2757 objurgarem
2022 2701 2146 2758 gra-

558 2774 795 2832 vioribus
823 2776 1019 2843 verbis,
1048 2778 1261 2834 erubuit
1287 2795 1303 2833 :
1331 2794 1435 2851 qua
1465 2781 1581 2850 ejus
1611 2780 2007 2851 perturbatione
2034 2780 2148 2835 ani-

557 2868 819 2925 madverti
846 2870 1105 2926 ridentem
1133 2871 1505 2944 [natantemque
1525 2872 1853 2947 Trygetium.
1881 2874 1946 2929 Et
1962 2872 2147 2929 ambo.

555 2960 657 3017 bus
685 2979 698 3016 :
729 2960 874 3019 Itane
902 2964 1089 3035 agitis,
1122 2965 1374 3037 inquam?
1400 2964 1589 3021 Nonne
1621 2980 1719 3022 vos
1746 2976 1927 3023 movet
1953 2967 2144 3038 quibus

555 3058 803 3116 vitiorum
834 3059 1063 3117 molibus
1091 3068 1250 3132 atque
1276 3061 1551 3131 imperitiae
1580 3062 1814 3118 tenebris
1840 3077 2144 3133 premamur

552 3158 609 3207 et
633 3152 1047 3222 cooperiamur?
1075 3152 1323 3209 Hmccine
1347 3161 1431 3209 est
1458 3152 1545 3209 illa
1584 3153 1740 3224 paulo
1779 3163 1903 3209 ante
1942 3163 2137 3221 vestra,

550 3240 621 3297 de
639 3256 742 3313 qua
762 3242 973 3313 ineptus
997 3242 1233 3309 lmtabar,
1260 3242 1484 3298 attentio
1505 3252 1558 3299 et
1584 3244 1635 3297 in
1660 3243 1825 3299 Deum
1846 3245 2141 3301 veritatem-

551 3348 658 3403 que
684 3333 985 3389 surrectio?
1026 3332 1073 3388 Ο
1114 3334 1159 3388 si
1202 3334 1487 3400 videretis,
1533 3335 1615 3391 vel
1656 3344 1763 3392 tam
1798 3336 2139 3407 lippientibus

552 3423 727 3480 oculis
747 3438 905 3494 quam
932 3438 1062 3494 ego,
1090 3426 1142 3481 in
1168 3426 1361 3496 quibus
1389 3425 1640 3497 periculis
1661 3426 1956 3497 jaceamus,
1985 3429 2137 3500 cujus

552 3512 727 3568 morbi
754 3511 1080 3570 dementiam
1110 3515 1250 3571 risus
1286 3515 1387 3571 iste
1424 3515 1646 3572 indicet!
1687 3517 1734 3573 0
1770 3520 1814 3573 si
1848 3519 2133 3576 videretis!

548 3614 710 3670 quam
737 3601 876 3670 cito,
912 3618 1071 3675 quam
1097 3606 1306 3673 statim,
1335 3616 1641 3678 quantoque
1679 3608 1986 3680 productius
2013 3626 2133 3666 eum

550 3695 826 3752 verteretis
867 3696 921 3752 in
962 3694 1139 3753 ﬂetus.
1182 3698 1391 3766 Miseri,
1423 3700 1639 3756 nescitis
1664 3700 1753 3757 ubi
1776 3703 1995 3757 sumus?
2032 3702 2133 3758 De-

550 3798 758 3842 mersos
782 3784 995 3858 quidem
1025 3801 1147 3843 esse
1173 3789 1383 3845 animos
1409 3791 1647 3846 omnium
1674 3792 1953 3848 stultorum
1984 3793 2135 3849 indo-

547 3883 864 3949 ctorumque
890 3890 1176 3937 commune
1202 3887 1305 3945 est,
1345 3881 1440 3937 sed
1482 3897 1589 3937 non
1627 3898 1733 3939 uno
1758 3892 1917 3956 atque
1944 3885 2131 3941 eodem

548 3966 713 4025 modo
749 3968 1013 4027 demersis
1054 3986 1212 4043 opem
1254 3974 1512 4046 sapientia
1554 3985 1610 4031 et
1644 3991 1858 4033 manum
1891 3980 2127 4050 porrigit.

546 4058 654 4116 Alii
676 4066 823 4129 sunt,
852 4061 1076 4127 credite,
1106 4062 1196 4120 alii
1223 4073 1348 4120 sunt
1373 4066 1462 4137 qui
1491 4080 1701 4124 sursum
1728 4078 2011 4137 vocantur,
2042 4070 2131 4126 alii

545 4150 636 4220 qui
662 4149 716 4205 in
744 4149 1002 4222 profunda
1028 4152 1292 4210 laxantur.
1321 4155 1517 4220 Nolite,
1548 4158 1771 4214 obsecro
1799 4175 1925 4225 vos,
1959 4161 2129 4231 gemi-

546 4255 677 4298 nare
700 4240 831 4299 mihi
857 4242 1121 4301 miserias.
1147 4244 1291 4302 Satis
1315 4247 1446 4303 mibi
1469 4249 1576 4304 sint
1603 4251 1819 4307 vulnera
1844 4267 1980 4315 mea,
2011 4268 2130 4321 quae

546 4342 605 4389 ut
630 4344 906 4404 sanentur,
936 4352 1075 4409 pene
1101 4339 1426 4410 quotidianis
1463 4340 1673 4398 ﬂetibus
1711 4343 1876 4399 Deum
1911 4359 2123 4416 rogans,

543 4426 894 4500 indigniorem
929 4437 1108 4487 tamen
1134 4446 1256 4490 esse
1278 4447 1366 4489 me
1400 4434 1490 4504 qui
1521 4443 1624 4488 tam
1650 4435 1759 4489 cito
1786 4450 1945 4491 saner
1968 4452 2125 4508 quam

540 4519 687 4586 volo,
717 4534 860 4590 saepe
883 4521 1199 4593 memetipse
1221 4523 1500 4578 convinco.
1533 4522 1743 4591 Nolite,
1780 4525 2004 4582 obsecro
2025 4569 2041 4594 ,
2079 4529 2126 4585 si

541 4612 671 4683 quid
690 4612 822 4668 mihi
841 4613 1061 4681 amoris,
1090 4614 1136 4670 si
1159 4613 1286 4686 quid
1311 4615 1716 4671 necessitudinis
1735 4616 1958 4685 debetis,
1980 4619 2024 4673 si
2047 4619 2128 4675 in-

544 4703 781 4773 telligitis
797 4712 1052 4775 quantum
1073 4719 1169 4761 vos
1187 4704 1422 4776 diligam,
1440 4707 1621 4777 quanti
1642 4705 1853 4775 faciam,
1869 4718 2124 4780 quantum

543 4807 634 4849 me
655 4807 781 4850 cura
814 4796 1044 4867 exagitet
1070 4812 1279 4853 morum
1315 4808 1644 4863 vestrorum,
1687 4800 1733 4856 si
1773 4800 1966 4873 dignus
2004 4819 2124 4861 sum

541 4896 702 4953 quem
726 4898 831 4939 non
855 4886 1153 4957 negligatis,
1179 4888 1475 4962 sidenique
1491 4932 1509 4961 ,
1539 4892 1648 4948 Deo
1667 4900 1822 4962 teste,
1846 4910 1951 4950 non
1973 4911 2125 4953 men-

542 4974 669 5041 tior,
694 4974 827 5031 nihil
850 4991 936 5033 me
962 4979 1081 5049 plus
1103 4979 1233 5037 mihi
1258 4988 1443 5053 optare
1467 4998 1625 5056 quam
1652 4985 1821 5052 vobis,
1850 4987 2125 5058 rependite

544 5066 674 5123 mihi
700 5066 1033 5126 beneficium.
1064 5071 1130 5127 Et
1152 5071 1198 5128 si
1220 5089 1306 5129 me
1328 5076 1635 5145 magistrum
1658 5078 1884 5134 libenter
1904 5079 2120 5146 vocatis,

538 5158 749 5215 reddite
775 5158 905 5213 mihi
932 5162 1232 5218 mercedem
1264 5182 1278 5218 :
1306 5164 1430 5220 boni
1454 5176 1641 5223 estote.

613 5251 704 5309 30.
733 5251 832 5309 llic
861 5252 978 5317 ubi,
1010 5269 1079 5310 ne
1106 5256 1255 5327 plura
1282 5258 1546 5325 dicerem,
1582 5260 1827 5333 lacrymoe
1852 5263 1981 5319 mihi
2008 5278 2123 5320 mo-

539 5342 668 5400 dum
687 5343 757 5399 im
766 5351 1074 5413 posuerunt,
1094 5343 1362 5402 Licentius
1381 5347 1754 5405 molestissime
1769 5350 1963 5417 ferens,
1981 5354 2121 5425 quod

539 5434 717 5491 omnia
742 5434 1111 5492 scribebantur
1137 5453 1151 5490 :
1179 5436 1315 5505 Quid
1334 5439 1498 5504 enim,
1528 5440 1622 5507 ait,
1652 5440 1891 5509 fecimus,
1913 5458 2010 5498 oro
2032 5445 2122 5500 te?

541 5526 749 5590 Adhuc.
782 5528 1021 5599 inquam,
1050 5544 1151 5585 nec
1188 5528 1368 5585 fateris
1409 5534 1593 5586 saltem
1635 5542 1905 5602 peccatum
1936 5537 2122 5591 tuum?

539 5618 619 5674 Tu
649 5618 822 5675 nescis
854 5620 906 5675 in
939 5620 1026 5675 illa
1062 5621 1243 5678 schola
1273 5623 1503 5693 graviter
1529 5638 1614 5679 me
1640 5626 1958 5681 stomachari
1989 5625 2120 5682 soli-

538 5720 673 5779 tum,
701 5713 841 5783 quod
867 5729 1036 5785 usque
1053 5714 1189 5771 adeo
1209 5718 1358 5788 pueri
1383 5731 1485 5772 non
1507 5718 1735 5774 utilitate
1752 5728 1907 5790 atque
1926 5720 2123 5778 decore

537 5802 959 5874 disciplinarum,
988 5809 1081 5864 sed
1110 5810 1433 5867 inanissima:
1462 5812 1631 5869 laudis
1656 5829 1837 5870 amore
1864 5814 2122 5873 ducereur

539 5899 661 5963 iur,
701 5903 758 5951 ut
788 5898 1045 5973 quosdam
1070 5901 1231 5958 etiam
1258 5902 1427 5964 aliena
1454 5905 1615 5961 verba
1643 5905 1868 5963 recitare
1893 5922 1998 5964 non
2021 5921 2121 5993 puo

1802 458 1891 516 ne
1928 454 2206 525 onotus,
2243 456 2303 514 s.
2342 454 2709 516 AUGUSTINI
3702 474 3778 533 9ο,

2278 565 2434 625 deret
2451 610 2467 635 ,
2496 569 2910 642 exciperentque
2932 569 3152 643 plausus
3178 571 3241 645 (o
3266 573 3675 645 ingemiscendum
3695 600 3778 640 tua.

2276 659 2389 715 lum
2408 657 2460 733 l)
2489 660 2558 716 ab
2582 660 2790 718 eisdem
2823 662 2952 733 ipsis
2973 679 3199 736 quorum
3225 679 3372 723 erant
3395 669 3478 726 illa
3502 688 3605 742 qua
3627 677 3778 732 recita-

2276 746 2423 805 bant.
2455 749 2531 806 lta
2559 766 2677 817 vos,
2706 754 2949 825 quamvis
2977 753 3107 810 nihil
3136 772 3380 829 unquam,
3417 770 3471 815 ut
3494 762 3677 831 opinor,
3706 770 3778 825 tale

2274 839 2545 906 feceritis;
2577 852 2755 902 tamen
2781 854 2839 903 et
2866 846 2919 903 in
2947 846 3327 920 philosophiam
3344 890 3361 918 ,
3388 862 3439 908 et
3462 852 3511 907 in
3531 869 3635 911 eam
3661 858 3778 915 vitam

2274 947 2433 1003 quam
2466 949 2551 990 me
2577 935 2795 992 tandem
2822 952 3112 1008 occupasse
3135 937 3317 1007 ltetor,
3342 942 3659 1001 aemulationis
3683 948 3778 1003 tabi-

2271 1020 2387 1079 θεῖε
2413 1033 2573 1096 atque
2600 1025 2775 1083 inanis
2792 1027 3061 1099 jactantia:
3090 1030 3345 1099 ultimam,
3373 1032 3462 1089 sed
3485 1038 3777 1097 nocentiorem

2270 1117 2479 1173 caeteris
2515 1119 2766 1175 omnibus
2804 1131 3006 1192 pestem
3041 1123 3374 1181 introducere
3398 1142 3457 1182 ac
3482 1132 3776 1197 proseminare

2269 1212 2539 1269 conamini
2566 1232 2579 1268 :
2604 1223 2659 1269 et
2687 1213 2930 1277 fortasse.
2960 1217 3084 1287 quia
3115 1232 3212 1272 vos
3233 1218 3301 1273 ab
3327 1218 3420 1274 ista
3449 1222 3650 1281 vanitate
3670 1241 3774 1279 mor-

2269 1300 2447 1373 boque
2472 1304 2720 1363 deterreo
2738 1348 2755 1371 ,
2784 1306 3043 1379 pigriores
3076 1309 3227 1364 eritis
3263 1310 3328 1364 ad
3362 1311 3521 1367 studia
3546 1314 3772 1381 doctrina;

2267 1402 2324 1449 et
2358 1395 2428 1452 ab
2454 1396 2646 1453 ardore
2676 1407 2909 1455 ventosae
2938 1398 3094 1456 fama
3128 1402 3453 1472 repercussi,
3483 1404 3529 1460 in
3564 1414 3772 1476 torporem

2266 1486 2471 1545 inertia:
2494 1491 2860 1562 congelahitis.
2888 1492 2971 1549 hie
2991 1495 3267 1561 miserum,
3289 1496 3333 1550 si
3356 1512 3556 1553 necesse
3576 1499 3660 1555 erit
3675 1504 3771 1559 tales

2268 1579 2429 1634 etiam
2458 1596 2596 1636 nunc
2632 1584 2857 1653 perpeti,
2885 1599 2913 1637 a
2938 1585 3129 1655 quibus
3159 1587 3283 1641 vitia
3302 1587 3544 1646 decedere
3562 1590 3657 1647 sine
3674 1593 3771 1647 alio.

2263 1685 2381 1726 rum
2409 1673 2657 1730 vitiorum
2684 1678 3023 1733 successione
3061 1693 3169 1734 non
3209 1679 3429 1750 possint.
3455 1681 3697 1749 Probabis,
3717 1688 3770 1740 ait

2260 1760 2549 1829 Licentius,
2582 1781 2741 1837 quam
2773 1768 3102 1839 purgatiores
3131 1768 3294 1825 futuri
3318 1771 3495 1827 simus.
3526 1772 3655 1829 Modo
3675 1776 3767 1831 illud

2261 1852 2606 1912 obsecramus
2630 1872 2727 1929 per
2750 1860 2927 1914 omnia
2955 1876 3074 1931 qua:
3097 1860 3293 1933 diligis,
3336 1872 3393 1918 ut
3427 1865 3631 1935 ignotum
3656 1868 3767 1921 nobis

2263 1945 2416 2013 velis,
2445 1954 2605 2018 atque
2634 1949 2719 2004 illa
2744 1951 2921 2005 omnia
2944 1952 3107 2007 deleri
3131 1952 3356 2023 jubeas;
3382 1955 3545 2022 simul,
3568 1965 3617 2010 ut
3632 1972 3764 2027 [arcas

2258 2035 2420 2091 etiam
2450 2037 2663 2105 tabulis,
2694 2056 2826 2111 quas
2854 2043 2963 2109 jam
2995 2058 3102 2097 non
3132 2044 3403 2099 habemus.
3432 2045 3537 2101 Non
3562 2048 3673 2102 enim
3693 2050 3762 2103 ali-

2257 2129 2383 2199 quid
2410 2131 2461 2185 in
2489 2130 2653 2187 libros
2676 2134 2990 2191 translatum
3011 2144 3303 2193 esteorum
3326 2154 3437 2208 qua:
3454 2154 3481 2193 a
3501 2140 3628 2195 nobis
3644 2141 3758 2195 multa

2256 2218 2481 2276 disserta
2509 2234 2633 2277 sunt
2660 2224 2769 2303 (a).
2792 2224 3052 2291 Prorsus,
3095 2227 3270 2299 inquit
3294 2228 3580 2300 Trygetius,
3606 2242 3759 2286 truncat

2256 2321 2439 2367 nostra
2462 2328 2641 2383 pteua,
2671 2325 2814 2370 utea
2842 2318 2977 2387 ipsa,
3006 2335 3124 2389 qua:
3156 2335 3255 2375 nos
3285 2320 3426 2377 illicit
3448 2321 3586 2386 fama,
3607 2324 3757 2394 ﬂagello

2255 2403 2473 2472 proprio
2500 2420 2529 2458 a
2561 2420 2659 2460 suo
2686 2422 2869 2463 amore
2896 2409 3188 2466 deterreat.
3221 2411 3288 2469 Ut
3314 2414 3447 2468 enim
3485 2414 3595 2471 solis
3622 2415 3754 2469 amicis

2254 2502 2310 2547 et
2336 2493 2686 2552 familiaribus
2723 2500 2922 2555 nostris
2957 2500 3151 2557 littera:
3191 2503 3307 2558 ista:
3346 2505 3655 2569 innotescant.
3680 2522 3751 2560 non

2253 2596 2438 2652 parum
2469 2585 2865 2643 desudubimus.
2903 2591 3176 2647 Assensus
3204 2604 3287 2648 est
3314 2594 3413 2650 ille.

2250 2671 2479 2730 CAPUT
2510 2674 2600 2730 XI.
2628 2707 2699 2717 —
2724 2677 2967 2733 Mannica
2995 2682 3056 2734 ob
3085 2698 3267 2737 sexum
3296 2702 3391 2739 non
3417 2687 3601 2740 arcenda
3621 2703 3647 2740 α
3666 2687 3747 2755 plli-

2725 2769 2985 2841 losophica
3013 2772 3373 2842 disputatione.

2319 2856 2406 2911 3i.
2450 2858 2623 2928 Atque
2658 2861 2861 2917 interea
2898 2873 3069 2920 mater
3096 2865 3337 2937 ingressa
3364 2878 3454 2935 est,
3482 2869 3745 2939 quaesivitque

2245 2959 2277 3000 a
2304 2947 2458 3005 nobis
2486 2950 2611 3019 quid
2642 2952 3127 3023 promovissemus;
3164 2974 3286 3014 nam
3311 2969 3364 3016 et
3389 2961 3432 3016 ei
3456 2962 3635 3033 quastio
3656 2974 3743 3015 nota

2245 3048 2378 3094 erat.
2421 3040 2585 3112 Cujus
2620 3053 2676 3099 et
2715 3044 3041 3116 ingressum,
3073 3058 3132 3105 et
3175 3051 3484 3122 rogationem
3506 3068 3602 3125 cum
3623 3052 3741 3107 scribi

2244 3140 2430 3187 nostro
2450 3148 2600 3190 more
2614 3134 2897 3205 jussissem
2924 3156 2935 3194 :
2961 3138 3099 3206 Quid
3125 3143 3305 3212 agitis,
3329 3141 3737 3215 inquil?Ntlmquid-

2242 3238 2367 3280 nam
2398 3225 2448 3281 in
2480 3225 2587 3281 illis
2614 3243 2749 3296 quos
2784 3230 2955 3301 legitis
2987 3232 3142 3287 libris
3168 3234 3328 3290 etiam
3357 3235 3540 3292 feminas
3558 3250 3733 3305 unquam

2241 3316 2423 3374 audivi
2450 3319 2503 3375 in
2532 3318 2633 3375 hoc
2662 3337 2828 3393 genus
2855 3323 3237 3395 disputationis
3266 3328 3516 3384 inductas?
3544 3326 3618 3383 Cui
3638 3342 3733 3397 ego:

2240 3408 2355 3464 Non
2379 3410 2532 3467 valde
2551 3427 2701 3481 curo,
2732 3415 2965 3486 inquam,
2988 3419 3343 3488 superborum
3366 3418 3735 3490 imperilorumquc

2234 3501 2456 3572 judicia,
2486 3504 2575 3576 qui
2599 3505 2847 3563 similiter
2871 3508 2924 3564 in
2951 3508 3211 3581 legendos
3241 3512 3398 3568 libros
3419 3510 3613 3581 atquein
3632 3510 3733 3563 salu-

2239 3593 2428 3650 tandos
2446 3594 2687 3653 homines
2704 3598 2930 3657 irruunt.
2952 3599 3069 3656 Non
3087 3602 3235 3658 enim
3255 3602 3631 3675 cogitantquales
3645 3600 3730 3669 ipsi.

2237 3686 2334 3741 sed
2362 3688 2605 3758 qualibus
2647 3690 2815 3747 induti
2860 3694 3093 3749 vestibus
3140 3696 3278 3763 sint,
3318 3704 3370 3752 et
3402 3702 3570 3767 quanta
3596 3707 3729 3765 pompa

2238 3792 2417 3833 rerum
2458 3779 2789 3852 fortunaeque
2825 3782 3197 3855 prmfulgeant.
3243 3786 3330 3841 isti
3366 3788 3492 3843 enim
3524 3787 3567 3841 in
3598 3783 3731 3839 litteris

2236 3882 2341 3923 non
2372 3868 2597 3925 multum
2626 3872 2907 3928 attendunt
2934 3885 3025 3929 aut
3059 3876 3208 3932 unde
3235 3878 3302 3933 sit
3328 3878 3545 3949 quaestio,
3569 3884 3639 3931 aut
3656 3886 3730 3943 quo
3766 3920 3767 3935 χ

2236 3960 2517 4029 pervenire
2546 3960 2867 4019 disserentes
2894 3965 3184 4022 moliantur
3201 4010 3216 4033 ,
3244 3968 3428 4040 quidve
3450 3968 3510 4023 ab
3529 3968 3590 4023 eis
3607 3964 3729 4033 exva
3764 4018 3765 4031 χ

2235 4059 2410 4107 catum
2433 4061 2592 4123 atque
2612 4054 2911 4111 confectum
2937 4057 3025 4112 sit.
3059 4057 3115 4113 lu
3140 4060 3328 4130 quibus
3352 4068 3510 4115 tamen
3528 4058 3622 4129 quia
3637 4044 3729 4127 non?
3764 4052 3765 4079 ³

2234 4140 2367 4195 nulli
2418 4144 2756 4212 reperiuntur
2805 4162 3029 4217 quorum
3077 4151 3245 4205 animi
3293 4149 3616 4206 contemnendi
3654 4162 3726 4201 non

2233 4242 2387 4298 sunt,
2418 4236 2623 4305 aspersi
2661 4246 2785 4292 sunt
2822 4239 2963 4294 enim
2994 4241 3307 4312 quibusdam
3336 4242 3636 4298 candimentis
3656 4239 3724 4293 hu-
3760 4296 3761 4303 η

2231 4326 2504 4381 manitatis
2526 4370 2542 4395 ,
2571 4338 2625 4384 et
2651 4329 2802 4387 facile
2830 4347 2926 4402 per
2962 4349 3151 4390 aureas
3180 4335 3500 4407 depictasque
3515 4328 3723 4403 jattuasad
3760 4342 3761 4367 ι

2230 4431 2571 4476 Sacrosancta
2596 4422 2943 4495 philosophia:
2964 4428 3249 4497 penetralia
3270 4428 3617 4499 perducuntur;
3634 4422 3723 4479 satis
3758 4440 3759 4511 χ

2231 4509 2310 4563 eis
2330 4508 2568 4567 fecerunt
2586 4522 2639 4567 et
2654 4513 2887 4585 majores
2908 4517 3095 4584 nostri,
3116 4534 3336 4589 quorum
3357 4519 3505 4575 libros
3524 4517 3597 4573 tibi
3613 4514 3722 4570 uoltis

2230 4597 2529 4670 legentibus
2574 4611 2729 4657 notos
2773 4619 2893 4660 esse
2932 4605 3105 4662 video.
3144 4608 3213 4663 Et
3252 4608 3331 4664 his
3369 4606 3721 4678 temporibus,“

2230 4692 2469 4747 omittam
2490 4703 2734 4763 cancros,
2765 4696 2847 4750 vir
2871 4706 2926 4751 et
2952 4698 3163 4769 ingenio
3186 4708 3240 4755 ct
3259 4698 3552 4770 eloquentia,
3574 4707 3617 4752 et
3632 4692 3699 4765 ipsi

2230 4783 2527 4855 insignibus
2553 4802 2602 4840 ιη
2611 4787 2967 4859 uncribusquc
2990 4788 3233 4855 fortuna},
3263 4800 3315 4847 et
3333 4790 3461 4862 quod
3477 4798 3578 4844 ante
3592 4776 3723 4862 omnii

2228 4884 2339 4943 est,
2372 4886 2551 4933 mente
2581 4879 3048 4948 praestantissimus
3085 4881 3419 4947 Theodorus,
3461 4894 3587 4951 quem

2229 4968 2341 5039 ipsa
2365 4970 2527 5036 nosti,
2559 4969 2612 5025 id
2629 4972 2759 5043 agit,
2790 4984 2845 5028 ut
2869 4981 2923 5028 et
2944 4990 3085 5031 nunc
3106 4984 3160 5031 et
3180 4976 3313 5047 apud
3338 4984 3551 5047 posteros
3567 4969 3723 5055 nulluati

2226 5075 2395 5131 genus
2433 5061 2707 5117 hominum
2737 5063 2806 5120 de
2831 5064 3019 5122 litteris
3044 5076 3339 5122 nostrorum
3365 5076 3613 5135 temporum
3628 5060 3709 5145 ἑαῖς

2228 5162 2599 5227 conqueratur.
2647 5155 2748 5211 Mei
2781 5166 2958 5213 autem
2988 5158 3105 5213 libri
3131 5159 3175 5213 si
3200 5174 3411 5230 quorum
3442 5158 3666 5212 fortemau

2228 5246 2523 5317 tetigerint,
2565 5246 2809 5318 lectoque
2843 5264 2965 5305 meo
3006 5249 3216 5307 nomine
3255 5265 3355 5305 non
3393 5246 3613 5306 dixerint.

2227 5340 2345 5411 quis
2363 5340 2483 5394 est?
2508 5340 2854 5413 Codiccmque
2879 5344 3227 5414 projecerint;
3250 5343 3337 5400 sed
3362 5342 3436 5397 vel
3457 5336 3631 5397 curiosi.

2229 5432 2451 5490 nimium
2502 5432 2723 5487 studiosi
2768 5444 3065 5506 contempta
3112 5435 3304 5491 vilitate
3345 5431 3521 5489 liminis
3562 5428 3703 5485 intrate

2231 5522 2564 5588 perrexerint
2591 5541 2604 5576 :
2634 5538 2721 5578 me
2750 5534 2921 5579 tecum
2952 5526 3391 5596 philosOpbantem
3421 5535 3513 5577 non
3540 5514 3701 5574 moles“

2228 5607 2435 5679 ferent,
2467 5628 2562 5667 nec
2591 5628 2910 5686 quemquam
2939 5617 3150 5671 istorum
3176 5630 3387 5687 quorum
3423 5610 3539 5673 mei!
3564 5601 3700 5664 Ιίιωτί*

2227 5717 2406 5759 sermo
2433 5704 2688 5762 miscetur
2704 5747 2719 5773 ,
2752 5708 2974 5765 fortasse
2995 5716 3340 5764 contemneut.
3361 5706 3478 5762 Sunt
3495 5702 3609 5758 enim
3624 5706 3709 5771 ⁰⁰¹ἕ

3652 4610 3721 4670 ,αι

3646 4610 3757 4901 πεῖ

3654 4901 3754 5023 ﬂ

3635 5172 3666 5205 ω

3635 5172 3750 5545 ﬂ

3635 5518 3701 5545 uel]

3706 5545 3744 5966 ξ

2226 5858 2701 5980 ῐθιςὲὲαιὲῗαῶθδωι
2711 5863 2913 5927 primum
2934 5863 3128 5928 tabulis;
3143 5865 3248 5915 hinc
3258 5858 3696 5930 parteiam?”
