3804 6418
53 400 114 459 $93
1230 370 1431 443 LIBER
1469 381 1509 441 S

1662 375 1848 444 κους.

48 515 156 574 solum
176 506 328 573 liberi,
353 501 483 576 quod
519 499 682 560 cuivis
708 494 1002 572 disciplina:
1027 500 1268 566 liberali,
1311 499 1506 557 nedum

47 605 295 683 phimum
314 602 433 658 satis
453 608 551 666 est,
581 596 673 654 sed
699 611 910 654 summo
931 595 1071 667 apud
1091 610 1218 650 suos
1236 594 1357 650 loco
1376 593 1506 650 nati.

48 699 374 760 nouissimorum
394 700 562 748 autem
591 690 864 746 hominum
892 689 1084 745 littera:
1111 687 1272 744 etiam
1299 697 1509 743 sutores

45 787 367 864 phﬂoophatos,
406 791 460 838 et
498 779 665 837 multo
705 779 892 836 viliora
937 777 1271 834 fortunarum
1311 791 1508 848 genera

39 883 225 940 mutineut
248 893 262 930 :
285 874 365 947 qui
398 882 565 928 tamen
609 879 755 926 tanta
793 869 988 941 ingenii
1028 870 1348 941 virtutisque
1389 868 1510 923 luce

41 975 240 1032 fulserunt,
262 976 314 1022 ut
337 965 467 1021 bona
493 978 584 1020 sua
608 978 732 1020 cum
757 963 995 1034 qualibet
1019 961 1384 1033 hujuscemodi
1410 975 1508 1018 no-

39 1065 170 1120 bilitate
191 1058 314 1116 nullo
332 1055 484 1113 modo
502 1054 720 1119 vellent,
749 1054 962 1110 etiamsi
986 1062 1225 1125 possent,
1252 1052 1354 1108 ulla
1376 1067 1508 1110 con-

39 1154 165 1210 htioae
181 1160 371 1206 multare.
394 1147 500 1204 Nec
519 1145 708 1210 deerit,
735 1145 867 1202 mihi
887 1146 1069 1209 crede.
1102 1145 1208 1200 tale
1229 1143 1506 1200 hominum

37 1259 157 1316 (eius
177 1242 246 1300 cui
269 1242 375 1312 plus
399 1239 604 1312 placeat
631 1237 735 1294 hoc
759 1238 934 1308 ipsum
953 1279 969 1304 ,
997 1238 1120 1309 quia
1145 1251 1356 1293 mecum
1385 1235 1506 1307 phi-

40 1334 256 1406 losomaris,
279 1348 426 1403 quam
453 1331 497 1386 si
537 1329 665 1403 quid
710 1329 798 1386 hic
839 1329 1006 1398 aliud.
1048 1338 1141 1385 aut
1159 1328 1506 1402 iucunditatis

36 1438 90 1483 aut
111 1425 326 1498 gravitatis
361 1423 634 1480 invenerit.
676 1420 811 1480 Nam
852 1432 908 1478 et
948 1420 1160 1478 feminae
1203 1430 1330 1477 sunt
1364 1419 1506 1492 apud

36 1529 167 1576 veteres
188 1515 560 1589 philosOphata,
588 1523 646 1572 et
677 1513 1014 1587 philosophia
1048 1525 1137 1571 tua
1174 1512 1308 1570 mihi
1336 1513 1506 1586 pluri-

35 1609 294 1681 amplaeet.

74 1699 133 1757 3!.
155 1699 259 1756 Na
284 1714 346 1755 ne
361 1697 708 1770 quid,mater,
734 1698 966 1769 ignores,
995 1698 1098 1754 hoc
1121 1712 1353 1768 grrecum
1381 1712 1504 1754 ver-

35 1792 126 1854 bon,
136 1804 216 1862 quo
225 1789 535 1861 philosophia
556 1789 881 1856 nominatur,
901 1789 1060 1844 latine
1070 1804 1222 1870 amor
1232 1789 1508 1860 sapientiai

35 1884 173 1940 ﬁcitur.
185 1881 314 1940 Unde
335 1886 490 1940 etiam
510 1880 703 1938 divina:
713 1881 997 1952 Scriptura!
1015 1897 1149 1953 quas
1162 1880 1510 1938 vehementer

34 1977 286 2048 tnpleeteris,
305 1991 407 2032 non
419 1975 638 2030 omnino
657 1975 1024 2046 philosophos,
1045 1973 1138 2030 sed
1164 1973 1508 2046 philosophos

35 2067 130 2137 Itsth
149 2067 293 2123 mundi
317 2065 592 2123 evitandos
635 2075 796 2137 atque
839 2064 1138 2122 irridendos
1171 2079 1291 2120 esse
1319 2065 1508 2135 przeci-

33 2155 311 2230 piut(€eloss.
354 2171 412 2224 tt,
462 2157 542 2228 8).
573 2155 707 2212 Esse
733 2165 912 2211 autem
957 2155 1120 2210 alittnt
1152 2155 1409 2211 mundum
1434 2153 1505 2210 ab

34 2252 238 2308 ῢιὴοαιιίς
258 2250 686 2314 remotissimum,
737 2264 896 2320 quem
932 2263 1228 2320 paucorum
1253 2262 1507 2303 sanorum

35 2341 232 2397 Intellectus
254 2339 478 2396 intuetur
505 2339 551 2412 (1
590 2338 816 2394 Retract.
840 2355 955 2410 cap.
984 2339 1037 2403 3,
1062 2356 1115 2393 η.
1137 2336 1218 2411 2),
1240 2338 1368 2394 satis
1395 2338 1509 2408 ipse

37 2432 192 2489 Christus
231 2434 474 2505 significat
500 2475 518 2496 ,
554 2432 642 2504 qui
679 2447 784 2486 non
833 2431 994 2499 dicit,
1045 2430 1283 2503 Regnum
1330 2446 1508 2486 meum

33 2540 93 2580 aut
116 2525 258 2583 estde
299 2524 533 2588 mundo;
571 2523 689 2590 sed,
722 2523 956 2596 Regnum
997 2539 1162 2578 meum
1204 2539 1307 2578 non
1329 2532 1402 2578 est
1445 2521 1510 2577 de

34 2615 467 2689 ικωόοῒμοαπ.
506 2631 678 2681 xvttt,
709 2614 828 2687 δυ.)
854 2596 984 2670 Nam
1011 2614 1252 2686 quisquis
1293 2627 1510 2668 omnem

34 2709 306 2779 philosophiam
333 2709 638 2782 fugiendam
671 2717 838 2779 putat,
887 2708 1016 2763 nihil
1067 2721 1165 2762 nos
1189 2708 1300 2762 vult
1340 2707 1506 2774 aliud,

3089 378 3195 459 ωε

1619 515 1777 571 quam
1808 515 1912 556 non
1936 515 2115 557 amare.
2144 503 2476 575 sapientiam.
2507 503 2915 570 Contemnerem
2960 520 3013 570 te
3041 515 3200 588 igitur

1617 595 1671 648 in
1717 592 1801 648 his
1828 594 2017 650 litteris
2044 597 2196 660 meis,
2243 597 2287 652 si
2313 599 2630 670 sapientiam
2670 616 2774 658 non
2799 620 3040 672 amares;
3087 623 3196 666 non

1614 692 1792 739 autem
1831 694 2269 754 contemnerem,
2320 689 2366 744 si
2415 703 2532 746 eam
2577 690 2918 750 mediocriter
2951 712 3194 766 amares;
3271 740 3284 755 ..

1613 773 1782 830 multo
1805 775 2001 841 minus,
2034 775 2078 832 si
2108 783 2310 832 tantum
2335 789 2591 850 quantum
2617 796 2720 853 ego
2733 799 2946 840 amares
2984 789 3197 856 sapien-

1615 866 1763 922 tiam.
1793 866 1946 924 Nunc
1970 884 2101 924 vero
2121 884 2242 925 cum
2268 885 2387 927 eam
2413 873 2580 930 multo
2609 873 2725 945 plus
2751 889 2910 946 quam
2935 876 3199 948 meipsutn

1611 959 1826 1031 diligas,
1855 969 1911 1017 et
1954 963 2192 1018 noverim
2233 973 2488 1033 quantum
2525 981 2613 1021 me
2641 965 2858 1038 diligas;
2886 982 3116 1040 cumque
3143 970 3198 1026 iu

1611 1067 1675 1109 ea
1693 1062 1895 1110 tantum
1925 1053 2235 1125 profeceris.
2263 1065 2321 1110 ttt
2339 1056 2449 1127 jam
2476 1073 2575 1114 nec
2602 1059 2836 1128 cujusvis
2872 1060 3196 1120 incommodi

1611 1145 1842 1214 fortuiti,
1866 1162 1967 1204 nec
1990 1148 2160 1220 ipsius
2187 1149 2396 1217 mortis,
2421 1148 2564 1220 quod
2592 1150 2719 1207 viris
2744 1150 3064 1210 doctissimis
3090 1153 3196 1210 dif-

1610 1237 1901 1295 ﬁcillimum
1913 1249 1996 1296 est
2015 1239 2258 1302 .horrore
2279 1240 2550 1307 terrearis,
2563 1255 2724 1312 quam
2735 1255 2998 1299 summam
3017 1242 3195 1314 philo-

1609 1329 1812 1398 sophiae
1835 1344 2014 1385 arcem
2034 1344 2224 1386 omnes
2245 1343 2366 1386 esse
2383 1329 2738 1398 confitentur;
2764 1347 2934 1404 egone
2970 1349 3058 1392 me
3084 1349 3194 1392 non

1608 1419 1834 1478 libenter
1857 1421 1947 1477 tibi
1971 1421 2132 1478 ctiam
2157 1421 2475 1493 discipulum
2493 1421 2670 1484 dabo?

1681 1514 1769 1571 33.
1812 1513 1906 1569 Hic
1931 1513 2021 1568 illa
2042 1529 2166 1570 cum
2209 1513 2401 1570 blande
2422 1529 2486 1570 ac
2530 1513 2780 1586 religiose
2812 1530 3081 1588 nunquam
3107 1533 3195 1576 me

1611 1612 1814 1660 tantum
1841 1604 2119 1661 mentitum
2145 1620 2268 1664 esse
2297 1604 2537 1671 dixisset,
2566 1615 2621 1661 et
2645 1606 2880 1664 viderem
2903 1615 3011 1664 tam
3029 1607 3192 1666 multa

1609 1709 1711 1751 nos
1733 1694 1896 1752 verba
1928 1694 2146 1764 fudisse,
2177 1705 2234 1752 ut
2259 1710 2433 1768 neque
2460 1695 2742 1754 scribenda
2763 1713 2870 1752 non
2899 1707 3111 1765 essent,
3137 1707 3195 1756 et

1604 1790 1716 1862 jam
1745 1788 1864 1846 libri
1894 1789 2082 1847 modus
2103 1799 2270 1856 esset,
2293 1806 2467 1861 neque
2495 1791 2687 1849 tabulae
2730 1791 2950 1864 reliquze
2988 1791 3192 1860 forent;

1611 1882 1808 1954 placuit
1831 1882 2182 1953 quaestionem
2207 1881 2428 1948 dill'erri,
2467 1882 2627 1938 simul
2654 1891 2712 1938 ut
2759 1897 2882 1940 tneo
2919 1883 3198 1941 stomacho

1609 1987 1906 2043 parcerem.
1931 1972 2062 2028 Nam
2077 1987 2224 2040 eum,
2253 1974 2370 2044 plus
2387 1989 2546 2044 quam
2568 1973 2779 2040 vellem,
2799 1989 3201 2034 minutoverant

1609 2076 1672 2119 ea
1706 2079 1826 2135 qua:
1856 2063 1986 2120 mihi
2014 2063 2308 2120 evomenda
2353 2064 2406 2118 in
2433 2063 2554 2119 illos
2589 2063 2961 2121 adulescentes
3005 2081 3196 2124 neces-

1609 2154 1752 2210 sario
1771 2154 1880 2210 visa
1905 2165 2047 2208 sunt.
2073 2153 2178 2210 Sed
2203 2169 2324 2210 cum
2344 2153 2491 2210 abire
2505 2155 2886 2225 cmpissetntts:
2907 2154 3194 2224 Memento,

1612 2245 1783 2316 inquit
1805 2245 2094 2312 Licentius,
2123 2260 2282 2316 quam
2311 2245 2477 2302 multa
2505 2255 2560 2302 et
2582 2261 2742 2318 quam
2771 2250 3075 2306 necessaria
3099 2267 3196 2307 no-

1610 2337 1695 2394 bis
1721 2338 1817 2393 abs
1847 2349 1898 2395 te
1941 2338 2250 2408 accipienda
2280 2355 2375 2409 per
2399 2340 2824 2396 occultissimum
2865 2340 3015 2397 illum
3056 2341 3193 2400 divi-

1612 2446 1846 2502 numque
1872 2431 2116 2487 ordinem
2145 2432 2305 2486 etiam
2335 2439 2384 2486 te
2411 2431 2681 2488 nesciente
2701 2430 3191 2490 subministrentur.

1613 2523 1801 2591 Video,
1825 2525 2060 2596 inquam,
2077 2533 2134 2579 et
2148 2524 2382 2595 ingratus
2407 2524 2517 2580 Deo
2531 2541 2636 2580 non
2662 2541 2780 2580 sum
2801 2542 2817 2592 ;
2836 2540 3036 2597 vosque
3051 2525 3197 2597 ipsos

1612 2615 1704 2688 qui
1729 2614 1846 2671 haec
1893 2615 2170 2672 advertitis
2196 2617 2267 2671 ob
2307 2614 2359 2672 id
2403 2617 2575 2686 ipsum
2612 2631 2882 2687 praesumo
2923 2614 3041 2674 fore
3075 2631 3193 2675 tne-

1615 2707 1796 2762 liores.
1829 2706 1941 2762 lloc
1963 2705 2059 2761 fuit
2087 2715 2291 2761 mtuum
2317 2706 2406 2761 illo
2433 2705 2524 2763 die
2545 2708 2816 2778 negotium
2841 2723 3042 2764 meum.

857 2878 1342 2987 LIBER
1418 2871 2271 2984 SECUNDUS.

65 3024 326 3084 uenationes
343 3025 434 3075 hoc
453 3023 588 3074 libro
607 3022 718 3084 dua:
738 3021 1070 3079 continentur,
1093 3019 1191 3082 quil
1210 3032 1270 3068 us
1290 3019 1405 3068 dum
1425 3017 1615 3084 onlinis
1635 3014 1969 3084 deﬁnitionem
1992 3015 2279 3077 expendunt
2313 3013 2666 3084 colloquentes,
2698 3016 2916 3084 incidunt
2957 3019 3008 3068 in
3042 3021 3199 3070 varias

33 3077 238 3149 Manes,
256 3085 428 3136 scilicet
451 3101 466 3135 :
492 3083 741 3149 quomodo
756 3084 953 3144 sapiens
971 3077 1082 3131 cum
1105 3077 1205 3130 Deo
1227 3087 1420 3149 ntaueat
1441 3081 1686 3149 immotus;
1709 3090 1772 3128 au
1794 3077 1942 3149 etiam
1965 3088 2028 3148 ea
2041 3089 2152 3149 quae
2173 3089 2430 3149 perperam
2449 3077 2512 3128 ab
2829 3078 2968 3149 ﬁunt,
3006 3092 3073 3149 ex
3110 3083 3199 3133 Dei

32 3137 130 3212 rdine
361 3137 682 3212 utruniDetm
697 3137 870 3212 justus
882 3150 1016 3193 esset
1036 3151 1151 3212 ante
1166 3143 1416 3212 originem
1429 3139 1578 3212 mali;
1602 3137 1766 3212 utrum
1803 3151 1868 3188 ex
1905 3139 2005 3212 pei
2451 3147 2674 3212 exortum
2695 3143 2791 3212 φεμ..
2816 3137 2982 3204 Agitur
3001 3142 3200 3212 demum

29 3205 118 3274 inus
130 3200 310 3260 tle'recto
320 3200 553 3259 studendi
575 3200 766 3268 ordine,
788 3203 1104 3317 qumtulat
1126 3211 1181 3254 ut
1202 3200 1469 3255 iniormatis
1490 3203 1586 3254 rite
1608 3201 1844 3259 moribus,
1870 3205 1923 3250 et
1963 3200 2250 3262 omnparatis
2292 3201 2515 3250 humanis
2555 3201 2821 3264 disciplinis
2856 3200 3200 3265 promoveatur

29 3268 605 3317 madalitnetdivina
627 3269 843 3317 DerciLie
947 3303 960 3316 .
3129 3307 3132 3309 λ

29 3268 142 3316 uim
154 3270 201 3319 ad
215 3268 344 3322 alica
364 3279 415 3322 et
429 3270 605 3320 divina
626 3268 843 3333 percipi}:

807 3365 817 3369 ·
1312 3350 1815 3432 Mant-

470 3470 756 3511 DISI'U'I'ATIO
775 3472 936 3508 mals.

65 3543 228 3604 CAPUT
257 3547 524 3608 PRIMUM.
543 3579 621 3593 —
647 3549 854 3604 Ordinis
876 3547 1103 3618 deﬁnitio
1128 3548 1443 3620 expenditur.

77 3636 117 3691 i.
131 3635 388 3711 Interpositis
407 3643 615 3699 deinde
641 3641 876 3710 pauculis
893 3640 1082 3697 diebus
1106 3641 1252 3696 venit
1266 3639 1508 3712 Alypius,

22 3735 56 3783 et
72 3740 212 3787 exorto
229 3734 320 3791 sole
341 3735 670 3798 clarissimo,
685 3733 924 3790 invitavit
949 3732 1071 3790 caeli
1099 3732 1258 3794 nitor,
1271 3740 1325 3786 et
1342 3747 1511 3802 quan-

23 3827 93 3875 tum
122 3823 160 3877 in
182 3825 266 3882 illis
289 3827 412 3884 locis
434 3829 624 3885 hieme
649 3835 878 3898 poterat,
918 3823 1109 3881 blanda
1137 3822 1426 3894 temperies
1456 3824 1511 3877 in

23 3921 160 3982 μιιιιω
181 3917 499 3990 descendere,
543 3936 655 3992 quo
682 3921 878 3990 saepius
902 3928 957 3974 et
983 3917 1292 3974 familiarius
1320 3915 1510 3972 uteba-

23 4008 344 4070 ntuhobiseum
354 4026 470 4071 erat
479 4015 652 4071 etiarn
666 4023 836 4069 mater
847 4013 1207 4081 nostra,cujus
1219 4009 1508 4080 ingenium,

23 4101 120 4168 ιιμ
135 4100 174 4157 in
196 4119 270 4160 res
293 4105 496 4162 divinas
523 4103 912 4160 inﬂammatum
938 4102 1197 4168 animum,
1215 4115 1335 4156 cum
1356 4109 1511 4156 antea

24 4189 182 4248 mariue
198 4194 432 4252 diuturno
443 4195 758 4266 ctdiligenti
771 4192 1199 4250 consideratione
1219 4205 1508 4264 perspexe-

23 4287 216 4348 Uitum
242 4302 360 4344 vero
387 4290 441 4343 in
486 4286 720 4359 quadam
763 4285 1122 4358 disputatione
1171 4300 1278 4340 non
1332 4297 1510 4354 parva:

23 4369 219 4442 '5.qu
254 4378 336 4435 die
378 4380 548 4436 natali
578 4392 702 4435 meo
728 4392 849 4433 cum
878 4377 1116 4433 convivis
1144 4375 1326 4443 habui,
1355 4384 1512 4445 atque

21 4453 237 4523 ililtellu
255 4471 470 4539 contuli,
500 4479 651 4526 mnta
692 4467 823 4523 mihi
853 4483 1003 4524 mens
1029 4467 1146 4538 ejus
1173 4474 1509 4538 apparuerat,

21 4559 54 4604 tt
76 4557 172 4614 nihil
196 4561 356 4630 aptius
396 4577 542 4618 verat
592 4558 944 4631 pbilttSOphite
996 4559 1288 4615 videretur.
1333 4556 1513 4629 itaque

21 4637 286 4717 inituram,
313 4667 435 4709 cum
463 4649 767 4708 abundaret
795 4650 906 4706 otio
924 4691 938 4717 ,
975 4664 1136 4722 agere
1167 4659 1222 4704 ut
1248 4648 1514 4720 colloquio

21 4741 237 4798 Ιωιωιιοι
254 4743 484 4801 deesset.
513 4743 670 4812 Quod
692 4744 744 4799 in
767 4743 940 4814 primo
966 4743 1129 4798 etiam
1156 4741 1316 4813 hujus
1335 4741 1513 4813 operis

22 4819 102 4878 illo
115 4828 191 4884 IIII
212 4840 259 4888 te
274 4835 548 4906 cognitum
579 4842 681 4890 est.

51 4913 90 4969 2-
117 4917 230 4978 Cum
248 4925 404 4995 igitur
432 4934 737 4982 memorato
762 4925 814 4980 in
844 4925 997 4992 loco,
1026 4932 1086 4980 ut
1106 4924 1386 4981 commode
1415 4939 1511 4997 po-

22 5003 158 5076 ηδε,
173 5015 591 5072 «audissemus
609 5057 625 5082 ,
669 5029 771 5088 ego
795 5014 901 5071 illis
927 5014 1136 5071 duobus
1157 5013 1512 5072 adolescenti-

21 5100 334 5170 Il“(luminis
362 5109 542 5175 vobis,
574 5108 812 5180 inquam,
860 5106 1254 5163 succensu‘erim
1277 5148 1291 5172 ,
1336 5108 1515 5178 pueri-

22 5183 156 5248 ίιεηο
176 5200 368 5271 magnis
393 5199 568 5256 rebus
590 5200 902 5271 agentibus;
933 5207 1112 5254 tamen
1151 5197 1280 5253 mihi
1306 5197 1516 5254 videtur
1585 5263 1610 5281 .

21 5281 186 5342 Mlius
199 5288 398 5357 ordine,
424 5291 664 5363 propitio
689 5290 820 5355 Deo,
846 5289 1126 5355 accidisse,
1149 5288 1291 5360 quod
1319 5289 1372 5344 in
1401 5303 1516 5346 serv-

21 5379 114 5427 Ιοιε
145 5391 236 5448 quo
271 5395 366 5438 vos
403 5382 478 5438 ab
533 5381 634 5437 ista
663 5381 878 5438 levitate
907 5379 1273 5447 detrahebam,
1307 5389 1514 5450 tempus

21 5465 384 5542 lien-sumtum
409 5483 520 5540 est,
551 5483 608 5528 ut
636 5489 725 5529 res
755 5481 902 5528 tanta
928 5470 997 5527 ad
1025 5471 1201 5544 Alypii
1229 5471 1507 5526 adventum

21 5545 116 5608 illa
143 5561 377 5620 videatur.
409 5565 752 5637 Quapropter
775 5605 792 5632 ,
821 5564 1072 5636 quoniam
1118 5564 1169 5620 ei
1207 5564 1317 5635 jam
1365 5577 1514 5635 qum-

22 5639 503 5714 li“Ol-ttulissimam
527 5656 652 5721 feci,
674 5665 730 5712 et
750 5665 1005 5729 quantum
1031 5657 1085 5712 in
1101 5673 1163 5713 ea
1192 5655 1514 5727 processeri-

21 5747 87 5792 ιιι
99 5746 295 5815 ostendi,
315 5760 610 5821 paratusne
636 5763 716 5813 es,
741 5748 964 5817 Licenti,
987 5763 1200 5804 causam
1220 5763 1378 5820 quam
1398 5761 1516 5804 sus-

21 5830 138 5902 tpisti
159 5851 218 5896 es
239 5839 322 5899 illa
343 5850 433 5899 tua
454 5839 772 5899 deﬁidtione
789 5839 1114 5902 defendere?
1141 5841 1277 5901 Nam
1321 5839 1514 5902 memi-

1616 3451 1762 3508 nisse
1801 3465 1892 3507 me
1917 3450 2168 3516 arbitror,
2214 3459 2267 3506 te
2289 3449 2531 3508 ordinem
2557 3465 2679 3508 esse
2701 3451 2902 3510 dixisse
2923 3466 3020 3525 per
3043 3468 3206 3526 quem

1617 3543 1758 3598 Deus
1771 3543 2160 3614 ageretomnia.
2177 3540 2397 3598 Paratus
2409 3558 2547 3609 sum,
2563 3543 2752 3614 inquit.
2762 3554 3020 3616 quantum
3031 3545 3204 3604 valeo.

1615 3633 1895 3703 Quomodo
1910 3649 2060 3705 ergo,
2078 3634 2317 3706 inquam,
2332 3635 2443 3706 agit
2461 3635 2649 3693 ordine
2661 3638 2842 3693 omnia
2859 3637 3038 3696 Deus?
3057 3639 3207 3698 itane

1616 3729 1847 3784 utetiam
1873 3743 1934 3785 se
1951 3727 2142 3784 ordine
2179 3735 2334 3799 agat;
2365 3743 2434 3785 an
2463 3737 2658 3800 praeter
2675 3744 2799 3786 eum
2827 3729 3018 3788 ordine
3042 3731 3112 3787 ab
3137 3746 3207 3789 eo

1615 3827 1808 3875 caetera
1826 3816 2221 3891 gubernantur?
2239 3817 2336 3876 Ubi
2351 3819 2529 3876 omnia
2545 3819 2684 3876 bona
2698 3831 2842 3889 sunt,
2866 3822 3057 3892 inquit,
3072 3822 3210 3880 ordo

1617 3920 1840 3967 nonest.
1868 3909 1964 3966 Est
1982 3911 2127 3966 enim
2139 3924 2352 3966 summa
2372 3909 2666 3981 aequalitas,
2677 3925 2799 3982 qua:
2810 3910 3054 3968 ordinem
3070 3911 3204 3968 nihil

1617 4001 1902 4058 desiderat.
1919 4000 2116 4073 Negas,
2131 4002 2368 4073 inquam,
2380 4001 2520 4070 apud
2534 4001 2702 4056 Deum
2713 4001 2889 4056 omnia
2903 4001 3040 4057 bona
3050 4001 3205 4059 esse!

1615 4091 1733 4149 Non
1759 4108 1918 4164 nego,
1949 4093 2138 4164 inquit.
2177 4091 2489 4159 Conficitur,
2521 4093 2758 4163 inquam,
2797 4107 2971 4163 neque
3010 4091 3199 4160 Deum,

1615 4198 1790 4254 neque
1821 4183 1907 4238 illa
1931 4197 2054 4252 quae
2077 4181 2218 4253 apud
2249 4182 2415 4237 Deum
2437 4193 2583 4248 sunt,
2614 4180 2804 4236 ordine
2822 4180 3203 4238 administrari.

1615 4275 1975 4332 Concedebot.
1998 4273 2413 4346 Numquidnam,
2435 4274 2670 4344 inquam,
2690 4274 2870 4330 omnia
2906 4273 3044 4330 bona
3066 4275 3200 4332 nihil

1618 4367 1714 4422 tibi
1729 4366 1980 4422 videntur
2020 4366 2180 4422 esse?
2226 4365 2341 4422 lmo
2363 4406 2379 4433 ,
2409 4365 2503 4431 ait,
2541 4367 2656 4436 ipsa
2683 4379 2809 4421 vere
2826 4374 2969 4421 sunt.
2997 4364 3100 4423 Ubi
3117 4375 3202 4423 est

1617 4476 1766 4533 ergo,
1792 4462 2026 4532 inquam,
2046 4460 2172 4515 illud
2188 4467 2334 4514 tuum
2349 4459 2492 4530 quod
2505 4457 2706 4521 dixisti,
2727 4458 2904 4513 omnia
2919 4473 3040 4529 qua.-
3056 4448 3200 4529 sunt,

1617 4551 1807 4608 ordine
1827 4551 2210 4618 administrari,
2233 4550 2470 4621 nihilque
2491 4549 2844 4605 omninoesse
2864 4550 3007 4620 quod
3029 4550 3099 4606 ab
3117 4565 3206 4607 or-

1617 4643 1742 4700 dine
1759 4653 2064 4716 separatum
2089 4641 2190 4699 sit?
2216 4641 2324 4698 Sed
2351 4650 2497 4706 sunt,
2520 4639 2712 4712 inquit,
2737 4641 2896 4696 etiam
2918 4640 3079 4708 mala,
3110 4656 3207 4713 per

1618 4753 1740 4810 quae
1769 4738 1964 4794 factum
1989 4744 2073 4792 est
2099 4744 2157 4790 ut
2181 4744 2236 4791 et
2257 4735 2397 4790 bona
2421 4733 2556 4789 ordo
2576 4732 2902 4798 concludat;
2935 4749 3060 4790 nam
3090 4736 3206 4792 sola

1617 4830 1755 4886 bona
1795 4844 1902 4886 non
1944 4828 2134 4885 ordine
2183 4835 2460 4900 reguntur,
2482 4825 2576 4882 sed
2605 4827 2767 4882 simul
2793 4825 2932 4882 bona
2961 4834 3018 4884 et
3039 4828 3205 4885 mala.

1617 4920 1790 4990 Quum
1838 4927 2018 4976 autem
2073 4917 2318 4985 dicimus,
2369 4916 2559 4973 Omnia
2598 4932 2720 4988 qua:
2763 4927 2907 4985 sunt,
2941 4933 3048 4975 non
3095 4920 3208 4979 sola

1618 5015 1802 5086 utique
1829 5015 1968 5071 bona
1996 5013 2244 5088 dicimus.
2271 5011 2352 5067 Ex
2375 5028 2480 5084 quo
2509 5012 2568 5068 fit
2596 5020 2655 5068 ut
2677 5014 2856 5070 omnia
2885 5015 3067 5084 simul,
3087 5023 3218 5088 quas

1618 5105 1760 5162 Deus
1783 5105 2136 5171 administrat,
2161 5103 2349 5160 ordine
2370 5104 2828 5162 administrentur.

1690 5199 1746 5254 3.
1785 5197 1882 5253 Cui
1928 5211 2030 5268 ego
2059 5215 2072 5251 :
2100 5197 2232 5264 Qua:
2259 5195 2699 5252 administrantur
2741 5206 2795 5253 et
2835 5209 3082 5270 aguntur,
3129 5201 3207 5256 vi-

1619 5292 1812 5349 dentur
1857 5291 1954 5346 tibi
1984 5292 2206 5358 moveri,
2238 5306 2305 5346 an
2351 5291 2644 5348 immobilia
2689 5301 2846 5364 putas
2885 5292 3044 5350 esse?
3076 5292 3201 5361 Ista,

1621 5385 1813 5456 inquit,
1842 5399 1961 5456 qua:
1987 5384 2039 5440 in
2071 5382 2174 5439 hoc
2195 5384 2326 5440 fiunt
2347 5385 2568 5452 mundo,
2600 5383 2771 5441 fateor
2799 5387 3022 5442 moveri.
3057 5383 3207 5440 Reli-

1619 5491 1747 5548 qua,
1781 5476 2020 5549 inquam,
2053 5475 2404 5547 negasiQna:
2421 5487 2545 5532 sunt
2571 5491 2692 5532 cum
2715 5475 2846 5542 Deo,
2879 5475 3066 5544 inquit,
3098 5489 3206 5530 non

1619 5578 1937 5634 moventur;
1966 5569 2166 5637 reliqua
2194 5569 2374 5623 omnia
2399 5569 2602 5624 moveri
2629 5568 2876 5622 arbitror.
2894 5566 3023 5622 Cum
3047 5565 3208 5635 igitur

1618 5673 1680 5714 ea
1707 5675 1829 5730 qum
1855 5673 1976 5714 cum
2009 5658 2119 5714 Deo
2161 5669 2306 5723 sunt,
2338 5659 2572 5731 inquam,
2625 5672 2727 5712 non
2767 5655 2968 5710 moveri
3025 5665 3203 5725 putas,

1618 5761 1810 5806 caitera
1840 5759 2018 5805 autem
2042 5750 2292 5806 ooticedis
2330 5751 2560 5817 moveri,
2588 5745 2822 5803 ostendis
2849 5745 3026 5801 omnia
3077 5762 3202 5818 quze

1618 5849 1904 5902 moventur
1925 5854 2035 5900 non
2069 5855 2196 5899 esse
2219 5857 2339 5900 cum
2377 5846 2504 5902 Deo.
2539 5844 2732 5912 Repeto
2761 5841 2861 5894 hoc
2897 5839 3100 5910 ipsum,
3145 5839 3202 5906 in
