3882 6274
97 379 171 438 99?
1420 374 1626 432 LIBER
1664 370 2040 429 SECUNDUS.

135 501 192 568 ’ἴε
231 499 408 569 90³³³⁸
439 503 772 564 sententiam
797 501 1048 571 cjttscum
1094 495 1447 552 admiratione
1490 489 1667 545 consi-

93 593 298 656 demus,
332 591 658 648 recordatus
683 609 802 647 sum
835 592 1061 658 idipsutn
1110 584 1393 655 aliquando
1422 599 1508 638 me
1544 582 1670 636 ltre-

91 685 206 738 riter
250 683 346 735 illo
386 684 645 746 audiente
690 683 914 736 dixisse.
948 680 1082 736 Tum
1119 677 1363 732 arridens
1399 693 1412 728 :
1462 674 1670 728 Gratias

91 787 192 842 age,
239 771 492 839 inquam,
548 771 776 840 licenti,
825 772 948 825 huic
990 786 1144 825 servo
1180 779 1289 832 tuo,
1319 768 1405 836 qni
1440 764 1530 817 tibi
1569 762 1668 816 nisi

81 865 368 936 aliquidde
393 866 608 935 peculio
631 880 730 922 suo
749 867 1094 929 ministraret,
1126 878 1263 916 nunc
1285 844 1510 915 fortasse
1527 858 1670 929 quod

85 965 350 1028 promeres
365 972 477 1016 uoti
506 957 756 1012 haberes.
783 956 914 1012 Nam
941 955 988 1010 si
1007 955 1074 1012 ad
1098 969 1214 1008 eam
1241 964 1439 1022 partem
1468 966 1670 1005 mento-

169 1047 434 1117 κεύθει,
460 1062 584 1116 qua:
631 1062 692 1102 se
738 1047 879 1102 velut
929 1046 1174 1102 famulam
1199 1046 1352 1098 bona:
1394 1043 1557 1097 menti
1588 1058 1669 1096 re-

329 1139 610 1204 concedit,
642 1141 755 1209 ipsa
784 1155 922 1194 nunc
961 1139 1176 1208 adjutus
1215 1154 1295 1201 es,
1333 1136 1464 1192 mihi
1487 1136 1664 1197 crede,

80 1225 136 1300 [et
161 1229 272 1299 hoc
293 1229 534 1298 diceres.
567 1229 709 1300 Ergo
736 1241 1018 1300 antequam
1037 1229 1104 1284 ad
1133 1229 1282 1283 illum
1318 1227 1558 1282 ordinem
1585 1241 1669 1281 re-

80 1312 468 1404 ζφστηρρρε
519 1321 616 1374 tibi
662 1319 869 1388 videtur
894 1321 974 1374 rcl
1005 1327 1220 1388 propter
1251 1318 1403 1381 talia,
1455 1317 1506 1370 id
1546 1326 1662 1384 est,

320 1408 584 1482 honestas
618 1424 681 1464 ac
706 1411 1029 1484 necessarias
1054 1409 1379 1482 disciplinas,
1409 1407 1666 1461 memoria

80 1482 214 1572 In;
233 1517 362 1571 esse
391 1502 659 1572 sapienti?
687 1482 846 1570 Quid,
871 1482 1064 1572 inquit,
1107 1501 1362 1555 memoria
1397 1513 1531 1568 Opus
1564 1507 1663 1562 est,

124 1609 196 1656 Ill
223 1607 420 1660 omnes
443 1608 574 1648 suas
603 1601 991 1663 reSprazsentcs
1015 1589 1203 1644 habeat
1233 1605 1294 1643 ac
1317 1591 1526 1643 teneat?
1552 1587 1666 1663 Non

257 1685 344 1752 vel
363 1685 430 1756 in
455 1686 571 1755 ipso
596 1699 775 1754 sensu.
802 1683 870 1738 ad
897 1683 948 1736 id
969 1682 1105 1752 quod
1123 1692 1244 1737 ante
1264 1683 1441 1735 oculos
1458 1690 1667 1734 nostros

101 1775 260 1846 65in
306 1775 576 1844 auxilium,
595 1774 747 1846 nobis
783 1787 1031 1845 vocamus
1063 1759 1392 1825 inemoriam.
1429 1770 1666 1839 Sapienti

111 1881 214 1936 ergo
247 1873 374 1919 ante
405 1863 526 1918 illos
580 1865 855 1917 interiores
888 1863 1186 1936 intellectus
1230 1861 1409 1915 oculos
1453 1860 1665 1914 habenti

328 1953 383 2008 id
411 1963 517 2018 est,
564 1953 730 2028 Deum
778 1956 946 2021 ipsum
979 1950 1086 2004 lixe
1116 1950 1559 2018 itnntobiliterque
1583 1950 1665 2002 in-

119 2046 272 2118 tuenti,
295 2059 422 2118 cuin
460 2057 567 2114 quo
585 2025 712 2118 stunt
741 2041 917 2118 omnia
957 2058 1074 2118 qua:
1107 2040 1406 2095 intellectus
1437 2039 1576 2118 videt
1604 2054 1666 2093 ac

117 2111 336 2206 residet,
366 2111 494 2204 quid
514 2111 650 2202 opus
671 2111 776 2206 est,
795 2111 994 2206 qua-so.
1020 2111 1308 2184 memor-ia?
1340 2117 1462 2183 Mihi
1488 2139 1662 2183 autem

123 2203 168 2281 ut
326 2236 476 2303 esset
499 2224 566 2278 ad
592 2223 708 2302 bzec
736 2203 854 2293 qua:
875 2203 971 2276 abs
1001 2231 1049 2276 te
1071 2209 1337 2276 audieram
1369 2220 1660 2301 retinenda,

123 2318 318 2376 Indum
333 2333 455 2372 sum
480 2317 623 2370 illius
635 2313 816 2370 famuli
829 2315 1101 2379 dominus;
1129 2314 1220 2384 sed
1234 2316 1280 2368 ei
1299 2315 1452 2369 modo
1469 2315 1662 2379 servio,

123 2389 525 2484 pugnent
557 2424 663 2463 non
684 2389 930 2484 serviant,
956 2416 1009 2462 et
1022 2408 1170 2477 quasi
1199 2423 1280 2461 me
1303 2406 1476 2461 audeo
1515 2421 1663 2462 asse-

625 2479 814 2552 nteam.
836 2479 899 2570 Et
914 2500 956 2552 si
976 2497 1111 2554 forte
1131 2498 1415 2568 aliquando
1441 2499 1662 2568 impero,

267 2570 622 2668 obtemperat
673 2591 825 2654 mihi,
873 2590 1109 2661 facitque
1138 2605 1281 2660 szepe
1317 2600 1499 2658 putare
1524 2590 1663 2659 quod

125 2683 406 2760 within
425 2684 554 2754 aliis
582 2699 765 2758 rursus
793 2683 951 2738 rebus
987 2684 1053 2736 ita
1080 2698 1200 2738 sese
1246 2683 1436 2752 erigit,
1466 2694 1520 2736 ttt
1549 2683 1665 2752 ejus

126 2757 456 2860 lghmdilgtﬁ
495 2757 658 2836 utiSer
705 2774 930 2844 jaceam.
962 2767 1336 2840 Quamobrem,
1369 2773 1578 2842 quando
1598 2773 1667 2829 de

127 2839 640 2944 ﬁniteqfuti'rimus,
659 2880 744 2918 me
761 2864 883 2919 nolo
905 2864 1162 2917 nomines.
1183 2863 1288 2918 Nec
1305 2879 1408 2926 me,
1429 2863 1661 2932 inquam.

127 2951 386 3038 ﬁed‘tamett
413 2955 798 3034 numquidnam
827 2955 1039 3024 sapiens
1068 2954 1168 3009 iste
1193 2969 1319 3008 suos
1351 2963 1522 3022 potest
1564 2954 1665 3008 dc-

123 3027 530 3126 ##4##"?
555 3057 708 3122 »ίιςιιο
733 3087 750 3112 ο
788 3062 907 3102 Cum
941 3048 1040 3101 hoc
1072 3063 1262 3116 corpus
1301 3049 1426 3116 agit,
1469 3048 1520 3102 in
1562 3065 1664 3118 quo

281 3117 546 3218 famulum
590 3117 683 3193 sua
738 3139 854 3210 lege
882 3139 1181 3194 devinctum
1215 3148 1377 3206 tenet,
1405 3140 1667 3208 relinquet

121 3226 324 3308 «litium~
339 3227 597 3304 beneficia
627 3229 890 3296 tribuendi
923 3229 1116 3298 quibus
1139 3239 1330 3297 potest,
1349 3241 1403 3284 et
1436 3233 1664 3286 maxime

378 3319 958 3402 eo‘drehcmentissitnc
1003 3321 1295 3389 llagitatur,
1354 3321 1666 3391 sapientiam

114 3407 266 3494 ipsam
305 3409 568 3488 docendi';_l
599 3410 750 3477 Quod
795 3425 915 3464 eum
948 3411 1090 3476 facit,
1124 3421 1178 3463 ut
1204 3426 1432 3480 congrue
1456 3412 1662 3479 doceat,

93 3501 384 3581 radensque
391 3505 603 3580 ineptus
629 3506 720 3572 sit,
747 3515 1007 3577 praeparat
1028 3521 1168 3577 saepe
1188 3507 1405 3577 aliquid,
1429 3510 1569 3580 quod
1599 3526 1668 3566 ex

89 3583 740 3678 tdhppsitione‘eloquatur
756 3609 817 3648 ac
839 3595 1088 3668 diSputet,
1106 3596 1245 3666 quod
1274 3597 1371 3650 nisi
1399 3599 1667 3654 memoria:

82 3674 560 3764 inerit,
606 3696 788 3756 pereat
814 3701 1032 3750 necesse
1057 3695 1156 3741 est.
1208 3687 1348 3756 Ergo
1374 3698 1461 3742 aut
1492 3688 1666 3764 officia

84 3774 469 3858 pandentia:
519 3778 739 3848 negabis
771 3792 890 3846 esse
916 3778 1189 3846 sapientis,
1216 3785 1308 3831 aut
1331 3779 1667 3854 conﬁteberis

106 3867 398 3952 regaliquas
421 3870 678 3940 sapientis
717 3870 971 3924 memoria
1011 3869 1302 3926 custodiri:
1346 3887 1413 3926 an
1445 3872 1668 3930 fortasse

325 3975 544 4038 suarum
577 3975 752 4018 rerum
794 3976 896 4016 non
939 3972 1152 4032 prOpter
1181 3979 1240 4018 se
1285 3963 1531 4033 quidem,
1573 3965 1667 4034 sed

92 4053 333 4132 μιῃιρι·⁵
361 4067 483 4118 suos
533 4053 636 4108 sibi
687 4062 860 4106 tamen
912 4054 1265 4107 necessarium
1334 4056 1668 4132 commendat

105 4142 407 4218 mitam
429 4144 502 4198 illi
534 4144 754 4214 famulo,
779 4155 832 4197 ιιι
857 4144 942 4198 ille
972 4153 1218 4213 tauquam
1247 4143 1480 4212 sobrius,
1521 4155 1576 4202 et
1601 4163 1669 4203 ex

314 4234 509 4312 domini
536 4236 812 4306 disciplina
835 4279 849 4301 ,
884 4252 986 4290 non
1011 4238 1220 4306 quidem
1250 4238 1532 4308 custodiat,
1567 4241 1667 4298 nisi

104 4323 232 4404 qugd
262 4336 476 4406 propter
501 4323 692 4396 stultos
719 4327 784 4382 ad
813 4326 1122 4406 sapientiam
1161 4329 1546 4397 perducendos,
1573 4331 1668 4408 sed

103 4411 332 4493 muni
379 4417 552 4494 tamen
601 4417 689 4471 ille
753 4417 1154 4473 custodiendum
1208 4419 1518 4490 imperarit?
1561 4418 1670 4484 Nec

80 4493 466 4584 huic,
495 4493 694 4578 inquit,
739 4507 1096 4562 commendari
1132 4509 1413 4578 quidquam
1443 4493 1671 4566 arbitror

106 4598 424 4674 asapientia;
471 4599 732 4671 siquidem
783 4597 870 4656 ille
912 4616 1122 4669 semper
1162 4602 1284 4654 Deo'
1323 4602 1512 4656 inlisus
1565 4616 1666 4676 est,

80 4683 210 4754 μήτε
255 4679 459 4762 tacitus,
513 4693 626 4746 sive
660 4706 781 4748 cum
821 4692 1121 4746 hominibus
1171 4693 1430 4762 loquens:
1463 4695 1553 4748 srd
1583 4697 1668 4751 ille

104 4781 408 4854 mjam
432 4782 579 4852 ,beue
609 4783 878 4838 institutus
904 4779 1184 4852 diligenter
1213 4793 1389 4838 servat
1414 4786 1551 4853 quod
1584 4786 1667 4840 itt-

116 4867 634 4946 WW...leputanti
662 4939 664 4942 ν
690 4871 904 4944 domino
953 4881 1217 4942 suggerat,
1254 4882 1306 4927 et
1341 4875 1387 4926 ei
1423 4885 1667 4943 tanquam

415 4968 621 5025 gratum
647 4954 804 5007 faciat
837 4953 1066 5008 officium
1093 4971 1266 5021 suum,
1292 4956 1389 5008 sub
1437 4959 1582 5025 cujus
1613 4974 1670 5012 se

130 5029 524 5128 τῆςξιρόίὲδιςιιθ
555 5037 753 5098 vivere.
790 5043 855 5097 Et
892 5044 991 5098 hoc
1025 5043 1145 5097 facit
1193 5061 1296 5098 non
1324 5045 1472 5114 quasi
1514 5048 1672 5100 ratio-

370 5127 461 5190 scd
491 5150 699 5216 summa
727 5131 812 5187 illa
843 5132 960 5204 lege
985 5148 1295 5203 summoque
1321 5137 1502 5190 (mune
1534 5155 1670 5206 pm._

407 5219 569 5310 ῌηξξι,
599 5209 835 5296 inquam,
861 5240 1000 5278 nunc
1022 5225 1210 5278 resisto
1238 5225 1522 5279 rationibus
1546 5227 1668 5294 tuis,

355 5322 686 5398 suscepimus
723 5318 900 5389 potius
935 5325 1230 5388 peragatur.
1293 5319 1367 5373 De
1409 5321 1507 5374 isto
1547 5336 1672 5375 vero

149 5400 380 5488 dihgettter
397 5411 839 5488 quemadmodum
865 5425 980 5466 sese
1005 5409 1187 5465 habent
1205 5407 1329 5484 (non
1349 5413 1486 5464 enim
1516 5428 1673 5480 parva

342 5487 427 5560 aut
453 5514 560 5574 tam
592 5517 760 5572 parvo
798 5517 1043 5556 sermone
1084 5500 1354 5573 eculeum)
1383 5503 1673 5556 videbimus

153 5575 269 5665 ‘llls,
291 5577 412 5676 cum,
433 5599 572 5681 gens
611 5597 725 5672 ipse
756 5593 1201 5663 opportunitatem
1234 5593 1418 5645 ordine
1446 5593 1667 5648 dederit.

203 5737 230 5770 ,τ
285 5677 648 5770 ρΤἏΠῙ·
668 5713 739 5724 -
761 5684 988 5740 Stultitia
1013 5701 1077 5736 an
1103 5700 1219 5737 cum
1247 5682 1351 5737 Deo
1379 5685 1457 5737 sit.
1484 5745 1488 5749 ‘
1591 5751 1594 5768 Γ

199 5767 250 5841 8.
284 5767 552 5835 ileﬁttitum
599 5785 685 5834 est
723 5784 902 5832 autem
943 5775 1068 5846 quid
1113 5776 1181 5830 sit
1223 5790 1342 5831 esse
1383 5792 1504 5832 cum
1540 5777 1669 5835 Deo.

0 1522 200 1645 Ε

82 3674 94 3688 .

84 3818 93 3827 .,

5 4367 99 4715 Ι

104 4702 106 4715 l

3254 379 3359 436 998

1783 488 1846 541 Et
1874 503 1993 542 cum
2016 502 2044 540 a
2066 501 2152 541 me
2173 486 2370 541 dictum
2411 498 2552 543 esset
2575 530 2588 552 ,
2619 490 2670 543 id
2691 506 2808 547 esse
2829 507 2948 548 cum
2970 491 3078 551 Deo
3098 492 3250 568 quod
3272 499 3358 551 in-

1780 577 1958 643 telligit
2004 579 2204 643 Deum,
2243 594 2336 631 vos
2373 579 2528 633 etiam
2563 579 2678 649 plus
2709 571 3006 649 adjeciStis,
3045 574 3102 641 ui
3137 582 3207 641 ibi
3243 577 3358 642 'sim

1779 667 1934 722 etiam
1967 668 2051 722 illa
2076 682 2194 736 quzc
2217 668 2577 737 intelliguntur
2597 684 2626 723 a
2658 671 2912 738 sapiente.
2941 667 3052 738 Qua
3073 677 3123 730 in
3145 695 3204 730 re
3227 679 3356 735 ntul-

1779 769 1888 814 tutn
1923 775 2006 813 me
2046 769 2221 814 movet
2263 760 2527 828 quomodo
2569 761 2741 815 subito
2782 776 2901 817 eum
2931 762 3036 817 Deo
3077 751 3352 823 stultitiam

1775 849 2182 904 collocaveritis.
2215 845 2343 904 Nam
2374 852 2416 903 si
2448 866 2565 903 ctmt
2604 852 2713 906 Deo
2746 861 2869 908 sunt
2905 871 3248 926 qtnrcuutquc
3275 858 3355 912 in-

1777 940 1962 1008 telligit
1981 939 2210 1008 sapiens,
2237 955 2333 994 nec
2359 941 2456 994 nisi
2483 940 2800 996 intellectam
2827 945 3095 1000 stultitiam
3123 937 3354 1018 effugere

1777 1050 1981 1108 potest;
2025 1041 2128 1094 erit
2167 1039 2361 1102 etiam,
2405 1039 2544 1106 quod
2588 1039 2729 1094 dictu
2768 1041 2913 1096 nefas
2940 1053 3040 1109 est,
3071 1047 3233 1113 pcSIis
3264 1035 3353 1100 illa

1773 1146 1891 1184 eum
1919 1131 2045 1186 Deo.
2089 1131 2199 1199 Qua
2228 1131 2566 1186 conclusione
2601 1133 2872 1198 commoti,
2899 1149 3016 1187 eum
3049 1136 3100 1189 in
3140 1137 3352 1192 silentio

1775 1233 1835 1274 se
1865 1222 2190 1290 aliquantum
2216 1221 2507 1273 tenuissent
2532 1239 2545 1274 :
2578 1219 2929 1289 Respondeat.
2955 1215 3124 1292 inquit
3148 1225 3348 1297 Tryge-

1775 1312 1898 1377 tius,
1928 1312 2084 1364 etiam
2113 1311 2202 1365 ille
2231 1310 2298 1366 de
2325 1311 2476 1378 cujus
2502 1309 2728 1364 adventu
2751 1310 2816 1366 ad
2857 1311 3006 1366 istam
3037 1313 3348 1382 disputatio-

1775 1418 1895 1478 nem
1927 1403 2374 1474 opporluuissimo
2401 1418 2507 1457 non
2540 1418 2635 1457 nos
2662 1411 2790 1474 puto
2821 1413 3017 1459 temere
3044 1408 3348 1475 gratulatus.

1773 1493 1905 1546 Tum
1935 1494 2196 1565 Alypius:
2236 1493 2374 1548 Deus
2421 1495 2662 1557 meliora,
2713 1493 2913 1565 inquit!
2959 1495 3178 1552 lutet-ine
3225 1502 3352 1555 mihi

1775 1584 1986 1639 tandem
2017 1595 2214 1639 tantum
2241 1601 2413 1640 meum
2444 1587 2708 1640 silentium
2731 1581 3052 1657 parabatur?
3081 1587 3184 1642 Sed
3217 1591 3350 1642 irru-

1775 1686 1858 1744 pta
1885 1677 1990 1743 jam
2015 1677 2164 1745 quies
2192 1685 2292 1730 est.
2329 1675 2520 1731 Verum
2559 1692 2697 1730 nunc
2730 1677 2900 1730 enitar
2929 1677 3048 1731 huic
3073 1669 3354 1750 utcumque

1777 1767 2034 1837 rogationi
2066 1767 2405 1834 satisfacere,
2438 1786 2555 1822 cum
2600 1767 2727 1822 mihi
2755 1757 2899 1838 prius
2928 1771 3010 1824 vel
3046 1771 3095 1824 itt
3123 1763 3354 1828 futurum

1774 1875 2094 1928 [lI'OSpCXCl'O
2114 1903 2128 1924 ,
2161 1870 2212 1914 et
2238 1876 2267 1914 a
2297 1859 2444 1914 vobis
2480 1861 2830 1928 impetravero
2872 1869 2926 1915 ut
2953 1877 2981 1916 a
3014 1878 3097 1918 Ittc
3124 1855 3354 1935 amplius

1774 1951 1869 2003 ista
1900 1951 2247 2018 responsione
2277 1951 2402 2003 nihil
2437 1950 2696 2020 ﬂagitetis.
2728 1951 2882 2004 Nullo
2909 1954 3087 2021 modo,
3117 1947 3350 2025 inquam,

1771 2051 1870 2102 est.
1897 2041 2074 2113 Alypi.
2099 2042 2481 2096 benevolentim
2503 2053 2660 2111 atque
2681 2041 3019 2098 humanitatis
3040 2056 3142 2099 tua:
3169 2037 3351 2102 veneni

1772 2143 1911 2186 tuam
1943 2135 2170 2187 sermoni
2204 2144 2383 2187 nostro
2427 2116 2583 2187 eliam
2624 2135 2973 2187 desideratam
3009 2151 3218 2205 negare.
3245 2127 3351 2194 Sed

1773 2237 1928 2293 perge
1950 2223 2124 2285 modo,
2147 2223 2286 2293 quod
2311 2224 2574 2278 instituisti
2598 2222 2773 2289 elfice;
2793 2233 3005 2294 ca-tera,
3029 2227 3206 2295 utjam
3231 2213 3352 2285 sesi:

1772 2312 1930 2367 habet
1959 2313 2090 2367 ordo
2132 2315 2252 2378 ille,
2295 2315 2629 2382 provetticnl.
2662 2307 2831 2383 Eque
2879 2313 3007 2369 mihi
3047 2317 3112 2370 de
3141 2319 3348 2387 ordine,

1773 2404 1962 2474 inquit,
1995 2414 2116 2458 sunt
2138 2405 2395 2474 speranda
2425 2403 2664 2469 meliora,
2699 2406 2748 2457 iit
2776 2406 2925 2474 cujus
2955 2408 3247 2462 assertione
3274 2409 3353 2462 itt-

1772 2495 1922 2548 tcriut
1955 2511 2037 2549 me
2066 2487 2386 2550 substituere
2415 2493 2672 2550 Voluistis.
2711 2493 2834 2562 Sed,
2870 2497 2919 2551 tti
2951 2497 3123 2561 fallor,
3156 2500 3223 2554 ob
3253 2491 3352 2556 hoc

1770 2587 2043 2641 stultitiam
2071 2589 2179 2642 Deo
2211 2589 2306 2641 ista
2336 2599 2419 2642 tua
2465 2583 2805 2642 conclusione
2841 2579 2910 2643 ab
2952 2589 3032 2642 his
3055 2592 3351 2661 copulatam

1771 2679 1985 2746 putasti,
2011 2678 2423 2749 quod'univerSa
2452 2695 2569 2748 qua:
2601 2680 2842 2750 intelligit
2869 2682 3078 2749 sapiens
3103 2699 3222 2737 cum
3246 2685 3354 2740 Deo

1771 2781 1889 2821 esse
1914 2768 2176 2822 dixerunt.
2204 2768 2307 2822 Sed
2342 2769 2392 2822 id
2422 2779 2680 2838 quatenus
2707 2771 3067 2839 accipiendum
3100 2775 3188 2838 sit,
3212 2768 3353 2831 nunc

1771 2862 1989 2922 omitto;
2019 2870 2158 2913 tuam
2183 2859 2329 2913 illam
2353 2860 2804 2915 ratiocinationem
2827 2861 3094 2928 paululum
3116 2866 3348 2920 adverte.

1775 2949 1956 3002 Dixisti
1982 2949 2175 3018 quippe
2205 2968 2216 3004 :
2245 2949 2373 3003 Nam
2403 2949 2446 3002 si
2472 2965 2590 3002 eum
2623 2945 2730 3005 Deo
2756 2960 2877 3004 sunt
2901 2965 3243 3024 quareumqne
3271 2957 3352 3009 in-

1776 3035 1958 3110 telligit
1981 3041 2210 3109 sapiens,
2232 3055 2326 3094 nec
2351 3041 2446 3093 nisi
2473 3039 2793 3095 intellectam
2815 3041 3094 3096 stultitiam
3121 3043 3351 3122 effugere

1776 3140 1962 3200 potest,
1994 3131 2151 3199 Quasi
2180 3148 2306 3187 vero
2332 3131 2458 3186 illud
2490 3132 2771 3188 obscurum
2799 3135 2887 3200 sit,
2920 3146 3198 3206 antequam
3223 3137 3350 3191 stul-

1773 3221 1936 3276 titiam
1981 3224 2201 3293 quisque
2231 3225 2377 3289 vitet,
2419 3223 2675 3292 sapientis
2699 3240 2820 3278 eum
2849 3227 3061 3281 nomine
3090 3242 3192 3280 non
3223 3238 3344 3284 esse

1771 3312 2114 3366 censendum.
2163 3314 2224 3367 Et
2263 3313 2460 3368 dictum
2497 3322 2598 3381 est,
2626 3331 2653 3368 a
2681 3315 2916 3384 sapiente
2941 3315 3206 3372 intellecta
3234 3336 3352 3374 esse

1772 3419 1890 3457 cum
1917 3404 2043 3458 Deo.
2067 3397 2195 3458 Com
2221 3406 2378 3475 igitur
2399 3405 2656 3461 evitanda:
2677 3405 2912 3462 stultitim
2928 3411 3091 3478 gratia
3113 3397 3350 3465 eamdem

1773 3495 2045 3550 stultitiam
2074 3497 2296 3568 quisque
2321 3499 2582 3568 intelligit,
2608 3499 2840 3554 nondum
2866 3511 2947 3554 est
2965 3499 3193 3571 sapiens.
3218 3485 3352 3558 Catii

1772 3595 1944 3640 autem
1976 3587 2185 3654 sapiens
2225 3587 2414 3654 fuerit,
2443 3603 2547 3643 non
2589 3591 2728 3644 inter
2753 3605 2816 3645 ea
2845 3603 2964 3660 qua:
2989 3589 3078 3646 ille
3108 3572 3354 3664 intelligit

1774 3677 1990 3730 stultitia
2012 3679 2331 3733 numeranda
2354 3691 2452 3734 est.
2481 3679 2835 3748 Quamobrem
2858 3685 3104 3751 quoniam
3133 3699 3194 3738 ea
3223 3700 3352 3740 con-

1767 3766 1945 3836 juncta
1977 3776 2098 3822 sunt
2125 3767 2259 3833 Deo,
2295 3785 2411 3839 qua:
2429 3770 2542 3839 jam
2581 3772 2794 3841 sapiens
2819 3771 3090 3843 intelligit,
3141 3788 3282 3830 recte
3311 3791 3340 3830 ι

1775 3861 1883 3914 Deo
1912 3861 2130 3915 stultitia
2158 3863 2469 3917 secernitur.

1841 3953 1894 4006 9.
1939 3955 2103 4008 Acute
2132 3954 2364 4023 quidem,
2395 3953 2628 4023 inquam,
2657 3964 2713 4009 ut
2741 3955 2900 4022 soles,
2930 3958 3101 4027 Alypi,
3133 3974 3354 4029 respon-

1772 4041 1916 4106 disti,
1947 4045 2038 4098 sed
2066 4054 2314 4112 tanquam
2343 4045 2393 4096 in
2423 4043 2622 4097 alienas
2646 4054 2817 4098 trusus
2837 4051 3123 4115 angustias.
3149 4047 3350 4104 Tamen

1773 4131 1915 4202 quia,
1945 4141 2002 4186 ut
2024 4135 2268 4198 arbitror,
2300 4132 2472 4185 adhuc
2499 4148 2702 4186 mecum
2729 4135 2918 4189 stultus
2942 4150 3059 4190 esse
3089 4135 3343 4206 dignaris,

1773 4223 1896 4293 quid
1923 4223 2173 4278 faciemus
2199 4224 2241 4277 si
2263 4222 2490 4290 aliquem
2513 4224 2883 4278 nanciseamur
2906 4227 3194 4292 sapientem
3213 4270 3228 4294 ,
3260 4231 3350 4299 qui

1775 4330 1871 4368 nos
1888 4324 2031 4368 tanto
2049 4313 2186 4367 malo
2203 4313 2441 4368 docendo
2457 4329 2517 4366 ac
2547 4313 2861 4383 disputando
2881 4315 3107 4370 libenter
3126 4318 3351 4374 liberet?

1772 4405 1907 4461 Nam
1932 4405 2060 4459 nihil
2083 4419 2203 4460 cum
2230 4406 2394 4475 prius,
2417 4414 2671 4474 quantum
2695 4404 2942 4469 arbitror,
2970 4407 3349 4478 deprecaturus

1775 4514 1916 4568 sum,
1945 4499 2042 4553 nisi
2090 4507 2146 4552 ut
2177 4499 2304 4552 mihi
2350 4499 2592 4553 ostendat
2629 4514 2746 4569 qua:
2774 4501 2869 4565 sit,
2898 4501 3022 4570 quid
3051 4503 3146 4568 sit,
3180 4504 3351 4574 qualis

1775 4589 1842 4644 sit
1868 4592 2086 4644 omnino
2112 4589 2348 4644 stultitia.
2384 4590 2459 4645 De
2486 4601 2536 4646 te
2561 4592 2701 4645 enim
2733 4607 2836 4645 non
2866 4591 3018 4648 facile
3046 4593 3346 4651 afﬁrmare-

1773 4681 1902 4746 rim;
1949 4697 2032 4735 me
2063 4691 2240 4734 tamen
2273 4690 2474 4734 tantum
2501 4690 2553 4734 et
2583 4691 2687 4734 tam
2725 4682 2813 4735 diu
2839 4682 3037 4737 detinet
3057 4725 3070 4747 ,
3099 4696 3350 4755 quantum

1775 4782 1827 4826 et
1854 4788 2008 4841 quam
2038 4772 2125 4826 ditt
2153 4788 2183 4825 a
2223 4787 2309 4827 me
2344 4788 2448 4826 nou
2473 4773 2800 4842 intelligitur.
2845 4775 3088 4831 Dicturus
3115 4787 3198 4832 est
3224 4785 3351 4850 ergo

1776 4863 1886 4925 ille,
1927 4873 1977 4917 te
2001 4873 2217 4916 auctore
2245 4881 2258 4916 :
2289 4861 2356 4916 Ut
2386 4863 2485 4915 hoc
2507 4876 2602 4916 vos
2625 4862 2894 4926 docerem,
2925 4868 3134 4934 quando
3161 4872 3352 4924 stultus

1775 4970 1916 5006 erant
1943 4953 2007 5006 ad
2035 4967 2121 5007 me
2144 4954 2325 5007 venire
2350 4952 2635 5018 debuistis;
2665 4956 2822 5008 modo
2862 4965 3036 5011 autem
3073 4973 3166 5014 vos
3191 4951 3351 5016 vestri

1775 5046 2008 5113 magistri
2039 5059 2156 5098 esse
2185 5045 2428 5112 poteritis
2466 5063 2480 5099 :
2511 5060 2631 5098 nam
2662 5060 2762 5114 ego
2792 5047 2900 5114 jam
2931 5049 3203 5103 stultitiam
3245 5066 3350 5106 non

1778 5135 2026 5205 intelligo.
2051 5136 2202 5200 Quod
2232 5135 2444 5206 quidem
2473 5137 2540 5190 ab
2564 5153 2629 5192 eo
2648 5139 2693 5192 si
2720 5139 2976 5204 audirem,
3009 5157 3112 5196 non
3139 5157 3354 5198 vererer

1776 5229 2061 5282 admonere
2089 5228 2355 5282 hominem
2396 5237 2448 5282 ut
2474 5243 2654 5284 comes
2696 5230 2848 5285 nobis
2888 5231 3055 5296 ﬁeret,
3089 5235 3351 5301 simulque

1777 5320 2080 5388 magistrum
2095 5319 2253 5372 alium
2270 5335 2644 5390 quzereremus.
2665 5320 2733 5377 Ut
2750 5323 2886 5376 enim
2908 5323 3061 5392 plene
3077 5321 3347 5376 stultitiam

1778 5426 1884 5466 non
1915 5411 2168 5482 intelligo,
2197 5413 2351 5467 video
2380 5423 2552 5468 tamen
2582 5413 2708 5468 nihil
2742 5417 3082 5484 responsione
3109 5414 3204 5465 hac
3228 5425 3350 5468 esse

1778 5502 2010 5556 stultius.
2053 5501 2156 5556 Sed
2186 5503 2403 5572 pudebit
2429 5518 2550 5560 cum
2596 5505 2818 5558 fortasse
2842 5505 2910 5556 ita
2950 5517 3046 5555 nos
3068 5508 3160 5556 aut
3184 5501 3350 5554 relin-

1777 5605 1964 5661 quere,
2009 5601 2098 5647 aut
2125 5592 2298 5662 sequi.
2325 5593 2621 5662 Disputahit
2656 5608 2781 5660 ergo
2812 5600 2866 5645 et
2900 5586 3230 5660 caaggerabit
3253 5601 3351 5642 co-

1778 5683 2080 5753 piosissime
2101 5682 2342 5738 stultitim
2369 5684 2525 5738 mala.
2551 5683 2657 5738 Nos
2683 5690 2855 5736 autem
2882 5681 3014 5734 bene
3046 5678 3194 5733 nobis
3217 5686 3352 5748 pro-

1777 5776 2017 5832 videntes
2037 5815 2054 5843 ,
2079 5787 2170 5832 aut
2196 5773 2473 5833 audiemus
2505 5784 2701 5831 attente
2729 5775 2993 5835 hominem
3031 5781 3354 5836 nescientem
