1941 3137
280 202 333 238 999

279 282 339 311 quae
351 274 481 310 loquatur.
495 275 541 300 aut
552 268 692 297 credemus
703 274 764 295 cum
778 265 804 294 id
818 264 889 301 quod
903 272 956 292 non
970 262 1067 292 intelli-

280 310 318 356 git
329 320 408 350 scire.
424 322 468 346 aut
484 315 570 343 adhuc
587 315 641 342 Deo
657 317 840 348 susceptorum
851 315 955 338 tuorum
966 310 1068 337 ratione

279 354 388 393 stultitia
400 362 521 397 copulata
531 365 581 388 est.
591 359 660 387 Nihil
669 362 757 386 autent
768 357 934 393 superiorum
944 360 986 384 est
997 354 1068 390 quod

279 411 354 438 video
369 416 446 444 posse
467 406 582 435 defendi.
598 406 690 433 Restat
708 404 805 439 igitur.
821 402 890 439 quod
910 410 963 430 non
978 402 1066 435 vultis,

277 460 436 483 extremum.
450 452 588 488 Nunquam
604 455 641 484 te,
664 450 764 485 inquit.
789 448 905 476 invidum
920 454 1067 475 senseram.

277 500 342 528 Nam
356 499 378 527 si
392 499 506 531 abistis.
522 502 550 524 ut
563 496 640 529 dicis.
653 495 784 530 susceptis
797 493 940 529 quidquam
953 491 1068 520 honora—

277 546 326 576 rii.
346 549 376 573 ut
389 544 468 576 solet,
490 542 661 576 accepissem.
684 541 746 568 dum
768 538 976 567 ratiocinationis
990 537 1069 571 hujus

276 591 386 618 nimium
393 594 471 617 tenax
478 596 518 620 es.
528 587 553 615 id
560 587 598 614 eis
604 586 684 614 modo
693 585 919 619 redderecogerer
933 583 1020 618 Quare
1028 582 1070 610 vel

278 635 328 664 hoc
337 634 454 663 comenti
462 634 516 661 sint
523 653 531 664 .
544 632 614 668 quod
622 639 666 659 me
676 636 763 658 tecum
769 630 904 657 laborante
911 637 963 656 non
975 635 1069 664 parum

277 682 316 710 eis
323 682 355 709 ad
365 679 568 715 excogitandum
579 677 705 713 temporis
711 677 771 704 dedi
781 684 788 709 ;
801 675 852 708 vel.
864 675 885 702 si
896 674 957 702 victi
966 673 1069 709 patroni

278 726 348 753 nulla
369 725 477 761 quidem
492 731 538 751 sua
552 723 628 758 culpa
648 721 762 750 consilio
777 721 890 749 libenter
908 720 1068 751 auscultant.

277 777 303 800 et
318 773 344 800 in
355 772 405 799 boc
415 771 470 806 jam
484 770 531 798 tibi
543 768 648 802 cedant,
666 774 693 796 et
706 769 759 796 sint
773 767 799 795 in
811 767 914 795 caeteris
925 766 1067 794 cautiores.

315 819 357 847 l0.
377 817 434 845 Non
447 821 625 848 contenmam.
643 816 761 850 inquam,
781 812 852 849 quod
877 813 904 840 iu
919 817 962 840 tua
975 811 1068 840 defen-

278 865 354 892 sione
369 863 509 900 Trygetius
523 861 612 889 nescio
624 860 688 896 quid
702 860 781 888 etiam
796 865 967 894 perstrepens
979 857 1070 886 dicere

278 909 411 945 cupiebat.
432 908 579 943 faciamque
602 907 670 934 bona
696 910 739 933 tua
761 904 858 932 venia:
874 911 934 931 nam
957 903 1070 931 fortasse

279 963 333 984 non
344 955 410 983 bene
420 955 564 982 instructus
577 959 614 985 es.
627 952 671 987 qui
685 958 778 979 recens
788 950 849 978 huic
860 950 965 985 negotio
976 957 1069 984 super-

282 1000 393 1033 venisti.
418 1005 447 1028 ut
472 1004 574 1027 remoto
599 997 745 1033 patrocinio
769 997 840 1032 ipsos
861 1003 968 1023 causam
993 1002 1068 1022 suam

279 1050 433 1083 peragi-nus
445 1045 549 1072 audiam
564 1044 704 1079 patienter,
721 1048 748 1069 ut
762 1049 906 1077 cmperam.
921 1041 988 1068 'l‘um
1003 1039 1070 1075 Try-

279 1094 382 1129 getius,
404 1091 522 1120 Licentio
542 1097 651 1126 prorsus
671 1089 782 1117 absente
802 1097 809 1115 :
825 1087 963 1122 Quomodo
978 1086 1068 1119 vultis,

279 1137 376 1173 inquit.
391 1136 502 1171 accipite
513 1141 539 1163 et
562 1134 646 1163 ridete
658 1134 795 1161 stultitiam
815 1140 912 1160 meam.
932 1131 990 1159 Non
1005 1131 1069 1159 mihi

278 1184 382 1211 videtur
396 1183 496 1210 debere
516 1181 568 1209 dici
591 1180 750 1213 intellectus.
772 1186 826 1214 quo
849 1178 1002 1213 intelligitur
1014 1178 1070 1213 ipsa

278 1228 399 1260 stultitia,
422 1235 482 1263 qua:
503 1235 556 1254 non
578 1225 739 1260 intelligendi
763 1224 802 1251 vel
823 1224 879 1252 sola
895 1223 938 1251 vel
955 1223 1070 1250 maxima

279 1282 359 1303 causa
373 1279 424 1302 est.
439 1273 496 1301 Non
512 1272 598 1302 facile.
614 1271 733 1306 inquam.
747 1277 841 1298 recuso
856 1270 924 1297 istud
939 1269 1068 1303 accipere.

281 1321 408 1355 Quamvis
424 1320 494 1348 enim
508 1327 550 1346 me
569 1319 680 1346 mttltttnt
699 1321 814 1347 moveat.
829 1315 897 1351 quod
912 1315 992 1343 sentit
1005 1314 1070 1349 Aly-

281 1368 340 1403 pius
349 1388 357 1400 .
369 1366 501 1402 quomodo
518 1369 589 1393 recte
603 1364 684 1400 possit
701 1363 814 1399 quisque
828 1362 926 1390 docere
939 1361 1023 1397 qualis
1036 1360 1072 1388 sit

279 1421 325 1442 res
343 1421 422 1448 quam
444 1420 496 1439 non
515 1411 654 1446 intelligit,
677 1414 857 1445 quantamque
876 1407 957 1435 tnenti
979 1406 1072 1434 afferat

284 1459 427 1495 perniciem
440 1457 510 1493 quod
519 1461 607 1484 mente
617 1463 670 1483 non
678 1455 765 1488 videt;
777 1462 836 1482 nam
853 1454 878 1480 id
889 1453 978 1488 utique
988 1456 1073 1479 alten-

281 1505 357 1536 dens,
366 1504 436 1541 quod
448 1508 475 1531 tu
488 1502 579 1530 dixisti
591 1501 680 1530 dicere
693 1505 735 1528 est
748 1500 927 1532 veritus,cum
941 1498 967 1525 ei
980 1497 1013 1524 sit
1021 1497 1073 1524 ista

281 1552 362 1580 etiam
370 1550 403 1578 de
411 1549 549 1578 doctorum
556 1548 630 1575 libris
640 1552 701 1574 nota
713 1546 842 1574 sententia
854 1554 860 1572 :
871 1549 958 1572 tamen
965 1550 1074 1571 sensum

283 1598 368 1633 ipsum
377 1596 548 1624 considerans
557 1593 688 1628 corporis.
700 1599 761 1619 nam
768 1596 795 1619 et
802 1591 853 1618 isto
860 1591 917 1625 ipso
926 1589 1013 1616 anima
1024 1588 1075 1616 uti-

284 1647 312 1671 tu
316 1646 369 1676 r,et
374 1642 430 1676 ipsa
436 1641 491 1668 sola
500 1644 541 1668 est
547 1646 607 1667 cum
616 1638 749 1666 intellectu
755 1636 951 1672 quali-cumque
958 1634 1072 1667 collatio,

284 1688 401 1716 adducor
415 1692 444 1715 ut
461 1687 547 1714 dicam
568 1686 702 1713 neminem
726 1690 805 1719 posse
827 1681 918 1709 videre
941 1681 1073 1709 tenebras.

285 1732 476 1768 Quamobrem.
490 1731 511 1758 si
527 1729 609 1758 menti
623 1730 673 1756 boc
684 1734 725 1757 est
738 1727 894 1763 intelligere.
905 1726 975 1762 quod
985 1725 1075 1754 sensui

287 1778 389 1810 videre.
401 1783 428 1806 et
442 1778 503 1805 licet
516 1777 627 1812 quisque
637 1775 720 1803 oculis
732 1774 841 1810 apertis.
854 1773 936 1806 sanis.
951 1772 1076 1808 purisque

286 1826 338 1858 sit,
351 1824 441 1853 videre
455 1829 542 1851 tamen
558 1822 680 1850 tenebras
694 1830 746 1848 non
762 1824 866 1856 potest;
886 1827 938 1848 non
961 1818 1077 1847 absurde

287 1871 395 1903 dicitur.
407 1869 514 1905 intelligi
526 1876 577 1896 non
590 1875 668 1903 posse
677 1866 813 1894 stultitiam
825 1875 830 1892 :
843 1873 903 1892 nam
916 1864 1003 1892 nullas
1011 1863 1077 1891 alias

289 1917 386 1945 mentis
400 1915 523 1943 tenebras
541 1914 716 1942 nominamus.
730 1911 785 1939 Nec
795 1911 850 1947 jam
866 1910 929 1938 illud
944 1909 1076 1942 movebit,

287 1962 421 1999 quomodo
430 1961 538 1989 stultitia
551 1960 635 1996 possit
647 1966 698 1986 non
712 1958 845 1986 intellecta
860 1956 948 1989 uitari.
959 1955 994 1984 Ut
1005 1955 1076 1983 enim

288 2009 374 2037 oculis
389 2006 511 2034 tenebras
525 2006 639 2033 vitamus
653 2012 685 2032 eo
700 2004 757 2040 ipso
769 2011 822 2039 quo
837 2002 958 2030 uolumus
971 2008 1023 2029 non
1038 2001 1078 2029 vi-

289 2055 352 2082 dere
366 2063 372 2081 :
387 2054 425 2081 sic
444 2053 563 2088 quisquis
583 2051 653 2079 volet
671 2050 754 2078 vitare
773 2049 928 2081 stultitiam,
948 2055 1000 2075 non
1017 2055 1077 2075 eam

289 2105 400 2128 conetur
411 2097 571 2133 intelligere;
585 2096 631 2124 sed
645 2104 675 2123 ea
695 2103 754 2131 qua:
767 2099 876 2130 possunt
890 2092 1009 2128 intelligi.
1029 2100 1077 2128 per

291 2146 360 2173 hanc
372 2152 401 2173 se
412 2152 464 2172 non
478 2143 625 2178 intelligere
634 2141 738 2172 doleat;
751 2147 863 2175 eamque
876 2139 924 2166 sibi
940 2146 998 2166 esse
1011 2146 1078 2173 pra:-

291 2197 403 2222 sentem.
421 2197 473 2218 noa
488 2197 541 2224 quo
553 2189 635 2224 ipsam
654 2187 737 2222 magis
752 2185 887 2221 intelligit.
903 2184 950 2212 sed
964 2191 1017 2220 quo
1026 2184 1077 2212 alia

290 2238 378 2266 minus
393 2235 521 2271 intelligit.
538 2234 644 2263 sentiat.
1013 2249 1019 2257 κ

291 2282 403 2311 CAPUT
418 2281 462 2310 ιν.
474 2295 508 2302 --
523 2281 587 2315 Qum
606 2280 680 2307 homo
697 2286 827 2314 perperam
849 2279 910 2314 agit.
935 2286 968 2304 an
991 2277 1079 2304 ordine

325 2334 393 2365 agat.
409 2327 480 2355 Mala
493 2327 520 2354 in
540 2327 652 2353 ordinem
674 2325 777 2352 redacta
794 2323 890 2359 faciunt
909 2322 942 2350 ad
965 2322 1078 2349 decorem

326 2374 445 2402 uniuersi.

329 2422 370 2449 ll.
392 2420 444 2449 Sed
457 2420 490 2447 ad
505 2418 625 2447 ordinem
638 2418 787 2450 redeamus,
802 2421 831 2444 ut
844 2416 920 2444 nobis
938 2415 1078 2451 aliquando

292 2466 419 2495 reddatur
439 2464 582 2492 Licentius.
598 2463 662 2491 Illud
677 2463 746 2491 enim
759 2463 812 2497 jam
826 2469 859 2489 ex
872 2460 947 2489 vobis
961 2460 1076 2495 requiro.

291 2518 380 2540 tttrum
394 2517 565 2546 qumcutuque
577 2509 630 2544 agit
642 2508 748 2541 stultus.
759 2506 852 2535 ordine
866 2506 940 2534 vobis
951 2513 1030 2542 agere
1040 2505 1079 2533 vi-

290 2558 393 2586 deatur.
408 2555 475 2583 Nam
494 2554 581 2582 videte
600 2553 701 2589 rogatio
721 2560 787 2588 quos
803 2552 911 2588 laqueos
929 2551 1035 2579 habeat.
1050 2550 1078 2578 Si

290 2604 385 2633 ordine
401 2600 520 2630 dixeritis
530 2621 538 2633 ,
553 2600 596 2628 ubi
611 2599 661 2627 erit
680 2599 722 2626 illa
736 2597 873 2629 deﬁnitio.
888 2596 959 2625 Ordo
971 2601 1012 2624 est
1026 2604 1079 2632 quo

291 2651 362 2678 Deus
374 2648 428 2684 agit
439 2647 527 2674 omnia
540 2653 599 2681 quae
615 2648 692 2677 sunt;
708 2644 730 2671 si
743 2643 822 2671 etiam
834 2643 930 2670 stultus
942 2650 1000 2677 quas
1012 2641 1076 2677 agit.

289 2696 342 2732 agit
354 2692 466 2722 ordine?
481 2692 510 2720 Si
529 2696 616 2718 autem
630 2690 696 2718 ordo
716 2697 768 2717 non
783 2693 825 2717 est
838 2689 865 2716 in
879 2688 911 2716 iis
924 2695 983 2723 qua:
995 2694 1078 2721 agun-

292 2746 334 2769 tur
344 2740 378 2767 ab
392 2739 482 2770 stulto.
495 2738 545 2765 erit
558 2735 656 2771 aliquid
670 2735 740 2771 quod
750 2734 816 2762 ordo
826 2742 878 2761 non
892 2737 980 2760 teneat
992 2742 998 2760 :
1015 2740 1080 2760 neu-

291 2790 361 2814 trum
374 2790 461 2812 autem
477 2783 566 2810 vultis.
581 2781 673 2809 Videte
683 2800 690 2814 ,
705 2787 797 2815 qua-so
807 2800 815 2813 ,
836 2787 869 2806 ne
889 2783 982 2805 ctmcta
997 2778 1079 2814 ipsius

292 2830 393 2859 ordinis
416 2828 572 2856 dcfemione
589 2826 710 2854 turbelis.
725 2825 772 2852 llic
783 2824 844 2851 item
858 2823 1006 2860 Trygetius,
1018 2831 1079 2851 nam

292 2876 337 2903 ille
346 2876 413 2902 alter
422 2875 507 2901 adhuc.
519 2872 627 2899 οιιιιιὶιιο
634 2871 730 2898 absrns
737 2874 793 2896 crat
805 2878 811 2895 :
822 2868 909 2896 Facile
921 2873 970 2901 est,
984 2869 1077 2904 inquit,

293 2919 355 2950 huic
369 2919 478 2954 quidem
488 2916 648 2952 respondere
662 2915 839 2952 cotuplexioni
854 2920 923 2949 tute;
936 2914 983 2943 sed
996 2922 1038 2942 me
1052 2916 1077 2942 iu

859 195 904 225 DE
921 187 1057 226 ORDINE.
1076 191 1105 221 S.
1127 188 1313 222 AUGUSTINI

1120 251 1261 285 pra-sentin
1275 249 1422 278 similitudo
1442 249 1546 284 deﬁcit.
1565 257 1617 286 qua
1637 252 1780 281 anteum
1797 261 1870 284 κ

1120 295 1198 323 video
1211 296 1294 323 asseri
1311 295 1488 331 illustrarique
1501 296 1607 324 debere.
1621 295 1717 325 'l'atncn
1727 298 1804 327 diu.
1814 300 1870 335 ped

1119 341 1222 373 sentio;
1238 340 1319 368 facies
1340 340 1411 368 enim
1433 345 1460 368 ιιι
1480 340 1551 376 quod
1570 340 1647 376 paulo
1658 346 1718 369 ante
1732 342 1813 371 fecisti.
1825 343 1870 373 Non

1120 387 1190 414 enim
1205 387 1249 415 illa
1261 387 1480 415 commemoratio
1492 387 1658 415 tenebrarum
1669 388 1701 415 ad
1713 388 1736 415 id
1745 389 1805 423 quod
1816 397 1829 417 a
1839 398 1871 418 me

1120 432 1266 460 involutum
1281 432 1413 467 prolatum
1421 437 1487 465 erat,
1502 440 1594 468 parum
1604 433 1678 460 nobis
1688 433 1768 461 attulit
1778 434 1872 465 lumiis.

1120 477 1238 513 Namque
1251 478 1338 505 omnis
1351 478 1402 505 vita
1415 478 1555 506 stultorum
1564 499 1573 511 ,
1587 479 1705 513 quamvis
1716 487 1760 514 per
1768 487 1808 507 eos
1817 481 1873 515 ipsos

1120 523 1231 551 minime
1241 528 1367 551 constans
1379 523 1540 559 minimeque
1551 523 1672 551 ordinata
1678 524 1721 556 sit.
1730 524 1871 560 perdirham

1122 576 1209 599 tamen
1232 571 1423 606 providentiam
1445 571 1594 599 necesSario
1615 578 1701 599 rerum
1713 571 1872 600 ordiueinclu-

1120 617 1201 649 ditur,
1216 622 1243 645 et
1254 618 1329 653 quasi
1344 616 1502 653 quibusdam
1517 616 1583 645 locis
1596 616 1640 644 illa
1654 615 1805 644 ineffabilia
1817 624 1871 645 seu»

1121 663 1224 698 piterna
1238 662 1297 698 lege
1310 662 1447 698 dispositis
1458 683 1466 694 .
1481 662 1554 690 nullo
1574 661 1655 690 modo
1668 668 1726 690 esse
1735 662 1828 695 sinitur.
1840 663 1872 691 ubi

1121 715 1181 736 esse
1195 716 1247 736 non
1261 707 1350 736 debet.
1365 707 1403 735 ita
1416 708 1445 735 fit
1463 712 1491 735 ut
1504 712 1618 743 angusto
1629 708 1716 735 animo
1726 707 1800 742 luam
1809 708 1871 736 solata

1120 753 1232 789 quisque
1245 753 1428 787 considerans.
1441 752 1521 780 veluti
1535 759 1629 788 magna
1648 759 1806 788 repercussu
1815 752 1871 781 fudi-

1121 802 1175 826 tate
1187 803 1333 826 aversetur.
1349 798 1378 826 Si
1390 803 1479 826 autem
1498 798 1597 826 mentis
1613 798 1704 826 oculos
1714 798 1806 833 erigens
1814 802 1873 834 atqu

1120 844 1280 877 diffundens,
1292 844 1368 872 simul
1382 844 1505 872 universa
1524 843 1673 874 collustret.
1687 843 1747 871 nihil
1766 851 1810 872 non
1821 844 1872 872 mli-

1121 895 1222 922 natum.
1238 890 1346 925 suisque
1357 897 1464 925 semper
1477 889 1558 918 veluti
1570 888 1680 917 sedibus
1690 888 1825 917 distinctum
1833 889 1872 917 dis~

1121 937 1289 972 positumque
1301 936 1425 972 reperiet.
1828 963 1839 976 ‘

1156 982 1200 1010 l2.
1219 981 1303 1017 Quam
1314 989 1417 1017 magna.
1428 983 1545 1017 inquam.
1558 988 1639 1017 quam
1652 981 1716 1008 mira
1729 980 1785 1008 mihi
1795 988 1872 1016 perm
1910 995 1911 1017 ἦ

1122 1027 1191 1055 Deus
1207 1027 1260 1061 ille,
1278 1032 1357 1062 atque
1371 1027 1436 1062 ipse.
1455 1031 1481 1055 at
1493 1026 1578 1062 magis
1592 1026 1725 1062 magisque
1737 1026 1828 1054 credere
1838 1025 1870 1053 ad-

1121 1073 1214 1101 ducor.
1235 1081 1324 1101 rerum
1345 1073 1435 1101 nescio
1453 1073 1513 1109 quis
1533 1072 1656 1101 occultus
1674 1072 1737 1100 ordo
1749 1071 1871 1107 namadd!

1120 1118 1187 1146 Nam
1201 1127 1231 1146 ea
1249 1118 1337 1146 dicitis
1350 1126 1410 1154 quae
1431 1125 1480 1146 nec
1495 1117 1632 1153 quomodo
1647 1116 1762 1145 dicantur
1771 1124 1814 1144 non
1824 1117 1870 1149 riu.

1121 1171 1171 1192 nec
1182 1164 1316 1199 quomodo
1329 1172 1360 1192 ea
1374 1163 1486 1192 videatis
1504 1163 1643 1199 intezligo;
1663 1163 1696 1191 ita
1714 1171 1743 1191 ea
1755 1167 1780 1190 et
1792 1170 1840 1190 vera
1853 1167 1870 1189 et

1121 1211 1175 1238 alta
1185 1218 1245 1238 esse
1259 1210 1391 1245 suspicor.
1406 1209 1500 1238 Simile
1513 1214 1604 1237 autem
1619 1208 1722 1245 aliquod
1729 1208 1871 1236 iniustam-

1122 1256 1231 1284 tentiam
1246 1260 1274 1283 tu
1289 1255 1401 1284 fortasse
1413 1263 1494 1284 unum
1510 1255 1675 1291 requirebas.
1690 1256 1722 1282 At
1732 1254 1870 1289 mit-iisnec-
1910 1250 1911 1284 ξ

1123 1306 1234 1330 currunt
1255 1301 1474 1334 innumerabilia,
1498 1308 1557 1336 qua:
1581 1308 1627 1328 Ine
1647 1299 1681 1327 ad
1696 1298 1870 1327 ωιιιαιιίαιιιιιι

1124 1355 1234 1383 prorsus
1249 1347 1366 1375 trahunt.
1379 1346 1447 1381 Quid
1458 1347 1529 1374 enim
1540 1345 1669 1374 carnifice
1680 1344 1778 1373 tetriusi
1785 1344 1832 1379 quid
1840 1343 1871 1372 iit
1910 1351 1911 1354 ‘

1123 1394 1213 1422 animo
1226 1393 1398 1421 truculentius
1411 1397 1491 1428 atque
1504 1391 1608 1420 dirius?
1625 1392 1661 1419 At
1678 1391 1742 1420 inter
1752 1390 1811 1427 ipsa!
1820 1390 1872 1425 lq-

1124 1439 1211 1467 locum
1225 1439 1403 1467 necessarium
1424 1442 1556 1471 tenet.‘et
1568 1438 1598 1465 in
1613 1437 1682 1467 bene
1694 1436 1815 1465 madente
1823 1435 1870 1463 civi-
1910 1438 1911 1441 ‘

1125 1485 1186 1513 tatis
1206 1485 1327 1513 ordinem
1348 1485 1487 1518 inseritur;
1512 1488 1608 1520 estque
1629 1491 1679 1511 suo
1699 1483 1776 1511 animo
1786 1487 1870 1514 nam.

1124 1531 1217 1559 ordine
1231 1535 1319 1558 autem
1333 1530 1420 1558 alieno
1433 1536 1510 1565 poena
1519 1528 1682 1556 nocentium.
1694 1528 1754 1562 Quid
1764 1526 1868 1560 senili”,

1125 1576 1187 1611 quid
1202 1576 1305 1603 inanius
1320 1574 1423 1603 decoris
1435 1579 1462 1602 et
1481 1573 1656 1609 turpitudinis
1679 1573 1766 1609 plenius
1775 1571 1866 1600 metati-

1125 1622 1211 1654 cibus.
1224 1621 1364 1649 lenonibus
1373 1642 1380 1652 .
1394 1620 1551 1655 exterisque
1564 1619 1620 1648 hoc
1630 1626 1713 1655 genus
1730 1617 1821 1654 μειῶ
1831 1616 1870 1643 did

1126 1668 1233 1703 potest?
1246 1666 1327 1694 Aufer
1336 1666 1490 1694 meretrices
1504 1665 1538 1693 de
1550 1665 1634 1693 rebus
1644 1663 1766 1696 humanis,
1779 1661 1870 1690 turbare-

1127 1714 1164 1741 ris
1189 1713 1277 1741 omnia
1302 1712 1453 1740 libidinibus
1469 1720 1476 1739 :
1492 1711 1627 1739 constitue
1648 1707 1871 1738 man-omnim.

1128 1760 1187 1787 labe
1198 1767 1228 1786 ac
1239 1759 1370 1786 dedecore
1383 1757 1613 1785 dehonestavcris.
1627 1756 1671 1784 Sic
1686 1756 1756 1791 igitur
1765 1754 1806 1782 hoc
1814 1758 1872 1788 genta

1128 1805 1263 1832 hominum
1279 1812 1326 1838 per
1339 1811 1401 1830 suos
1414 1810 1501 1830 mores
1515 1802 1720 1836 impurissimum
1733 1801 1786 1832 vita.
1798 1804 1872 1834 pant-

1128 1850 1197 1877 dinis
1212 1850 1282 1884 leges
1299 1849 1452 1876 conditione
1467 1848 1638 1874 vilissimum.
1652 1846 1740 1874 Nonne
1754 1845 1776 1872 in
1786 1842 1872 1878 αηοῆ-

1128 1895 1177 1922 bus
1191 1895 1363 1922 animantium
1378 1894 1497 1929 qua-dam
1514 1893 1633 1920 membra
1644 1913 1652 1924 .
1666 1892 1687 1919 si
1701 1891 1753 1918 sola
1768 1887 1872 1919 attend“.

1129 1949 1180 1969 non
1198 1941 1283 1976 possis
1301 1939 1455 1967 attendere?
1474 1939 1572 1966 Tamen
1598 1946 1630 1965 ea
1652 1943 1747 1965 nature
1764 1934 1874 1966 ordo,”

1129 1989 1189 2023 quia
1201 1988 1348 2016 necessaria
1360 1992 1431 2020 sunt.
1443 1987 1537 2014 deesse
1546 1987 1641 2019 voluit.
1651 1993 1698 2013 nec
1707 1984 1762 2020 quia
1772 1982 1873 2013 ἰιιάεωην

1129 2035 1248 2062 enitinerc
1269 2034 1397 2068 permisit.
1414 2034 1479 2066 Qua:
1501 2038 1588 2059 tamen
1609 2031 1734 2059 deformia
1754 2035 1806 2057 suos
1822 2026 1874 2054 loco!

1129 2080 1262 2112 tenendo,
1290 2080 1426 2106 meliorem
1458 2078 1544 2105 locum
1569 2083 1724 2104 concessere
1747 2071 1873 2102 ιιιοιὲαίιιιί.

1129 2126 1197 2160 Quid
1213 2125 1289 2153 nobis
1300 2126 1420 2157 suavius,
1437 2124 1506 2159 quod
1527 2131 1590 2159 agro
1605 2123 1722 2157 villaeque
1734 2117 1873 2156 spiam!!-

1129 2173 1318 2207 congruentius
1341 2171 1388 2198 fuit
1404 2178 1489 2205 pugna
1506 2170 1548 2197 illa
1569 2169 1742 2203 conflictnque
1751 2164 1874 2202 gallina.-
1910 2181 1911 2184 η

1131 2226 1187 2244 rum
1204 2217 1342 2251 gallorum.
1356 2216 1431 2250 cujus
1444 2215 1579 2250 superiore
1594 2214 1663 2241 libro
1678 2212 1779 2240 fecimus
1789 2207 1873 2238 ωαιιίο·

1130 2271 1191 2290 ncm
1205 2262 1276 2297 (Cap.
1295 2263 1328 2294 8.
1346 2270 1371 2288 ιι.
1387 2260 1442 2295 25).
1458 2259 1526 2294 Quid
1540 2259 1668 2294 abiectius
1686 2263 1766 2285 tamen
1777 2251 1873 2297 defmtli-

1130 2312 1184 2335 tate
1209 2296 1318 2341 subjecti
1337 2305 1467 2333 vidimus?
1482 2304 1514 2331 Et
1534 2312 1580 2339 per
1594 2304 1677 2339 ipsam
1694 2307 1773 2330 tamen
1785 2296 1874 2335 ejtldﬂ

1130 2352 1282 2380 certaminis
1294 2351 1433 2386 perfectior
1448 2349 1613 2385 pulchritudo
1626 2349 1782 2384 provenerat.

1166 2400 1209 2426 13.
1221 2399 1305 2431 Talia.
1320 2397 1409 2429 credo.
1421 2401 1482 2424 sunt
1495 2396 1600 2428 omnia;
1614 2394 1660 2422 sed
1673 2393 1759 2421 oculos
1769 2391 1870 2431 qua“;

1130 2445 1300 2473 Solmcismos
1314 2449 1340 2471 et
1359 2442 1536 2470 barbarismos
1549 2448 1615 2477 quos
1630 2444 1737 2471 vocant.
1756 2439 1826 2473 poeta:
1839 2429 1873 2460 ιθ·

1131 2495 1285 2518 amaverunt
1295 2499 1301 2520 ;
1312 2497 1369 2524 qua:
1381 2489 1514 2515 schemata
1522 2491 1548 2514 et
1556 2486 1735 2520 metaplasmos
1743 2479 1832 2511 talitali
1840 2483 1873 2512 IP-

1132 2537 1230 2571 pellarc
1243 2535 1410 2566 nominibus.
1425 2541 1502 2567 quam
1517 2532 1652 2560 manifesta
1666 2530 1725 2557 vitia
1746 2527 1872 2571 fusel‘ﬂ‘ll'

1132 2583 1245 2610 luerunt.
1263 2580 1375 2608 Detrabe
1391 2585 1477 2606 tamen
1491 2578 1538 2605 ista
1556 2576 1728 2608 carminibus.
1751 2568 1873 2600 suam

1132 2627 1298 2654 condimenta
1313 2624 1531 2653 desidt-rabimus.
1551 2623 1668 2658 Congere
1686 2619 1760 2648 multa
1779 2617 1801 2645 in
1813 2619 1872 2656 Ill-

1133 2674 1238 2705 locnm,
1263 2676 1345 2698 totum
1364 2678 1425 2696 acre
1438 2691 1445 2702 .
1469 2668 1604 2704 putidum.
1619 2665 1745 2695 rancidum

1133 2702 1258 2745 'l‘ransfcr
1283 2718 1307 2743 in
1331 2716 1441 2743 liberam
1465 2702 1647 2748 forenaemque
1668 2710 1811 2740 dictionem

1134 2772 1185 2790 non
1205 2771 1263 2789 cam
1280 2761 1369 2796 fugere
1385 2766 1463 2796 atque
1478 2760 1504 2787 in
1521 2747 1618 2786 theatra
1632 2756 1747 2785 secedere
1757 2747 1871 2796 iam"

1133 2810 1203 2837 Ordo
1217 2808 1294 2842 igitur
1306 2795 1335 2834 ea
1360 2795 1509 2839 gubernans
1522 2812 1545 2832 et
1559 2804 1695 2832 moderans
1707 2823 1714 2834 .
1729 2807 1772 2828 nec
1783 2795 1838 2833 ιιιιά
1848 2799 1870 2821 ³ο

1164 2858 1171 2872 ι
1186 2860 1209 2880 tn
1221 2856 1337 2880 hactenus
1349 2853 1420 2878 editis
1431 2852 1527 2883 legitur.
1550 2855 1618 2883 atque
1631 2849 1655 2875 in

1164 2870 1171 2872 -
1186 2870 1209 2880 ιιι
1222 2870 1337 2880 “ahala-ua
1349 2870 1420 2878 mum
1432 2870 1527 2883 πίοι-...ι
1550 2870 1616 2882 ...ν-
1631 2870 1655 2875 γ-
1669 2870 1711 2874 ...ν
1720 2870 1737 2872 ,-
1752 2870 1767 2871 η

1134 2892 1158 2912 Al
1169 2888 1192 2911 ia
1201 2887 1311 2911 munitus
1332 2892 1375 2909 ere
1388 2889 1438 2908 vss.
1448 2884 1557 2912 habetur,
1569 2881 1698 2910 intueatur;
1708 2870 1867 2903 etin”)

1133 2919 1241 2943 strodere
1256 2923 1263 2941 :
1276 2922 1330 2949 qua:
1341 2921 1398 2940 vcta
1410 2915 1481 2940 lectio
1490 2918 1535 2939 est.
