3882 6274
192 275 302 337 MM

188 395 326 452 ιίπιιι
347 433 363 456 .
410 406 512 448 nec
541 391 761 448 ubilibet
801 392 972 447 aliena
1016 405 1135 449 esse
1186 392 1437 462 patietur.
1464 392 1738 450 Submissa

175 485 402 558 ,σιηὼιιι
453 483 814 554 impoliteque
857 483 1123 538 simillima
1167 483 1312 554 ipsos
1353 484 1520 539 saltus
1557 500 1620 539 ac
1647 500 1735 541 ve-

184 588 350 635 nustos,
370 575 670 638 locos‘sese
697 575 1037 644 interponens
1066 574 1292 628 illustrat
1320 576 1511 629 oratio.
1537 575 1665 641 Qua:
1691 577 1736 630 si

181 668 273 725 sola
301 666 366 722 sit
385 707 399 729 ,
447 664 670 736 projicis
715 674 774 721 ut
800 665 958 721 vilem
985 682 999 716 :
1027 665 1074 719 si
1103 677 1281 720 autem
1311 665 1465 727 desit.
1500 666 1584 720 illa
1616 667 1700 735 pul
1719 697 1733 707 -

179 761 410 820 cluauou
457 758 761 827 prominent
787 799 801 824 ,
855 773 962 812 non
994 758 1046 812 in
1092 757 1202 812 suis
1229 757 1381 827 quasi
1434 759 1735 829 regionibus

179 850 683 924 ptissessionibusque
709 851 1072 917 dominantur,
1119 851 1328 922 sibique
1361 853 1470 922 ipsa
1519 856 1732 922 propria

179 947 280 1001 luce
324 944 542 1000 nitelam
569 987 590 1012 ,
625 954 894 1014 totumque
921 943 1268 1000 confundunt.

175 1035 374 1095 CAPUT
403 1036 465 1091 ν.
487 1066 564 1078 -
596 1036 858 1103 Quomodo
900 1036 1200 1090 medendum
1236 1038 1396 1092 errori
1429 1039 1732 1093 credentium

637 1146 718 1183 res
750 1127 892 1182 nullo
917 1128 1094 1182 ordine
1120 1129 1244 1198 geri.

213 1223 415 1294 lngua:
447 1231 508 1278 et
538 1222 626 1276 hic
665 1221 926 1276 debentur
952 1219 1125 1276 ordini
1169 1220 1371 1291 gratiae.
1419 1221 1732 1276 Mentientes

172 1315 537 1379 cunclusiones,
569 1321 659 1367 aut
683 1313 976 1382 irrepentes
999 1311 1271 1378 paulatim,
1295 1311 1375 1366 vel
1405 1312 1692 1367 minuendo
1714 1356 1727 1382 ,

173 1408 238 1462 vel
261 1405 498 1462 addeitdo
526 1405 582 1460 in
611 1405 976 1462 assensionem
1032 1403 1274 1459 falsitatis
1294 1446 1309 1470 ,
1337 1406 1457 1475 quis
1481 1421 1590 1460 non
1616 1421 1729 1461 me-

171 1499 298 1556 tuat?
320 1497 438 1568 quis
461 1510 575 1553 non
595 1495 812 1552 oderit?
854 1496 1009 1566 Saepe
1051 1505 1228 1552 tamen
1276 1497 1328 1550 in
1355 1497 1726 1567 disputationi-

170 1588 283 1654 bis,
330 1589 492 1642 certis
536 1596 593 1644 et
619 1587 730 1644 suis
755 1587 970 1643 sedibus
991 1587 1263 1643 collocata:
1287 1596 1491 1642 tantum
1517 1589 1727 1657 valent,

172 1689 218 1736 ut
241 1679 408 1736 nescio
444 1677 721 1749 quomodo
767 1693 863 1748 per
911 1693 1004 1734 eas
1027 1678 1297 1735 dulcescat
1321 1680 1434 1750 ipsa
1461 1679 1725 1751 deceptio.

168 1772 328 1829 Nonne
347 1773 432 1828 hic
445 1787 557 1843 quo
580 1787 687 1844 que
709 1773 843 1827 ordo
865 1773 979 1844 ipse
1008 1772 1344 1829 laudabitur?

228 1867 302 1921 Η.
331 1863 448 1920 Jant
491 1867 545 1920 in
598 1866 836 1931 musica,
891 1864 944 1920 in
996 1866 1311 1935 geometria,
1360 1866 1415 1920 in
1461 1874 1726 1922 astrorum

169 1956 392 2020 mullis,
409 1957 464 2011 in
494 1971 840 2012 numerorum
865 1955 1273 2016 necessitatibus
1301 1955 1434 2012 ordo
1458 1957 1528 2011 ita
1556 1957 1730 2012 domi-

171 2055 396 2112 natur,.ut
419 2047 465 2101 si
495 2047 619 2118 quis
645 2047 794 2116 quasi
820 2046 938 2117 ejus
957 2045 1154 2102 fontem
1183 2055 1342 2117 atque
1369 2047 1539 2117 ipsum
1566 2063 1727 2118 peuc-

164 2140 279 2194 .trale
317 2138 501 2194 videre
526 2139 833 2205 desideret,
871 2147 964 2194 aut
1004 2139 1055 2194 in
1086 2139 1171 2194 his
1215 2140 1483 2206 inveniat,
1514 2149 1603 2195 aut
1635 2156 1729 2209 per

173 2231 266 2286 huc
285 2245 347 2285 eo
367 2231 488 2286 sine
516 2230 628 2285 ullo
647 2245 831 2286 errore
857 2230 1102 2288 ducatur.
1135 2231 1279 2286 Talis
1307 2233 1448 2287 enim
1478 2232 1724 2298 eruditio,

177 2323 212 2377 si
233 2321 338 2391 quis
384 2337 447 2378 ea
498 2321 777 2382 moderate
808 2331 986 2378 utatur
1012 2327 1155 2392 (nam
1187 2322 1320 2376 nihil
1350 2323 1421 2377 ibi
1443 2339 1601 2392 quam
1649 2323 1727 2377 ni-

177 2415 312 2468 Iiiutn
340 2413 738 2470 formidandum
766 2410 896 2486 est),
922 2413 1082 2469 talem
1109 2414 1463 2484 phil050phia:
1502 2415 1724 2470 militem

175 2506 310 2562 nutrit
325 2507 403 2560 vel
423 2507 590 2562 etiam
611 2504 834 2570 ducem,
858 2513 916 2560 ut
941 2505 1006 2560 ad
1027 2520 1292 2560 summum
1319 2506 1468 2561 illum
1485 2506 1725 2574 modum,

175 2597 288 2652 ultra
309 2613 467 2668 quem
499 2599 772 2668 requirere
794 2596 991 2667 aliquid
1019 2612 1119 2652 nec
1144 2599 1330 2667 possit,
1370 2614 1468 2654 nec
1497 2597 1723 2667 debeat,

175 2705 254 2746 nec
275 2694 446 2762 cupiat
467 2733 486 2754 .
515 2706 620 2762 qua
652 2690 766 2744 vult
790 2689 966 2745 evolet
987 2700 1145 2760 atque
1173 2691 1480 2760 perveniat,
1506 2693 1728 2748 multos.

175 2795 258 2850 que
298 2782 566 2852 perducat.
608 2781 764 2838 Unde
787 2781 921 2852 jam,
969 2782 1096 2837 dum
1127 2782 1255 2852 ipsis
1281 2781 1526 2839 humanis
1569 2785 1727 2840 rebus

177 2881 408 2942 leuatur,
436 2875 518 2930 sic
545 2889 640 2930 eas
665 2874 955 2944 despiciat,
1003 2884 1298 2945 cunctaque
1323 2875 1631 2943 discernat,
1669 2887 1727 2932 ut

177 2966 294 3022 Iullo
317 2967 474 3023 modo
505 2981 630 3022 eum
681 2975 895 3022 moveat
921 2980 1019 3020 cur
1043 2966 1179 3022 alius
1227 2977 1376 3036 optet
1401 2968 1599 3024 liberos
1624 2968 1724 3024 ha-

173 3054 316 3121 bere,
359 3073 458 3114 nec
505 3056 738 3120 habeat;
783 3057 920 3112 alius
963 3055 1126 3112 nimia
1172 3057 1355 3112 uxoris
1407 3057 1728 3115 fecunditate

180 3153 452 3218 ictu-eatur
473 3166 490 3202 :
510 3158 666 3219 egeat
693 3148 782 3203 ille
810 3148 1032 3218 pecunia
1058 3189 1072 3211 ,
1113 3149 1205 3219 qui
1232 3148 1409 3218 largiri
1441 3149 1728 3205 liberaliter

181 3239 314 3294 multa
355 3248 568 3310 paratus
616 3247 730 3305 est;
776 3239 933 3310 eique
957 3239 1181 3294 defossae
1211 3239 1426 3294 incubet
1457 3256 1632 3295 macer
1674 3253 1725 3296 et

183 3329 420 3386 scabiosus
446 3331 749 3386 fenerator:
779 3330 953 3400 ampla
1001 3331 1316 3400 patrimonia
1359 3332 1595 3386 luxuries
1621 3331 1730 3386 dis-

189 3432 336 3489 pergat
357 3433 509 3494 atque
537 3422 828 3488 dill‘undat;
860 3422 947 3476 vix
979 3432 1090 3478 tato
1111 3422 1199 3479 die
1228 3424 1530 3496 lacrymaus
1579 3441 1729 3481 men-

195 3514 310 3570 dicus
327 3531 590 3572 nummum
617 3518 864 3587 impetret
893 3535 905 3570 :
934 3517 1096 3572 alium
1125 3516 1296 3573 honor
1315 3519 1536 3574 extollat
1586 3519 1725 3576 indi-

194 3621 350 3677 sm;
375 3611 527 3666 lucidi
553 3625 730 3666 mores
754 3609 1150 3666 abscondantur
1178 3611 1228 3665 in
1263 3611 1436 3666 turba.

243 3702 311 3758 l5.
338 3704 456 3760 lixae
478 3715 532 3758 et
559 3704 663 3760 alia
694 3706 746 3760 in
778 3704 1050 3758 hominum
1094 3703 1230 3769 vita,
1262 3714 1458 3774 cogunt
1487 3704 1727 3759 homines

179 3792 456 3866 plerumque
499 3797 661 3867 impie
705 3795 954 3862 credere,
988 3795 1134 3850 nullo
1175 3809 1272 3850 nos
1318 3795 1504 3850 ordine
1536 3797 1727 3851 divina:

155 3888 485 3951 -providentiae
511 3890 820 3961 gubernari.
865 3890 971 3943 Alii
995 3897 1172 3944 autem
1198 3889 1270 3959 pii
1302 3898 1356 3942 et
1397 3888 1520 3943 boni
1567 3899 1726 3961 atque

181 3977 422 4046 splendido
460 3981 674 4051 ingenio
723 3980 957 4050 praediti,
1013 3979 1101 4049 qui
1132 3995 1306 4050 neque
1354 3994 1450 4034 nos
1477 3979 1650 4035 deseri
1695 3996 1724 4034 a

155 4078 362 4124 -sttmmo
385 4070 490 4125 Deo
519 4079 741 4140 possunt
779 4069 832 4124 in
871 4069 1104 4124 animum
1139 4069 1388 4124 inducere
1412 4111 1427 4132 ,
1457 4079 1510 4124 ct
1549 4079 1723 4125 tamen

183 4170 334 4218 rerum
355 4170 491 4217 tanta
519 4163 671 4233 quasi
699 4161 924 4232 caligine
944 4171 1103 4232 atque
1127 4160 1505 4216 commixtione
1533 4163 1723 4216 turbati

180 4249 356 4306 trullam
377 4251 614 4308 ordinem
639 4251 837 4312 vident.
859 4251 1100 4306 volentes
1123 4251 1138 4283 ‘
1167 4251 1268 4306 sibi
1295 4250 1480 4305 nudari
1506 4252 1725 4307 abditis-

177 4335 320 4398 tiaras
350 4357 528 4401 causas
551 4386 566 4410 ,
599 4357 812 4400 errores
836 4358 962 4398 suos
1006 4357 1148 4414 saepe
1193 4343 1355 4398 etiam
1403 4343 1724 4399 carminibus

179 4445 536 4507 coniterentur
556 4437 656 4511 (a).
678 4437 780 4505 Qui
827 4437 872 4492 si
901 4436 1001 4492 hoc
1033 4436 1204 4491 solum
1232 4435 1588 4507 interrogent,
1630 4453 1726 4492 cur

169 4523 274 4584 itali
314 4546 516 4603 semper
544 4545 764 4587 serenas
796 4530 998 4586 hiemes
1043 4537 1225 4596 orent,
1272 4537 1328 4584 et
1365 4529 1489 4583 item
1516 4544 1725 4601 seraper

183 4615 358 4677 (letalia
394 4633 572 4679 nostra
601 4623 794 4678 misera
849 4622 1023 4687 sitiat;
1057 4622 1175 4692 quis
1214 4621 1292 4677 eis
1335 4621 1483 4676 facile
1513 4636 1726 4691 respon-

184 4710 210 4765 d
235 4711 336 4768 bit?
354 4725 441 4771 aut
468 4715 557 4771 ubi
583 4713 722 4784 apud
751 4727 848 4768 nos
879 4712 1211 4784 indagabitur
1240 4712 1379 4767 illius
1403 4712 1604 4768 ordinis
1622 4714 1723 4767 ulla

185 4806 409 4875 suspicio?
435 4807 544 4877 Ego
566 4817 746 4860 autem
766 4845 780 4868 ,
809 4805 853 4859 si
883 4804 1007 4875 quid
1051 4819 1198 4860 meos
1239 4819 1456 4860 monere
1486 4819 1721 4875 possum,

184 4907 400 4966 quantum
451 4898 581 4954 mihi
606 4907 857 4968 apparet,
887 4905 1249 4967 quantumque
1277 4897 1447 4952 sentio
1468 4937 1482 4960 ,
1531 4911 1725 4951 censeo

183 4983 277 5044 illos
313 4988 598 5062 disciplinis
647 4987 894 5043 omnibus
936 4987 1254 5043 erudiendos
1315 4988 1333 5060 (
1364 4989 1381 5041 Ι
1420 4988 1719 5054 Retractat.,

183 5093 274 5152 cap.
299 5081 348 5148 ὃ,
386 5099 436 5137 n.
466 5082 544 5153 Ξ).
575 5082 745 5136 Aliter
768 5081 962 5150 quippe
1005 5079 1106 5135 iSla
1134 5080 1211 5135 sic
1235 5081 1486 5151 intelligi,
1516 5090 1574 5135 ut
1607 5081 1723 5136 luce

183 5169 370 5229 clariora
396 5175 522 5244 sint,
548 5174 698 5230 nullo
723 5173 884 5230 modo
909 5183 1149 5243 possunt.
1193 5173 1246 5229 Si
1290 5183 1465 5228 autem
1507 5183 1598 5230 aut
1645 5177 1724 5246 pi-

187 5263 359 5330 xﬁores
381 5276 530 5332 sunt,
566 5274 659 5321 aut
685 5265 804 5320 aliis
831 5263 1057 5335 negotiis
1087 5266 1476 5335 praeoccupati,
1504 5274 1594 5320 aut
1613 5265 1723 5336 jam

186 5349 278 5410 duri
301 5357 364 5412 ad
387 5355 697 5414 discendum
718 5398 732 5423 ,
765 5355 887 5411 ﬁdei
930 5355 1027 5410 sibi
1080 5356 1322 5426 praesidia
1364 5366 1588 5428 parent;
1619 5373 1724 5428 quo

185 5489 422 5602 ἐπιδ,
443 5489 752 5555 natalesque.
775 5490 1050 5541 ledionem
1071 5496 1144 5539 Er.
1167 5497 1285 5540 ven.
1319 5497 1429 5542 ιον.
1453 5492 1609 5542 secuti
1640 5505 1724 5542 su-

187 5719 207 5776 ί
237 5651 498 5776 gl)?ng
516 5670 711 5711 carmen
725 5655 1029 5730 subindicarc
1040 5657 1248 5717 videtur,
1267 5657 1331 5706 de
1344 5671 1441 5720 quo
1461 5670 1622 5721 supra,
1636 5656 1720 5708 lib.

211 5756 279 5786 ,θ’
304 5756 344 5788 Ι,
365 5756 413 5770 -α
435 5756 510 5772 -0

479 5807 704 5870 Sacr.
740 5809 1010 5867 AUGL‘ST.
1049 5806 1098 5866 Ι.

1461 279 1665 336 LIBER
1702 277 2076 339 SECUNDUS.

3285 304 3425 364 £002

1847 393 1964 447 illos
2001 394 2209 450 vinculo
2245 397 2312 452 ad
2361 414 2483 458 sese
2511 403 2712 472 trahat,
2744 417 2904 482 atque
2930 413 2999 467 ab
3035 413 3119 470 his
3147 418 3425 478 horrendis

1844 496 1899 564 et
1927 485 2329 545 involutissimis
2357 495 2510 550 malis
2533 496 2719 574 liberet
2749 503 2834 558 ille
2853 547 2866 564 .
2897 507 2984 577 qtti
3019 511 3282 568 nemiuem
3317 516 3419 571 sibi

1844 590 1939 646 per
1978 582 2226 649 mysteria
2256 583 2387 638 bene
2407 587 2710 645 credentem
2745 598 2920 662 perire
2947 605 3217 659 rma-inittit.
3409 587 3422 598 μ

1915 666 2000 723 16.
2026 668 2227 739 Duplex
2247 675 2386 729 enim
2412 687 2494 732 est
2514 682 2593 734 via
2621 697 2776 751 quam
2795 689 3083 757 sequimur.
3104 708 3223 747 cum
3241 716 3418 756 rerum

1843 775 1942 814 nos
1993 761 2288 821 obscuritas
2324 783 2538 837 movet;
2571 786 2660 829 aut
2689 779 2967 846 rationem,
3008 795 3094 838 ant
3123 799 3264 840 ενι-ευ
3291 807 3418 846 auc-

1845 853 2138 910 toritatem.
2189 855 2524 931 Philosophia
2585 867 2839 924 rationem
2898 877 3191 941 promittit.
3235 890 3286 934 et
3334 883 3419 938 vix

1838 945 2191 1014 paucissimos
2217 949 2405 1006 liberat
2431 970 2443 1006 :
2472 971 2604 1024 quos
2633 968 2804 1015 tamen
2834 979 2935 1017 non
2970 969 3125 1020 modo
3157 986 3260 1024 non
3292 990 3415 1029 con-

1843 1043 2080 1126 temnere
2111 1039 2194 1092 illa
2229 1047 2510 1108 mvstcria,
2535 1049 2626 1101 sed
2651 1052 2760 1104 sola
2791 1052 3082 1126 intelligere
3112 1103 3124 1121 ,
3177 1074 3232 1116 ut
3269 1065 3418 1121 iutel-
3453 1068 3462 1123 ε.

1840 1125 2045 1194 ligenda
2071 1141 2214 1197 sunt,
2238 1133 2398 1204 cogit.
2426 1133 2744 1210 Nullumque
2769 1144 2907 1198 aliud
2941 1125 3100 1203 habet
3125 1157 3415 1224 negotium,

1839 1233 1958 1288 quae
1987 1237 2132 1290 vera,
2160 1234 2233 1291 et,
2269 1235 2324 1280 ut
2353 1227 2422 1280 ita
2451 1228 2641 1294 dicam,
2667 1249 2911 1302 germana
2946 1242 3276 1312 philosophia
3309 1259 3412 1313 est,

1841 1327 2000 1412 quam
2045 1326 2096 1369 ut
2126 1315 2314 1373 doceat
2340 1319 2482 1390 quod
2519 1322 2587 1376 sit
2629 1325 2865 1380 omnium
2894 1345 3068 1384 rerum
3104 1336 3413 1406 principium

1837 1407 1958 1495 sine
1982 1407 2263 1476 principio,
2297 1419 2629 1482 quantusque
2675 1415 2725 1468 in
2760 1431 2824 1470 eo
2858 1431 3068 1474 maneat
3096 1423 3414 1495 intellectus,

1838 1494 2031 1562 quidve
2052 1496 2174 1552 inde
2201 1499 2251 1552 in
2281 1511 2516 1582 nostram
2548 1506 2773 1561 salutem
2810 1509 2924 1563 sine
2969 1509 3075 1566 ulla
3122 1494 3415 1585 degenera?

1837 1585 1979 1642 tione
2023 1593 2318 1677 manaverit
2351 1612 2364 1648 :
2397 1612 2553 1666 quem
2583 1613 2743 1654 unum
2788 1601 2952 1656 Deum
2998 1607 3416 1677 onmipoteutem

1836 1685 2064 1741 eumque
2090 1674 2105 1704 ¹
2137 1675 2497 1746 tripotcnlem,
2529 1680 2738 1738 Patrem
2766 1727 2781 1750 ,
2815 1695 2869 1740 et
2903 1685 3096 1742 Filium
3117 1674 3216 1752 ,vct
3243 1692 3414 1760 Spiri-

1835 1770 1946 1816 tum
1968 1775 2210 1820 sanctum
2235 1809 2249 1832 ,
2281 1767 2476 1825 docent
2503 1775 2802 1828 veneranda
2845 1782 3094 1849 mysteria
3115 1822 3128 1841 ,
3163 1799 3281 1851 qua:
3311 1785 3414 1840 lide

1834 1857 2042 1908 sincera
2069 1865 2123 1910 et
2153 1857 2464 1916 inconcussa
2499 1865 2722 1934 populos
2750 1867 3006 1934 liberant;
3041 1888 3136 1926 nec
3173 1877 3411 1944 confuse,

1835 1954 1891 2000 ut
1919 1948 2164 2016 quidam;
2214 1968 2312 2008 nec
2366 1959 2752 2013 contumeliose
2773 2004 2786 2024 ,
2838 1973 2893 2016 ttt
2925 1965 3074 2019 multi
3107 1967 3408 2035 pnedieaut.

1833 2036 2096 2104 Quantum
2126 2050 2300 2098 autem
2335 2044 2463 2099 illud
2495 2048 2561 2101 sit
2587 2090 2601 2112 ,
2630 2049 2769 2118 quod
2797 2050 2896 2105 hoc
2921 2054 3078 2108 etiam
3109 2059 3275 2110 nostri
3325 2073 3419 2128 ge-

1833 2131 1976 2185 neris
2011 2147 2224 2204 corpus,
2258 2144 2438 2191 tantus
2471 2152 2690 2209 propter
2715 2158 2812 2196 nos
2857 2144 2996 2200 Deus
3034 2162 3306 2203 assumere
3337 2160 3419 2203 at-
3506 2175 3512 2194 ι

1834 2237 1938 2290 que
1962 2239 2119 2294 agere
2147 2225 2393 2297 dignatus
2419 2241 2495 2284 est
2519 2274 2532 2297 ,
2563 2243 2760 2303 quanto
2790 2237 2996 2292 videtur
3034 2239 3187 2293 vilius
3208 2282 3222 2306 ,
3268 2253 3415 2298 tanto

1832 2322 1914 2367 est
1962 2314 2245 2372 clementia
2298 2319 2542 2389 plenius,
2588 2332 2641 2377 et
2673 2340 2703 2378 a
2755 2327 2981 2396 quadam
3013 2329 3409 2400 ingeniosorum

1832 2407 2079 2474 superbia
2106 2409 2260 2479 longe
2291 2409 2498 2482 lateque
2536 2417 2808 2471 remotius.

1905 2497 1990 2550 17.
2025 2500 2215 2555 Anima
2243 2516 2369 2556 vero
2405 2504 2544 2560 unde
2587 2507 2846 2577 originem
2876 2509 3070 2580 ducat,
3102 2517 3294 2586 quidve
3323 2517 3411 2575 hic

1832 2597 1989 2655 agat,
2019 2600 2272 2660 quantum
2303 2593 2459 2649 distet
2491 2612 2518 2649 a
2552 2596 2695 2662 Deo,
2742 2601 2866 2670 quid
2911 2602 3102 2659 habeat
3141 2611 3412 2678 proprium

1831 2678 1971 2747 quod
2011 2681 2239 2736 alternat
2292 2685 2343 2738 in
2374 2695 2653 2758 utramque
2682 2701 2922 2746 naturam
2944 2735 2959 2758 ,
2989 2706 3250 2764 quatenus
3295 2716 3412 2756 mo-

1832 2769 2016 2835 riatur,
2042 2779 2095 2826 et
2122 2777 2387 2843 quomodo
2415 2777 2725 2833 immortalis
2750 2782 3032 2850 probetur;
3056 2802 3213 2856 quam
3237 2793 3414 2860 magni

1833 2862 2029 2930 putatis
2053 2878 2172 2919 esse
2200 2865 2432 2933 ordinis,
2466 2879 2521 2923 ut
2544 2871 2638 2924 ista
2666 2871 2976 2928 discantur?
2995 2875 3164 2948 Magni
3194 2883 3413 2938 omnino

1831 2960 1989 3022 atque
2025 2956 2192 3008 certi:
2220 2955 2288 3011 de
2313 2973 2419 3027 quo
2443 2959 2693 3029 breviter,
2742 2964 2786 3017 si
2818 2973 3023 3036 tempus
3054 2970 3210 3024 fuerit
3232 3013 3244 3036 ,
3294 2984 3413 3043 post

1832 3044 2127 3117 loquemur.
2161 3049 2291 3104 Illud
2321 3068 2455 3105 nunc.
2495 3069 2523 3108 a
2563 3071 2647 3109 me
2693 3058 2964 3127 accipiatis
2996 3063 3119 3117 volo
3153 3083 3165 3116 :
3199 3064 3243 3118 si
3292 3069 3414 3138 quis

1834 3146 2030 3194 temere
2061 3156 2121 3193 ac.
2147 3143 2261 3196 sine
2287 3145 2473 3198 ordine
2503 3147 2902 3217 disciplinarum
2931 3153 2980 3206 in
3013 3154 3199 3210 harum
3231 3174 3410 3215 rerum

1831 3231 2186 3301 cognitionem
2215 3235 2373 3289 audet
2421 3240 2642 3302 irruere,
2675 3256 2769 3309 pro
2797 3243 3035 3299 studioso
3065 3247 3209 3302 illum
3235 3253 3410 3306 curio-

1834 3338 1948 3378 sum
1978 3367 1991 3386 ,
2052 3341 2147 3394 pro
2185 3327 2345 3381 docto
2396 3329 2692 3397 credulum,
2740 3349 2835 3401 pro
2879 3347 3036 3391 cauto
3085 3339 3409 3398 incredultl’t'n

1835 3414 1970 3469 ﬁeri.
2004 3414 2182 3486 Itaque
2230 3419 2356 3473 mihi
2385 3421 2524 3489 quod
2565 3421 2724 3477 modo
2752 3425 3095 3499 interroganti
3140 3441 3244 3486 tam
3276 3413 3412 3491 bene

1832 3514 1989 3576 atque
2017 3516 2137 3576 apte
2177 3510 2526 3578 respondistis
2549 3554 2563 3576 ,
2593 3524 2644 3566 et
2687 3516 2849 3571 miror
2877 3520 3016 3575 unde
3042 3521 3108 3576 sit
3126 3564 3142 3588 ,
3172 3534 3226 3579 et
3250 3540 3414 3597 cogor

1814 3613 2134 3667 agnoscere.
2166 3599 2448 3656 Videamus
2489 3613 2664 3660 tamen
2697 3623 2970 3680 quousque
3018 3617 3261 3684 progredi
3312 3635 3406 3674 ve-

1831 3700 1937 3745 stra
1967 3691 2136 3747 latens
2172 3695 2339 3763 possit
2367 3696 2606 3752 intentio.
2637 3699 2753 3754 iam
2803 3703 2955 3758 nobis
2994 3705 3215 3762 Lioentii
3235 3711 3410 3773 etiam

1829 3782 1989 3836 verba
2017 3782 2324 3844 reddantur.
2356 3787 2443 3854 qui
2477 3797 2581 3841 tam
2612 3788 2700 3843 diu
2748 3794 2926 3847 nescio
2955 3803 3413 3865 qua:eu'rar-occu-

1833 3883 2016 3941 patus,
2063 3875 2267 3929 alienus
2296 3875 2362 3929 ab
2411 3878 2510 3931 hoc
2551 3895 2798 3936 sermone
2844 3883 2942 3940 fuit
2963 3863 2988 3949 ,Ῑ
3030 3863 3407 3959 utictun‘ista3,

1832 3978 1934 4015 non
1965 3963 2119 4016 aliter
2153 3979 2310 4034 quam
2341 3981 2434 4020 eos
2471 3968 2560 4036 qui
2596 3985 2699 4023 non
2747 3972 3254 4046 adsuntiamilia'res.
3278 3997 3410 4037 nos-

1831 4064 1942 4108 tros
1962 4095 1975 4119 ,
2002 4054 2214 4108 credam
2243 4071 2361 4110 esse
2384 4057 2662 4113 lecturum.
2691 4059 2794 4116 Sed
2827 4065 2937 4118 redi
2961 4067 3024 4118 ad
3055 4085 3184 4141 nos;
3203 4047 3406 4142 quaiso,

1831 4144 2032 4199 Licenti
2059 4187 2074 4212 ,
2109 4157 2268 4216 atque
2295 4146 2378 4201 hic
2407 4158 2546 4204 totus
2575 4149 2659 4207 fac
2685 4161 2742 4206 ut
2770 4154 2913 4209 adsis
2933 4174 2948 4221 ;
2972 4157 3064 4212 tibi
3094 4163 3233 4215 enim
3261 4164 3403 4222 dico.

1829 4235 1958 4290 Nam
1981 4235 2342 4290 deﬁnitionem
2373 4255 2544 4294 meam
2571 4250 2627 4295 tu
2657 4245 2890 4313 probasti
2915 4289 2930 4313 ,
2965 4265 3064 4318 qua
3096 4250 3295 4308 dictum
3322 4269 3408 4313 est

1829 4325 1952 4397 quid
1990 4327 2058 4382 sit
2098 4343 2217 4384 esse
2261 4345 2380 4384 cum
2413 4330 2552 4397 Deo,
2585 4348 2704 4389 cum
2746 4352 2851 4405 quo
2881 4350 3110 4394 mentem
3150 4346 3408 4414 sapientis

1829 4434 2041 4476 manere
2094 4421 2456 4488 immobilem,
2505 4440 2620 4492 me,
2672 4437 2924 4497 quantum
2969 4433 3178 4504 assequi
3231 4439 3403 4507 valeo,

1828 4508 2020 4565 docere
2046 4511 2277 4566 voluisti.

2001 4601 2226 4659 CAPUT
2268 4603 2353 4659 Vl.
2393 4637 2462 4647 --
2487 4607 2632 4663 Mens
2666 4611 2906 4680 sapientis
2934 4616 3221 4672 inmobilis.
3282 4675 3284 4678 ,

1901 4695 1985 4750 l8.
2011 4695 2113 4750 Sed
2145 4696 2270 4751 illud
2303 4713 2388 4752 me
2413 4711 2608 4765 movet,
2626 4703 3038 4773 quomodo'cmn
3069 4709 3166 4764 iste
3193 4713 3407 4783 sapiens

1828 4787 2078 4859 quamdiu
2109 4788 2245 4844 inter
2279 4789 2520 4847 homines
2573 4793 2733 4859 vivit,
2787 4797 2840 4850 in
2894 4813 3117 4868 corpore
3147 4819 3266 4859 esse
3297 4823 3405 4863 non

1829 4890 2082 4950 negetur;
2130 4896 2235 4951 quo
2279 4893 2433 4952 pacto
2473 4883 2561 4938 liat
2598 4894 2656 4940 ut
2701 4887 2816 4957 ejus
2859 4905 3078 4960 corpore
3124 4894 3227 4952 huc
3249 4909 3406 4970 atque

1829 4971 1951 5026 illuc
1996 4981 2248 5042 vagante,
2302 4989 2450 5028 mens
2485 4975 2765 5033 immobilis
2819 4994 3047 5038 maneat.
3103 4985 3206 5041 lsto
3263 4990 3406 5045 enim

1829 5062 1990 5118 modo
2039 5072 2188 5133 potes
2235 5063 2444 5131 dicere,
2476 5082 2596 5121 cum
2654 5081 2896 5126 movetur
2939 5077 3119 5142 navis,
3165 5078 3407 5134 homines

1829 5157 1918 5226 qui
1957 5155 2006 5208 in
2031 5169 2090 5209 ea
2139 5163 2266 5210 sunt
2300 5172 2404 5211 non
2437 5159 2636 5214 moveri
2661 5203 2674 5224 ,
2727 5167 2969 5232 quamvis
3013 5168 3078 5222 ab
3125 5169 3249 5236 ipsis
3289 5187 3404 5225 eam

1831 5246 2090 5320 possideri
2117 5248 2502 5321 gubernarique
2532 5251 2810 5309 fateamur.
2845 5257 3052 5310 Etenim
3083 5260 3126 5310 si
3147 5258 3254 5310 sola
3287 5277 3404 5314 eam

1867 5375 1910 5448 .-ι
1937 5379 1988 5422 tn
2004 5371 2258 5448 codicibus
2265 5378 2560 5448 pervetustis
2572 5378 2847 5448 corbeiensi
2866 5388 2924 5448 _et
2939 5379 3308 5448 Theoderieensi
3333 5384 3410 5448 l_e-

1828 5440 1976 5498 gitur,
1997 5447 2108 5506 cum
2129 5447 2220 5506 quo
2240 5440 2569 5506 inpotentem.
2586 5447 2634 5489 tn
2669 5449 2770 5506 Mss.
2792 5441 3004 5506 malatia».
3024 5448 3040 5484 \
3057 5440 3408 5506 indocinonsiS,

1828 5497 2008 5559 coquo.
2043 5504 2091 5546 tu
2123 5497 2218 5546 alio
2239 5505 2283 5546 ε.
2306 5497 2543 5567 Michaelis
2558 5502 2604 5549 in
2625 5501 2837 5550 Pericula
2859 5502 3034 5560 maris,
3074 5513 3218 5611 rex:
3261 5508 3280 5552 t
3310 5497 3411 5568 ἱροί

1829 5563 2018 5609 tentem.
2044 5559 2206 5608 Facilis
2225 5559 2303 5609 hic
2333 5560 2422 5610 luit
2443 5561 2741 5610 librariarum
2766 5561 2925 5611 Iasus
2949 5575 2961 5609 :
2985 5562 3073 5610 sed
3097 5576 3128 5609 ο
3205 5564 3233 5610 ii
3261 5568 3411 5611 nostri

1829 5563 2018 5609 tentem.
2044 5559 2303 5621 Faeilisghic
2333 5560 2422 5610 fuit
2443 5561 2741 5610 librariarum
2766 5561 2824 5621 la,
2842 5574 2925 5609 sus
2949 5575 2961 5609 :
2985 5559 3073 5610 sed
3097 5559 3233 5611 ollicii
3261 5559 3411 5615 noétri

1833 5633 1943 5669 esse
1965 5621 2183 5686 ducimus
2206 5619 2440 5686 lectiones
2455 5635 2628 5686 omnes
2643 5657 2657 5681 ,
2681 5626 2720 5671 si
2747 5619 2868 5686 torte
2894 5629 3090 5686 veteres
3111 5636 3166 5671 ac
3196 5623 3411 5686 "mlieris

1831 5689 1956 5731 noue
1979 5683 2171 5730 codices
2194 5685 2237 5728 in
2263 5697 2318 5729 re
2338 5683 2438 5730 non
2455 5684 2546 5730 levi
2571 5684 2881 5740 dissentiunt,
2902 5683 3212 5732 eruditiorum
3231 5685 3411 5745 judicio

1834 5757 2103 5796 ressrvare.

2606 5805 3127 5888 (Tryzte—dcux.)
