3804 6466
472 362 610 422 1³005

468 512 793 584 cogitatione
835 522 1118 585 regerent,
1158 510 1503 579 facerentque
1552 507 1631 563 ire
1682 508 1787 578 quo
1812 505 2049 569 vellent;

465 612 648 661 tamen
674 648 687 667 .
712 622 831 661 cum
875 622 937 662 ea
968 613 1292 670 moveretur,
1334 618 1440 657 non
1482 612 1701 674 possent
1733 601 1806 656 illi
1832 602 1919 671 qui
1952 600 2053 655 ibi-

467 699 590 754 dem
618 699 887 756 censtituti
917 708 1040 753 sunt
1070 715 1176 753 non
1208 698 1433 753 moveri.
1469 695 1609 765 Non,
1638 697 1713 751 ait
1734 695 2005 751 Licentius
2033 738 2049 763 ,

462 795 674 847 animus
696 791 765 845 ita
795 802 877 846 est
906 792 957 846 in
988 806 1241 861 corpore.
1270 801 1325 846 ut
1358 806 1551 862 corpus
1600 790 1827 859 imperet
1851 789 2049 843 animo.

459 880 646 950 Neque
679 883 778 939 hoc
805 898 904 953 ego
930 883 1050 938 dico
1072 925 1087 946 ,
1125 885 1338 954 inquam
1366 903 1377 937 :
1402 883 1495 939 sed
1542 884 1700 939 etiam
1752 897 1916 953 eques
1946 896 2051 936 non

457 974 533 1031 ita
561 986 638 1031 εει
672 976 723 1030 in
776 990 951 1045 equo,
1004 984 1063 1030 ut
1108 977 1157 1031 ei
1204 991 1372 1047 equus
1422 978 1679 1047 imperet;
1721 983 1775 1029 et
1831 983 2046 1041 tamen,

456 1066 697 1137 quamvis
726 1081 834 1136 quo
883 1065 1009 1121 velit
1058 1068 1135 1122 ire
1164 1082 1356 1137 equum
1406 1074 1564 1138 agat,
1596 1080 1736 1135 equo
1761 1073 1906 1120 moto
1931 1078 2049 1119 mo-

454 1169 643 1215 veatur
672 1173 891 1215 necesse
918 1167 1020 1214 est.
1050 1159 1253 1223 Potest,
1276 1160 1465 1230 inquit,
1496 1158 1687 1215 sedere
1715 1158 1826 1227 ipse
1853 1157 2048 1212 immo-

456 1249 597 1307 bilis.
628 1250 787 1319 Cogis
831 1265 962 1315 nos,
998 1251 1211 1321 inquam
1238 1292 1252 1314 ,
1282 1252 1504 1307 delinire
1547 1250 1671 1322 quid
1700 1252 1769 1304 sit
1796 1247 1997 1304 moveri
2031 1268 2043 1303 :

456 1343 599 1413 quod
628 1342 671 1395 si
702 1350 854 1411 potes
876 1382 892 1407 ,
924 1343 1084 1396 facias
1108 1343 1247 1397 volo.
1276 1342 1532 1408 Prorsus,
1564 1343 1730 1412 inquit
1759 1386 1771 1406 ,
1810 1348 2043 1408 maneat,

450 1447 651 1504 quasso,
682 1431 999 1489 beneficium
1023 1444 1205 1498 tuum;
1235 1450 1357 1489 nam
1376 1442 1555 1489 manet
1572 1434 1856 1503 postulatio
1883 1448 2034 1488 mea:

450 1534 505 1581 et
528 1542 595 1581 ne
615 1542 701 1581 me
729 1542 915 1582 rursus
940 1528 1234 1598 interroges
1259 1570 1274 1593 ,
1307 1539 1481 1582 utrmu
1509 1527 1635 1581 mihi
1668 1525 1889 1581 definire
1927 1525 2041 1596 pla-

446 1630 608 1683 ceat;
651 1620 865 1690 quando
910 1620 959 1675 id
1014 1620 1192 1675 facere
1245 1629 1506 1691 potuero,
1565 1619 1680 1690 ipse
1730 1621 2038 1692 profitebor.

452 1710 582 1778 Qum
611 1726 732 1766 cum
774 1711 914 1767 dicta
958 1719 1172 1777 essent,
1221 1726 1353 1781 puer
1381 1712 1449 1767 de
1490 1710 1650 1766 domo
1694 1713 1778 1766 cui
1810 1711 2037 1767 dedera-

447 1817 569 1858 mus
597 1802 646 1857 id
680 1801 895 1871 negotii,
926 1802 1159 1857 cucurrit
1182 1802 1248 1857 ad
1268 1818 1396 1867 nos,
1417 1812 1471 1858 et
1498 1803 1682 1858 horam
1697 1803 1901 1873 prandii
1919 1818 2039 1859 esse

444 1894 723 1950 nuntiavit.
753 1892 887 1948 Tum
916 1909 1014 1966 ego
1046 1911 1058 1948 :
1087 1892 1224 1961 Quid
1257 1894 1362 1960 sit,
1390 1894 1603 1966 inquam
1629 1935 1645 1959 ,
1677 1895 1900 1959 moveri,
1930 1910 2036 1950 non

442 1986 665 2041 definire
691 2001 787 2040 nos
831 2000 962 2056 puer
1005 1986 1141 2049 iste,
1169 1984 1265 2040 sed
1299 1986 1427 2056 ipsis
1470 1986 1639 2041 oculis
1661 1985 1806 2057 cogit
1848 1994 2032 2041 osten-

434 2076 583 2134 dere.
616 2078 813 2133 Eamus
848 2078 1020 2148 igitur,
1049 2087 1103 2132 et
1138 2080 1205 2133 de
1249 2079 1351 2133 isto
1398 2078 1516 2133 loco
1561 2079 1613 2133 iu
1650 2078 1811 2134 alium
1856 2080 2029 2135 locum

346 2206 349 2215 ~
435 2181 772 2228 transeamus
802 2190 816 2228 :
848 2187 970 2227 nam
1000 2171 1130 2227 nihil
1156 2182 1239 2227 est
1264 2171 1443 2241 aliud,
1473 2172 1575 2229 nisi
1600 2172 1776 2240 fallor,
1801 2172 2026 2230 moveri.

432 2267 532 2325 Hic
563 2284 683 2325 cum
713 2267 1040 2335 arrisissent,
1089 2267 1453 2323 disCessimus.

964 2385 1239 2424 DISI‘UTA'HO
1271 2386 1500 2422 SECUKDA.

504 2458 592 2513 19.
628 2459 697 2512 At
719 2457 808 2511 ubi
839 2455 1123 2511 refecimns
1150 2472 1397 2527 corpora,
1433 2455 1683 2526 quoniam
1711 2455 1906 2511 cteium
1932 2454 2029 2510 ob-

433 2551 662 2604 duxerat
692 2547 878 2609 nubes,
908 2546 1067 2600 solito
1094 2547 1211 2601 loco
1242 2547 1292 2600 in
1323 2546 1513 2601 balneo
1540 2546 1900 2600 censedimus.
1927 2547 2022 2600 At-

431 2653 540 2709 que
567 2652 667 2706 ego
697 2653 709 2687 :
740 2636 1004 2692 Concedis
1029 2652 1175 2708 ergo,
1207 2638 1442 2707 inquatn,
1474 2637 1699 2701 Licenti,
1738 2638 1869 2693 nihil
1898 2654 2021 2696 esse

430 2728 574 2785 aliud
627 2737 827 2783 motum
882 2745 1042 2801 quam
1093 2729 1161 2784 de
1224 2729 1344 2785 loco
1394 2730 1445 2786 iu
1489 2730 1661 2785 locum
1696 2731 2022 2787 transitum?

425 2818 708 2883 Concedo,
744 2820 930 2890 inquit.
963 2819 1228 2877 Concedis
1255 2836 1417 2890 ergo,
1449 2821 1663 2892 inquam
1684 2864 1699 2889 ,
1748 2824 2018 2879 neminem

424 2913 482 2967 in
507 2927 572 2967 eo
603 2912 720 2969 loco
771 2926 891 2967 esse
937 2912 989 2967 in
1028 2928 1135 2983 quo
1172 2928 1276 2967 non
1322 2912 1526 2977 fuerat,
1554 2922 1609 2969 et
1660 2924 1861 2969 motum
1911 2929 2016 2969 non

424 3002 630 3059 fuisse?
653 3003 770 3059 Non
804 3004 1059 3075 intelligo,
1092 3005 1278 3075 inquit.
1308 3004 1363 3060 Si
1394 3005 1519 3075 quid
1540 3048 1555 3072 ,
1580 3006 1813 3077 inquam,
1840 3006 1891 3062 in
1912 3006 2017 3064 alio

425 3097 549 3151 loco
584 3096 682 3150 fuit
733 3096 956 3161 dudum,
987 3105 1041 3151 et
1072 3113 1212 3153 nunc
1263 3097 1315 3152 in
1365 3098 1467 3153 alio
1499 3107 1611 3166 est,
1661 3108 1864 3155 motum
1896 3114 2016 3157 esse

429 3190 723 3246 concedis?
750 3190 1172 3245 Assenlicbatur.
1200 3184 1626 3260 Ergo,'iuquam,
1655 3203 1833 3261 posset
1858 3194 2017 3249 alicu-

424 3283 514 3353 jus
541 3283 802 3350 sapientis
835 3283 1014 3337 vivum
1041 3296 1237 3351 corpus
1267 3282 1352 3337 hic
1378 3282 1537 3337 modo
1566 3283 1843 3339 nobiscum
1870 3300 2010 3353 esse,

421 3383 482 3428 ut
510 3375 720 3427 animus
769 3372 893 3427 hinc
931 3371 1181 3428 abesset?
1212 3372 1434 3437 Posset,
1484 3375 1674 3444 inquit.
1724 3375 2008 3445 E-iamue,

420 3466 664 3535 inquam,
688 3465 731 3518 si
758 3465 1031 3519 nobiscum
1056 3464 1470 3533 colloqueretur,
1502 3474 1557 3520 et
1581 3482 1679 3522 nos
1700 3467 1895 3537 aliquid
1922 3468 2011 3524 do-

420 3558 611 3613 ceret?
640 3557 881 3621 Etiamsi,
912 3557 1104 3627 iuquit,
1124 3571 1222 3611 nos
1244 3557 1410 3627 ipsam
1432 3556 1649 3613 doceret
1669 3560 2006 3629 sapientiam,

418 3665 529 3706 non
559 3649 706 3705 illum
732 3648 965 3705 dicerem
996 3649 1275 3704 nobiscum
1320 3664 1460 3716 esse,
1493 3650 1588 3705 sed
1643 3666 1847 3708 secum.
1887 3653 2005 3709 Non

418 3742 581 3812 igitur
624 3741 676 3795 in
723 3755 984 3812 corpore,
1043 3741 1257 3810 inquam
1284 3739 1309 3793 ?
1341 3740 1485 3806 Non,
1517 3742 1829 3812 ittquit.«Ctti
1861 3759 1960 3813 ego
1989 3762 2003 3799 :

412 3833 622 3904 Corpus
650 3834 781 3889 illud
806 3834 946 3904 quod
973 3842 1179 3890 careret
1202 3835 1402 3901 animo,
1436 3849 1613 3891 nonne
1638 3845 1902 3891 mortuum
1923 3835 2003 3892 fa-

408 3929 631 3996 tereris,
663 3943 784 3982 cum
814 3942 915 3998 ego
942 3927 1119 3983 vivum
1152 3928 1557 3998 proposuerim?
1582 3927 1792 3995 Nescio,
1814 3929 2000 3999 inquit,

415 4018 687 4090 quomodo
727 4019 1007 4089 explicem.
1053 4018 1185 4073 Nam
1217 4029 1271 4073 et
1306 4035 1501 4090 corpus
1556 4019 1787 4076 hominis
1826 4022 2001 4076 vivum

414 4122 535 4168 esse
564 4127 668 4167 non
692 4126 851 4183 posse
880 4111 1055 4175 video,
1078 4111 1125 4165 si
1148 4110 1359 4166 animus
1380 4111 1430 4165 in
1456 4126 1523 4167 eo
1549 4126 1651 4168 non
1678 4113 1747 4168 sit
1771 4129 1785 4179 ;
1815 4122 1871 4168 et
1897 4127 1999 4167 non

416 4216 633 4272 possunt
656 4202 856 4268 dicere,
888 4200 1070 4257 ubiubi
1100 4202 1170 4256 sit
1208 4216 1403 4272 corpus
1428 4202 1715 4272 sapientis,
1748 4218 1851 4259 non
1879 4202 1995 4272 ejus

346 4276 350 4340 ἱ
414 4296 651 4349 animum
681 4308 801 4349 esse
829 4309 947 4348 cum
983 4294 1110 4347 Deo.
1150 4292 1282 4359 Ego,
1314 4294 1552 4362 inquam,
1578 4293 1784 4361 faciam,
1814 4304 1868 4348 ut
1895 4294 2000 4350 hoc

404 4390 668 4459 explices.
695 4388 943 4442 Fortasse
979 4386 1123 4442 enim
1160 4386 1281 4456 quia
1315 4385 1509 4456 ubique
1541 4378 1822 4454 Deusest,
1866 4402 1999 4459 quo-

412 4490 521 4550 quo
550 4480 671 4535 ierit
700 4479 931 4550 sapiens,
962 4478 1162 4533 invenit
1184 4477 1349 4533 Deum
1392 4493 1512 4532 cum
1537 4492 1644 4547 quo
1667 4493 1786 4534 esse
1808 4481 1993 4549 possit.

414 4572 488 4627 Ita
522 4576 580 4628 fit
619 4582 676 4628 ut
703 4572 968 4642 possimus
1002 4581 1057 4626 et
1087 4588 1191 4626 non
1244 4587 1438 4641 negare
1484 4572 1630 4626 illum
1656 4570 1726 4627 de
1775 4574 1891 4628 loco
1941 4575 1993 4629 iu

411 4668 588 4721 locum
618 4669 878 4731 transire,
922 4666 1065 4735 quod
1096 4676 1180 4721 est
1218 4665 1453 4728 moveri;
1491 4674 1547 4721 et
1574 4674 1749 4722 tamen
1783 4684 1996 4740 semper

415 4770 537 4811 esse
563 4773 682 4812 cum
702 4759 828 4812 Deo.
862 4758 1077 4823 Fateor,
1102 4757 1291 4828 inquit,
1314 4772 1507 4828 corpus
1535 4758 1661 4813 illud
1691 4758 1760 4814 de
1797 4759 1915 4815 loco
1939 4762 1991 4815 in

406 4850 593 4902 locum
625 4850 902 4903 ttansitum
934 4852 1124 4915 facere,
1155 4849 1251 4905 sed
1275 4860 1508 4905 mentem
1537 4850 1703 4921 ipsum
1724 4866 1879 4923 nego,
1905 4852 1990 4908 cui

411 4954 606 4994 nomen
634 4941 887 5009 sapientis
921 4942 1222 5009 impositum
1250 4952 1349 4997 est.

410 5031 564 5089 CAP.
591 5033 1037 5099 Vll.—Quomodo
1058 5039 1183 5091 ordo
1205 5040 1357 5110 fuerit
1380 5055 1491 5093 cum
1513 5042 1700 5095 malum
1722 5059 1821 5097 non
1838 5051 1987 5096 esset.

478 5126 571 5183 20.
610 5125 760 5183 Nunc
786 5128 995 5182 interim
1048 5130 1140 5184 tibi
1172 5132 1339 5198 cedo,
1384 5134 1617 5204 inquam.
1658 5152 1725 5192 ne
1772 5152 1860 5192 res
1887 5137 1986 5193 ob-

404 5220 716 5277 scurissima
739 5260 756 5287 ,
802 5228 857 5273 et
880 5219 1076 5276 diutius
1103 5222 1513 5295 diligentiusque
1542 5228 1842 5295 tractanda,
1883 5229 1986 5284 im-

404 5314 586 5386 pediat
613 5312 665 5369 in
699 5313 976 5384 prmeentia
1026 5315 1353 5386 pmpnsitum
1402 5330 1661 5375 nostrum.
1703 5321 1808 5376 Sed
1858 5323 1985 5378 illud

404 5408 719 5470 videamus.
760 5406 1012 5477 quoniam
1048 5406 1324 5463 delinitum
1363 5420 1447 5465 est
1489 5426 1519 5463 a
1562 5411 1715 5468 nobis
1742 5414 1865 5481 quid
1918 5416 1988 5468 sit

402 5514 524 5560 esse
548 5519 668 5559 cum
704 5502 812 5558 Deo
836 5543 853 5568 ,
882 5511 1055 5555 utrum
1101 5501 1240 5555 scire
1268 5502 1530 5572 po~simus
1553 5504 1711 5557 etiam
1729 5544 1742 5567 ,
1768 5506 1892 5574 quid
1919 5508 1986 5561 sit

397 5607 528 5650 meo
554 5595 669 5648 sine
699 5593 809 5648 Deo
828 5634 843 5658 ,
868 5593 1113 5662 quamvis
1160 5592 1271 5662 jam
1326 5592 1663 5649 manifestum
1690 5610 1808 5651 esse
1836 5598 1949 5652 arbi
1968 5633 1981 5640 -

406 5692 544 5741 tror.
591 5683 724 5740 Nam
764 5684 924 5739 credo
971 5684 1139 5739 videri
1199 5685 1290 5739 tibi
1322 5700 1416 5740 eos
1465 5687 1697 5756 quicum
1730 5688 1835 5742 Deo
1877 5706 1982 5745 non

412 5789 556 5831 sunt.
588 5791 705 5832 esse
743 5776 856 5831 sine
904 5774 1031 5832 Deo.
1071 5776 1127 5831 Si
1160 5786 1408 5845 possent,
1452 5778 1637 5849 inquit,
1668 5780 1793 5835 mihi
1824 5784 1982 5837 verba

409 5868 718 5937 κοίλοισι-ι,
735 5867 967 5925 dicerem
994 5862 1221 5929 fortuna
1246 5869 1391 5943 quod
1411 5867 1504 5928 tibi
1520 5886 1629 5928 non
1654 5871 1977 5941 displiceret.

1651 360 1742 420 DE
1778 353 2054 428 eum,
2086 356 2159 418 ’δέ
2188 360 2561 423 Αυευετωῐι

2162 488 2266 559 Sed
2297 516 2420 577 pcto
2450 506 2687 579 perferas
2724 507 2997 566 infundant
3026 514 3573 597 meammeam,
3593 547 3639 592 ιη

2164 608 2219 653 to
2245 598 2420 660 decet.
2451 602 2619 657 veloci
2672 614 2852 659 mente
2881 604 3165 675 praeripias.
3205 607 3320 664 Natu
3354 614 3425 669 ltiti
3448 632 3640 681 neeum

2167 687 2282 746 Deo
2313 690 2441 747 mihi
2470 693 2717 749 videntur
2742 707 2860 750 esse
2878 737 2893 759 ,
2925 703 2980 750 et
3003 710 3031 748 a
3052 696 3164 751 Deo
3187 704 3341 757 tamen
3363 703 3530 763 haberi.
3561 711 3642 769 Ita.

2161 798 2265 853 que
2289 800 2393 838 non
2428 798 2641 854 possum
2664 800 2756 841 eos
2782 788 2899 841 sine
2926 788 3034 842 Deo
3063 800 3175 844 esse
3197 791 3371 857 dicere.
3396 812 3510 867 quos
3533 802 3641 860 Deus

2159 873 2339 932 habet.
2367 878 2499 933 Cum
2538 878 2648 935 Deo
2678 880 2804 935 item
2825 892 2931 935 non
2953 880 3074 937 dico
3094 924 3110 951 ,
3138 886 3250 954 quia
3270 887 3360 955 ipsi
3387 906 3474 946 non
3496 892 3648 952 habent

2157 967 2346 1024 Deum.
2374 971 2644 1041 Siquidem
2667 972 2831 1027 Deum
2852 972 3052 1031 habere
3071 1017 3084 1037 ,
3109 974 3212 1045 iam
3236 978 3362 1035 inter
3384 998 3465 1038 nos
3486 988 3646 1055 pridem

2157 1059 2212 1115 in
2234 1075 2481 1117 sermone
2508 1062 2597 1117 illo
2624 1077 2781 1133 quem
2834 1063 2923 1120 die
2967 1066 3125 1120 natali
3172 1074 3260 1123 tuo
3288 1070 3649 1138 iucundissimum

2157 1150 2439 1208 habuimus
2459 1196 2472 1216 ,
2498 1155 2692 1224 placuit
2720 1154 2848 1209 nihil
2881 1156 3033 1211 aliud
3060 1170 3177 1213 esse
3206 1171 3353 1230 quam
3383 1165 3474 1220 Deo
3495 1169 3648 1236 perfrui

2164 1244 2265 1319 (De
2295 1247 2452 1303 Beata
2477 1246 2593 1302 Vita
2610 1290 2625 1311 .
2650 1264 2704 1302 n.
2732 1246 2847 1313 84).
2877 1237 2983 1306 Sed
3010 1249 3181 1307 fateor
3205 1260 3287 1308 me
3310 1254 3555 1315 formidare
3576 1262 3650 1318 ista

2152 1341 2451 1406 contraria,
2484 1341 2751 1413 quomodo
2796 1344 3023 1416 quisque
3066 1352 3164 1401 nec
3202 1348 3316 1402 siue
3354 1347 3651 1420 Deoslt,uec

2152 1438 2274 1487 Cum
2310 1433 2439 1487 Deo.

2218 1521 2310 1578 Si.
2339 1522 2454 1578 Non
2481 1534 2534 1580 te
2560 1526 2808 1581 moveant
2834 1525 2964 1590 ista,
2989 1527 3359 1597 inquamrNatn
3376 1530 3653 1592 ubitumu-

2148 1615 2322 1681 venit,
2352 1616 2471 1686 quis
2502 1630 2604 1670 non
2634 1618 2795 1673 verba
2838 1610 3365 1688 cvmtemnatl'Quare
3394 1622 3491 1693 iam
3519 1625 3573 1681 ad
3604 1628 3654 1682 il-

2146 1706 2251 1763 lam
2286 1708 2496 1765 landem
2533 1710 2736 1766 ordinis
2761 1710 3123 1769 definitionem
3148 1713 3431 1772 redeamus.
3466 1717 3655 1776 Natu!»-

2144 1796 2321 1854 dinem
2349 1815 2469 1856 esse
2498 1800 2677 1858 dixisti
2700 1817 2804 1871 quo
2828 1802 2965 1859 Dens
2993 1805 3099 1875 agit
3133 1806 3468 1863 om::ia.Nihil
3491 1819 3654 1877 suam,

2143 1902 2200 1946 ut
2230 1891 2417 1955 video,
2450 1908 2555 1947 non
2586 1894 2691 1965 agit
2724 1894 2865 1951 Deus
2897 1913 2912 1948 :
2948 1910 3071 1950 nam
3114 1896 3239 1953 inde
3265 1899 3423 1954 visum
3455 1901 3535 1955 tibi
3562 1912 3652 1967 est,

2140 1981 2272 2037 nihil
2304 1996 2497 2053 przcter
2534 1985 2776 2041 ordinem
2808 2001 2965 2055 posse
3005 1989 3242 2045 inveniri.
3285 1990 3653 2065 Maiiet,inqait,

2138 2075 2398 2129 sententia
2449 2090 2567 2132 mea
2618 2095 2633 2131 :
2678 2078 2773 2133 sed
2816 2077 2926 2147 jam
2969 2079 3127 2135 video
3166 2080 3289 2150 quid
3333 2082 3402 2136 sis
3438 2080 3653 2149 dicturus,

2137 2175 2313 2221 utrum
2357 2167 2496 2223 Deus
2532 2178 2653 2240 agat
2681 2184 2802 2239 quae
2836 2185 2941 2225 non
2974 2170 3112 2226 bene
3135 2172 3215 2241 agi
3243 2170 3541 2227 conﬁtemur.
3575 2171 3657 2242 (ip-

2135 2259 2265 2314 time
2284 2299 2300 2325 ,
2329 2259 2579 2330 inquam;
2610 2276 2828 2329 prorsus
2857 2261 3070 2317 oculum
3113 2264 3165 2317 in
3204 2272 3423 2318 mentem
3454 2265 3654 2335 iniecisti.

2132 2349 2239 2406 Sed
2273 2360 2330 2405 ut
2354 2351 2529 2407 Vitliin
2572 2353 2698 2424 quid
2740 2369 2915 2409 essem
2955 2355 3223 2419 dicturus,
3268 2354 3335 2411 ita
3374 2365 3486 2428 pietati
3519 2356 3657 2412 viden

2133 2441 2257 2511 quid
2288 2444 2715 2512 reSpondendum
2759 2445 2850 2499 sit.
2898 2450 3072 2517 Atque
3103 2446 3192 2501 ille
3231 2456 3415 2501 nutans
3433 2448 3577 2516 mlite
3593 2458 3656 2501 at-

2130 2546 2235 2604 que
2281 2532 2515 2590 humeris
2535 2577 2549 2597 ,
2579 2534 2898 2604 Turhamur,
2929 2538 3102 2608 inquit
3129 2547 3219 2594 :et
3256 2539 3373 2593 huic
3404 2540 3529 2596 forte
3543 2554 3655 2609 qu-

2130 2625 2289 2680 stinni
2318 2635 2490 2681 muter
2515 2639 2915 2698 supervenerat.
2946 2630 3125 2701 Atque
3153 2632 3239 2686 ille
3286 2640 3401 2702 post
3420 2632 3656 2701 alituum-

2128 2717 2237 2773 lum
2272 2718 2539 2773 silentium
2568 2721 2716 2789 petiit
2744 2732 2800 2775 ut
2827 2738 2856 2775 a
2887 2737 2971 2777 me
3002 2722 3107 2778 hoc
3128 2723 3304 2793 ipsum
3338 2736 3507 2778 rursus
3529 2725 3654 2778 inter-

2128 2819 2427 2878 rogaretur.
2468 2809 2567 2865 Cui
2618 2811 2735 2866 loco
2780 2814 3024 2882 superius
3072 2831 3101 2868 a
3142 2814 3387 2886 Trygetio
3420 2815 3563 2869 fcisse
3594 2827 3657 2869 re-

2125 2914 2379 2971 Spousum
2408 2918 2512 2957 non
2535 2904 2753 2959 omnino
2779 2905 3396 2979 animadverterunt)”.
3422 2907 3468 2971 4,
3492 2921 3537 2958 tt.
3565 2904 3648 2973 ll).

2123 2990 2259 3050 Tum
2300 3010 2400 3066 ego
2452 3015 2465 3051 :
2508 2995 2680 3063 Quid,
2733 2997 2989 3067 inquam,
3042 2998 3128 3054 vel
3170 3014 3274 3053 cur
3316 2998 3401 3052 tibi
3442 2995 3655 3066 νομαίων

2122 3089 2348 3148 Actum,
2377 3087 2558 3155 aiunt,
2606 3103 2673 3143 ne
2710 3101 2857 3159 agas.
2898 3088 3081 3157 Quare
3122 3103 3323 3145 moneo
3348 3090 3500 3158 potius
3526 3096 3573 3141 ut
3602 3099 3650 3141 ea

2121 3195 2243 3251 qute
2267 3196 2423 3251 supra
2452 3181 2591 3237 dicta
2623 3192 2774 3247 sunt,
2801 3183 2885 3237 vel
2919 3184 3100 3252 legere
3126 3194 3288 3237 cures
3309 3225 3323 3245 ,
3355 3182 3397 3237 si
3414 3180 3565 3235 audire
3582 3192 3649 3234 ne

2119 3271 2355 3343 quivisti.
2401 3273 2571 3340 Quam
2601 3274 2816 3345 quidem
2861 3274 3162 3330 absentiam
3193 3287 3224 3328 a
3248 3286 3475 3330 sermone
3503 3279 3645 3325 mm

2117 3363 2283 3418 animi
2315 3364 2385 3418 tui
2417 3379 2522 3418 non
2567 3378 2712 3435 argre
2751 3365 2881 3431 tuli,
2914 3365 3116 3438 diuque
3152 3366 3228 3422 ita
3258 3379 3376 3422 esse
3402 3376 3448 3421 te
3478 3360 3650 3435 petiti“.

2118 3466 2178 3513 ut
2215 3474 2386 3529 neque
2416 3458 2503 3513 illa
2544 3460 2855 3530 impedirem
2892 3477 3011 3531 qua:
3051 3472 3231 3518 tecum
3272 3462 3485 3517 inteutus
3516 3468 3653 3513 remo-

2116 3556 2309 3620 tusque
2329 3566 2358 3604 a
2381 3550 2531 3606 nobis
2552 3593 2567 3618 ,
2591 3566 2687 3622 pro
2719 3561 2771 3607 te
2794 3553 2989 3621 agebas
3008 3595 3025 3621 ,
3052 3563 3113 3611 et
3138 3569 3203 3611 ea
3233 3563 3656 3627 persequ

2115 3648 2169 3697 te
2193 3642 2438 3698 amittere
2467 3645 2618 3699 stilus
2648 3645 2747 3701 iste
2769 3660 2874 3701 non
2899 3648 3123 3704 sineret.

2171 3733 2260 3788 22.
2277 3736 2425 3791 Nunc
2437 3737 2562 3791 illud
2576 3752 2777 3808 quaero,
2792 3740 2933 3809 quod
2948 3741 3191 3796 nondum
3202 3736 3659 3808 discuteretliligml

2112 3828 2321 3885 ratione
2351 3831 2688 3887 tentavimus.
2728 3832 2859 3888 Nam
2898 3843 2958 3888 ut
3002 3837 3243 3906 primum
3274 3835 3421 3891 nobis
3447 3834 3576 3886 istaut
3605 3829 3657 3883 de

2111 3920 2299 3977 ordine
2326 3924 2674 3993 qumstionem
2706 3927 2887 3981 nescio
2915 3928 3036 3997 quis
3064 3928 3205 3983 ordo
3230 3926 3457 3999 peperit,
3481 3920 3659 3978 met-ini

2110 4011 2381 4069 tedixisse
2418 4015 2554 4071 hanc
2581 4030 2702 4072 esse
2736 4018 2992 4087 justitiam
3020 4016 3122 4074 Dei
3142 4061 3156 4084 ,
3189 4032 3309 4090 quae
3336 4025 3529 4087 separat
3552 4013 3658 4065 inter

2108 4106 2283 4163 bonos
2311 4117 2365 4163 et
2406 4110 2574 4164 malos
2593 4152 2610 4178 ,
2637 4119 2691 4165 et
2719 4127 2811 4165 sua
2840 4112 3031 4182 cuique
3055 4112 3245 4167 tribuit
3268 4109 3460 4181 (Sam
3478 4149 3493 4175 ,
3516 4102 3657 4167 lib-li

2108 4215 2155 4253 ο.
2188 4199 2243 4267 7,
2280 4218 2334 4257 η.
2379 4200 2491 4273 l9).
2518 4201 2649 4257 Nam
2681 4203 2823 4258 nulla
2850 4213 2962 4271 est,
2991 4216 3258 4277 quantum
3296 4203 3493 4266 sentio,
3520 4196 3658 4253 maui-

2106 4293 2293 4351 fesiior
2330 4297 2548 4366 justitiae
2594 4298 2830 4354 definitio
2862 4319 2876 4355 :
2907 4301 3087 4370 itaque
3136 4298 3462 4370 respondeas
3500 4293 3658 4355 velim.

2104 4398 2281 4442 utrum
2314 4389 2404 4442 tihi
2448 4389 2689 4447 videatur
2729 4391 3014 4462 aliquando
3058 4390 3233 4448 Deum
3280 4407 3385 4447 non
3426 4389 3570 4445 fuisse
3588 4385 3658 4455 in.

2108 4491 2271 4536 Stum.
2316 4481 2632 4555 Nunquam,
2679 4485 2867 4556 inquit.
2909 4484 2966 4541 Si
3009 4499 3144 4558 ergo
3187 4498 3422 4557 semper,
3448 4483 3658 4553 inquam,

2103 4572 2247 4628 Deus
2271 4576 2447 4643 justus
2466 4618 2480 4641 ,
2511 4591 2724 4648 semper
2750 4576 2943 4631 bonum
2973 4586 3029 4633 et
3054 4579 3259 4633 malum
3282 4577 3503 4632 fuerunt.
3530 4572 3660 4626 Prur-

2103 4681 2231 4731 sus,
2258 4666 2427 4738 inquit
2470 4676 2663 4735 mater,
2706 4668 2833 4723 nihil
2872 4669 3014 4723 aliud
3045 4668 3207 4724 video
3243 4664 3387 4739 quod
3420 4670 3659 4735 aequatur.

2098 4756 2217 4813 Non
2242 4760 2385 4815 enim
2405 4760 2662 4832 judicium
2694 4761 2784 4817 Dei
2808 4761 2901 4816 fuit
2931 4762 3095 4817 ullum
3124 4761 3345 4831 quando
3370 4758 3551 4815 malum
3575 4766 3660 4808 non

2098 4848 2231 4916 fuit;
2266 4867 2385 4918 nec,
2417 4853 2459 4906 si
2488 4852 2773 4923 aliquando
2797 4852 2950 4907 bonis
2975 4863 3029 4908 et
3054 4852 3219 4907 malis
3248 4867 3345 4907 sua
3378 4849 3660 4919 cuiquenon

2100 4945 2311 5011 tribuit,
2364 4954 2536 5017 potest
2579 4945 2743 5000 videri
2782 4945 2957 5015 justus
2998 4945 3189 5000 fuisse.
3238 4943 3337 4999 Cui
3390 4940 3659 4997 Licentius:

2099 5037 2240 5108 Ergo
2268 5037 2547 5093 dicendum
2579 5038 2730 5093 nobis
2759 5053 2945 5093 censes
2967 5079 2984 5105 ,
3014 5038 3189 5110 inquit
3212 5080 3229 5107 ,
3259 5051 3470 5108 semper
3492 5032 3659 5089 malum

2095 5130 2279 5188 fuisse.
2312 5132 2425 5187 Non
2459 5133 2655 5198 audeo,
2689 5133 2851 5204 inquit
2883 5132 2969 5186 illa
2996 5174 3009 5196 ,
3038 5132 3147 5188 hoc
3176 5132 3379 5188 dicere.
3407 5128 3535 5199 Quid
3555 5139 3661 5195 ergo

2096 5228 2354 5293 dicemus,
2388 5229 2641 5299 inquam?
2668 5224 2721 5284 Si
2749 5227 2887 5282 Deus
2914 5227 3031 5283 ideo
3054 5228 3241 5297 justus
3260 5238 3344 5283 est
3363 5269 3377 5292 ,
3403 5224 3517 5298 quia
3541 5218 3658 5294 judi—

2094 5330 2177 5378 cal
2201 5321 2338 5376 inter
2364 5321 2531 5376 bonos
2555 5329 2609 5373 et
2638 5321 2824 5386 malos,
2843 5320 3051 5392 quando
3081 5335 3193 5374 non
3221 5329 3337 5375 erat
3360 5319 3546 5373 malum
3574 5325 3660 5365 non

2096 5423 2212 5467 erat
2241 5413 2435 5483 justus.
2470 5412 2566 5467 Hic
2612 5411 2714 5466 illis
2766 5411 3055 5466 tacentibus
3092 5408 3450 5467 animadverti
3482 5406 3659 5478 Tryge-
3748 5408 3749 5443 ῖ

2098 5505 2229 5558 tium
2260 5504 2581 5574 respondere
2606 5504 2774 5567 velle,
2804 5513 2961 5571 atque
2990 5503 3235 5572 permisi.
3269 5506 3336 5557 At
3368 5501 3454 5555 ille
3485 5518 3498 5553 :
3528 5499 3662 5551 l’ror-
3748 5526 3749 5541 ι

2093 5610 2218 5662 sus,
2258 5596 2461 5666 inquit,
2498 5605 2616 5650 erat
2638 5594 2785 5649 Deus
2806 5594 3001 5665 justus.
3036 5593 3270 5649 Putant
3296 5593 3448 5648 τεηὶιιι
3482 5591 3659 5646 bonum
3748 5644 3749 5657 χ

2093 5692 2400 5759 malumque
2440 5705 2754 5751 secernere,
2795 5688 2840 5742 si
2869 5687 3206 5753 exstitisset,
3243 5696 3298 5743 et
3330 5701 3397 5742 eo
3424 5684 3545 5753 ipso
3573 5693 3662 5748 φιο

2091 5794 2293 5852 poterat
2313 5823 2329 5847 ,
2356 5780 2530 5851 justus
2554 5792 2688 5835 erat.
2717 5777 2830 5835 Non
2856 5778 3027 5845 enim,
3052 5791 3186 5832 cum
3217 5777 3445 5834 dicimus
3474 5772 3661 5829 Cicero-

2094 5888 2222 5931 nem
2266 5876 2554 5942 prudenter
2592 5873 2937 5947 investiges“
2959 5873 3394 5944 coniunctionum
3409 5860 3656 5930 mutua
