3804 6426
191 499 485 563 temperanter
502 487 644 543 nullo
659 492 971 556 corruptum
1001 482 1167 539 fuisse
1193 481 1415 553 praemio
1434 496 1541 552 quo
1580 497 1701 553 par-

187 587 480 649 esretm:dis.
512 584 648 652 juste
674 582 796 638 illos
824 595 1034 637 summo
1066 578 1327 650 supplicio
1352 587 1568 634 senatus
1602 593 1698 633 au-

186 684 377 739 ctoritate
422 687 701 742 mactasse,
754 674 962 731 fortiter
1003 673 1320 729 sustinuisse
1366 671 1544 727 omnia
1597 672 1700 727 tela

185 776 453 831 inimicorum
476 781 525 827 et
551 769 744 826 molem
763 810 781 836 ,
809 778 869 824 ut
895 768 1009 839 ipse
1042 767 1177 822 dixit
1195 808 1210 828 ,
1238 764 1479 828 invidim,
1512 779 1616 820 non
1646 765 1697 820 in

182 885 230 925 eo
264 867 454 923 fuissent
491 864 707 919 virtutes
777 862 926 927 istae,
976 859 1079 915 nisi
1123 858 1345 916 Catilina
1396 858 1701 928 reipublicae:

184 972 333 1018 norant
354 956 621 1028 perniciem
667 962 1051 1026 comparasset.
1083 952 1261 1008 Virtus
1293 950 1436 1007 enim
1487 966 1583 1020 per
1616 964 1702 1007 se-

182 1056 325 1125 iptatn,
345 1062 439 1105 non
463 1062 556 1121 per
574 1045 790 1116 aliijuod
821 1043 1125 1115 hujusmodi
1149 1057 1285 1114 opus
1308 1040 1696 1099 consideranda

182 1153 265 1210 est,
284 1152 330 1198 et
350 1143 397 1196 in
418 1139 659 1203 homine;
682 1145 886 1209 quanto
923 1136 1092 1207 magis
1118 1136 1170 1190 in
1198 1134 1345 1190 Deo?
1370 1135 1415 1190 si
1443 1143 1619 1190 tamen
1649 1134 1699 1189 in

179 1233 380 1302 atmiis
410 1246 582 1286 rerum
617 1238 781 1299 atque
805 1228 1085 1283 verborum
1114 1241 1438 1295 componere
1468 1225 1573 1281 iliis
1601 1226 1700 1280 ista

180 1337 344 1396 quiquo
365 1320 512 1377 modo
538 1320 879 1392 permittitur.
910 1318 1042 1375 Nam
1059 1357 1077 1385 ,
1109 1328 1168 1373 ut
1197 1318 1553 1389 intelligamus
1576 1317 1699 1387 quia

177 1417 279 1473 Deos
317 1426 506 1481 sunper
550 1411 728 1480 justus
773 1410 905 1477 fuit,
965 1408 1180 1480 quando
1244 1407 1450 1464 exstitit
1502 1408 1699 1463 malum

175 1506 277 1577 quid
300 1523 326 1559 ι
353 1506 482 1560 bono
506 1504 837 1574 seiungeret,
870 1501 1004 1557 nihil
1027 1501 1231 1557 distttlit
1255 1517 1348 1557 sua
1379 1501 1572 1572 cuique
1599 1500 1700 1556 Iri-

174 1599 326 1655 ltttere:
350 1612 447 1654 non
466 1599 611 1654 enim
651 1607 779 1653 tunc
799 1596 848 1651 ei
891 1603 1009 1651 erat
1040 1594 1295 1651 discenda
1337 1595 1573 1665 justitia;
1605 1593 1699 1651 sed

174 1701 265 1746 tunc
285 1704 337 1746 ea
362 1689 637 1750 mendum,
663 1702 823 1757 quam
863 1699 1077 1755 semper
1105 1685 1306 1741 habuit.

218 1781 287 1837 25.
308 1780 444 1849 Quid
463 1792 581 1835 cum
613 1788 671 1836 et
697 1778 968 1835 Licentius
990 1785 1046 1833 et
1072 1786 1244 1833 mater
1268 1779 1320 1833 in
1344 1785 1486 1832 tanta
1515 1789 1699 1832 neces-

171 1873 286 1928 sitate
313 1872 721 1942 approbassem:
763 1870 932 1938 Quid,
976 1870 1191 1939 inquam
1213 1912 1228 1933 ,
1261 1869 1426 1930 dicis,
1454 1867 1700 1924 Licenti?

171 1965 239 2022 Ubi
261 1974 327 2019 est
346 1964 474 2035 quod
501 1974 612 2018 tam
648 1977 970 2033 magnopere
994 1961 1299 2027 asseruisti,
1333 1961 1466 2016 nihil
1506 1970 1700 2031 praeter

167 2056 683 2126 ordinm-liciti?le
708 2057 849 2112 enim
881 2056 1075 2110 factum
1097 2063 1181 2111 est
1206 2065 1263 2109 ut
1290 2054 1486 2109 malum
1515 2067 1700 2109 nasce-

166 2158 399 2217 παπ-,που
423 2152 603 2222 otique
632 2149 726 2205 Dei
750 2148 939 2205 ordine
957 2151 1150 2204 factum
1191 2158 1302 2212 est;
1339 2146 1432 2203 sed
1472 2161 1591 2202 cum
1621 2160 1701 2201 es-

165 2253 223 2298 set
242 2252 393 2299 natum
414 2286 428 2309 ,
458 2243 553 2298 Dei
583 2242 775 2297 ordine
794 2241 1058 2296 inclusum
1087 2250 1190 2296 est.
1223 2240 1291 2295 Et
1315 2240 1402 2296 ille
1430 2239 1700 2294 admirans

164 2348 209 2391 ac
229 2336 417 2391 moleste
445 2335 626 2391 ferens
653 2333 798 2404 quod
820 2342 928 2389 tam
963 2340 1186 2403 repente
1208 2332 1344 2389 bona
1362 2346 1520 2387 causa
1556 2339 1700 2386 esset

166 2426 270 2494 lapsa
289 2426 348 2482 de
367 2426 610 2483 matribus
638 2442 652 2478 :
686 2424 945 2488 Prorsus,
979 2423 1177 2492 inquit,
1218 2438 1284 2479 ex
1325 2422 1416 2478 illo
1438 2421 1559 2477 dico
1582 2435 1694 2478 cm-

162 2516 263 2587 pisse
282 2517 532 2583 ordinem,
561 2533 634 2571 ex
662 2530 771 2586 quo
794 2515 991 2569 malum
1027 2528 1149 2571 esse
1180 2513 1364 2583 cmpit.
1402 2512 1545 2583 Ergo
1563 2552 1579 2579 ,
1609 2512 1693 2568 in-

160 2620 306 2677 μιι,
345 2616 562 2663 etesset
612 2607 786 2678 ipsum
830 2605 1062 2672 malum,
1108 2619 1216 2660 non
1259 2603 1449 2660 ordine
1498 2603 1693 2657 factum

160 2706 240 2761 es,
261 2699 297 2753 si
321 2707 589 2770 possintat»
629 2696 827 2752 malum
849 2705 1025 2753 ortum
1051 2702 1170 2761 est,
1203 2692 1336 2749 ordo
1362 2706 1483 2749 esse
1510 2693 1692 2764 coepit.

158 2787 430 2860 Sdsetnper
448 2800 567 2845 erat
595 2788 733 2845 ordo
754 2788 894 2857 apud
923 2788 1089 2844 Deum
1119 2806 1131 2842 :
1161 2795 1218 2842 et
1244 2794 1338 2841 aut
1363 2800 1577 2856 semper
1597 2784 1695 2841 fuit

158 2879 251 2936 id
278 2883 403 2952 Quod
429 2882 635 2938 dieitur
654 2881 888 2942 uulua;
916 2889 1005 2934 aut
1039 2879 1084 2935 si
1113 2877 1398 2948 aliquando
1430 2877 1696 2933 invenitur

156 2978 354 3044 supine,
376 2977 494 3048 quia
523 2975 666 3032 ortdo
695 2976 810 3046 ipse
834 2983 929 3031 aut
964 2974 1165 3030 bonum
1188 2981 1299 3040 est,
1329 2982 1420 3027 aut
1450 2988 1516 3028 ex
1550 2972 1693 3027 bono

157 3073 236 3132 at,
260 3083 498 3139 nunqth
527 3065 737 3138 δὴεῶ
779 3065 896 3122 sine
937 3066 1125 3123 ordine
1148 3063 1250 3121 fuit
1268 3107 1289 3133 ,
1314 3080 1416 3127 nec
1442 3065 1548 3121 erit
1590 3065 1692 3120 ali-

156 3158 334 3223 q-ndo.
361 3161 621 3227 Quamvis
661 3165 718 3214 et
769 3157 953 3215 nescio
1004 3157 1131 3227 quid
1195 3157 1369 3227 potius
1422 3157 1689 3223 occurrit;

157 3248 313 3307 ωειλ
335 3251 723 3309 certauetndine
759 3250 1043 3307 oblivionis
1088 3251 1328 3320 elapsum
1365 3261 1448 3309 est
1489 3270 1501 3306 :
1546 3250 1687 3321 quod

156 3342 277 3399 crede
296 3345 468 3401 ordine
494 3345 797 3417 contigisse
829 3360 926 3415 pro
955 3344 1147 3399 merito
1180 3343 1262 3401 vel
1291 3343 1455 3415 gradu
1488 3345 1570 3400 vel
1600 3360 1689 3400 or-

158 3429 250 3490 ius
272 3436 376 3492 vitm
409 3440 446 3492 ι.
491 3437 694 3493 Nescio
724 3434 995 3506 quomodo
1032 3434 1199 3501 mihi,
1235 3435 1441 3505 inquit,
1473 3434 1686 3505 ell'ugit,

157 3532 411 3593 tiamne
424 3543 635 3600 sperno
652 3528 971 3584 sententiam
996 3544 1010 3580 :
1036 3542 1140 3582 non
1160 3526 1304 3583 enim
1323 3526 1485 3582 debui
1510 3527 1690 3584 dicere

163 3618 368 3685 illaut
397 3622 604 3676 malum
647 3627 830 3675 natum
866 3628 980 3682 est,
1021 3618 1252 3687 coepisse
1276 3619 1518 3675 ordinem
1551 3637 1566 3673 :
1593 3618 1690 3678 sed

159 3706 476 3781 uisi-stitia
497 3753 514 3776 ,
545 3712 625 3768 de
648 3726 755 3780 qua
778 3710 1061 3782 Trygetins
1087 3709 1372 3776 disseruit,
1405 3710 1472 3766 ita
1517 3719 1573 3766 et
1596 3725 1687 3766 or-

153 3797 287 3859 itur
304 3806 456 3864 fuisse
475 3806 629 3877 apud
652 3806 852 3867 Dento;
882 3805 979 3861 sed
1002 3804 1068 3859 ad
1098 3819 1249 3860 usum
1277 3806 1298 3836 ⁸
1324 3818 1431 3859 non
1457 3804 1683 3873 venisse,

147 3894 495 3971 “postquam
527 3899 676 3956 mala
701 3912 826 3954 esse
853 3905 1151 3967 caperent.
1187 3895 1423 3962 Eodem,
1448 3897 1685 3967 inquam,

147 3987 377 4055 ηυπίιι
421 3993 552 4048 illud
603 3991 783 4056 enim,
813 3988 956 4060 quod
999 3988 1217 4045 minime
1256 3988 1372 4054 vis,
1404 3987 1685 4044 inconcus-

142 4090 407 4140 uatntsnet
439 4102 455 4140 :
496 4099 631 4140 nam
657 4083 770 4137 sive
790 4081 926 4151 apud
957 4081 1122 4135 Deum
1150 4079 1246 4134 l'oit
1270 4078 1438 4145 ordo,
1471 4079 1585 4135 sive
1618 4094 1685 4135 ex

141 4168 442 4245 ilotetnpnre
469 4191 602 4233 esse
641 4174 840 4243 capit,
883 4188 951 4228 ex
993 4186 1100 4243 quo
1141 4174 1299 4228 etiam
1340 4171 1569 4239 malum,
1602 4182 1685 4229 ta-

122 4236 231 4323 bi
248 4236 432 4322 nia-lum
463 4265 602 4322 illud
631 4236 1097 4335 pra-'tervordinem
1126 4274 1309 4318 natum
1336 4270 1436 4318 est.
1463 4236 1614 4331 Quod
1638 4265 1685 4319 si

136 4356 364 4420 nudis,
392 4358 579 4415 fateris
622 4356 817 4426 aliquid
866 4364 1059 4425 praeter
1082 4354 1325 4410 ordinem
1351 4369 1507 4424 posse
1536 4354 1681 4422 lieri;

134 4445 245 4514 Μ
281 4444 486 4505 causam
530 4459 682 4505 tuam
720 4446 962 4502 debilitat
992 4461 1058 4501 ac
1080 4445 1363 4501 detruncat
1393 4464 1407 4501 :
1435 4446 1478 4499 si
1508 4455 1684 4505 autem

134 4543 505 4607 "tenendis,
551 4540 746 4609 incipit
789 4539 883 4594 Dei
919 4538 1109 4595 ordine
1136 4551 1317 4594 natum
1362 4539 1558 4594 malum
1603 4539 1683 4595 vi-

133 4627 255 4700 m
275 4644 327 4690 et
360 4636 628 4692 malorum
648 4641 919 4688 auctorem
947 4632 1112 4688 Deum
1148 4631 1430 4697 fateberis;
1460 4648 1567 4703 quo
1594 4647 1683 4689 sa-

132 4722 312 4795 mo
345 4728 475 4783 mihi
515 4725 892 4784 detestabilius
930 4724 1064 4780 nihil
1089 4724 1339 4780 occurrit.
1367 4724 1521 4794 Quod
1563 4740 1683 4783 cum

132 4813 223 4872 In
240 4832 342 4876 nos
368 4819 689 4891 intelligenti
702 4860 725 4885 ,
743 4818 856 4874 sive
879 4816 1232 4874 dissimulanti
1252 4832 1311 4873 se
1336 4817 1679 4885 intellexisse,

130 4919 360 4968 tortorem
385 4915 588 4985 saepius
612 4922 666 4969 et
688 4913 1017 4967 revolverem
1031 4948 1051 4979 ,
1074 4910 1208 4966 nihil
1234 4910 1415 4967 habuit
1436 4911 1579 4983 quod
1601 4912 1684 4969 di-

128 5006 276 5071 an,
299 5012 355 5062 et
373 5005 678 5062 “silentio
700 5002 869 5060 dedit.
897 5002 1041 5058 Tum
1059 5012 1267 5060 mater:
1300 5003 1414 5075 Ego
1431 5047 1449 5071 ,
1475 5004 1680 5075 inquit,

124 5098 217 5149 lle!
247 5102 373 5164 pen
406 5096 543 5154 nihil
583 5096 827 5167 potuisse
862 5101 1061 5165 prmter
1110 5094 1203 5150 Dei
1243 5094 1486 5151 ordinem
1527 5096 1677 5165 ﬁeri,

124 5183 229 5253 ﬁt
250 5188 419 5260 ipost
456 5191 664 5247 malum
684 5188 828 5261 quod
856 5196 1041 5242 natum
1064 5193 1184 5252 est,
1223 5186 1368 5243 nullo
1397 5187 1558 5243 modo
1586 5188 1680 5244 Dei

122 5277 620 5346 monument;
650 5280 744 5338 sed
770 5278 1072 5349 illajustitia
1104 5278 1155 5333 id
1179 5277 1534 5334 inordinatum
1561 5294 1682 5336 esse

124 5372 217 5424 III
228 5371 345 5430 snit
361 5413 381 5441 ,
396 5383 459 5431 et
474 5377 541 5429 in-
560 5371 663 5429 sibi
681 5372 930 5428 meritum
956 5369 1197 5426 ordinent
1220 5368 1427 5442 redegit
1449 5379 1505 5427 et
1527 5386 1679 5428 com-

117 5574 395 5710 Ἐκ
409 5596 494 5650 hic
510 5596 710 5648 amissio
726 5602 802 5647 est
820 5592 870 5645 in
891 5592 1136 5645 codicibus
1153 5606 1329 5644 novem
1346 5628 1362 5655 ,
1401 5592 1435 5642 ii

362 5664 527 5710 mite.
551 5660 635 5710 an
658 5659 719 5709 ad
750 5659 855 5710 haec
876 5661 1060 5710 verba.
1089 5655 1338 5707 ordoesae
1372 5667 1435 5706 ea

362 5605 395 5652 Ι
411 5605 494 5650 hic
510 5605 710 5648 omtssto
726 5605 802 5647 est
820 5605 870 5645 in
891 5605 1136 5645 codicibus
1153 5606 1329 5644 novem
1346 5628 1362 5655 ,
1401 5605 1433 5642 tt
1528 5605 1560 5644 e
1581 5608 1678 5645 non

362 5660 635 5733 meum
655 5659 1024 5733 sameram
1044 5655 1338 5733 ’-Ψάρξξκ
1372 5605 1549 5720 επ,
1585 5657 1676 5711 im

912 5714 1146 5783 nam
1167 5714 1304 5789 mus

911 5772 1677 5866 qumnmmoou

1300 5972 1306 5977 .
1349 5970 1355 5975 .
1385 5966 1408 5974 -
1456 5944 1519 5975 χιι
1532 5933 1789 5981 nam-rituum:

1461 360 1667 424 LIBER
1704 366 2085 429 SECUNDUS.

3249 386 3392 446 1006

1876 483 1966 538 24.
1996 482 2091 539 Hic
2132 497 2231 555 ego
2262 499 2384 540 cum
2428 500 2618 543 omnes
2661 503 2935 548 cernerem
2971 495 3399 572 studiosissime,

1806 589 1870 631 ac
1926 590 2024 645 pro
2066 577 2177 631 suis
2219 594 2483 651 quemque
2531 580 2731 638 viribus
2768 583 2935 642 Deum
2980 606 3254 662 quaerere,
3302 597 3400 654 sed
3492 626 3511 637 κ

1809 665 1984 737 ipsunt
2017 667 2082 721 de
2103 684 2208 735 quo
2230 671 2514 741 agebamus
2540 673 2781 730 ordinem
2812 693 2915 733 non
2950 688 3130 739 tenere
3149 728 3163 751 ,
3191 702 3298 759 quo
3332 688 3402 745 ad

1808 758 1948 814 illius
1974 758 2260 815 ineﬂ‘abilis
2286 762 2578 831 majestatis
2608 764 3011 838 intelligentiam
3044 758 3350 843 pervenitur
3383 799 3398 836 :

1805 848 1912 932 Qro
1945 865 2073 917 vos,
2105 851 2351 920 inquam,
2378 853 2456 921 si,
2487 863 2545 909 ut
2581 856 2766 925 video,
2816 863 3038 917 multum
3067 864 3284 937 diligitis
3309 886 3401 925 oro

1803 940 2016 1007 dinem,
2047 959 2114 997 tte
2133 957 2230 997 nos
2259 957 2614 1016 pneposteros
2636 958 2690 1004 et
2718 950 3050 1010 inordinatos
3075 972 3196 1013 esse
3226 961 3399 1029 patia-

1805 1034 1958 1090 mini.
2000 1034 2316 1106 Quanquam
2344 1038 2489 1093 enim
2529 1041 2885 1100 occultissima
2926 1046 3059 1101 ratio
3085 1063 3144 1106 se
3171 1050 3399 1108 demon-

1805 1134 2089 1181 straturam
2134 1126 2463 1197 polliceatur,
2509 1129 2637 1185 nihil
2669 1143 2861 1203 prretrr
2885 1134 3121 1193 divinum
3150 1142 3434 1200 ordinem:

1804 1216 1920 1274 ﬁeri
1946 1237 1960 1274 :
1993 1229 2169 1291 tamen
2197 1222 2243 1277 si
2278 1219 2578 1292 quempiam
2610 1223 3028 1299 luditnagistrum
3058 1233 3395 1303 audiremus,

1807 1320 2091 1367 conantem
2121 1310 2318 1367 docere
2349 1326 2571 1382 puerum
2596 1315 2857 1386 syllabas,
2890 1335 3047 1390 quem
3078 1325 3226 1394 prius
3252 1327 3397 1384 litte-

1803 1402 1892 1457 ras
1940 1415 2098 1458 nemo
2134 1403 2440 1471 docuisset;
2483 1421 2587 1461 non
2642 1404 2763 1463 dico
2814 1408 3092 1469 ridendum
3149 1424 3399 1488 tanquam

1802 1495 2059 1561 stultum,
2092 1495 2184 1551 sed
2212 1496 2551 1553 vinciendunt
2592 1508 2841 1569 tanquam
2884 1501 3140 1560 furiosum
3187 1517 3402 1579 putare-

1803 1590 1951 1650 mus,
1986 1602 2090 1641 non
2121 1586 2191 1640 ob
2234 1587 2374 1643 aliud
2395 1631 2412 1655 ,
2452 1590 2663 1659 Opinor,
2696 1591 2796 1646 nisi
2831 1592 2975 1664 quod
3001 1594 3224 1653 docendi
3251 1600 3399 1657 ordi—

1802 1692 1928 1733 nem
1964 1692 2070 1733 non
2099 1687 2322 1735 teneret.
2352 1678 2423 1735 At
2460 1680 2623 1736 multa
2652 1682 2772 1736 taiia
2802 1694 2856 1739 et
2877 1684 3154 1754 imperitos
3176 1731 3190 1752 ,
3213 1706 3332 1762 qua:
3367 1708 3400 1750 a

1803 1771 1975 1827 doctis
2021 1771 2482 1843 repreitetnlantur
2517 1788 2583 1830 ac
2619 1772 2978 1842 derideantur,
3023 1788 3079 1835 et
3126 1780 3402 1843 dementes

1803 1863 2078 1929 homines,
2109 1880 2228 1937 quae
2254 1881 2352 1922 nec
2380 1866 2660 1923 stultorum
2683 1868 2940 1938 judicium
2965 1870 3190 1942 fugiunt,
3221 1875 3402 1935 facere

1802 1972 1961 2014 nemo
1987 1958 2206 2029 ambigit
2239 1977 2252 2013 :
2281 1968 2335 2015 et
2363 1968 2537 2015 tamen
2575 1962 2735 2015 etiam
2763 1962 2860 2015 ista
2906 1964 3086 2018 omnia
3117 1981 3236 2036 qua:
3264 1966 3401 2025 lateo

1803 2048 1923 2105 mur
1948 2065 2066 2105 esse
2092 2065 2484 2121 perversa,non
2509 2065 2628 2107 esse
2657 2061 2852 2122 praeter
2874 2051 3111 2111 divinum
3133 2039 3424 2130 ordinem,

1803 2136 1909 2195 alta
1940 2140 2181 2213 qua-dam
2210 2152 2265 2198 et
2283 2158 2312 2196 a
2343 2142 2696 2199 multitudinis
2721 2144 2806 2199 vel
2831 2147 3135 2213 suspicione
3154 2152 3402 2206 remotis-

1802 2232 1934 2287 sima
1965 2231 2277 2306 disciplina,
2306 2248 2365 2290 se
2402 2236 2473 2289 ita
2507 2234 2762 2291 studiosis
2791 2242 2848 2292 et
2877 2237 3043 2293 Deum
3082 2250 3243 2312 atque
3279 2244 3400 2298 ani-

1801 2337 1919 2378 mas
1956 2332 2157 2380 tantum
2207 2325 2507 2381 amantibus
2549 2327 2741 2383 animis
2783 2327 3236 2387 manifestaturatu
3276 2348 3400 2391 esse

1804 2416 2091 2486 promittit,
2120 2426 2176 2473 ut
2205 2434 2311 2474 non
2338 2417 2492 2474 nobis
2534 2432 2756 2476 summa;
2798 2433 3142 2478 numerorum
3191 2425 3398 2494 possint

1802 2522 1922 2563 esse
1952 2509 2231 2565 certiores.

1800 2597 2029 2657 CAPUT
2082 2599 2212 2657 VIII.
2246 2631 2319 2642 —
2355 2598 2651 2658 Traduntur
2706 2604 2928 2675 primum
2985 2606 3384 2668 adolescentibus

2087 2702 2338 2764 praecepta
2360 2694 2491 2763 vitae,
2507 2704 2613 2751 tum
2636 2696 2762 2752 ordo
2792 2698 3108 2755 eruditionis.

1873 2785 1962 2841 25.
2012 2785 2137 2842 Haec
2176 2797 2353 2842 autem
2384 2786 2665 2858 disciplina
2704 2789 2815 2860 ipsa
2851 2790 2944 2847 Dei
2986 2791 3070 2847 lex
3113 2805 3227 2861 est,
3276 2810 3394 2867 qua

1801 2875 1940 2947 apud
1970 2894 2090 2933 eum
2122 2877 2225 2933 ﬁxa
2264 2888 2319 2935 et
2351 2880 2670 2936 inconcussa
2704 2892 2919 2953 semper
2941 2898 3195 2955 manens,
3225 2888 3276 2941 in
3303 2902 3392 2945 sa-

1802 2970 2006 3040 pientes
2029 2970 2233 3028 animas
2261 2973 2411 3043 quasi
2453 2975 2851 3042 transcribitur;
2885 2986 2941 3032 ut
2968 2986 3115 3035 tanto
3139 2995 3199 3036 se
3223 2981 3395 3037 sciant

1807 3063 1979 3117 vivere
2007 3062 2228 3128 melius,
2263 3073 2515 3136 tantoque
2552 3065 2860 3135 sublimius,
2891 3079 3090 3140 quanto
3121 3078 3179 3128 et
3217 3075 3394 3143 perle-

1798 3153 1937 3210 ctius
1995 3169 2111 3208 eam
2165 3157 2593 3226 contemplantur
2638 3157 3016 3230 intelligendo,
3061 3170 3114 3218 et
3163 3165 3393 3222 vivendo

1798 3242 2105 3329 cusmdiunt
2140 3245 2464 3318 diligentius.
2512 3247 2637 3304 Haec
2666 3249 2825 3321 igitur
2852 3251 3129 3324 disciplina
3175 3257 3254 3311 eis
3300 3259 3394 3329 qui

1796 3324 1940 3419 illam
1965 3351 2120 3392 nosse
2149 3336 2475 3406 desiderant,
2505 3339 2665 3396 simul
2684 3343 2954 3413 geminum
2976 3344 3219 3401 ordinem
3236 3324 3391 3419 sequi

1793 3414 1979 3501 jubet;
2025 3431 2176 3501 cujus
2213 3447 2317 3487 una
2365 3447 2490 3503 pars
2532 3432 2689 3501 vitae,
2724 3435 2890 3491 altera
2935 3437 3248 3495 eruditionis
3287 3414 3388 3500 est.

1797 3519 2236 3578 Adulescentibus
2264 3538 2393 3596 ergo
2418 3523 2669 3582 studiosis
2699 3527 2815 3597 ejus
2845 3528 2917 3583 ita
2960 3529 3244 3587 vivendum
3272 3541 3388 3603 est,

1800 3624 1909 3668 uta
1948 3615 2191 3670 venereis
2221 3616 2414 3685 rebus,
2445 3618 2514 3673 ab
2539 3617 2803 3677 illecebris
2830 3623 3030 3680 ventris
3052 3635 3103 3680 et
3128 3628 3389 3697 gutturis,

1796 3703 1864 3759 ab
1893 3703 2214 3761 itnmodesto
2242 3710 2480 3780 corporis
2503 3711 2647 3766 cultu
2680 3720 2736 3767 et
2769 3723 2959 3770 ornatu
2983 3756 3000 3783 ,
3045 3715 3113 3772 ab
3144 3717 3389 3775 inanibus

1795 3798 2022 3870 negotiis
2061 3799 2303 3855 ludorum
2322 3842 2338 3868 ,
2361 3816 2393 3857 a
2423 3810 2634 3874 torpore
2662 3804 2832 3862 somni
2858 3818 3016 3878 atque
3055 3812 3299 3881 pigritiae,
3317 3811 3387 3868 ab

1795 3890 2167 3958 mmulntione,
2194 3892 2612 3963 obtrectatione,
2657 3896 2977 3965 invidentia,
3021 3899 3088 3955 ab
3117 3902 3384 3959 honorum

1794 3992 2226 4055 potestntumque
2263 3987 2677 4054 ambitionibus,
2720 3990 2790 4044 ab
2829 3991 2995 4062 ipsius
3021 3992 3181 4049 etiam
3212 3995 3386 4054 lautis

1795 4074 2077 4131 immodica
2112 4078 2399 4149 cupiditate
2443 4096 2503 4136 se
2545 4082 2865 4137 abstineant.
2906 4084 3158 4141 Amorem
3203 4097 3386 4145 autem

1797 4167 2035 4236 pecuniae
2070 4169 2230 4223 totius
2257 4185 2369 4225 sum
2408 4171 2521 4240 spei
2570 4172 2927 4228 certiSsimum
2957 4189 3219 4232 venenum
3258 4195 3385 4236 esse

1795 4257 2035 4314 credant.
2060 4259 2202 4316 Nihil
2246 4262 2512 4318 enerviter
2554 4260 2779 4333 faciant,
2826 4264 2955 4320 nihil
2989 4266 3278 4323 audaciter.
3322 4268 3384 4327 In

1794 4353 2026 4422 peccatis
2068 4364 2247 4411 autem
2272 4369 2491 4412 suorum
2521 4356 2605 4413 vel
2633 4358 2834 4427 pellant
2859 4361 3076 4415 omnino
3105 4362 3236 4417 iram
3254 4403 3271 4430 ,
3299 4366 3385 4422 vel

1791 4439 1862 4501 ita
1890 4446 2131 4514 frenent,
2164 4457 2223 4504 ut
2259 4449 2329 4505 sit
2372 4450 2537 4521 pulsae
2580 4452 2786 4509 similis.
2830 4452 3112 4510 Neminem
3146 4456 3380 4513 oderint.

1791 4530 1944 4594 Nulla
1985 4539 2111 4596 vitia
2142 4555 2246 4596 non
2283 4556 2470 4597 curare
2511 4540 2696 4598 velint.
2737 4542 3055 4615 Magnopere
3096 4545 3385 4607 observent

1791 4645 1914 4685 cum
1946 4631 2244 4699 vindicant,
2281 4647 2349 4689 ne
2387 4632 2607 4690 nimium
2654 4634 2725 4691 sit
2763 4653 2778 4691 :
2813 4650 2933 4693 cum
2966 4639 3281 4709 ignoscunt,
3312 4660 3385 4702 ne

1789 4724 1995 4793 parum.
2028 4721 2166 4777 Nihil
2195 4724 2413 4794 puniant
2433 4725 2575 4796 quod
2602 4741 2708 4781 non
2738 4728 2912 4784 valeat
2937 4728 3004 4785 ad
3026 4732 3217 4789 melius
3249 4751 3264 4789 :
3300 4736 3388 4791 ni-

1790 4809 1865 4866 hil
1890 4811 2194 4883 indulgeant
2220 4814 2362 4885 quod
2392 4824 2563 4871 vertat
2589 4816 2643 4871 in
2675 4817 2844 4889 pejus.
2876 4816 3014 4876 Suos
3047 4831 3234 4893 putent
3267 4840 3389 4884 om-

1790 4917 1886 4958 nes
1907 4944 1923 4969 ,
1954 4901 2007 4957 in
2033 4918 2170 4975 quos
2196 4902 2297 4959 sibi
2326 4914 2557 4975 potesuts
2578 4906 2703 4963 data
2732 4908 2910 4965 fuerit.
2937 4909 3013 4967 Ita
3033 4915 3309 4986 serviant,
3335 4928 3394 4974 ut

1788 4996 1867 5053 eis
1885 4995 2147 5052 dominari
2185 4996 2417 5070 pudeat:
2452 4997 2526 5054 ita
2558 4998 2921 5072 dominentur,
2954 5014 3011 5061 ut
3051 5005 3134 5064 eis
3178 5009 3393 5066 servire

1787 5088 2033 5146 delectet.
2077 5086 2134 5146 In
2171 5091 2466 5148 alienorum
2510 5103 2687 5150 autem
2735 5098 2965 5168 peccatis
3019 5101 3230 5159 molesti
3282 5119 3389 5160 non

1786 5181 1892 5236 sint
1917 5181 2098 5239 invito.
2123 5182 2430 5241 Inimicitias
2458 5184 2622 5242 vitent
2647 5188 2975 5259 cautissime,
2994 5190 3165 5248 ferant
3184 5208 3266 5265 aeq
3278 5195 3387 5249 uis-

1785 5272 1921 5329 sime
1941 5316 1959 5343 ,
1992 5273 2176 5331 ﬁniant
2200 5274 2478 5334 citissime.
2509 5278 2563 5334 In
2585 5280 2730 5337 omni
2760 5298 2888 5340 vero
2914 5292 3187 5341 contractu
3211 5295 3372 5356 atque

1784 5368 2185 5423 conversatione
2215 5384 2338 5424 cum
2364 5367 2667 5428 hominibus
2682 5415 2696 5439 ,
2719 5378 2850 5430 satis
2867 5382 2949 5430 est
2972 5386 3185 5429 servare
3207 5389 3371 5432 unum

1783 5454 1888 5516 hoc
1932 5460 2150 5533 vulgare
2192 5462 2573 5533 proverbium:
2603 5464 2812 5521 Nemini
2856 5465 3046 5521 faciant
3084 5466 3225 5535 quod
3264 5470 3377 5538 pati

1783 5551 1991 5607 nolunt.
2040 5552 2448 5624 Rempublicam
2482 5556 2654 5612 nolint
2689 5557 3084 5621 administrare,
3115 5557 3219 5612 nisi
3246 5574 3373 5628 per-

1782 5640 1930 5700 iocti.
1961 5643 2149 5701 Perﬁci
2179 5656 2357 5702 autent
2379 5649 2460 5704 vel
2481 5649 2616 5703 intra
2644 5655 2853 5702 nitatem
2873 5647 3193 5701 senatoriam
3218 5648 3369 5704 festi-

1781 5742 1940 5805 nent,
1970 5738 2054 5795 vel
2080 5748 2225 5796 certe
2254 5739 2390 5795 intra
2429 5726 2775 5810 iuventutem.
2815 5735 2919 5792 Sed
2962 5736 3201 5807 quisquis
3245 5753 3371 5797 sero

1778 5832 1849 5897 ad
1869 5826 1994 5909 mitia
2031 5840 2094 5894 se
2120 5830 2476 5903 converterit,
2508 5818 3087 5921 noaﬂsrbltretttrnnihil
3112 5825 3217 5888 sibi
3245 5840 3371 5889 esu
