3804 6530
452 430 592 501 1007

450 568 777 633 prmi-cptum
810 575 823 611 :
857 571 975 612 nam
1012 552 1109 610 is'a
1157 550 1335 623 utique
1383 546 1588 608 facilius
1626 552 1839 609 decocta
1877 563 2032 607 aetate

451 650 709 708 servabit.
742 647 797 703 In
828 648 969 703 muni
991 655 1166 701 autem
1194 665 1205 685 ι
1224 644 1324 709 ita,
1351 646 1466 699 loco
1485 688 1499 706 ,
1530 655 1803 716 tempore,
1832 647 2031 703 amicos

447 754 541 800 aut
564 744 823 800 habeant,
852 750 944 793 aut
967 737 1161 793 habere
1188 738 1406 793 instent.
1440 738 1820 808 Obsequantur
1848 739 2023 810 dignis

449 837 609 892 etiam
639 849 745 889 non
781 832 881 886 hoc
918 831 1368 901 exspectantibus.
1413 830 1685 902 Superbos
1723 830 1896 885 minus
1936 846 2032 887 cn.

445 935 597 990 rent,
644 923 863 979 minime
906 922 1011 976 sint
1060 922 1097 975 ⁸.
1148 923 1282 991 Apte
1323 932 1781 993 congruenterque
1826 923 2025 978 vivant.

444 1019 612 1073 Deum
642 1015 846 1081 colant,
874 1014 1105 1084 cogitent
1151 1022 1387 1084 qumrant
1408 1056 1421 1081 ,
1453 1013 1587 1082 ﬁde,
1616 1029 1744 1084 spe,
1772 1013 2027 1070 charitate

441 1107 673 1165 subnixi.
718 1103 914 1176 Optent
953 1104 1414 1175 tranquillitatem,
1465 1113 1621 1176 atque
1663 1115 1866 1159 certum
1901 1119 2026 1159 cur-

352 1194 357 1205 ί
449 1214 570 1256 sum
599 1196 786 1253 studiis
825 1197 959 1264 suis,
991 1196 1332 1267 omniumque
1362 1195 1664 1259 sociorum;
1696 1206 1751 1252 et
1780 1196 1878 1252 sibi
1909 1196 2028 1266 qui-

442 1293 650 1362 lausque
678 1298 932 1362 possunt,
968 1299 1200 1344 mentem
1244 1289 1435 1344 bonam
1469 1297 1813 1360 pacatamque
1840 1290 2021 1344 vitam.

439 1401 665 1462 CAPUT
695 1401 786 1457 IX.
833 1432 904 1442 —
935 1400 1017 1455 Ad
1051 1400 1343 1484 discendum
1376 1402 1673 1457 auctoritate
1709 1400 1938 1456 ducimur
1978 1410 2025 1456 et

1119 1481 1332 1526 ratione.

511 1585 601 1641 £6.
647 1584 898 1655 Sequitur
938 1593 994 1639 ut
1038 1582 1211 1639 dicam
1251 1583 1521 1655 quomodo
1558 1583 1780 1640 studiosi
1824 1584 2020 1640 erudiri

403 1709 411 1712 ν
438 1656 699 1743 debeant,
729 1677 819 1748 qui
844 1676 983 1732 sicut
1003 1676 1202 1732 dictum
1232 1687 1313 1732 est
1346 1678 1523 1733 vivere
1550 1678 1907 1733 instituerunt.
1940 1679 2019 1733 Ad

437 1766 746 1824 discendum
795 1767 920 1821 item
967 1766 1265 1821 necessario
1306 1765 1586 1837 dupliciter
1627 1767 1888 1835 ducimur,
1920 1783 2017 1823 au-

434 1861 681 1916 Ctoritate
704 1869 861 1929 atque
880 1858 1103 1913 ratione.
1133 1858 1394 1928 Tempore
1423 1860 1730 1922 auctoritas,
1763 1875 1820 1914 re
1840 1869 2014 1914 autem

432 1953 571 2009 ratio
600 1950 743 2022 prior
765 1957 867 2005 est.
900 1949 1054 2003 Aliud
1089 1958 1170 2005 est
1199 1951 1343 2004 enim
1371 1950 1509 2020 quod
1542 1950 1593 2004 in
1629 1949 1834 2021 agendo
1861 1962 2013 2005 antc-

431 2041 668 2114 ponitur,
696 2040 841 2096 aliud
880 2039 1022 2111 quod
1059 2040 1225 2111 pluris
1267 2041 1322 2095 in
1357 2040 1656 2110 appetendo
1698 2041 2013 2100 aestimatur.

429 2131 615 2203 Itaque
634 2175 650 2200 ,
677 2146 976 2203 quanquam
1004 2131 1261 2186 bonorum
1283 2133 1573 2186 auctoritas
1604 2131 1859 2201 imperita:
1888 2134 2015 2189 mul-

426 2225 641 2281 titudini
668 2225 905 2281 videatur
933 2239 1052 2281 esse
1076 2225 1356 2291 salubrior,
1385 2225 1520 2280 ratio
1549 2242 1675 2279 vero
1694 2227 1868 2297 aptior
1891 2243 2014 2282 eru-

426 2316 589 2374 ditis:
622 2326 795 2373 tamen
821 2317 943 2388 quia
973 2318 1150 2373 nullus
1194 2317 1468 2373 hominum
1513 2317 1611 2372 nisi
1656 2333 1721 2371 ex
1768 2319 2013 2389 imperito

424 2409 627 2482 peritus
658 2410 749 2477 lit,
795 2410 970 2465 nullus
995 2416 1171 2465 autem
1216 2410 1490 2480 imperitus
1537 2410 1682 2462 novit
1715 2411 1922 2479 qualem
1954 2425 2012 2465 se

425 2500 617 2559 debeat
643 2501 880 2572 praebere
908 2499 1221 2555 docentibus
1242 2541 1257 2564 ,
1296 2509 1349 2553 et
1376 2501 1515 2570 quali
1544 2502 1645 2553 vita
1674 2516 1793 2555 esse
1825 2500 2012 2557 docilis

422 2593 625 2664 possit;
657 2590 834 2647 evenit
861 2599 916 2645 ut
942 2590 1189 2644 omnibus
1219 2590 1353 2644 bona
1396 2607 1583 2660 tttngttzt
1614 2602 1666 2645 et
1694 2592 1895 2646 occulta
1923 2592 2009 2646 di-

419 2699 574 2741 scere
596 2681 953 2753 cupientibus,
981 2696 1085 2736 non
1108 2685 1307 2751 aperiat
1342 2682 1439 2735 nisi
1469 2682 1757 2739 auc-oritas
1770 2682 2006 2753 januam.

420 2774 591 2843 Quam
635 2774 857 2844 quisque
902 2773 1169 2844 ingressus
1207 2773 1322 2827 siue
1368 2774 1472 2828 ulla
1517 2773 1844 2829 dubitatione
1888 2775 2008 2829 vita:

419 2867 636 2938 optima:
675 2874 938 2937 pracepta
965 2875 1197 2921 sectatur
1232 2884 1243 2919 :
1277 2880 1372 2936 per
1407 2881 1525 2937 qum
1560 2882 1680 2921 eum
1712 2867 1895 2922 docilis
1927 2868 2008 2922 fa-

418 2966 537 3013 ctus
565 2956 748 3023 fuerit,
782 2966 892 3013 tum
918 2955 1130 3013 demum
1162 2958 1329 3012 discet
1355 2966 1406 3013 et
1433 2969 1625 3027 quanta
1648 2959 1852 3014 ratione
1874 2976 2009 3030 pra:-

417 3050 524 3105 dita
555 3052 661 3107 sint
686 3065 751 3106 ea
787 3050 898 3121 ipsa
938 3066 1056 3121 quae
1091 3060 1307 3106 secutus
1344 3060 1425 3105 est
1465 3062 1587 3107 ante
1633 3053 1922 3121 rationem;
1951 3062 2008 3109 et

416 3142 542 3213 quid
566 3142 635 3199 sit
656 3142 768 3212 ipsa
794 3141 932 3198 ratio
960 3158 1119 3213 quam
1145 3151 1260 3213 post
1280 3144 1610 3199 auctoritatis
1636 3145 1896 3200 cunabula
1926 3147 2007 3201 lir-

414 3252 535 3291 tnus
559 3245 613 3292 et
638 3235 859 3291 idoneus
882 3236 992 3305 jam
1024 3236 1262 3306 sequitur
1290 3244 1447 3306 atque
1484 3238 1919 3308 comprehendit;
1950 3250 2005 3295 et

413 3327 543 3398 quid
580 3328 903 3391 intellectus,
938 3328 989 3382 in
1020 3342 1124 3396 quo
1149 3329 1389 3382 universa
1417 3339 1569 3395 sunt,
1613 3331 1694 3385 vel
1726 3331 1838 3401 ipse
1861 3332 1883 3363 ³
1901 3346 2004 3403 po-

414 3421 523 3474 tius
565 3419 846 3484 universa;
887 3428 940 3473 et
969 3419 1094 3489 quid
1135 3428 1326 3490 praeter
1354 3422 1595 3476 universa
1638 3424 2001 3481 universorum

412 3508 752 3582 principium.
783 3509 863 3564 Ad
898 3524 1055 3580 quam
1078 3510 1434 3581 cognitionem
1474 3512 1525 3567 in
1555 3513 1655 3570 hac
1682 3512 1787 3569 vita
1815 3529 2003 3585 perve-

413 3601 531 3656 nire
562 3600 748 3671 pauci,
792 3600 928 3655 ultra
969 3616 1125 3672 quam
1156 3616 1284 3657 vero
1324 3602 1480 3658 etiam
1523 3613 1642 3675 post
1679 3605 1814 3661 hanc
1839 3608 1999 3663 vitam

412 3707 574 3747 nemo
627 3692 873 3764 progredi
922 3678 1115 3763 potest.
1165 3693 1265 3761 Qui
1312 3704 1490 3751 autem
1532 3698 1641 3752 sola
1689 3700 1999 3757 auctoritate

411 3784 683 3852 contenti,
711 3782 867 3839 bonis
895 3793 1097 3839 tantum
1135 3785 1374 3841 moribus
1405 3789 1669 3860 rectisque
1696 3792 1834 3846 votis
1865 3807 1996 3847 con-

409 3882 617 3932 stanter
642 3891 858 3946 operam
886 3876 1163 3943 dederint,
1190 3887 1279 3944 aut
1308 3890 1710 3938 contemnentes
1728 3924 1745 3950 ,
1771 3894 1860 3939 aut
1890 3901 1994 3941 non

408 3971 649 4027 valentes
674 3969 969 4043 disciplinis
995 3972 1300 4029 liberalibus
1328 3984 1486 4045 atque
1515 3977 1729 4047 optimis
1761 3979 1990 4049 erudiri,

406 4063 595 4120 beatos
651 4080 745 4121 eos
803 4064 1056 4136 quidem,
1111 4082 1231 4121 cum
1300 4067 1438 4124 inter
1486 4069 1724 4126 homines
1781 4071 1987 4140 vivunt,

406 4154 593 4210 nescio
634 4155 900 4225 quomodo
938 4156 1236 4227 appellem:
1272 4166 1448 4215 tamen
1492 4160 1804 4218 inconcusse
1830 4164 1993 4220 credo

407 4262 536 4302 mox
562 4256 619 4302 ut
660 4248 762 4303 hoc
801 4262 997 4318 corpus
1042 4248 1386 4319 reliquerint,
1424 4266 1517 4306 eos
1554 4267 1660 4323 quo
1702 4254 1837 4309 bene
1880 4271 1992 4310 nia-

404 4339 486 4408 gis
515 4339 755 4395 minusve
797 4338 1078 4405 vixerunt,
1122 4357 1186 4397 eo
1226 4341 1431 4397 facilius
1484 4353 1573 4399 aut
1612 4344 1878 4403 difllcilius
1922 4347 1989 4403 li-

403 4430 597 4486 berari.
1088 4446 1091 4449 ’

473 4520 563 4576 27.
605 4522 908 4578 Auctoritas
951 4531 1128 4578 autem
1172 4525 1586 4594 partimrdivina
1632 4536 1748 4597 est,
1794 4532 1988 4601 partim

402 4612 634 4670 humana
660 4634 671 4669 :
706 4616 800 4671 sed
828 4631 954 4673 vera
975 4659 990 4683 ,
1018 4615 1168 4672 ﬁrma
1191 4660 1204 4683 ,
1232 4633 1439 4674 summa
1470 4635 1531 4677 ea
1561 4631 1641 4677 est
1666 4638 1785 4694 quae
1809 4624 1989 4681 divina

400 4708 725 4763 nominatur.
758 4707 811 4762 In
841 4723 942 4779 qua
966 4710 1247 4766 metuenda
1275 4721 1359 4767 est
1385 4713 1651 4770 aeriorum
1677 4716 1985 4775 animalium

401 4797 537 4851 mira
563 4797 766 4853 faliacia
792 4814 807 4864 ;
838 4815 958 4869 quat:
986 4814 1079 4869 per
1115 4816 1292 4857 rerum
1328 4801 1393 4858 ad
1422 4805 1551 4860 istos
1578 4822 1766 4862 sensus
1791 4825 1985 4880 corpo-

400 4889 479 4943 ris
510 4889 889 4960 pertinentium
916 4890 1172 4960 quasdam
1201 4894 1574 4957 divinationes.
1601 4901 1986 4974 nonnullasque

400 4981 690 5050 potentias,
717 4980 964 5049 decipere
991 4982 1196 5040 animas
1233 4984 1484 5045 facillime
1511 5002 1865 5061 consuerunt,
1894 5003 1985 5050 aut

402 5069 760 5140 periturorum
787 5071 1112 5130 fortunarum
1140 5078 1399 5148 curiosas,
1429 5092 1521 5138 aut
1543 5083 1806 5156 fragilium
1834 5088 1985 5158 cupi-

404 5162 501 5216 das
525 5169 843 5232 potestatum
868 5204 884 5229 ,
910 5173 1003 5219 aut
1041 5166 1271 5224 inanium
1303 5170 1673 5230 formidolosas
1698 5178 1980 5237 miraculo-

403 5270 542 5309 rum.
574 5253 667 5310 llla
690 5271 817 5326 ergo
837 5259 1125 5313 auctoritas
1151 5261 1333 5320 divina
1359 5265 1583 5324 dicenda
1609 5282 1712 5339 est,
1738 5290 1856 5344 qua:
1874 5291 1982 5332 non

400 5348 571 5402 solum
602 5347 656 5402 in
686 5348 1027 5404 sensibilibus
1052 5352 1215 5423 signis
1252 5358 1580 5414 transcendit
1619 5377 1834 5420 omnem
1878 5366 1979 5422 hu-

400 5455 611 5494 manam
652 5437 983 5502 facultatem.
1032 5443 1128 5498 sed
1175 5454 1228 5499 et
1268 5446 1438 5517 ipsum
1482 5449 1749 5507 hominem
1792 5470 1975 5527 agens,

398 5532 631 5586 ostendit
657 5530 708 5587 ei
736 5528 1008 5603 quousque
1028 5548 1087 5590 se
1106 5546 1324 5608 propter
1350 5539 1520 5608 ipsum
1545 5541 1866 5613 depresscrit
1889 5566 1900 5601 :
1925 5559 1978 5607 et

427 5688 573 5762 fisic’
604 5695 708 5762 ttss.
753 5694 806 5740 et
837 5689 1108 5754 editiones,
1134 5702 1343 5757 excepta
1385 5701 1512 5758 t.ov.,
1552 5711 1662 5762 qua:
1701 5698 1852 5752 habet
1885 5703 1976 5756 ηιξ.

391 5756 698 5936 Ettigius
730 5812 935 5879 volgatis
951 5851 966 5880 ,
1003 5815 1111 5882 ipsa
1130 5818 1286 5884 potius
1323 5820 1554 5875 uuirersu.
1594 5824 1686 5876 Sed
1723 5825 1901 5881 melius
1923 5830 1975 5882 in

487 5904 527 5930 .,
655 5909 667 5922 .

487 5904 527 5930 ι’
552 5904 667 5930 ’[1πο

1641 433 1723 494 DE
1761 436 2035 506 0RDINE,
2074 438 2134 496 S.
2173 438 2539 500 AUGUSTINI

2141 569 2246 611 non
2293 558 2460 614 teneri
2507 560 2786 631 sensibus,
2830 564 3023 637 quibus
3056 570 3280 633 videntur
3302 579 3372 637 illa
3404 586 3605 661 miranda,

2138 648 2232 702 sed
2259 649 2324 702 ad
2357 650 2680 708 intellectum
2716 655 2861 724 jubet
2891 661 3128 727 evolare;
3157 666 3296 725 simul
3317 648 3612 741 denotatus;

2136 750 2189 795 et
2215 753 2405 811 quanta
2440 746 2523 800 hic
2550 748 2734 817 possit,
2756 759 2806 804 et
2838 765 2934 805 cur
2963 752 3076 809 hare
3103 756 3261 824 faciat,
3288 775 3335 818 et
3356 780 3482 836 quam
3500 777 3612 841 parvi

2137 835 2352 904 pendat.
2376 838 2595 919 'Doceat
2641 842 2780 896 enim
2832 855 3039 914 Oportet
3092 859 3145 904 et
3192 851 3323 908 factis
3362 835 3614 928 potestatem

2135 941 2306 995 suam,
2335 938 2389 985 et
2417 932 2709 989 humilitate
2735 936 3100 1005 clementiam,
3135 952 3185 997 et
3212 954 3510 1019 pnecrptione
3542 972 3618 1014 in.

2137 1028 2343 1089 turam;
2371 1038 2491 1093 qua:
2520 1025 2696 1080 omnia
2723 1031 2889 1082 sacris
2910 1031 3104 1102 quibus
3132 1035 3387 1107 initiantur,
3413 1049 3618 1106 secretius

2134 1109 2444 1182 ﬁrmiusque
2469 1114 2783 1171 traduntur:
2817 1118 2868 1173 in
2894 1122 3086 1192 quibus
3111 1123 3346 1185 bonorum
3379 1135 3469 1189 vita
3503 1136 3621 1195 facil-

2132 1203 2278 1270 lime,
2301 1222 2406 1261 non
2433 1207 2848 1279 disputationum
2870 1215 3194 1288 ambagibus,
3215 1221 3298 1276 sed
3313 1230 3621 1296 mysteriorum

2130 1297 2441 1351 auctoritate
2469 1309 2736 1370 purgatur.
2763 1303 2997 1360 Humana
3025 1323 3152 1363 vero
3164 1315 3423 1370 auctoritas
3443 1318 3626 1386 plerum-

2127 1402 2232 1458 que
2255 1388 2424 1444 fallit:
2451 1391 2504 1445 in
2532 1397 2612 1447 eis
2651 1402 2825 1450 tamen
2860 1396 2978 1465 jure
3017 1399 3223 1457 videtur
3257 1406 3516 1474 excellere.
3555 1416 3625 1480 qui

2127 1490 2382 1551 quantum
2410 1482 2771 1553 imperitorum
2800 1502 2989 1545 sensus
3015 1492 3193 1563 capit,
3215 1495 3363 1551 multa
3389 1498 3500 1555 dant
3518 1503 3629 1559 indi-

2125 1572 2207 1627 cia
2236 1572 2594 1630 doctrinarum
2626 1591 2842 1633 suarum
2862 1621 2878 1645 ,
2922 1590 2975 1637 et
3014 1597 3121 1638 non
3155 1586 3326 1642 vivunt
3345 1590 3482 1646 aliter
3503 1610 3626 1665 quam

2124 1662 2407 1719 vivendum
2452 1681 2573 1722 esse
2621 1668 2952 1739 praecipiunt.
2997 1671 3201 1741 Quibus
3238 1677 3283 1731 si
3317 1679 3474 1751 aliqua
3505 1662 3631 1740 etiam

2123 1751 2349 1809 fortuna:
2375 1771 2597 1812 munera
2621 1762 2978 1831 accesserint,
3007 1778 3228 1834 quorum
3267 1784 3523 1840 appareant
3555 1790 3631 1832 usu

2123 1847 2319 1916 magni,
2343 1857 2756 1920 contemptuque
2785 1853 3048 1923 majores;
3090 1857 3437 1918 difﬁcillimum
3459 1869 3636 1925 nomine

2119 1948 2202 1991 est
2228 1946 2283 1992 ut
2305 1940 2385 1993 eis
2406 1941 2628 2012 quisque
2658 1940 2865 2000 vivendi
2890 1958 3156 2019 praecepta
3177 1950 3411 2010 dantibus
3431 1959 3632 2026 βιαιως,

2119 2038 2264 2085 recte
2294 2032 2638 2102 vituperetur.
3416 2066 3419 2073 ι

2187 2121 2416 2179 CAPUT
2454 2124 2520 2179 Χ.
2548 2155 2618 2167 -—
2655 2124 2785 2182 Vita:
2815 2141 3066 2203 precepts:
3102 2137 3250 2204 pauci
3269 2151 3580 2210 assequuntur.

2186 2213 2278 2268 28.
2301 2213 2394 2268 llic
2422 2216 2645 2289 Alypius
2671 2237 2684 2273 :
2714 2218 3029 2293 [’crntagna,
3053 2225 3242 2297 inquit,
3263 2229 3379 2284 vita:
3405 2232 3642 2304 iinagoabs

2117 2312 2170 2359 te
2194 2317 2318 2360 ante
2342 2307 2527 2363 oculos
2555 2320 2786 2377 nostros,
2820 2327 2938 2367 cuin
2969 2315 3147 2384 plene,
3180 2328 3289 2374 tum
3316 2321 3644 2382 brevitercon-

2116 2397 2297 2452 stituta
2340 2409 2454 2466 cst;
2498 2401 2582 2455 cui
2625 2404 2864 2472 quamvis
2900 2408 3223 2477 quotidianis
3266 2417 3524 2486 pncceptis
3561 2417 3646 2472 tuis

2116 2487 2399 2557 inhiemus,
2421 2501 2597 2548 tamen
2616 2509 2713 2550 nos
2729 2494 2887 2552 hodie
2902 2500 3207 2569 cupidiores
3227 2502 3646 2579 ﬂagrantioresque

2115 2578 2414 2635 reddidisti.
2447 2582 2528 2638 Ad
2552 2600 2708 2655 quam
2732 2627 2748 2653 ,
2777 2589 2820 2642 si
2849 2587 2963 2643 fieri
2989 2601 3205 2661 posset,
3232 2610 3335 2649 non
3359 2599 3513 2653 solum
3539 2578 3645 2663 nos,

2115 2684 2298 2724 verum
2329 2673 2489 2729 etiam
2530 2686 2751 2733 cunctos
2775 2677 3016 2737 homines
3038 2682 3154 2753 jam
3180 2690 3482 2757 pervenire,
3518 2702 3564 2746 et
3586 2693 3649 2747 ei-

2115 2760 2236 2815 dem
2254 2761 2515 2820 inbazrere
2531 2781 2804 2837 cuperem,
2823 2780 2881 2824 ut
2896 2772 3011 2828 hac
3030 2774 3194 2831 sicuti
3214 2777 3391 2834 auditu
3410 2780 3647 2853 mirabilis,

2114 2852 2185 2908 ita
2211 2865 2391 2911 essent
2430 2857 2726 2917 imitatione
2765 2861 2960 2919 facilia.
3005 2867 3145 2923 Nam
3190 2874 3372 2928 nescio
3405 2876 3650 2946 quomodo,

2111 2945 2252 3016 quod
2277 2946 2477 3002 utinam
2504 2950 2639 3005 vela
2669 2953 2825 3009 nobis
2850 2958 3034 3026 procul
3064 2960 3243 3025 absit,
3276 2945 3473 3020 animus
3494 2964 3649 3020 huma-

2112 3052 2213 3094 nus
2239 3040 2363 3094 dum
2395 3039 2511 3097 hzec
2538 3043 2803 3101 audiendo
2825 3088 2842 3113 ,
2872 3049 3147 3119 cmicstia,
3190 3054 3368 3110 divina
3392 3074 3451 3111 ac
3474 3072 3653 3128 prorsus

2112 3146 2237 3188 vera
2261 3148 2384 3190 esse
2414 3137 2724 3204 proclamet,
2754 3140 2805 3194 in
2829 3145 3133 3210 appetendo
3159 3146 3320 3202 aliter
3345 3163 3401 3203 se
3425 3150 3566 3219 gerit;
3604 3158 3650 3203 ut

2110 3224 2242 3280 mihi
2286 3228 2621 3284 verissimum
2655 3231 2891 3288 videatur
2928 3244 3023 3290 aut
3061 3237 3281 3296 divinos
3310 3240 3551 3308 homines",
3574 3250 3648 3296 aut

2108 3334 2213 3373 non
2245 3320 2361 3376 sine
2384 3320 2559 3378 divina
2585 3338 2687 3394 ope
2720 3326 2798 3382 sic
2837 3325 3034 3386 vivere.
3071 3330 3174 3388 Cui
3218 3350 3361 3407 ego:
3392 3335 3495 3391 lhrc
3532 3350 3643 3405 pne-

2107 3419 2258 3479 cepta
2282 3412 2509 3481 vivendi,
2534 3430 2654 3484 qua:
2674 3416 2786 3481 tibi,
2812 3428 2867 3474 ut
2889 3434 3125 3493 semper,
3161 3427 3445 3496 plurimum
3465 3429 3653 3498 placent,

2106 3501 2284 3590 Alypi,
2318 3504 2557 3572 quamvis
2585 3504 2672 3561 hic
2694 3509 2827 3563 meis
2848 3512 3025 3568 verbis
3045 3529 3152 3585 pro
3177 3525 3417 3589 tempore
3443 3532 3656 3590 capi-usa

2104 3589 2242 3656 sint,
2276 3607 2383 3647 non
2416 3604 2589 3650 tamen
2618 3611 2648 3650 a
2680 3613 2766 3653 me
2794 3599 3008 3656 inventa
3053 3619 3185 3661 esse
3222 3610 3425 3679 Optime
3451 3610 3561 3664 seis.
3585 3607 3662 3664 llis

2103 3681 2247 3736 enim
2290 3698 2601 3754 magnorum
2644 3687 2915 3745 hominum
2953 3702 3008 3747 et
3053 3710 3201 3764 pene
3242 3697 3533 3754 divinorum
3561 3698 3662 3753 libri

2101 3773 2398 3844 plenissimi
2424 3786 2548 3832 sunt
2572 3796 2586 3833 :
2614 3779 2756 3851 quod
2788 3798 2894 3837 non
2921 3796 3151 3857 propter
3174 3797 3230 3844 te
3256 3790 3534 3845 dicendum
3558 3789 3666 3845 mihi

2101 3869 2302 3936 putavi,
2329 3867 2423 3924 sed
2450 3880 2663 3941 prapter
2692 3872 2822 3929 istos
2844 3874 3248 3948 adolescentes,
3272 3897 3344 3937 ne
3364 3884 3414 3937 in
3442 3883 3515 3937 eis
3537 3880 3665 3953 quasi

2104 3959 2469 4014 auctoritatem
2500 3976 2670 4015 nteant
2694 3963 2815 4033 jure
2841 3976 3215 4025 contemnant.
3260 3971 3396 4027 Nam
3425 3971 3546 4029 mihi
3567 3986 3667 4027 mu-

2099 4049 2228 4104 nino
2249 4050 2368 4106 illos
2388 4052 2512 4106 nolo
2532 4054 2769 4121 credere,
2792 4057 2892 4112 nisi
2915 4058 3158 4129 docenti,
3188 4065 3553 4135 rationemque
3570 4061 3669 4117 red-

2098 4140 2265 4207 denti,
2299 4153 2513 4215 prepter
2538 4161 2673 4215 quius
2702 4162 2797 4216 pro
2823 4163 3001 4205 rerum
3028 4167 3159 4224 mag
3183 4155 3412 4212 .itndine
3429 4156 3672 4211 concitan-

2097 4230 2215 4299 dos,
2243 4233 2404 4289 etiam
2434 4244 2484 4290 te
2503 4235 2734 4293 arbitror
2761 4238 2917 4294 istum
2946 4241 3348 4314 interposuisse
3373 4259 3669 4303 sermonem.

2097 4321 2214 4377 Non
2242 4325 2381 4379 enim
2409 4325 2501 4380 tibi
2527 4336 2648 4382 sunt
2670 4329 2735 4384 ad
2760 4334 3096 4402 sequendum
3126 4337 3235 4393 ista
3270 4339 3543 4406 dimotis,
3574 4324 3695 4409 qua!

2097 4421 2243 4469 tanta
2269 4416 2484 4485 rapuisti
2517 4420 2768 4476 aviditate
2785 4464 2801 4489 ,
2829 4432 3086 4497 tantoque
3111 4428 3170 4484 in
3197 4445 3265 4486 ea
3294 4441 3499 4488 staturae
3524 4431 3674 4486 admi-

2094 4504 2276 4561 rabilis
2309 4509 2509 4579 impdtu
2536 4509 2807 4581 ingressus
2830 4529 2910 4581 es,
2943 4529 2999 4571 ut
3023 4534 3131 4591 ego
3164 4523 3267 4579 tibi
3297 4525 3605 4593 verborum,
3630 4533 3678 4578 tu

2093 4596 2224 4651 mihi
2248 4613 2424 4653 rerum
2455 4603 2710 4672 magister
2732 4605 2952 4663 cllectus
2978 4612 3075 4666 sis.
3106 4613 3239 4669 Non
3269 4618 3418 4671 enim
3437 4627 3518 4673 est
3540 4617 3679 4671 modo

2092 4691 2196 4746 ulla
2223 4707 2382 4748 causa
2409 4696 2719 4764 mentiendi,
2748 4711 2839 4754 aut
2863 4702 3051 4758 saltem
3079 4708 3312 4764 occasio
3338 4728 3354 4765 :
3382 4726 3503 4766 Inani
3528 4720 3683 4779 neque

2091 4790 2143 4838 te
2173 4783 2303 4840 falsa
2334 4794 2423 4859 tua
2447 4787 2603 4843 laude
2627 4789 2999 4849 studiosiorem
3028 4797 3153 4852 ﬁeri
3184 4810 3351 4869 puto,
3370 4810 3427 4857 et
3454 4804 3488 4857 ii
3508 4801 3682 4856 adsunt

2087 4874 2177 4944 qui
2208 4884 2491 4947 utrumque
2519 4891 2804 4947 noverunt,
2830 4884 2958 4940 etei
2986 4902 3180 4945 sermo
3204 4891 3314 4948 iste
3335 4897 3592 4961 mittetur,
3608 4889 3682 4947 cui

2087 4973 2331 5021 nostrum
2363 4968 2536 5022 nullus
2566 4969 2771 5037 ignotus
2793 4984 2895 5028 est.

2159 5057 2252 5113 29.
2292 5057 2469 5115 Bonos
2497 5071 2674 5117 autem
2704 5064 2872 5132 viros,
2913 5066 3255 5143 deditosque
3279 5075 3508 5147 optimis
3533 5073 3657 5133 mori

2087 5148 2187 5205 bus
2208 5191 2225 5217 ,
2266 5150 2312 5206 si
2355 5167 2461 5206 non
2488 5153 2641 5208 aliter
2667 5157 2834 5211 sentis
2859 5169 3018 5230 atque
3056 5161 3259 5221 dixisti
3278 5207 3299 5232 ,
3347 5171 3619 5237 pauciores
3640 5177 3686 5220 te

2088 5241 2318 5297 arbitror
2342 5258 2462 5298 esse
2494 5244 2743 5313 credere,
2773 5265 2929 5318 quam
2958 5252 3094 5305 mihi
3134 5258 3435 5326 probabile
3460 5269 3545 5316 est
3564 5300 3582 5324 .
3602 5254 3686 5313 sed

2087 5332 2239 5386 multi
2268 5334 2475 5403 penitus
2495 5335 2660 5390 latent
2679 5346 2750 5393 te.
2780 5338 2905 5395 item
2926 5342 3240 5400 multorum
3259 5362 3376 5404 non
3405 5350 3685 5414 mentium.

2084 5437 2147 5480 ea
2179 5424 2289 5494 ipsa
2327 5428 2446 5496 qua:
2486 5427 2619 5481 mira
2649 5438 2808 5497 sunt,
2848 5431 3049 5487 latent:
3086 5434 3146 5490 in
3175 5440 3379 5495 animo
3406 5443 3555 5509 enim
3575 5444 3688 5495 sunt

2083 5513 2203 5579 ista,
2232 5516 2319 5585 qui
2348 5531 2524 5587 neque
2543 5533 2702 5575 sensu
2721 5523 2888 5592 accipi
2906 5532 3109 5592 potest,
3143 5538 3204 5582 et
3229 5532 3689 5603 pleruinquedum

2083 5620 2376 5677 congruere
2404 5608 2514 5662 vult
2541 5610 2850 5666 vitiosarum
2877 5611 3164 5672 hominum
3192 5621 3514 5693 colloquiis,
3536 5635 3597 5678 ea
3617 5618 3690 5675 di-

2078 5697 2153 5752 cit
2194 5713 2313 5768 qua:
2355 5710 2447 5755 aut
2490 5701 2716 5771 probare
2755 5715 2849 5760 aut
2887 5716 3153 5777 appetere
3209 5712 3492 5771 videatur.
3539 5713 3693 5789 linit:

2080 5788 2240 5843 etiam
2268 5789 2389 5844 facit
2422 5805 2527 5847 non
2551 5791 2797 5862 libenter,
2825 5807 3040 5868 propter
3064 5809 3172 5855 aut
3200 5802 3492 5859 vitandum
3518 5801 3693 5856 diu

2079 5896 2372 5969 hominum,
2406 5912 2497 5959 aut
2521 5907 2765 5961 inertiam
2798 5903 3093 5960 tor-Wulam
3122 5906 3145 5963 ἱ
3177 5895 3337 5967 (ιυυά
3356 5894 3698 5983 nos‘andien-
