3804 6394
135 457 402 510 accusantur
449 439 669 500 inscitiae
691 454 710 514 ς
730 452 849 512 eum
876 435 974 509 ipsi
996 450 1110 504 eos,
1133 450 1163 491 a
1183 433 1373 506 quibus
1391 449 1453 489 ea
1480 448 1671 505 rogan~

136 558 214 610 tur,
237 555 381 597 vanus
399 549 449 593 et
476 537 704 607 ineptos.
729 547 830 588 nec
849 531 1089 587 curiosos
1106 527 1342 586 audeant
1362 525 1630 596 appellare
1646 525 1672 578 ἲ

191 633 388 694 CAPUT
416 629 627 700 Xlll.——
654 625 950 700 Dialecticcs
985 632 1034 679 et
1061 622 1340 694 rhetorices
1377 620 1613 684 inventio.

185 733 256 788 58.
282 728 361 785 Illa
391 727 549 796 igitur
570 723 704 780 ratio
732 722 748 754 ¹
779 719 1009 792 perfecta
1032 716 1391 787 disnositaque
1405 726 1672 784 gramma-

135 805 229 891 tica,
241 822 486 878 admonita
511 827 593 876 est
614 831 854 888 qumrere
869 825 1030 884 atque
1045 811 1318 878 attendere
1339 808 1477 865 hanc
1501 808 1671 876 ipsam

132 930 342 986 vinnqua
373 911 575 984 peperit
598 919 803 964 artem:
833 922 954 961 nam
983 920 1100 961 eam
1125 899 1462 966 definiendo,
1484 898 1668 953 distri-

134 1007 318 1068 blit‘lltio.
339 1001 656 1074 colligendo,
685 1015 791 1054 non
821 998 992 1053 solum
1015 996 1309 1066 digesserat
1331 1001 1491 1063 atque
1520 988 1670 1044 ordi-

134 1108 337 1160 naverat,
370 1109 554 1151 verum
593 1092 662 1147 ab
700 1089 845 1146 omni
892 1089 1052 1144 etiam
1097 1085 1341 1154 falsitatis
1383 1081 1670 1153 irrcptione

133 1191 403 1251 defenderat.
426 1185 653 1255 Quando
680 1199 808 1254 ergo
835 1180 1081 1236 transiret
1112 1177 1178 1232 ad
1209 1176 1310 1230 alia
1340 1171 1666 1235 fabricanda,

133 1288 202 1342 nisi
227 1285 320 1352 ipsi!
343 1295 432 1332 sua
461 1278 608 1348 prius
629 1273 777 1346 quasi
800 1271 1040 1344 quzedam
1066 1269 1488 1324 machinamenta
1510 1273 1564 1318 ct
1585 1264 1668 1317 in-

129 1384 369 1444 strumenta
386 1371 764 1444 distingueret,
785 1364 1302 1434 nomret,digereret,
1317 1360 1672 1430 proderetqne

132 1473 254 1542 ipsam
271 1443 592 1528 disciplinam
614 1460 1035 1530 disvipliuarum,
1055 1473 1212 1527 quam
1231 1454 1564 1510 dialecticam
1585 1468 1672 1507 vo-

133 1560 247 1618 cant?
271 1558 382 1613 ibec
399 1556 552 1610 docet
584 1554 799 1615 docere,
822 1551 936 1605 ha-c
962 1549 1119 1603 docet
1138 1546 1380 1611 discere;
1405 1545 1458 1599 in
1488 1544 1586 1598 hic
1612 1558 1673 1600 se

134 1655 212 1724 ipsa
232 1651 345 1709 raliu
365 1649 720 1710 demonstrat,
742 1653 900 1714 atque
925 1640 1096 1710 aperit
1117 1654 1236 1709 qua:
1261 1637 1347 1700 sit,
1371 1634 1497 1707 qttid
1523 1634 1669 1696 velit.

133 1745 225 1818 quid
246 1744 413 1797 valeat.
447 1739 564 1796 Scit
587 1739 758 1799 scire;
786 1735 895 1788 sola
919 1733 1149 1789 scientes
1171 1729 1346 1784 facere
1369 1745 1472 1782 non
1499 1726 1671 1780 solum

132 1839 336 1892 vult.sed
363 1833 522 1889 etiam
570 1837 769 1900 potest.
807 1825 1035 1888 Verum,
1073 1823 1322 1892 quoniam
1363 1820 1674 1890 plerumque

136 1929 244 1987 ttulti
269 1925 498 1982 homines
524 1922 596 1977 ad
624 1938 685 1977 ea
714 1937 830 1991 qum
859 1918 1148 1973 suadentur
1189 1925 1359 1980 recte,
1391 1910 1591 1967 utiliter
1620 1919 1676 1966 et

135 2022 432 2085 itt’llt’slt‘,li0ll
457 2017 632 2084 ipsam
654 2011 1066 2067 sincerissimam
1089 2005 1247 2077 quam
1280 2021 1432 2059 rarus
1466 2004 1675 2058 animus

135 2112 235 2170 videt
259 2113 559 2176 veritatem,
583 2107 678 2176 sed
707 2104 949 2176 proprios
983 2115 1174 2158 sunsus
1209 2097 1676 2155 consuetudinem-

135 2220 206 2277 que
226 2181 491 2263 sectantur,
523 2191 804 2270 oportebat
835 2211 927 2250 eos
953 2209 1056 2248 non
1085 2191 1266 2246 doceri
1293 2190 1466 2244 solum
1503 2205 1672 2260 quan-

138 2304 438 2367 tuuiqneunt,
464 2291 560 2344 δοιαὶ
595 2304 740 2358 sa-pe
781 2297 833 2341 et
879 2287 1108 2339 maxime
1139 2281 1483 2338 commoveri.
1530 2280 1676 2335 lianc

137 2404 240 2443 stunn
275 2395 462 2458 partem
507 2398 636 2454 quae
677 2379 725 2434 id
768 2386 981 2450 ageret,
1006 2375 1339 2429 necessitatis
1383 2373 1673 2443 plettiorettt

136 2497 247 2553 quant
273 2479 505 2552 puritatis
525 2520 540 2542 ,
569 2474 827 2530 γεῖθι-υςςί
887 2488 921 2526 o
950 2469 1116 2541 grenii
1139 2491 1151 2518 ι
1177 2470 1508 2530 deliciarum,
1538 2481 1676 2537 quas

136 2573 279 2644 pupqu
295 2584 516 2645 spargat,
543 2580 604 2624 ut
626 2568 691 2622 ad
717 2567 992 2621 utilitatem
1016 2580 1165 2618 suam
1190 2563 1435 2634 dignetur
1459 2560 1669 2625 adduci,

135 2666 287 2720 vetavit
317 2665 654 2720 rhetoricam.
695 2659 959 2713 llactenus
985 2670 1108 2726 pars
1135 2655 1220 2709 illa
1248 2669 1368 2723 quae
1397 2655 1448 2707 in
1475 2651 1677 2719 signiti-

135 2756 259 2811 caud»
285 2754 614 2822 rationabilis
639 2751 854 2816 dicitur,
880 2747 1071 2803 studiis
1102 2745 1408 2802 liberalibus
1432 2744 1671 2815 discipli-

138 2850 277 2920 nisque
303 2857 530 2916 promota
564 2854 672 2900 est.

137 2938 305 2997 CAPUT
325 2938 433 2995 XIV
446 2968 535 2992 .—
551 2935 612 2992 Μ
621 2935 763 2990 usica
790 2945 835 2987 et
852 2932 1064 3001 poetica.
1082 2929 1289 3004 Triplex
1306 2946 1479 2986 sonus.
1495 2928 1677 2986 Venus

645 3026 804 3080 unde.
833 3023 1139 3095 Rhymmus.

187 3119 259 3176 59.
292 3120 412 3176 Hinc
438 3135 495 3176 sc
523 3119 619 3173 illa
649 3117 786 3172 ratio
814 3115 878 3169 ad
907 3116 1140 3186 ipsarum
1169 3128 1348 3171 rerum
1378 3111 1676 3168 divinarum

141 3191 430 3286 beatissimam
461 3211 972 3282 contemplationem
1011 3222 1199 3276 rapere
1221 3208 1242 3238 ¹
1277 3205 1465 3260 voluit.
1487 3205 1588 3261 Sed
1612 3220 1678 3260 ne

141 3303 282 3360 deuito
293 3305 512 3366 caderet,
535 3302 781 3374 quaesivit
796 3301 1011 3372 gradus,
1026 3309 1183 3368 atque
1198 3296 1306 3366 ipsa
1320 3297 1417 3353 sibi
1435 3297 1570 3352 viam
1586 3311 1679 3367 per

143 3409 230 3448 suas
250 3399 597 3466 possessiones
617 3393 968 3462 ordinemque
995 3391 1174 3444 molita
1204 3397 1303 3443 est.
1337 3387 1679 3443 Desiderabat

149 3463 715 3560 cutim-pilcliritndinem,
738 3500 894 3554 quam
914 3484 1024 3538 sola
1047 3492 1100 3537 et
1116 3481 1340 3550 simplex
1369 3488 1546 3548 posset
1563 3479 1678 3536 sine

153 3575 375 3635 istisouilis
400 3578 635 3643 intueri;
664 3575 1051 3646 impediebatur
1070 3590 1100 3627 a
1130 3572 1392 3628 sensibus.
1427 3571 1605 3641 Itaque
1624 3571 1679 3626 in

150 3683 217 3723 eus
232 3671 336 3742 ipsis
355 3672 629 3744 paululum
652 3671 819 3725 aciem
840 3668 1015 3732 torsit,
1035 3666 1124 3737 qui
1146 3665 1420 3720 veritatem
1444 3679 1564 3719 sese
1586 3663 1680 3718 lia-

145 3759 525 3838 bt-reclamautes,
549 3759 892 3817 festinantem
914 3758 978 3814 ad
996 3759 1096 3814 alia
1119 3772 1357 3828 pergere,
1375 3756 1678 3825 importuno

141 3855 307 3920 Strepitu
326 3853 664 3910 revocabant.
685 3850 753 3906 Et
770 3851 940 3921 primo
957 3850 1022 3905 ab
1039 3848 1253 3903 auribus
1270 3846 1451 3918 etrapit,
1466 3847 1586 3918 quia
1605 3846 1681 3902 di-

141 3942 276 3997 ccbant
295 3925 393 4014 ipsa
415 3947 582 4002 verba
606 3960 698 3998 sua
720 3960 856 4007 esse,
877 3943 1066 4014 quibus
1083 3940 1190 4011 jam
1207 3951 1260 3996 et
1277 3941 1678 4012 grammaticam

140 4041 176 4086 et
191 4031 480 4092 dialecticam
511 4045 570 4092 et
601 4034 917 4090 rhetoricam
951 4033 1168 4088 fecerat.
1202 4032 1270 4087 At
1298 4031 1394 4085 ixta
1424 4031 1679 4101 potentis-

137 4122 234 4178 sima
259 4127 551 4183 secernendi
579 4127 686 4182 cito
715 4125 842 4181 vidit
861 4125 983 4196 quid
1006 4126 1141 4179 inter
1159 4141 1349 4180 sonum
1375 4113 1428 4180 et
1456 4125 1504 4178 id
1528 4125 1679 4193 cujus

137 4213 296 4284 Signum
315 4231 468 4284 esset,
487 4220 734 4275 distaret.
771 4216 1035 4272 lntellexit
1059 4215 1190 4270 nihil
1210 4216 1352 4271 aliud
1376 4217 1440 4269 ad
1467 4215 1676 4270 ani-ium

137 4303 336 4372 iudicium
362 4313 650 4381 pertinere,
681 4325 840 4380 quam
868 4323 1080 4370 sonum,
1109 4321 1336 4376 eumque
1361 4321 1479 4361 esse
1511 4307 1678 4377 tripli-

136 4411 246 4466 cem,
271 4414 349 4458 aut
375 4401 427 4458 in
460 4418 594 4458 voce
622 4401 936 4466 animantis,
969 4410 1058 4454 aut
1099 4399 1152 4453 in
1182 4414 1245 4452 eo
1272 4398 1413 4469 quod
1442 4397 1596 4453 ﬂatus
1627 4400 1677 4454 in

136 4493 303 4560 organis
321 4491 532 4556 faceret,
564 4502 654 4546 aut
675 4494 726 4547 in
754 4508 818 4547 eo
842 4490 982 4563 quod
1006 4491 1156 4559 pulsu
1179 4493 1445 4545 ederetur.
1470 4489 1549 4543 Ad
1575 4489 1680 4560 pri-

137 4592 244 4636 munt
286 4565 541 4653 pertinere
585 4583 852 4655 tragaelos
895 4581 978 4637 vel
1025 4581 1333 4648 conimdus,
1367 4581 1450 4636 vel
1487 4579 1679 4636 choros

138 4676 476 4747 cuiuscemodi,
506 4691 667 4750 atque
695 4692 883 4734 omnes
920 4676 1137 4731 omnino
1175 4675 1265 4746 qui
1309 4691 1438 4730 voce
1469 4676 1679 4746 propria

137 4763 350 4828 emerent
373 4755 386 4827 ξ
413 4770 705 4829 secundum
739 4771 882 4825 tibiis
919 4778 972 4824 ct
1015 4768 1275 4824 similibus
1316 4769 1680 4823 instrumentis

137 4847 372 4942 depilblri':
399 4861 555 4920 tertio
583 4859 696 4919 dari
727 4860 958 4918 citharas
976 4901 992 4926 ,
1021 4860 1194 4932 lyras,
1226 4859 1498 4931 cymbala,
1522 4868 1681 4929 atque

138 4966 261 5012 omne
279 4947 412 5029 quod
442 4955 787 5032 percutiendo
815 4970 1067 5011 canorum
1097 4962 1257 5030 esset.

190 5041 266 5120 ill.
291 5047 503 5124 Videbat
528 5059 704 5105 autem
733 5045 869 5103 hanc
897 5043 1172 5100 materiam
1200 5059 1320 5100 esse
1342 5044 1675 5124 vilissimum,

140 5125 367 5216 nisi'eerla
401 5119 733 5216 dimensione
761 5148 1059 5209 temporum
1081 5178 1097 5204 ,
1126 5144 1182 5191 et
1208 5137 1465 5191 acuminis
1501 5119 1678 5208 gravi-

143 5209 332 5306 titbiiue
353 5209 621 5291 moderata
649 5233 903 5292 varietate
946 5231 1064 5286 soni
1103 5231 1474 5301 tignrarentur.
1509 5229 1680 5288 Reco-

141 5309 429 5406 guovit'binc
455 5327 577 5408 esse
603 5327 692 5404 illa
714 5313 914 5408 semina
944 5340 1060 5396 quae
1090 5325 1141 5379 in
1166 5325 1530 5397 grammatica,
1559 5341 1680 5408 cum

647 5398 1071 5475 consideratione
1113 5427 1381 5485 versaret,
1427 5407 1588 5490 pedes
1625 5403 1685 5477 et

697 5503 767 5600 Et
792 5509 914 5598 quia
945 5510 995 5565 in
1035 5509 1163 5580 ipsis
1192 5507 1367 5566 verbis
1396 5498 1683 5566 brevitates

193 5663 293 5730 sn.
309 5673 434 5730 ια..
455 5669 651 5722 me.

194 5727 530 5802 {inﬁrmam
555 5740 626 5802 Fr.
653 5739 704 5802 et
727 5730 1082 5802 i'mtantiores
1105 5743 1135 5781 e
1153 5730 1334 5802 nostris
1347 5736 1454 5802 Ms,
1493 5737 1553 5802 at
1571 5736 1680 5783 nov.

1439 5791 1454 5810 ι

1401 315 1607 386 LIBER
1643 313 2020 376 SECUNDUS.

2274 240 2342 264 κ

3238 332 3380 394 1οη

1780 441 1835 487 et
1863 430 2216 503 longitudines
2243 432 2568 508 syllabarum
2598 452 2768 510 prope
2803 440 2995 514 πριιιιιί
3036 442 3377 506 multitudine

1777 538 1991 594 sparsas
2013 524 2063 579 in
2090 525 2333 582 oratione
2352 529 2631 586 attendere
2653 531 2802 588 facile
2825 535 2939 601 fuit,
2965 538 3185 592 tentavit
3211 541 3376 610 pedes

1779 614 1896 668 illos
1923 616 1973 669 in
2003 616 2420 676 ordinesrcertus
2446 622 2732 694 diSponere
2752 634 2912 698 atque
2932 629 3292 702 conjungere;
3318 643 3378 690 et

1779 706 1831 766 in
1859 722 1924 762 eo
1948 708 2120 774 primo
2141 725 2356 766 sensum
2387 711 2557 782 ipsum
2585 725 2789 782 secuta,
2819 717 3124 774 moderatos
3150 722 3375 792 impres-

1777 798 1848 853 sit
1872 800 2154 866 articulos,
2182 817 2302 872 qute
2328 815 2381 858 et
2413 820 2549 860 czesa
2591 816 2644 860 et
2679 809 2918 864 membra
2961 812 3274 867 nominavit.
3307 817 3376 874 Et

1779 908 1846 947 ne
1890 892 2094 963 longius
2139 895 2334 967 pedum
2380 913 2568 954 cursus
2607 900 3041 970 provolveretur,
3072 921 3232 977 quam
3259 908 3376 978 ejus

1771 983 2029 1053 judicium
2057 996 2238 1054 posset
2261 988 2546 1055 sustinere,
2579 990 2792 1052 modum
2819 996 3002 1049 statuit
3027 995 3169 1052 unde
3197 1014 3378 1054 rever-

1778 1082 2012 1142 teretur,
2046 1076 2197 1131 etab
2223 1091 2289 1132 eo
2329 1078 2444 1147 ipso
2479 1094 2692 1136 versum
2733 1087 2958 1141 vocavit.
2999 1085 3151 1156 Quod
3192 1099 3375 1146 autem

1779 1182 1882 1222 non
1910 1178 2049 1223 esset
2077 1179 2227 1225 certo
2255 1167 2362 1226 line
2398 1173 2763 1239 moderatum,
2800 1177 2891 1232 sed
2921 1187 3098 1234 tamen
3131 1182 3369 1236 rationa-

1777 1259 1954 1316 biliter
1991 1261 2246 1317 ordinatis
2289 1263 2513 1332 pedibus
2557 1277 2832 1334 curreret,
2879 1270 3112 1343 rhythmi
3159 1273 3376 1330 nomine

1777 1353 2025 1410 notavit:
2059 1355 2152 1425 qui
2196 1354 2358 1414 latine
2406 1356 2536 1412 nihil
2579 1357 2723 1414 aliud
2768 1375 2924 1431 quam
2971 1379 3224 1419 numerus
3266 1365 3374 1422 dici

1777 1447 1967 1516 potuit.
2005 1447 2094 1502 Sic
2133 1449 2203 1502 ab
2239 1463 2301 1504 ea
2341 1461 2510 1519 poetae
2548 1453 2710 1523 geniti
2745 1463 2871 1508 sunt
2900 1472 2913 1509 :
2948 1456 3000 1510 in
3030 1459 3221 1525 quibus
3249 1473 3375 1514 cum

1777 1538 1983 1593 videret
2012 1556 2115 1595 non
2143 1541 2315 1596 solum
2343 1557 2596 1600 SOIIOI‘IIIII
2619 1587 2633 1609 ,
2666 1546 2759 1600 sed
2786 1547 2944 1602 etiam
2976 1551 3258 1606 verborum
3290 1570 3377 1610 re-

1779 1644 2006 1705 rumque
2042 1646 2231 1702 magna
2263 1646 2530 1690 momenta
2552 1677 2568 1701 ,
2613 1637 2896 1705 plurimum
2940 1654 3036 1694 eos
3074 1640 3373 1714 honoravit,

1778 1722 1961 1794 ci~qne
1983 1724 2162 1779 tribuit
2187 1740 2410 1795 quorum
2437 1728 2628 1783 vellent
2657 1729 3047 1785 rationabidnm
3071 1733 3377 1792 mendacio-

1780 1830 1900 1870 rum
1931 1825 2268 1884 pOteSIatem.
2301 1817 2370 1897 Et
2402 1822 2650 1888 quoniam
2681 1821 2747 1876 de
2778 1822 2943 1890 prima
2975 1824 3061 1879 illa
3099 1825 3376 1900 disciplina

1779 1907 2001 1977 stirpem
2031 1907 2327 1977 ducebant,
2364 1910 2574 1981 judices
2615 1912 2670 1967 in
2711 1929 2806 1970 eos
2846 1919 3221 1986 grammaticos
3256 1935 3379 1977 esse

1779 1999 2042 2078 permisit.
3236 2043 3239 2048 ν
3272 2042 3274 2044 τ
3376 2067 3381 2078 ,

1801 2077 1805 2080 ’
1849 2092 1940 2148 41.
1985 2090 2039 2146 In
2071 2091 2182 2156 hoc.
2203 2092 2361 2164 igitur
2388 2101 2579 2164 quarto
2616 2095 2818 2166 gradu,
2850 2097 2966 2154 sive
3005 2099 3056 2154 in
3085 2101 3375 2173 rhythmis,

1780 2180 1894 2237 sive
1920 2183 1970 2235 in
2004 2181 2117 2253 ipsa
2148 2184 2512 2248 modulatione
2549 2186 2876 2256 intelligebat
2915 2204 3141 2260 regnare
3185 2210 3375 2250 unme-

1780 2287 1892 2338 ros,
1925 2281 2198 2344 totumque
2229 2277 2483 2344 perlicere
2519 2295 2531 2331 :
2566 2277 2800 2350 inspexit
2835 2278 3240 2348 diligentissime
3276 2303 3377 2342 cu-

1776 2365 2010 2437 jusmodi
2057 2378 2270 2444 essmt;
2311 2371 2608 2440 reperiebat
2650 2371 2858 2428 divinos
2900 2383 2955 2440 et
2997 2378 3373 2448 sempiternos,

1750 2462 2082 2533 \prazsertim
2118 2463 2258 2533 quod
2299 2464 2430 2534 ipsis
2469 2464 2850 2522 auxiliantibus
2888 2468 3066 2524 omnia
3098 2474 3376 2540 superiora

1782 2563 2146 2611 eontewerat.
2183 2557 2248 2611 Et
2284 2557 2394 2626 jam
2439 2557 2699 2613 tolerabat
2735 2558 3012 2630 :rgerrime
3035 2561 3376 2631 splendorem

1784 2645 1997 2718 illorum
2039 2659 2197 2719 atque
2239 2650 2581 2710 serenitatem
2623 2666 2880 2721 corporea
2919 2670 3108 2710 vocum
3154 2658 3378 2714 materia

1781 2741 2097 2796 decolorari.
2128 2743 2196 2798 Et
2213 2743 2463 2812 quoniam
2488 2743 2616 2799 illud
2638 2745 2778 2815 quod
2804 2761 2957 2801 mens
2979 2748 3141 2816 videt,
3167 2765 3378 2821 semper

1783 2842 1868 2889 est
1898 2847 2132 2901 pnesens
2150 2874 2166 2899 ,
2196 2842 2250 2888 et
2275 2834 2576 2890 immortale
2599 2835 2956 2908 approbatur,
2985 2837 3139 2908 cujus
3166 2841 3380 2909 generis

1783 2926 1992 2980 muneri
2021 2926 2385 2997 apparebant;
2428 2943 2594 2992 sonus
2630 2940 2806 2985 autem
2839 2931 2963 3000 quia
2992 2931 3261 2987 sensibilis
3290 2949 3379 3000 res

1783 3028 1885 3082 εει,
1919 3018 2228 3088 praeterﬂuit
2255 3021 2308 3074 in
2336 3023 2662 3091 pneteritum
2694 3013 2922 3094 tempus,
2952 3023 3380 3098 imprimiturque

1784 3111 2092 3175 memoriae;
2143 3112 2442 3178 rationabili
2483 3113 2761 3176 mendacio
2792 3115 2902 3184 jam
2952 3116 3123 3186 poetis
3165 3116 3380 3174 favente

1785 3203 1992 3258 ratione
2033 3201 2482 3275 (qtuerendumne
2505 3206 2631 3276 quid
2661 3207 2932 3278 propagini
2962 3207 3208 3266 similiter
3235 3210 3380 3266 ines-

1785 3294 1958 3366 set?).
1999 3295 2146 3351 Jovis
2172 3305 2227 3351 et
2253 3297 2519 3354 Memoria:
2547 3298 2684 3366 tilias
2721 3299 2894 3355 Musas
2933 3315 3054 3357 esse
3088 3302 3380 3358 conﬁctam

1785 3394 1886 3442 est.
1919 3385 2068 3443 Unde
2100 3387 2198 3461 ista
2224 3386 2502 3461 disciplina
2537 3403 2729 3446 sensus
2765 3389 3168 3463 intellectusque
3211 3393 3380 3462 parti-

1785 3490 1913 3552 ceps
1941 3478 2160 3534 mnsit-re
2189 3495 2382 3542 nomen
2410 3481 2638 3538 invenit.

1964 3567 2189 3638 CAPUT
2219 3570 2337 3628 XV.
2366 3602 2436 3613 -—
2466 3571 2759 3636 Geometn'a
2785 3582 2834 3630 et
2856 3572 3200 3632 Astronamia.

1855 3660 1947 3718 42.
1990 3662 2124 3718 Hinc
2150 3673 2235 3719 est
2261 3665 2495 3734 profecta
2526 3665 2578 3720 in
2603 3667 2880 3722 oculorum
2911 3683 3075 3740 opes,
3108 3679 3164 3724 et
3187 3678 3382 3728 terram

1785 3755 2087 3827 cmlumqne
2129 3757 2486 3821 collustrans.
2519 3760 2687 3815 sensit
2716 3760 2845 3816 nihil
2875 3763 3018 3817 aliud
3059 3779 3216 3834 quam
3259 3764 3380 3833 pul-

1785 3849 2142 3906 chritudinem
2174 3850 2276 3906 sibi
2308 3851 2542 3918 placere,
2575 3861 2630 3907 et
2662 3854 2713 3908 in
2742 3853 3133 3922 pulchritudine
3165 3855 3380 3925 ﬁguras,

1786 3940 1841 3995 in
1879 3940 2058 4012 figuris
2098 3940 2489 4004 dimensiones.
2538 3944 2591 3998 in
2627 3943 3048 4001 ditnensionibus
3093 3961 3378 4013 numeros;

1785 4033 2132 4104 quresivitque
2159 4033 2268 4103 ipsa
2295 4047 2474 4088 secum
2495 4073 2510 4098 ,
2541 4042 2716 4088 utrum
2747 4034 2816 4089 ibi
2843 4035 2963 4088 talis
2991 4036 3126 4090 linea
3153 4037 3381 4103 taliSque

1785 4123 2106 4186 rotunditas,
2142 4123 2222 4178 vel
2265 4123 2512 4192 qua-libet
2556 4125 2660 4178 alia
2702 4124 2868 4178 forma
2913 4135 2967 4180 et
3007 4127 3168 4194 ligura
3212 4135 3375 4194 esset,

1785 4214 1996 4286 qualem
2020 4214 2367 4282 intelligentia
2394 4215 2710 4269 contineret.
2742 4214 2922 4286 Longe
2950 4216 3268 4272 deteriorem
3293 4220 3380 4274 in-

1785 4310 1960 4375 venit,
1989 4316 2043 4362 ct
2070 4307 2214 4361 nulla
2245 4323 2308 4362 ex
2343 4318 2492 4377 parte
2531 4308 2672 4379 quod
2713 4308 2954 4365 viderent
2992 4309 3130 4364 oculi
3162 4326 3281 4367 cum
3310 4327 3379 4366 eo

1786 4398 1925 4471 quod
1980 4415 2132 4455 mens
2181 4411 2454 4467 cerneret,
2505 4400 2942 4470 comparandum.
2996 4401 3118 4456 lla-c
3165 4418 3379 4472 quoque

1787 4493 2032 4549 distincta
2058 4504 2106 4549 et
2137 4492 2416 4563 disposita,
2450 4494 2501 4548 in
2531 4494 2859 4564 disciplinam
2892 4494 3111 4566 redegit,
3144 4498 3380 4565 appella-

1787 4586 1967 4656 vitque
1993 4586 2359 4657 geometriam.
2389 4586 2560 4642 Motus
2580 4603 2697 4642 eant
2720 4587 2840 4642 coali
2862 4588 3083 4643 multum
3107 4591 3372 4658 movebat,

1786 4688 1843 4735 et
1879 4679 1946 4734 ad
1976 4694 2035 4734 se
2062 4679 2347 4748 diligenter
2387 4679 2832 4735 considerandum
2881 4681 3154 4737 invitabat.
3201 4683 3378 4739 Etiam

1787 4769 1857 4825 ibi
1889 4784 1982 4839 per
2004 4770 2463 4826 constantissimas
2487 4779 2783 4840 temporum
2804 4773 2968 4840 vices,
2998 4791 3092 4844 per
3109 4785 3379 4832 astrorum

1786 4870 1930 4917 ratos
1968 4859 2319 4932 delinitosque
2358 4877 2578 4930 cursus,
2627 4879 2723 4933 per
2767 4864 3165 4922 intervallorum
3208 4869 3379 4938 spatia

1788 4953 2083 5019 moderata,
2114 4953 2368 5009 intellexit
2395 4954 2522 5009 nihil
2553 4955 2694 5011 aliud
2723 4972 2882 5027 quam
2912 4956 3056 5012 illam
3084 4959 3377 5016 dimensio-

1787 5061 1908 5100 nem
1947 5060 2302 5116 numerosque
2334 5045 2616 5102 dominari.
2649 5047 2780 5118 Quae
2810 5049 3054 5105 similiter
3075 5050 3378 5107 deﬁniendo

1787 5153 1852 5194 ac
1877 5137 2206 5194 secernendo
2243 5138 2296 5194 in
2335 5140 2576 5195 ordinem
2607 5148 2863 5210 nectens,
2907 5142 3245 5212 astrologiam
3283 5157 3378 5212 ge-

1787 5234 1936 5298 nuit;
1965 5246 2213 5303 magnnm
2242 5231 2505 5303 religiosis
2530 5245 2922 5305 argumentum,
2949 5243 3378 5302 tormentumque

1787 5323 2029 5381 curiosis.

1859 5417 1948 5472 45.
1980 5414 2037 5469 In
2065 5414 2147 5470 his
2175 5414 2335 5486 igitur
2360 5416 2610 5472 omnibus
2635 5416 2928 5488 disciplinis
2954 5413 3301 5469 occvrrebant
3319 5416 3379 5472 ei

1789 5510 1966 5565 omnia
1995 5522 2277 5564 numerosa
2299 5551 2313 5570 ,
2360 5525 2480 5580 qua:
2507 5517 2688 5564 tamen
2730 5509 2784 5563 in
2818 5507 2924 5564 illis
2955 5505 3375 5563 dimensionibus

1789 5599 2122 5656 manifestius
2141 5598 2467 5666 eminebant,
2495 5614 2625 5668 quas
2641 5602 2696 5653 in
2715 5598 2886 5668 seipsa
2906 5595 3186 5666 cogitando
3210 5605 3374 5667 atque

1789 5691 2052 5746 volvendo
2097 5690 2402 5756 intuebatur
2437 5690 2740 5745 verissimae
2771 5706 2785 5740 :
2819 5688 2870 5740 in
2909 5687 2990 5740 bis
3027 5693 3203 5740 autem
3247 5704 3370 5760 qua:

1792 5785 2112 5852 sentiuntur,
2137 5782 2356 5860 umbras
2582 5778 2757 5857 potius
2781 5774 3183 5852 atquevestigia
3211 5791 3368 5834 reco-
