3804 6382
471 347 605 405 i015

463 461 623 517 lebat.
657 454 755 513 ilic
779 465 838 509 se
864 453 1086 509 multant
1107 451 1294 517 erexit,
1325 453 1656 527 multumque
1676 457 2047 527 prmsumpsit;

466 570 593 611 ausa
618 563 701 610 est
718 554 734 585 ¹
763 549 1117 606 immortalem
1143 547 1373 604 animam
1395 548 1761 619 comprobare.
1787 547 2056 605 Tractavit

466 648 641 703 omnia
662 645 965 711 diligenter,
984 643 1223 715 percepit
1242 657 1461 711 prorsus
1480 657 1539 698 se
1555 641 1842 712 plurimum
1866 656 2048 712 posse;

463 752 516 798 et
541 735 796 809 quidquid
829 744 1039 805 posset,
1072 733 1308 790 numeris
1339 748 1513 805 posse.
1543 734 1705 791 Movit
1735 750 1853 790 eam
1879 735 2051 806 quod-

460 833 583 888 dam
623 830 938 884 miracutum
959 869 974 892 ,
1005 836 1059 882 et
1088 826 1343 897 suspicari
1383 826 1545 896 cmpit
1572 826 1799 897 seipsam
1828 827 2052 882 fortasse

462 937 739 979 numerum
770 935 890 976 csse
915 935 1037 976 eum
1067 920 1238 991 ipsum
1264 935 1371 986 quo
1394 930 1582 975 cuncta
1610 931 2047 987 numerarentur;

461 1028 552 1073 ant
580 1018 623 1072 si
650 1016 700 1072 id
730 1030 835 1070 non
862 1023 1023 1079 esset,
1054 1013 1126 1068 ibi
1154 1021 1328 1068 tamen
1354 1027 1478 1068 eum
1502 1027 1623 1068 esse
1648 1027 1754 1084 quo
1771 1013 2051 1085 pervenire

459 1117 746 1182 satageret.
776 1105 927 1162 Hunc
961 1121 1090 1161 vero
1119 1107 1242 1162 tntis
1266 1106 1467 1161 viribus
1491 1105 1890 1175 comprehendit
1914 1148 1927 1173 ,
1960 1108 2051 1177 qui

454 1206 561 1277 jam
591 1200 854 1255 universae
887 1198 1123 1253 veritatis
1153 1197 1308 1252 index
1339 1196 1571 1264 futurus,
1602 1197 1693 1254 ille
1716 1197 1867 1267 cujus
1897 1213 2049 1254 men-

458 1300 659 1350 tionem
684 1292 807 1348 fecit
825 1291 1063 1363 Alypius,
1086 1305 1209 1369 curn
1227 1289 1296 1345 de
1314 1289 1646 1345 Academicis
1666 1305 2046 1361 quaereremus,

459 1383 607 1455 quasi
640 1383 862 1438 Proteus
890 1382 941 1436 in
967 1381 1210 1436 manibus
1241 1391 1354 1437 erat
1384 1379 1523 1450 (Lib.
1552 1382 1586 1435 3
1605 1422 1621 1447 ,
1647 1380 1835 1437 Contra
1861 1382 2046 1450 Acad,

459 1493 573 1547 mp.
600 1475 655 1538 5,
678 1492 732 1528 η.
756 1474 867 1543 Η).
898 1473 1158 1544 Imagines
1180 1475 1323 1529 enim
1345 1472 1493 1528 falsae.
1513 1490 1689 1530 rerum
1713 1490 1894 1531 earum
1918 1491 2051 1548 quas

458 1583 822 1625 numeramus,
853 1567 922 1620 ab
949 1565 1040 1620 illo
1068 1565 1431 1621 occultissimo
1457 1582 1564 1637 qtto
1592 1581 1931 1623 numeramus
1957 1568 2050 1625 de-

457 1661 683 1716 tinentes
701 1701 717 1725 ,
746 1660 799 1714 in
825 1673 946 1714 sese
975 1658 1186 1728 rapiunt
1210 1658 1583 1727 cogitationem
1602 1700 1619 1727 ,
1650 1666 1706 1716 et
1731 1674 1875 1732 srepe
1899 1660 2049 1716 illum

458 1771 579 1811 cunt
605 1753 716 1823 jam
748 1761 977 1814 tenetur,
1006 1751 1143 1807 elabi
1171 1750 1388 1806 faciunt.

457 1846 683 1904 CAPUT
712 1844 852 1901 XVI.
883 1874 957 1886 -—
993 1842 1293 1913 Dt'sct'plime
1331 1843 1562 1900 liberales
1597 1843 1815 1914 alterum
1849 1846 2048 1903 intelle—

1031 1924 1165 1970 ctum
1193 1914 1264 1969 ad
1289 1914 1478 1969 divina.

533 2010 619 2064 44.
662 2006 868 2075 Quibus
892 2007 936 2061 si
961 2006 1189 2077 quisque
1217 2020 1325 2060 non
1352 2006 1605 2072 cesserit,
1636 2014 1692 2063 et
1726 2008 1901 2064 omnia
1931 2022 2050 2081 qua:

454 2117 558 2172 per
583 2108 661 2154 tot
682 2097 988 2177 disciplinas
1014 2098 1390 2177 latqvarieque
1415 2096 1602 2152 diffusa
1623 2108 1766 2162 sunt,
1793 2098 1861 2154 ad
1886 2114 2050 2155 unum

462 2191 727 2263 quoddam
749 2191 849 2247 sint
859 2174 987 2265 ple;
997 2174 1180 2246 verum
1202 2199 1515 2260 certumque
1540 2191 1832 2263 redegerit;
1858 2192 2052 2249 eruditi

462 2286 678 2341 nomine
701 2284 1081 2355 dignissimus,
1111 2298 1217 2355 non
1245 2294 1446 2339 temere
1473 2283 1583 2354 jam
1613 2287 1803 2354 quierit
1841 2285 1928 2340 illa
1955 2286 2050 2340 'di-

457 2380 605 2445 vina,
632 2393 736 2434 non
758 2377 869 2447 jam
895 2375 1163 2433 credenda
1189 2362 1384 2443 selum,
1411 2391 1598 2431 verum
1625 2376 1783 2432 etiam
1810 2386 2050 2431 contem-

464 2470 677 2541 planda,
709 2468 1053 2539 intelligenda
1080 2477 1243 2538 atque
1269 2467 1565 2523 retinenda.
1598 2467 1851 2538 Quisquis
1874 2477 2049 2525 autem

458 2563 544 2620 vel
565 2563 741 2618 adhuc
762 2576 949 2618 servus
966 2560 1335 2629 cupiditatum,
1354 2569 1410 2615 et
1429 2558 1638 2615 inhians
1654 2560 1814 2617 rebus
1834 2577 2051 2632 pereun-

461 2655 634 2718 tibus;
667 2653 750 2708 vel
775 2652 883 2720 jam
910 2652 1010 2706 ista
1040 2649 1266 2722 fugiens,
1297 2661 1547 2723 casteque
1572 2652 1775 2720 vivens,
1806 2654 2051 2709 nesciens

458 2755 638 2803 tamen
680 2745 806 2818 quid
854 2744 922 2799 sit
966 2744 1130 2807 nihil,
1174 2743 1299 2814 qttid
1340 2743 1582 2800 informis
1623 2745 1880 2810 materia,
1922 2746 2050 2816 quid

460 2820 744 2895 formatum
792 2836 1076 2902 exanime;
1125 2836 1253 2907 quid
1295 2851 1523 2907 corpus,
1570 2836 1695 2909 quid
1745 2837 1953 2907 species
1996 2837 2051 2893 in

459 2945 705 3001 corpore,
740 2930 864 3001 quid
893 2930 1063 2995 locus,
1093 2928 1219 3000 quid
1249 2936 1487 2998 tempus,
1515 2928 1640 2999 quid
1670 2928 1722 2983 in
1750 2929 1898 2994 loco,
1925 2929 2050 2999 quid

461 3024 514 3078 in
542 3033 812 3092 tempore;
840 3020 966 3092 quid
993 3028 1166 3075 motus
1189 3020 1478 3074 secundum
1504 3019 1699 3087 locum,
1726 3020 1850 3089 quid
1878 3030 2052 3076 motus

460 3130 566 3169 non
611 3113 902 3170 secundum
948 3114 1153 3178 locum,
1184 3110 1309 3181 quid
1343 3111 1549 3166 stabilis
1583 3119 1791 3174 motus,
1827 3111 1950 3180 quid
1981 3112 2051 3168 sit

460 3221 670 3269 :cvum;
709 3205 837 3274 quid
864 3205 929 3258 sit
958 3218 1055 3258 nec
1085 3202 1136 3255 in
1164 3203 1284 3256 loco
1315 3215 1437 3257 esse
1456 3242 1471 3267 ,
1503 3217 1604 3258 nec
1633 3217 1891 3271 nusquam
1912 3204 1967 3268 ’;
1998 3214 2052 3258 et

459 3299 588 3368 quid
616 3298 679 3351 sit
715 3304 908 3365 pra-ter
937 3305 1168 3362 tempus,
1197 3302 1252 3348 et
1276 3307 1522 3362 semper;
1561 3292 1685 3365 quid
1723 3294 1796 3348 sit
1829 3303 1883 3350 et
1919 3310 2051 3350 nus-

461 3404 619 3459 quam
656 3401 806 3443 esse.
837 3395 892 3440 et
918 3399 1173 3454 nusquam
1204 3398 1309 3438 non
1338 3398 1491 3447 esse;
1523 3395 1573 3440 el
1613 3401 1879 3457 nunquam
1909 3403 2044 3455 esse,

460 3492 514 3535 et
558 3494 826 3549 nunquam
868 3494 972 3531 nnn
1020 3492 1141 3533 es<e
1179 3494 1192 3529 :
1231 3478 1469 3547 quisquis
1494 3493 1621 3549 ergo
1651 3480 1746 3533 ista
1784 3481 2048 3549 neSeit-ns,

462 3587 566 3624 non
593 3570 714 3623 dico
742 3568 810 3622 de
838 3583 1049 3621 sittnmo
1085 3567 1177 3622 illo
1217 3568 1358 3635 Deo,
1401 3569 1492 3640 qui
1521 3570 1686 3626 scitur
1724 3572 1917 3627 melius
1951 3589 2050 3628 ne-

461 3661 703 3722 sciendo,
733 3658 825 3713 sed
852 3658 921 3713 de
949 3658 1121 3712 anima
1159 3660 1266 3730 ipsa
1299 3674 1391 3714 sua
1420 3675 1660 3729 qua'rere
1688 3678 1750 3718 ac
1779 3663 2051 3733 disputare

461 3752 718 3816 voluerit,
752 3759 957 3805 tantum
993 3750 1225 3815 errabit,
1264 3761 1516 3820 quantum
1556 3753 1724 3808 errari
1763 3754 2048 3823 plurimum

462 3852 677 3912 potest:
714 3842 915 3897 facilius
954 3850 1131 3898 autem
1175 3853 1464 3913 cognoscet
1498 3845 1630 3911 ista,
1669 3847 1760 3917 qui
1799 3864 2048 3905 numerus

461 3934 728 4003 simplices
765 3942 924 4001 atque
965 3934 1323 4005 intelligibilcs
1356 3936 1840 4006 comprehenderit.
1881 3940 2048 3997 Porro

459 4029 594 4082 istos
629 4026 1074 4096 comprehendet,
1107 4027 1195 4098 qui
1231 4036 1285 4083 et
1322 4028 1533 4099 ingenio
1563 4029 1770 4096 valens,
1801 4043 1857 4089 et
1882 4034 2047 4103 privi-

462 4119 600 4189 legio
622 4120 794 4174 :rtatis
819 4130 908 4173 aut
931 4119 1214 4190 cujuslibet
1243 4120 1510 4178 felicitatis
1533 4122 1761 4188 otiosus,
1793 4134 1845 4180 et
1873 4125 2049 4182 studio

456 4209 810 4265 vehementer
836 4210 1103 4271 incensus,
1137 4221 1489 4266 memoratum
1529 4212 1929 4283 disciplinarum
1961 4232 2051 4271 or-

460 4300 672 4366 dinem,
719 4311 973 4371 quautum
1017 4303 1145 4356 satis
1188 4312 1303 4366 est,
1351 4302 1508 4360 fuerit
1546 4317 1873 4375 persecutus.
1912 4308 2046 4364 Cum

459 4393 600 4447 enim
622 4400 763 4448 artes
792 4393 894 4448 illa:
921 4408 1112 4448 omnes
1136 4393 1403 4461 liberales,
1429 4397 1618 4465 partim
1642 4397 1708 4452 ad
1732 4414 1882 4455 usum
1903 4401 2044 4468 vita',

463 4485 652 4554 partim
703 4484 767 4538 ad
816 4485 1170 4555 cognitionem
1216 4501 1395 4540 rerum
1441 4489 2050 4564 contemplationemque

460 4577 768 4642 discantur;
801 4592 951 4634 usum
978 4595 1157 4633 earum
1184 4579 1394 4650 assequi
1424 4579 1790 4637 difficillimum
1816 4594 1919 4651 est,
1946 4586 2048 4641 nisi

462 4667 508 4719 ei
542 4668 629 4736 qui
658 4669 726 4733 ab
754 4668 865 4737 ipsa
895 4668 1116 4736 pueritia
1146 4669 1634 4739 ingeniosissimus,
1666 4673 2050 4731 instantissime

462 4765 619 4825 atque
643 4758 1073 4814 constantissime
1096 4775 1312 4830 operam
1338 4762 1562 4818 dederit.

463 4845 690 4904 CAPUT
736 4849 896 4904 XVII.
922 4880 996 4928 -—.
1031 4851 1231 4928 Arduos
1260 4853 1558 4928 quastione;
1585 4871 1649 4910 ne
1674 4857 1919 4928 attingant
1949 4876 2050 4915 non

978 4921 1207 4976 instructi
1235 4923 1534 4996 disciplinis.

539 5011 628 5066 45.
671 5010 823 5078 Quod
854 5026 982 5068 vero
1008 5030 1068 5068 ex
1098 5014 1203 5069 illis
1234 5016 1298 5072 ad
1336 5018 1386 5073 id
1420 5019 1560 5089 quod
1593 5022 1883 5091 quterimtts
1917 5039 2052 5095 opus

463 5111 574 5166 est,
608 5118 677 5159 ne
701 5111 786 5170 te,
812 5119 1021 5175 (IllilESO,
1054 5116 1242 5174 mater,
1274 5108 1388 5165 haec
1414 5111 1557 5167 velut
1589 5129 1763 5169 rerum
1791 5114 2049 5173 immensa

463 5194 710 5265 qumdam
738 5196 865 5250 silva
896 5197 1180 5254 deterreat.
1213 5201 1420 5257 Etenim
1443 5205 1683 5275 quoidam
1713 5207 1779 5261 de
1803 5208 2050 5265 omnibus

463 5288 731 5358 eligentur
763 5305 984 5345 numero
1015 5293 1358 5362 paucissima,
1401 5296 1449 5350 vi
1478 5299 1841 5366 potentissima
1873 5301 1913 5365 ³,
1955 5317 2050 5357 co-

460 5378 704 5448 gnitione
749 5390 926 5436 autem
981 5382 1158 5439 multis
1203 5384 1414 5453 quidem
1457 5386 1655 5451 ardua;
1708 5389 1800 5444 tibi
1845 5400 2046 5458 tamen,

465 5474 618 5540 cujus
649 5472 915 5542 ingenium
958 5473 1196 5543 quotidie
1236 5473 1366 5529 mihi
1410 5491 1604 5531 novum
1648 5487 1761 5546 est,
1809 5488 1865 5535 et
1902 5482 2053 5552 cujus

530 5602 550 5669 ξ
576 5607 710 5669 t._ov.,
734 5601 810 5655 ita
830 5616 952 5669 auso
966 5609 1053 5669 est,
1072 5604 1227 5669 abest
1243 5617 1384 5669 porro
1404 5620 1495 5658 vox
1521 5614 1589 5661 ua
1609 5623 1638 5661 a
1658 5617 1766 5664 Mss.

528 5664 767 5776 ἔκιε.
785 5672 839 5717 et
859 5667 1103 5720 αιωαω.
1129 5664 1340 5732 excepto
1359 5672 1585 5735 lov.,qui
1606 5674 1657 5724 in
1674 5681 1816 5727 textu
1838 5680 2051 5741 praefert,

575 5792 704 5849 hom,
727 5801 926 5840 mmtero
943 5792 1250 5855 paruissimo,
1277 5793 1330 5846 id
1352 5800 1422 5849 est

1601 342 1691 402 ne
1727 342 1997 411 URDINE,
2042 346 2101 402 s.
2144 344 2549 424 aususnon,

3568 376 3591 434 ί

2158 376 2509 406 ιυυυοιιιῐι
2542 418 2549 424 ν
3568 376 3685 438 t0l6

2158 458 2395 515 animum
2420 459 2504 516 vel
2537 468 2691 519 (etate
2727 462 2814 519 vel
2849 463 3144 526 admirabili
3186 478 3509 549 temperantia
3538 501 3687 547 remo-

2159 549 2422 647 tissimum
2448 554 2517 609 ab
2538 553 2786 611 omnibus
2807 558 2979 630 nugis,
3008 572 3063 616 et
3088 577 3118 619 a
3141 579 3326 638 magna
3349 569 3456 630 labe
3479 584 3688 651 corporis

2156 642 2518 717 emergentem
2539 689 2552 709 ,
2587 648 2640 703 in
2664 666 2722 704 se
2749 652 2971 707 multum
3000 659 3292 717 surrexisse
3315 642 3579 737 cognosco,
3598 682 3687 732 tam

2157 747 2315 841 erunt
2338 738 2697 843 faciliajttam
2735 746 2966 804 difﬁcilia
2997 752 3311 813 tardissimis
3335 761 3688 843 tttiset‘t'imeque

2157 830 2474 889 viventibus.
2502 832 2559 890 Si
2584 836 2725 892 enim
2752 838 2923 895 dicam
2955 850 3004 897 te
3029 843 3180 900 facile
3204 847 3270 903 ad
3292 864 3409 907 eum
3430 830 3689 920 sermonem

2155 932 2568 994 perventuram,
2611 929 2698 999 qui
2739 930 3021 990 locutionis
3059 943 3113 991 et
3150 936 3339 1010 lingui:
3373 943 3491 999 vitio
3519 962 3689 1020 careat,

2156 1016 2395 1088 profecto
2420 1020 2665 1076 mentiar.
2695 1021 2777 1077 Me
2802 1024 2943 1081 enim
2973 1027 3144 1097 ipsum
3167 1071 3182 1095 ,
3209 1032 3291 1087 cui
3319 1051 3496 1107 magna
3533 1016 3687 1102 neces;

2154 1110 2281 1164 sitas
2314 1109 2412 1166 fuit
2438 1112 2538 1168 ista
2565 1114 2899 1186 perdiscere,
2930 1119 3107 1179 adhuc
3141 1122 3195 1179 in
3234 1118 3687 1194 multis'verhorum

2154 1203 2302 1259 sonis
2323 1204 2436 1259 Itali
2458 1208 2760 1278 exagitant;
2792 1219 2846 1266 et
2866 1227 2897 1266 a
2919 1228 3005 1268 me
3032 1213 3294 1287 vicissim,
3319 1220 3452 1292 quod
3470 1226 3530 1280 ad
3549 1227 3687 1298 ipsum

2154 1312 2341 1379 sonum
2372 1300 2595 1368 attinet,
2637 1302 3119 1371 reprehenduntur.
3159 1309 3313 1366 Aliud
3341 1322 3420 1370 est
3446 1316 3571 1374 enim
3594 1337 3690 1379 esse

2153 1396 2302 1453 arte,
2348 1388 2487 1445 aliud
2521 1403 2678 1465 gente
2711 1409 2978 1451 securum.
3020 1397 3361 1460 Soloecismos
3397 1382 3557 1464 anteiit
3582 1427 3687 1483 quos

2153 1476 2407 1550 dicimus,
2437 1481 2663 1539 fortasse
2689 1484 2914 1557 quisque
2940 1487 3131 1545 doctus
3155 1490 3430 1564 diligenter
3453 1476 3686 1559 attendens

2152 1571 2205 1628 in
2236 1576 2476 1632 oratione
2503 1592 2623 1633 mea
2654 1581 2917 1649 reperiet;
2956 1599 3060 1639 non
3096 1587 3243 1643 enim
3282 1589 3442 1648 defuit
3475 1595 3553 1664 qui
3582 1598 3686 1654 mihi

2153 1669 2405 1725 nonnulla
2450 1668 2752 1739 hujusmodi
2804 1674 2927 1731 vitia
2978 1673 3150 1747 ipsum
3191 1678 3491 1740 Ciceronem
3531 1684 3686 1747 fecisse

2153 1760 2470 1829 peritissime
2497 1764 2842 1834 persuaserit.
2878 1765 3334 1827 Barbaristnorum
3367 1784 3527 1832 autent
3551 1794 3686 1850 genus

2152 1855 2349 1910 nostris
2375 1856 2705 1925 temporibus
2730 1858 2834 1914 tale
2854 1871 3187 1930 compertum
3211 1873 3313 1928 est,
3340 1875 3396 1921 ut
3413 1875 3462 1922 et
3483 1867 3580 1939 ipsa
3594 1870 3687 1940 ejus

2153 1947 2325 2002 oratio
2366 1945 2589 2003 barbara
2626 1948 2899 2019 videatur,
2927 1967 3030 2023 qua
3060 1952 3230 2009 Roma
3257 1966 3453 2013 servata
3481 1968 3568 2015 est.
3602 1961 3685 2017 Sed

2152 2046 2232 2113 tu,
2257 2041 2576 2112 contemptis
2603 2041 2717 2097 istis
2742 2042 2821 2097 vel
2845 2043 3139 2113 puerilibus
3163 2046 3340 2113 rebus,
3368 2048 3447 2104 vel
3466 2050 3523 2106 ad
3545 2062 3587 2108 te
3602 2068 3683 2109 non

2154 2129 2567 2202 pertinentibus,
2599 2131 2667 2185 ita
2696 2134 3056 2204 grammatica:
3084 2150 3225 2205 pene
3250 2135 3470 2195 divinam
3492 2142 3584 2197 vim
3615 2159 3685 2197 na-

2155 2230 2438 2293 turamque
2462 2224 2756 2294 cognoscis,
2785 2233 2842 2279 ut
2864 2225 2980 2295 ejus
3001 2227 3243 2283 animam
3269 2230 3505 2299 tenuisse,
3532 2248 3684 2305 corpus

2155 2313 2434 2383 reliquisse
2459 2312 2675 2369 disertis
2700 2315 2947 2372 videaris.

2224 2404 2315 2461 46.
2356 2405 2468 2461 lloc
2493 2407 2652 2462 etiam
2687 2406 2756 2462 de
2788 2409 2995 2463 caeteris
3023 2407 3329 2479 hujusmodi
3363 2414 3543 2468 artibus
3566 2413 3681 2469 dixe.

2156 2496 2254 2550 rim
2281 2513 2295 2548 :
2323 2512 2456 2568 quas
2476 2498 2522 2553 si
2551 2498 2759 2567 penitus
2789 2498 3012 2555 fortasse
3035 2503 3357 2568 contemnis,
3383 2502 3608 2561 admone»
3625 2514 3678 2570 te,

2154 2597 2414 2658 quantum
2440 2586 2577 2642 illius
2597 2587 2787 2652 audeo,
2815 2600 3186 2660 quantumque
3208 2593 3474 2663 permittis,
3494 2605 3543 2649 ut
3559 2592 3680 2650 fidem

2156 2682 2309 2736 istam
2350 2690 2521 2747 tuam,
2567 2696 2726 2753 quam
2768 2684 3087 2739 venerandis
3129 2685 3396 2758 mysteriis
3433 2686 3677 2760 percepisti,

2155 2772 2308 2828 firme
2331 2783 2591 2844 cauteque
2618 2774 2921 2843 custodias;
2949 2774 3147 2834 deinde
3179 2788 3235 2833 ut
3262 2778 3314 2834 in
3340 2779 3431 2834 hac
3452 2780 3539 2834 vita
3559 2792 3679 2853 atque

2156 2867 2394 2922 moribus
2413 2876 2719 2923 constanter
2739 2868 3127 2940 vigilanterque
3146 2871 3465 2942 permaneas.
3483 2872 3678 2930 Derebtts

2153 2967 2332 3012 autem
2354 2955 2768 3025 obscurissimis,
2795 2967 2849 3014 et
2873 2967 3051 3016 tamen
3074 2960 3294 3029 divinis,
3324 2963 3556 3035 quomodo
3570 2964 3676 3020 Dens

2154 3059 2210 3106 et
2237 3051 2370 3106 nihil
2396 3051 2518 3107 mali
2548 3051 2740 3119 faciat,
2771 3061 2826 3108 et
2853 3052 2923 3108 sit
2946 3054 3326 3125 omnipotens,
3353 3063 3405 3111 et
3429 3063 3545 3112 tanta
3567 3056 3670 3111 mafa

2154 3142 2314 3210 flant;
2342 3152 2396 3200 et
2422 3144 2508 3200 cui
2536 3144 2676 3201 bono
2705 3146 2958 3201 ntundum
2988 3145 3219 3216 fecerit,
3251 3149 3340 3220 qui
3369 3162 3460 3205 non
3485 3156 3575 3205 erat
3601 3144 3667 3203 in-

2152 3235 2341 3308 digus;
2388 3246 2443 3292 et
2481 3246 2655 3294 utrum
2686 3253 2899 3310 semper
2928 3239 3087 3295 fuerit
3117 3243 3318 3299 malum
3339 3284 3356 3311 ,
3396 3258 3455 3299 an
3489 3252 3671 3313 tianpnre

2154 3328 2411 3398 cmperit;
2441 3338 2515 3396 et,
2543 3330 2588 3384 si
2613 3345 2824 3400 semper
2848 3330 2963 3397 fuit,
2995 3342 3176 3389 utrutn
3205 3334 3306 3388 sub
3330 3335 3589 3392 conditione
3601 3332 3673 3391 Dei

2154 3419 2315 3478 fuerit
2345 3440 2358 3475 :
2384 3433 2466 3487 et,
2506 3423 2549 3477 si
2590 3423 2716 3489 fuit,
2760 3436 2936 3479 utrum
2963 3425 3126 3480 etiam
3161 3427 3260 3482 iste
3289 3425 3497 3483 mundus
3513 3439 3676 3497 semper

2153 3514 2331 3580 fuerit,
2352 3515 2403 3569 in
2421 3530 2526 3586 quo
2545 3514 2671 3571 illud
2698 3517 2891 3571 malum
2916 3515 3311 3574 divinn'ordiue
3329 3518 3673 3580 dontiuarctur';

2154 3605 2198 3660 si
2224 3616 2399 3660 autem
2430 3606 2516 3661 hic
2542 3607 2770 3663 mundus
2798 3607 3081 3678 aliquando
3104 3623 3231 3666 esse
3256 3611 3442 3684 erepit,
3466 3604 3676 3683 quouiodo

2153 3708 2437 3770 antequam
2481 3710 2655 3770 esset,
2702 3711 2963 3772 potestate
2994 3702 3087 3757 Dei
3122 3704 3320 3759 malum
3351 3704 3613 3769 tenebatur;
3636 3709 3676 3755 et

2154 3789 2280 3859 quid
2313 3805 2446 3860 opus
2480 3804 2593 3846 erat
2624 3792 2878 3848 mundum
2908 3792 3193 3862 fabricari,
3221 3811 3327 3868 quo
3361 3794 3537 3850 malum
3570 3789 3677 3865 quod

2148 3877 2259 3949 jam
2285 3879 2376 3935 Dei
2406 3890 2639 3953 potestas
2666 3881 2924 3951 frenabat,
2952 3883 3019 3939 ad
3048 3900 3236 3956 pinnas
3261 3887 3532 3941 animarum
3552 3880 3678 3937 inclu-

2142 3964 2404 4038 deretur;
2436 3972 2480 4027 si
2514 3985 2693 4029 autem
2733 3975 2831 4030 fuit
2864 3984 3073 4046 tempus
3100 3993 3212 4048 quo
3247 3977 3344 4034 sub
3378 3977 3460 4033 Dei
3493 3972 3677 4031 dominio

2154 4063 2349 4119 malum
2375 4078 2481 4119 non
2503 4071 2638 4132 erat,
2666 4064 2792 4138 quid
2817 4066 2993 4122 subito
3016 4067 3231 4133 accidit,
3260 4069 3395 4139 quod
3422 4084 3506 4140 per
3526 4074 3675 4122 acterna

2153 4163 2297 4210 retro
2344 4164 2581 4228 tempora
2631 4173 2735 4212 non
2781 4159 3065 4215 acciderat.
3110 4152 3181 4217 In
3213 4161 3324 4217 Deo
3359 4161 3488 4217 enim
3526 4170 3676 4215 novum

2153 4247 2421 4302 exstitisse
2444 4249 2721 4304 consilium
2743 4292 2759 4316 ,
2787 4267 2854 4307 ne
2882 4250 3054 4306 dicam
3082 4246 3326 4323 impium,
3352 4252 3677 4324 ineptissimum

2152 4348 2232 4394 est
2258 4340 2455 4396 dicere.
2486 4341 2540 4394 Si
2571 4352 2749 4397 autem
2778 4344 3138 4413 importunum
3166 4345 3361 4412 fuisse,
3388 4354 3439 4400 et
3456 4344 3583 4416 quasi
3601 4342 3675 4396 iut-

2153 4432 2377 4503 probum
2411 4433 2610 4489 malum
2643 4434 2751 4490 Deo
2788 4436 3051 4501 dicimus,
3097 4438 3239 4509 quod
3283 4436 3505 4495 nonnulli
3537 4433 3679 4492 existi-

2154 4530 2334 4590 tnant,
2374 4522 2483 4592 jam
2524 4539 2683 4580 nemo
2723 4525 2911 4582 doctus
2953 4528 3119 4584 risura
3160 4529 3389 4598 tenebit,
3430 4542 3568 4584 nemo
3597 4540 3678 4579 non

2154 4614 2486 4671 succensebit
2527 4616 2790 4673 indoctus.
2829 4620 2963 4688 Quid
3008 4622 3150 4677 enim
3196 4622 3363 4695 potuit
3398 4621 3497 4677 Deo
3525 4630 3679 4676 nocere

2154 4705 2276 4759 mali
2308 4707 2488 4762 nescio
2526 4724 2628 4780 qua
2668 4709 2755 4764 illa
2786 4713 3012 4767 natura?
3040 4714 3097 4770 Si
3124 4714 3268 4771 enim
3294 4714 3468 4772 dicunt
3500 4727 3587 4767 non
3608 4722 3679 4779 po-

2157 4797 2352 4864 tuisse,
2387 4800 2675 4858 fabricandi
2707 4806 2891 4860 ntundi
2929 4822 3086 4863 causa
3118 4825 3223 4864 non
3258 4811 3358 4866 erit
3384 4802 3399 4864 ‘:
3424 4807 3465 4863 si
3488 4803 3678 4880 patuisse

2154 4887 2369 4959 dicunt,
2412 4891 2729 4963 inexpiabile
2767 4894 2917 4952 uetas
2953 4906 3036 4953 est
3069 4897 3235 4955 Deum
3275 4886 3549 4954 violabitetu
3584 4907 3676 4947 ετο-

2154 4978 2317 5046 dere;
2346 4997 2447 5038 nec
2474 4978 2781 5052 itasaltetu,
2809 4996 2870 5042 ut
2893 4987 2974 5044 vel
3001 4988 3195 5045 virtute
3221 4987 3511 5059 providerit,
3534 4999 3590 5040 ne
3602 4994 3675 5036 sua

2138 5070 2446 5129 substantia
2496 5075 2802 5133 violaretur.
2854 5077 3089 5152 Namque
3127 5076 3363 5135 animam
3411 5090 3575 5150 poema
3612 5071 3678 5126 Ιιίο

2156 5166 2389 5237 pendere
2414 5167 2677 5238 fatentur,
2717 5188 2838 5228 cum
2878 5174 3015 5229 inter
3036 5172 3154 5244 ejus
3176 5184 3230 5231 et
3257 5173 3343 5230 Dei
3378 5165 3672 5228 substantiam

2157 5260 2290 5314 nihil
2318 5263 2481 5319 velint
2505 5266 2725 5321 omnino
2751 5266 2968 5323 distare.
3001 5265 3059 5322 Si
3083 5276 3260 5322 autem
3289 5252 3441 5322 istunt'
3464 5256 3672 5318 uiantium

2157 5368 2264 5408 non
2290 5352 2483 5411 factum
2511 5355 2770 5423 dicamus,
2800 5359 3021 5432 impium
3049 5370 3130 5416 est
3150 5370 3306 5433 atque
3328 5358 3565 5441 ingratum
3579 5362 3673 5441 cro-

2157 5444 2307 5515 dere,
2339 5463 2407 5505 ne
2436 5446 2563 5505 illud
2588 5461 2855 5522 sequatur,
2880 5430 3031 5525 quod
3057 5454 3195 5510 Deus
3218 5430 3335 5509 eum
3362 5434 3461 5507 non
3486 5430 3669 5505 febrim

2158 5538 2396 5612 rit:ergo
2420 5539 2487 5596 de
2513 5540 2596 5597 his
2619 5552 2776 5614 atque
2799 5545 3095 5616 hujusmodi
3120 5543 3292 5610 rebus,
3306 5526 3400 5599 aut
3414 5536 3578 5597 ordine
3598 5528 3671 5591 illo

2158 5628 2489 5697 eruditionis,
2504 5641 2597 5688 aut
2611 5634 2759 5689 nullo
2772 5636 2932 5691 motio
2946 5637 3227 5710 quidquam
3241 5626 3576 5705 requirentium
3585 5630 3664 5680 εθι-

2158 5745 2250 5858 "a;
2248 5750 2400 5861 £13.,
2416 5746 2744 5861 άᾶηιεεανεεισ.
2756 5751 2831 5805 Sic
2847 5753 2992 5833 etiam
3014 5758 3086 5815 Er.
3101 5738 3323 5821 at
