3844 6280
94 304 195 365 l0l1

90 412 267 473 CAPUT
300 408 480 469 XVIII.
521 441 596 452 —
637 410 746 478 Quo
787 408 965 465 ordine
1007 406 1179 463 animo
1223 403 1514 476 provehitur
1553 404 1621 458 ad

138 509 433 583 cognitionem
457 505 541 561 sui
580 514 630 560 et
668 504 825 575 ipsius
848 490 1094 558 unitatis.
1145 500 1331 556 0min
1371 501 1425 555 in
1463 516 1621 555 totum

136 604 327 658 tendunt.

139 696 208 751 l7.
244 691 303 748 Et
328 704 394 746 ne
427 688 709 760 quisquam
749 687 1065 744 latissimum
1100 687 1299 759 aliquid
1338 701 1437 744 nos
1468 701 1617 743 com-

90 788 229 855 pletos
248 796 357 838 esse
380 782 692 845 arbitretur,
719 778 823 836 hoc
841 778 961 834 dico
980 777 1187 849 planius
1205 787 1364 850 atque
1385 778 1614 835 brevius.

91 878 147 934 Ad
168 876 357 931 istamm
379 886 565 928 rerum
593 870 946 941 cognitionem
972 870 1241 926 neminem
1269 868 1503 939 aspirare
1524 867 1618 926 de-

88 970 181 1024 bere
203 966 302 1021 sine
329 963 413 1018 illa
441 963 598 1034 quasi
629 962 822 1035 duplici
860 961 1083 1018 scientia
1118 961 1273 1018 bona:
1301 961 1616 1031 disputatio-

90 1062 169 1123 nis.
198 1057 530 1128 potentiaeque
560 1069 925 1112 numerorum.
954 1054 1009 1111 Si
1040 1054 1160 1125 quis
1182 1055 1344 1111 etiam
1371 1055 1471 1110 hoc
1501 1053 1619 1125 plu-

89 1153 233 1205 rimum
272 1154 445 1218 putat,
496 1146 647 1201 solos
691 1159 944 1200 numeros
991 1145 1192 1215 optime
1240 1148 1478 1213 noverit,
1525 1154 1619 1201 aut

90 1242 210 1298 solam
245 1238 595 1295 dialecticam.
641 1238 695 1295 Si
732 1246 790 1294 ει
824 1237 928 1295 boc
965 1237 1229 1294 inﬁnitum
1259 1247 1377 1306 est,
1409 1247 1615 1296 tantum

89 1334 266 1406 perfecte
287 1332 415 1387 sciat
438 1330 571 1401 quid
600 1332 668 1386 sit
692 1346 852 1386 unum
884 1330 937 1386 in
969 1332 1226 1398 numeris,
1254 1342 1616 1404 quantumque

88 1428 241 1493 valeat;
264 1425 492 1482 nondum
521 1425 576 1480 in
607 1425 691 1479 illa
717 1439 923 1481 summa
948 1424 1065 1495 lege
1088 1439 1404 1497 summoque
1428 1427 1614 1484 ordine

90 1536 221 1576 rerum
240 1518 484 1579 omnium,
514 1515 614 1572 sed
644 1516 696 1573 itt
726 1516 792 1570 iis
817 1531 939 1587 qua:
966 1515 1201 1583 quotidie
1227 1518 1424 1587 passim
1450 1519 1615 1572 senti-

88 1626 170 1666 mus
198 1619 335 1681 atque
368 1608 605 1679 agimus.
646 1606 857 1677 Excipit
895 1607 1037 1662 enim
1081 1605 1219 1662 hanc
1256 1608 1611 1664 eruditionem

84 1704 161 1775 iam
184 1703 278 1774 ipsa
304 1700 650 1774 philoSophite
689 1700 999 1772 disciplina,
1031 1708 1087 1756 et
1125 1701 1177 1756 iu
1218 1717 1279 1758 ea
1320 1701 1452 1775 nihil
1493 1703 1611 1774 plus

88 1793 238 1853 ittvettit
258 1809 402 1864 quam
432 1792 563 1857 quid
596 1792 666 1846 sit
695 1807 880 1855 unum,
906 1789 1002 1847 sed
1039 1791 1194 1863 longe
1226 1791 1388 1847 altius
1427 1793 1607 1865 longe-

90 1904 160 1959 que
172 1885 383 1943 divinius.
408 1885 578 1954 Cujus
599 1884 795 1956 duplex
814 1885 1038 1956 qu.cstio
1057 1895 1139 1940 est
1162 1901 1175 1939 :
1200 1901 1303 1941 una
1322 1884 1388 1941 de
1410 1886 1606 1951 anima,

90 1980 208 2035 altera
231 1978 286 2034 de
313 1979 437 2035 Deo.
478 1977 667 2034 Prima
708 1977 869 2033 cflicit
909 1987 964 2032 ut
1001 1978 1357 2048 nosmetipsos
1394 1978 1607 2035 noverio

93 2086 198 2136 mus;
219 2069 386 2134 altera,
418 2077 476 2124 ut
500 2068 766 2140 originem
793 2078 1049 2123 nostram.
1084 2068 1184 2123 Illa.
1208 2069 1362 2124 nobis
1382 2069 1605 2135 dulcior,

92 2160 158 2215 ista
184 2160 395 2224 charior;
437 2160 528 2215 illa
571 2176 673 2215 nos
708 2159 898 2230 dignos
932 2158 1085 2215 beata
1114 2161 1253 2227 vita,
1281 2161 1465 2215 beatos
1494 2161 1609 2215 ha-c

94 2252 200 2317 bril;
225 2251 369 2322 prima
399 2261 484 2308 est
510 2251 600 2307 illa
626 2250 987 2317 discentibus,
1021 2250 1117 2306 ista
1139 2251 1250 2321 jam
1279 2251 1471 2308 doctis.
1513 2251 1609 2307 llic

91 2343 266 2398 estordo
287 2344 577 2398 studiorum
615 2343 919 2414 sapientum
947 2357 1044 2413 per
1083 2358 1241 2414 quem
1283 2342 1341 2398 tit
1382 2344 1606 2415 quisque

92 2434 253 2488 idrurus
273 2433 332 2487 ad
357 2433 760 2505 intelligendum
799 2432 1040 2490 ordinem
1070 2448 1278 2498 rerum,
1311 2432 1362 2488 id
1387 2444 1499 2500 est,
1539 2435 1606 2491 ad

92 2523 401 2590 digniscendos
433 2524 572 2579 duos
602 2524 859 2591 mundos,
893 2533 949 2580 et
977 2525 1149 2596 ipsum
1181 2533 1452 2596 parentem
1482 2528 1605 2581 uni-

90 2617 320 2683 unitatis;
364 2622 515 2684 cujus
563 2616 712 2672 nulla
757 2615 979 2672 scientia
1022 2626 1105 2673 est
1148 2617 1199 2672 in
1247 2618 1458 2683 anima,
1503 2618 1604 2675 nisi

91 2708 186 2762 scire
205 2708 442 2778 quomodo
466 2722 592 2763 eum
625 2708 845 2763 nesciat.

136 2799 200 2856 i8.
232 2799 363 2856 lianc
387 2801 548 2872 igitur
573 2800 819 2856 ordinem
856 2809 1043 2857 tenens
1077 2802 1252 2857 anima
1286 2802 1397 2873 jam
1426 2804 1603 2874 philo-

92 2890 233 2960 sophia:
257 2890 463 2957 tradita,
510 2892 690 2962 primo
730 2892 958 2963 seipsam
999 2894 1210 2965 inspicit
1243 2912 1257 2950 :
1294 2907 1347 2951 et
1383 2898 1464 2950 cui
1491 2896 1603 2965 jun

92 2979 149 3034 illa
177 2981 370 3038 eruthio
410 2984 713 3053 persuasit,
760 2994 851 3039 aut
888 2998 1068 3047 suam,
1108 2996 1198 3041 aut
1226 2988 1454 3059 seipsam
1482 3003 1603 3045 esse

91 3072 310 3144 manem,
338 3076 387 3133 in
413 3078 625 3135 ratione
655 3088 831 3135 autem
859 3090 950 3136 aut
988 3082 1120 3137 nihil
1159 3098 1279 3138 esse
1320 3085 1510 3140 melius
1548 3095 1603 3141 et

91 3169 286 3232 potentius
318 3171 585 3237 numeris,
629 3182 723 3228 aut
760 3173 892 3228 nihil
934 3174 1076 3230 aliud
1120 3191 1278 3243 quam
1318 3193 1597 3234 numerum

89 3271 173 3312 esse
190 3263 441 3328 tationem;
470 3264 542 3318 ita
571 3279 757 3320 sucum
778 3265 1026 3335 loquetur
1051 3283 1063 3318 :
1095 3267 1206 3336 ligo
1225 3268 1454 3340 quodam
1479 3286 1600 3326 meo

89 3358 197 3403 tanta
212 3348 424 3410 interiore
446 3365 501 3411 et
523 3356 738 3411 occulto
754 3398 769 3419 ,
800 3371 865 3411 ea
892 3372 1011 3428 qua:
1041 3356 1295 3414 discenda
1321 3370 1442 3415 sunt
1469 3376 1596 3432 pos-

91 3453 182 3495 sunt
208 3443 460 3504 d’ttrcrucre
494 3456 554 3504 et
581 3460 937 3516 connectere,
968 3459 1018 3505 et
1050 3449 1166 3506 haec
1202 3451 1280 3506 vis
1310 3467 1423 3506 mea
1464 3454 1599 3509 ratio

95 3538 279 3588 tueatur.
296 3534 407 3605 Quid
430 3548 613 3594 autem
642 3538 1051 3595 discernendum
1079 3550 1181 3606 cst,
1214 3542 1312 3597 nisi
1337 3543 1476 3613 quod
1506 3554 1598 3600 aut

92 3635 216 3677 unum
231 3635 406 3695 putatur
427 3640 481 3685 et
508 3645 619 3685 non
645 3638 749 3697 est,
779 3641 869 3685 aut
897 3641 1042 3686 certe
1069 3647 1172 3687 non
1199 3641 1305 3688 tam
1332 3650 1493 3689 unutn
1515 3645 1597 3692 est

88 3724 204 3779 quam
221 3720 433 3784 putatur?
458 3719 615 3783 Item,
644 3735 741 3774 cur
763 3720 888 3791 quid
912 3722 1337 3778 connectendum
1363 3734 1466 3792 εει,
1495 3726 1595 3783 nisi

90 3812 264 3861 atuuuut
283 3809 380 3872 fiat.
402 3824 659 3883 quantum
687 3813 901 3883 potest?
925 3813 1069 3885 Ergo
1092 3823 1149 3871 et
1172 3815 1225 3869 in
1243 3815 1596 3873 discernendo

90 3896 181 3949 etin
200 3905 565 3971 connectendo,
609 3920 772 3960 unum
812 3906 964 3972 volo,
1003 3916 1059 3963 et
1095 3921 1259 3962 unum
1302 3923 1442 3963 amo.
1488 3910 1595 3967 Sed

88 3994 433 4067 mmdiscerno,
473 4010 792 4071 purgatum;
834 4018 956 4058 cum
992 4012 1281 4071 connecto,
1328 4005 1592 4075 integrum

89 4082 185 4139 mlo.
209 4086 254 4142 In
276 4090 354 4146 ilia
382 4102 529 4163 parte
557 4094 795 4149 vitantur
822 4094 1017 4158 aliena,
1050 4096 1102 4151 in
1132 4095 1233 4152 hac
1264 4099 1475 4169 propria
1505 4115 1596 4153 co-

90 4172 296 4244 pulantur.
324 4193 377 4237 ut
418 4200 582 4242 unum
624 4185 820 4258 aliquid
865 4185 1157 4257 perfectum
1200 4188 1311 4244 fiat.
1353 4188 1511 4260 Lapis
1537 4197 1597 4244 ut

89 4271 346 4343 manus.
371 4293 559 4335 omnes
596 4278 714 4349 ejus
747 4288 962 4351 partes,
992 4283 1274 4353 omnisque
1312 4294 1502 4338 natura
1539 4284 1592 4338 itt

87 4371 199 4419 tum
218 4368 415 4425 solidata
440 4380 543 4428 est.
574 4372 709 4440 Quid
739 4373 938 4429 arbor?
963 4388 1142 4430 nonne
1177 4377 1338 4431 arbor
1375 4392 1481 4432 non
1509 4392 1598 4434 es-

85 4460 165 4520 εεί,
189 4457 225 4513 ti
246 4475 336 4516 una
359 4478 462 4519 non
489 4465 671 4521 esset?
698 4464 834 4534 Quid
876 4466 1112 4522 membra
1153 4466 1436 4535 cujuslibet
1476 4468 1592 4524 ani-

87 4547 226 4601 mantis
258 4565 314 4607 ac
347 4553 569 4623 viscera,
592 4564 647 4613 ει
685 4555 940 4627 quidquid
985 4566 1069 4613 est
1109 4572 1295 4614 eorum
1334 4574 1367 4615 e
1403 4560 1596 4629 quibus

86 4642 268 4693 resistat?
291 4642 438 4703 Certe
475 4648 520 4702 si
562 4649 775 4704 unitatis
814 4648 1082 4719 patiantur
1122 4649 1442 4721 divortium,
1486 4669 1593 4710 non

86 4724 351 4786 eritaaintal.
381 4737 544 4793 Amici
572 4738 698 4810 quid
723 4739 864 4794 aliud
890 4756 1049 4812 quam
1070 4756 1234 4799 unum
1254 4758 1374 4800 esse
1396 4734 1594 4801 conan-

85 4816 175 4906 tur?
196 4816 249 4874 Et
271 4836 455 4892 quanto
482 4829 648 4899 magis
674 4846 858 4897 unum,
893 4840 1040 4888 tanto
1070 4835 1236 4906 magis
1263 4836 1417 4893 amici
1446 4848 1589 4893 sunt.

86 4900 261 4974 Pupulus
284 4930 377 4970 una
404 4919 584 4976 civitas
608 4931 689 4979 est
708 4963 723 4987 ,
751 4922 834 4978 cui
864 4933 946 4979 est
975 4900 1267 4996 periculosa
1291 4926 1588 4985 dissensio:

86 4998 176 5063 ιιιύά
193 5015 259 5061 est
280 5020 441 5067 autem
466 5013 766 5083 dissentire,
796 5016 898 5072 nisi
929 5033 1033 5073 non
1060 5034 1221 5074 unum
1249 5021 1483 5078 sentire?
1511 5023 1592 5080 Ex

87 5092 223 5187 multis
256 5101 498 5162 militibus
540 5109 597 5164 fit
638 5124 774 5164 unus
815 5111 1084 5167 exercitus
1120 5130 1134 5167 :
1173 5128 1350 5170 nonne
1394 5118 1594 5187 qumvis

90 5185 308 5276 {littltiunlo
328 5209 389 5250 eo
411 5197 581 5256 minus
600 5201 846 5267 vincitur,
874 5218 980 5275 quo
1003 5205 1169 5276 magis
1195 5206 1247 5262 in
1273 5185 1433 5263 unum
1453 5210 1593 5266 coit?

90 5268 205 5335 Unde
232 5280 520 5354 ipsa'cttitio
560 5292 611 5347 in
655 5307 815 5348 unum
837 5336 853 5363 ,
890 5268 1118 5352 cuneus.
1140 5299 1444 5356 nominatus
1487 5311 1589 5368 est,

92 5370 202 5436 quasi
224 5390 450 5451 cannons.
481 5384 612 5452 Quid
646 5401 798 5442 amor
824 5390 1036 5445 omnis?
1075 5406 1251 5450 nonne
1291 5408 1452 5449 unum
1483 5395 1597 5451 vult

94 5453 183 5554 ﬁeri
195 5458 377 5527 ulm'eo
396 5474 531 5545 quod
556 5487 716 5545 amat,
743 5487 797 5535 ει
822 5479 864 5535 si
891 5479 940 5536 ei
966 5482 1255 5554 contingat,
1282 5500 1444 5541 unum
1470 5499 1593 5543 cum

95 5559 144 5648 ﬁo
161 5549 492 5648 Illioluptas
512 5566 623 5638 ipsa
649 5584 753 5624 non
783 5570 853 5627 ob
878 5571 1019 5627 aliud
1047 5549 1277 5630 delectat
1302 5576 1593 5637 vehemen-

95 5636 299 5741 llns,
319 5654 451 5725 quod
472 5636 695 5715 amantia
720 5675 836 5720 sese
866 5680 1090 5737 corpora
1121 5666 1172 5722 in
1201 5681 1360 5722 unum
1391 5682 1592 5741 cogun-

99 5736 174 5790 ωτι
200 5735 332 5800 Dolor
356 5745 486 5803 unde
510 5750 828 5821 perniciosus
858 5735 978 5814 est?
1008 5755 1141 5827 Quia
1171 5758 1222 5814 id
1252 5760 1391 5833 quod
1433 5735 1594 5820 unum

1376 288 1583 349 LIBER
1617 284 1991 349 SECUNDUS.

3182 307 3327 374 £018

1726 413 1863 463 erat.
1894 403 2149 465 dissicere
2172 408 2357 468 nititur
2381 414 2422 468 ⁸.

1725 495 1952 554 CAPUT
1982 496 2124 555 XIX.
2150 530 2223 543 —-
2246 501 2419 560 Homo
2454 507 2587 563 unde
2623 508 2781 567 brutis
2810 514 3164 585 praemia,
3191 531 3321 588 quo

2149 595 2300 652 modo
2337 600 2492 670 possit
2517 602 2682 659 ridere
2711 603 2891 662 Daune.

1797 683 1941 756 Ergo
1967 686 2251 744 molestum
2279 698 2337 746 et
2369 694 2725 763 periculosum
2748 707 2866 768 est,
2903 714 3025 758 cum
3057 715 3129 760 eo
3148 717 3317 767 unum

1725 773 1838 831 ﬁeri
1869 777 2012 848 quod
2040 783 2278 849 separari
2310 792 2501 853 potest.

1794 867 1888 924 49.
1918 868 1999 924 Ex
2022 871 2207 927 multis
2225 872 2386 930 rebus
2412 878 2609 946 passim
2634 889 2758 938 ante
2777 881 3098 956 iacentibus,
3121 885 3318 950 deinde

1725 959 1778 1016 in
1810 978 1968 1019 unam
2010 962 2237 1022 formam
2274 972 2646 1042 congregatis,
2692 991 2851 1032 uuam
2895 978 3031 1036 facio
3069 979 3316 1042 domum.

1722 1053 1908 1112 Melior
1931 1072 2031 1128 ego
2051 1100 2067 1125 ,
2094 1058 2358 1131 siquidem
2382 1078 2482 1134 ego
2508 1064 2675 1133 facio,
2706 1067 2794 1125 illa
2831 1071 2891 1127 lit
2921 1088 2938 1127 :
2966 1073 3088 1132 ideo
3121 1077 3316 1137 melior

1721 1147 1846 1220 quia
1885 1150 2048 1219 facio;
2080 1168 2186 1209 non
2218 1153 2439 1212 dubium
2469 1165 2554 1213 est
2586 1158 2710 1216 inde
2755 1177 2841 1220 me
2877 1180 2998 1223 esse
3037 1142 3313 1231 meliorem

1721 1257 1880 1314 quam
1904 1243 2098 1302 domus
2121 1255 2223 1302 est.
2251 1247 2357 1305 Sed
2382 1264 2489 1306 non
2514 1251 2641 1308 inde
2663 1269 2779 1310 sum
2801 1258 2992 1314 melior
3009 1260 3310 1332 hirundine,

1720 1344 1815 1392 aut
1839 1338 2080 1407 apicula;
2113 1355 2235 1396 nam
2266 1350 2322 1399 et
2356 1342 2441 1399 illa
2481 1345 2637 1401 nidos
2668 1346 2870 1406 all'abre
2905 1353 3095 1422 struit,
3131 1364 3187 1413 et
3221 1357 3314 1417 illa

1720 1429 1870 1486 favos
1898 1450 1912 1488 :
1940 1432 2033 1489 sed
2063 1433 2146 1489 bis
2170 1433 2380 1499 melior,
2411 1437 2534 1507 quia
2566 1438 2824 1496 rationale
2849 1441 3045 1500 animal
3073 1460 3212 1503 sum.
3242 1449 3317 1507 At

1718 1525 1764 1580 si
1799 1525 1851 1581 in
1882 1526 2011 1582 ratis
2045 1526 2468 1587 dimensionibus
2506 1531 2645 1588 ratio
2683 1541 2799 1600 est;
2843 1537 3223 1607 numquidnam
3258 1552 3317 1600 et

1717 1632 1845 1673 aves
1880 1618 2020 1688 quod
2052 1618 2345 1689 fabricant,
2379 1622 2558 1679 minus
2583 1632 2707 1691 apte
2731 1636 3190 1701 congruenterque
3226 1632 3313 1689 dio

1717 1723 1962 1765 mensum
2005 1711 2128 1766 est?
2175 1712 2288 1768 Imo
2334 1716 2829 1771 mtnterosissimutn
2876 1726 2978 1773 εει.
3022 1718 3137 1775 Non
3185 1736 3316 1795 ergo

1716 1818 1999 1859 numerosa
2027 1805 2290 1873 faciendo,
2314 1806 2410 1864 sed
2432 1822 2688 1864 numeros
2712 1811 3102 1880 cognoscendo,
3126 1813 3316 1872 melior

1714 1911 1854 1952 sum.
1900 1899 2036 1966 Quid
2067 1901 2232 1971 ergo?
2279 1901 2385 1957 illa:
2427 1902 2730 1958 nescientes
2772 1903 2985 1973 operari
3030 1921 3314 1965 numerosa

1715 1992 1999 2060 poterant?
2024 1992 2277 2049 Puterant
2303 1994 2562 2064 profecto.
2589 1994 2743 2052 Unde
2772 1996 2823 2051 id
2851 1996 3113 2054 docetur?
3140 1999 3221 2056 Ex
3244 2016 3313 2059 eo

1712 2083 1852 2153 quod
1883 2098 1980 2139 nos
2006 2100 2218 2155 quoque
2255 2086 2420 2141 certis
2457 2085 2881 2142 dimensiouibus
2919 2088 3148 2161 linguam
3177 2091 3317 2149 den-

1714 2175 1854 2229 tibus
1889 2186 1944 2231 ct
1982 2177 2161 2246 palato
2184 2179 2670 2246 accommodamus,
2703 2189 2758 2234 ut
2787 2196 2853 2237 ex
2882 2197 2979 2237 ore
3017 2182 3207 2241 littera:
3244 2202 3310 2243 ac

1711 2269 1872 2323 verba
1902 2280 2283 2341 prorumpunt,
2325 2287 2425 2328 nec
2459 2283 2635 2329 tamen
2668 2273 2961 2345 cogitamus
2984 2289 3104 2329 cum
3131 2276 3308 2347 loqui-

1712 2360 1851 2422 mur,
1884 2376 1990 2431 quo
2023 2371 2168 2417 motu
2196 2364 2305 2417 oris
2334 2364 2384 2418 id
2414 2365 2588 2420 facere
2616 2364 2926 2421 debeamus.
2960 2365 3160 2422 Deinde
3186 2369 3309 2439 quis

1712 2450 1890 2507 bonus
1914 2461 2184 2518 cantator,
2218 2454 2376 2509 etiam
2412 2455 2456 2509 si
2487 2455 2705 2511 musicae
2742 2456 2814 2510 sit
2848 2457 3154 2527 imperitus,
3196 2474 3305 2515 non

1711 2544 1829 2616 ipso
1854 2561 2016 2602 sensu
2044 2548 2272 2602 naturali
2298 2555 2351 2602 et
2376 2547 2684 2620 rhythmum
2714 2556 2769 2606 et
2797 2550 2969 2605 melos
2998 2561 3304 2621 perceptum

1711 2639 1966 2693 memoria
2000 2639 2264 2695 custodiat
2293 2640 2344 2694 in
2374 2639 2658 2695 canendo?
2685 2655 2792 2711 quo
2815 2640 2942 2711 quid
2971 2640 3085 2697 Ilcri
3114 2657 3304 2699 nume-

1709 2730 1882 2785 rosius
1909 2732 2121 2801 potest?
2167 2731 2278 2787 Hoc
2314 2732 2483 2788 nescit
2520 2731 2795 2797 indoctus,
2827 2731 2922 2788 sed
2959 2741 3137 2788 tamen
3182 2734 3307 2792 facit

1707 2832 1960 2891 cperaute
1987 2832 2194 2880 natura.
2225 2825 2449 2893 Quando
2475 2835 2651 2881 autem
2692 2825 2910 2893 melior,
2940 2834 2994 2881 et
3023 2826 3305 2897 pecoribus

1710 2916 2135 2986 praeponendos?
2160 2917 2383 2985 Quando
2403 2918 2549 2972 novit
2573 2917 2714 2988 quod
2742 2916 2885 2973 facit.
2917 2918 2982 2973 At
3006 2916 3135 2973 nihil
3157 2918 3302 2975 aliud

1706 3023 1794 3063 me
1822 3010 1995 3079 pecori
2026 3012 2287 3080 praeponit
2307 3052 2320 3066 .
2352 3012 2452 3067 nisi
2478 3011 2619 3083 quod
2650 3011 2907 3067 rationale
2932 3013 3127 3068 animal
3157 3028 3296 3069 sum.

1774 3100 1864 3155 50.
1896 3101 2175 3167 Quomodo
2205 3102 2363 3174 igitur
2393 3103 2707 3158 immortalis
2731 3111 2814 3158 est
2839 3103 2993 3167 ratio,
3025 3113 3080 3159 et
3104 3119 3204 3173 ego
3223 3103 3301 3160 si-

1706 3192 1817 3247 mul
1847 3200 1900 3246 ct
1935 3193 2195 3249 rationale
2232 3203 2284 3249 ct
2312 3194 2535 3250 mortale
2577 3194 2826 3267 quiddam
2869 3209 2990 3251 esse
3033 3195 3304 3252 dclinior?

1705 3286 1786 3339 An
1813 3284 1952 3340 ratio
1977 3301 2081 3339 non
2109 3294 2187 3341 est
2219 3286 2569 3341 immortalis?
2607 3285 2714 3342 Sed
2742 3302 2904 3341 unum
2943 3285 3010 3342 ad
3041 3286 3177 3353 duo,
3209 3289 3293 3344 vel

1704 3375 1811 3429 duo
1840 3375 1905 3430 ad
1934 3384 2188 3446 quatuor,
2207 3377 2483 3432 verissima
2514 3376 2650 3432 ratio
2678 3384 2761 3432 est
2791 3394 2805 3430 :
2831 3391 2931 3432 nec
2972 3378 3141 3449 magis
3180 3378 3300 3436 heri

1703 3466 1801 3522 fuit
1830 3469 1928 3523 ista
1970 3468 2106 3523 ratio
2147 3484 2268 3522 vera
2298 3484 2457 3538 quam
2492 3468 2684 3533 hodie;
2718 3484 2818 3525 nec
2847 3469 3016 3539 magis
3049 3485 3171 3524 cras
3207 3480 3301 3527 aut

1702 3568 1823 3631 post
1845 3576 2040 3615 annum
2066 3561 2167 3616 erit
2198 3576 2355 3627 vera;
2386 3577 2485 3617 nec
2509 3562 2554 3616 si
2581 3562 2757 3616 omnis
2785 3562 2885 3617 iste
2916 3559 3145 3617 mundus
3164 3576 3296 3619 cou-

1700 3652 1870 3718 cidat,
1917 3655 2111 3724 poterit
2150 3655 2248 3709 ista
2282 3655 2421 3711 ratio
2452 3669 2554 3710 non
2584 3671 2727 3712 esse.
2759 3654 2863 3711 Ista
2900 3656 3042 3711 enim
3085 3671 3301 3728 semper

1703 3745 1822 3801 talis
1842 3755 1922 3803 est
1940 3763 1955 3813 ;
1978 3746 2207 3803 mundus
2229 3758 2407 3804 autem
2429 3748 2530 3804 iste
2551 3765 2651 3805 nec
2677 3748 2795 3805 heri
2827 3748 3029 3816 habuit,
3059 3765 3158 3806 nec
3176 3765 3298 3807 cras

1700 3834 1916 3892 habebit
1951 3838 2092 3908 quod
2138 3838 2296 3894 habet
2344 3838 2530 3905 hodie,
2579 3854 2681 3893 nec
2723 3838 2985 3895 hodierno
3026 3838 3142 3908 ipso
3168 3839 3289 3906 die,

1700 3930 1785 3985 vel
1826 3932 2000 4000 spatio
2032 3932 2189 3986 unius
2226 3930 2372 3986 borm
2396 3931 2585 3986 eodem
2614 3930 2736 3985 loco
2760 3929 2929 3985 solem
2961 3930 3183 3985 habuit:
3217 3931 3290 3987 ita

1698 4035 1822 4077 cum
1849 4022 1900 4076 in
1927 4038 1993 4078 eo
2023 4022 2154 4077 nihil
2183 4031 2394 4087 manet,
2422 4021 2553 4077 nihil
2578 4021 2662 4075 vel
2688 4036 2851 4091 parvo
2875 4020 3048 4090 spatio
3074 4029 3287 4089 tempo-

1701 4113 1775 4169 ris
1802 4115 1921 4169 babs
1942 4121 1964 4166 ι
1986 4113 2172 4169 eodem
2200 4112 2380 4167 modo.
2412 4110 2594 4184 Igitur,
2608 4111 2652 4165 si
2681 4109 2997 4166 immortalis
3021 4119 3104 4166 est
3129 4112 3288 4176 ratio,

1699 4213 1755 4261 et
1781 4218 1881 4277 ego
1908 4205 1996 4276 qui
2027 4205 2123 4261 ista
2153 4204 2330 4260 omnia
2359 4204 2444 4260 vel
2472 4201 2718 4259 discerno
2741 4202 2827 4259 vel
2854 4212 3115 4258 counecto
3134 4245 3148 4267 ,
3196 4218 3283 4257 ra-

1700 4297 1777 4353 tio
1801 4298 1955 4361 sum;
1983 4296 2111 4353 illud
2140 4312 2246 4367 quo
2274 4297 2500 4352 mortale
2525 4295 2796 4368 appellor,
2836 4307 2941 4350 non
2976 4302 3059 4351 est
3086 4308 3288 4349 meum.

1702 4391 1829 4454 Aut,
1859 4390 1903 4444 si
1932 4389 2107 4444 anima
2138 4405 2243 4444 nou
2272 4388 2323 4443 id
2349 4397 2432 4444 est
2449 4387 2591 4458 quod
2618 4387 2779 4455 ratio,
2804 4395 2858 4441 et
2886 4397 3061 4440 tamen
3087 4385 3293 4442 ratione

1702 4490 1851 4546 utor,
1891 4489 1947 4538 et
1987 4495 2083 4553 per
2118 4481 2380 4536 rationem
2425 4479 2615 4536 melior
2656 4493 2805 4545 sum;
2848 4493 2877 4531 a
2916 4477 3183 4534 deteriore
3223 4478 3291 4535 ad

1700 4575 1923 4643 melius,
1955 4589 1985 4629 a
2014 4574 2226 4629 mortali
2254 4573 2320 4628 ad
2349 4573 2649 4628 immortale
2685 4571 3120 4643 fugiendum’cst.
3164 4570 3290 4628 llaec

1698 4677 1754 4725 et
1772 4668 1871 4723 alia
1897 4667 2063 4721 multa
2091 4680 2275 4721 secum
2297 4664 2474 4719 anima
2503 4664 2641 4720 bene
2664 4662 2872 4719 erudita
2911 4663 3142 4735 loquitur
3165 4705 3179 4727 ,
3209 4671 3291 4719 at-

1698 4776 1804 4832 que
1830 4761 1993 4831 agitat
2018 4777 2032 4814 :
2060 4774 2182 4831 qua:
2209 4757 2454 4829 persequi
2485 4756 2645 4822 uolo,
2673 4772 2741 4813 ne
2768 4772 2892 4812 cum
2920 4755 3164 4812 ordinem
3196 4770 3294 4813 ros

1698 4851 1894 4908 docere
1916 4840 2099 4921 cupio.
2125 4848 2344 4904 modum
2371 4842 2646 4917 escedam,
2670 4848 2759 4921 qui
2787 4858 2939 4919 pater
2958 4844 3044 4905 est
3064 4848 3288 4904 ordin’s.

1699 4944 1971 5002 Gradatim
2000 4943 2141 4998 enim
2170 4957 2262 5009 se,
2290 4952 2345 4998 et
2390 4942 2457 4996 ad
2501 4956 2680 4997 mores
2720 4941 2990 5014 vitamque
3028 4940 3283 5011 optimam

1698 5052 1805 5094 non
1826 5037 1935 5107 jam
1956 5035 2068 5093 sola
2095 5033 2197 5091 fide
2216 5076 2232 5098 ,
2263 5033 2358 5090 sed
2382 5042 2525 5090 certa
2554 5033 2761 5089 ratione
2790 5033 3047 5105 perducit.
3069 5032 3164 5088 Cui
3188 5048 3285 5087 uu-

1701 5145 1967 5186 merorum
1999 5128 2105 5184 vim
2133 5135 2296 5200 atque
2322 5126 2615 5200 potentiam
2652 5127 2936 5200 diligenter
2960 5127 3180 5182 intuenti
3209 5125 3291 5178 ni-

1701 5223 1805 5278 mis
1832 5221 2104 5293 indignum
2136 5221 2404 5277 videbitur
2427 5229 2482 5277 et
2511 5221 2669 5276 nimis
2700 5220 2931 5277 ﬂendqu
2953 5260 2969 5285 ,
3019 5234 3113 5289 per
3137 5231 3287 5271 snam

1700 5317 1976 5374 scientiam
1994 5332 2208 5373 versum
2226 5316 2366 5373 bene
2385 5330 2602 5372 currere
2616 5314 2979 5382 citharamque
2988 5308 3291 5375 conciuere,

1700 5417 1756 5467 et
1777 5425 1930 5468 suam
1966 5410 2132 5466 vitam
2170 5423 2333 5481 seque
2376 5408 2546 5480 ipsam
2575 5422 2693 5479 qua:
2720 5404 2896 5462 anima
2921 5409 3032 5467 est,
3077 5397 3290 5453 devium

1764 5589 1785 5622 ⁸
1800 5593 1931 5649 non,
1950 5583 2228 5640 discindere
2237 5583 2423 5649 nititur.
2436 5589 2531 5644 an,
2543 5580 2784 5649 digiigere.
2799 5576 2929 5649 δραι,
3231 5577 3294 5649 :tt

1702 5635 1884 5701 mret
1898 5635 2529 5712 aerumnosam;
2556 5635 2802 5712 disicere.
2822 5635 3291 5712 ρωσιετιιξειιξειο

1705 5696 2435 5781 auctoribus
2453 5696 3041 5781 observantemdili
3058 5727 3075 5755 ο
3098 5699 3150 5752 ει
3184 5704 3292 5746 ωε*

1701 5769 2057 5838 nu'ea-iptorum
2079 5785 2173 5836 ape
2195 5769 2370 5839 pmim
2389 5769 2666 5820 restituunt.
