3804 6420
547 456 650 512 iter
674 451 862 522 sequi,
909 457 965 505 et
1003 447 1311 505 dominante
1341 445 1440 502 sibi
1484 443 1734 509 libidine,
1782 456 1904 498 cum
1944 440 2139 512 turpis-

544 548 684 622 simo
710 561 770 606 se
793 543 1040 604 vitiorum
1067 540 1296 610 snepitn
1314 538 1612 597 dissonare.

616 641 708 696 5i.
738 638 871 694 Cum
897 645 1082 698 autem.
1113 649 1174 696 se
1209 632 1574 702 composuerit
1595 639 1656 688 et.
1676 629 2002 685 ordinaverit
2021 670 2035 693 ,
2068 642 2132 682 ac

518 729 869 798 concinnam
930 727 1312 798 pulchramque
1373 722 1697 788 reddiderit,
1757 721 1976 780 audebit
2029 722 2136 789 jam

547 825 716 882 Deum
744 822 956 885 videre,
986 831 1144 890 atque
1168 821 1340 890 ipsum
1377 818 1584 878 fontem.
1605 815 1747 886 unde
1784 824 1958 874 manat
1981 828 2142 872 omne

513 977 520 983 .
547 931 767 986 letum.
797 916 1077 985 ipsumque
1105 913 1320 974 Patrem
1337 909 1608 982 Veritatis.
1631 909 1770 968 Deus
1799 921 1990 978 magne
2009 947 2024 971 ,
2053 906 2141 976 qtti

521 1069 523 1072 ,
555 1016 716 1078 erant
747 1006 820 1061 illi
847 1006 985 1065 oeuli
1010 1007 1025 1060 l
1055 1019 1212 1074 quam
1242 1002 1388 1066 sani,
1416 1016 1574 1072 quam
1615 999 1825 1062 decori.
1855 1013 2012 1066 quam
2053 1010 2143 1056 va-

527 1167 529 1170 ι
553 1099 727 1166 lentes
745 1138 764 1165 ,
790 1112 948 1168 quam
974 1103 1284 1162 constantes
1307 1135 1322 1159 ,
1351 1107 1510 1162 quam
1533 1091 1706 1150 sereni
1734 1131 1747 1150 ,
1779 1103 1938 1159 quam
1966 1087 2138 1148 beati!

519 1257 523 1264 ί
561 1190 699 1264 Quid
727 1198 904 1245 autem
936 1198 1017 1242 est
1045 1187 1169 1241 illud
1199 1184 1337 1256 quod
1373 1183 1583 1238 vident?
1612 1176 2144 1250 qttiil,qn.i-so?Quid

552 1282 874 1354 arbitremur
892 1321 907 1343 ,
936 1277 1060 1350 quid
1082 1278 1440 1339 :estimemus,
1467 1272 1595 1344 quid
1619 1271 1933 1343 loquamur?
1962 1269 2148 1337 Quoti-

552 1373 710 1449 diatta
735 1371 893 1426 verba
924 1379 1238 1434 occurrunt,
1269 1377 1324 1423 et
1348 1366 1614 1421 sordidata
1643 1372 1766 1417 sunt
1793 1364 1970 1418 omnia
2004 1361 2148 1431 vilis-

550 1447 700 1539 simis
726 1463 911 1518 rebtts.
945 1460 1084 1524 Nihil
1112 1459 1339 1530 amplius
1359 1456 1564 1528 dicant,
1597 1455 1696 1510 nisi
1730 1454 1960 1527 prntttitti
1993 1451 2145 1508 nobis

554 1543 830 1632 astiectum
869 1551 1306 1624 pulchritudinis,
1352 1549 1508 1620 cujus
1551 1547 1844 1602 imitatione
1888 1545 2142 1616 pulchra,

558 1649 714 1716 cujus
742 1645 1138 1714 comparatione
1188 1642 1324 1700 foeda
1382 1650 1505 1716 sunt
1558 1650 1771 1696 cirtera.
1813 1639 1958 1693 llanc
2001 1637 2149 1708 quis-

559 1740 678 1812 quis
733 1739 926 1796 viderit
974 1736 1194 1801 (videbit
1239 1743 1418 1790 autem
1467 1733 1555 1808 qui
1611 1733 1744 1786 bene
1787 1731 1915 1804 vivit
1945 1772 1958 1792 .
2013 1729 2150 1796 bene

555 1841 700 1896 orat,
753 1832 886 1886 bene
929 1827 1389 1900 studi-t),quando
1435 1842 1554 1882 eum
1604 1825 1830 1880 movebit
1877 1838 1973 1879 cur
2015 1824 2150 1877 alius

557 1931 744 1996 optans
771 1923 967 1996 habere
995 1921 1131 1992 filios
1158 1937 1262 1975 non
1286 1920 1474 1994 haheat
1493 1960 1508 1986 ,
1534 1918 1668 1976 alius
1697 1917 2028 1972 abundantes
2051 1931 2149 1972 cx-

558 2025 748 2087 ponat.
793 2016 930 2070 alius
977 2014 1152 2082 oderit
1200 2014 1528 2073 nasrituros.
1558 2011 1739 2081 diligat
1771 2011 1908 2064 alias
1953 2019 2146 2082 natos:

557 2108 825 2184 quomodo
856 2124 958 2163 non
987 2115 1242 2178 repugnet
1273 2105 1402 2159 nihil
1434 2103 1665 2176 futurum
1693 2118 1812 2158 esse
1831 2143 1845 2162 ,
1874 2101 2016 2173 quod
2045 2116 2149 2156 non

559 2203 627 2258 sit
651 2201 785 2270 apuJ
821 2201 1003 2260 Deum.
1029 2216 1092 2254 ex
1119 2214 1222 2270 quo
1246 2212 1466 2254 necesse
1491 2205 1570 2252 est
1598 2194 1786 2268 ordine
1810 2195 1985 2247 omnia
2010 2193 2145 2256 fieri,

559 2301 612 2346 et
637 2303 809 2346 tamen
834 2309 935 2346 non
966 2291 1157 2346 frustra
1184 2291 1348 2344 Deum
1374 2288 1585 2358 rogari?
1613 2286 1910 2348 Postremo,
1936 2285 2149 2357 quando

556 2384 752 2454 justum
779 2384 947 2436 virum
978 2381 1266 2437 movebunt
1296 2388 1386 2434 aut
1417 2379 1522 2432 ulla
1546 2393 1729 2442 onera,
1760 2387 1852 2431 aut
1879 2376 1980 2431 ulla
2008 2377 2149 2452 peri-

559 2476 675 2531 cula
695 2516 708 2535 ,
735 2485 824 2529 aut
853 2475 956 2529 ulla
986 2472 1215 2538 fastidia,
1246 2483 1336 2525 aut
1359 2471 1463 2524 ulla
1496 2469 2149 2526 blandiuietita‘lbrtttnie?

560 2567 616 2623 ltt
646 2568 748 2622 hoc
776 2567 915 2622 enim
943 2563 1178 2620 sensibili
1209 2563 1409 2619 mundo
1439 2562 1781 2618 vehementer
1807 2560 2152 2616 Consideran-

559 2659 685 2714 dum
711 2666 791 2712 est
833 2655 958 2734 quid
989 2656 1058 2710 sit
1088 2664 1295 2723 tempus
1341 2663 1391 2712 et
1432 2653 1617 2716 locus;
1651 2662 1708 2705 ut
1752 2650 1892 2722 quod
1925 2650 2154 2708 delectat

562 2750 614 2804 itt
646 2755 793 2818 parte
813 2788 826 2810 ,
858 2747 970 2800 sive
1001 2745 1099 2820 loci
1123 2787 1136 2808 ,
1165 2745 1276 2799 sive
1304 2743 1589 2812 temporis,
1625 2741 1948 2811 intelligatur
1975 2749 2150 2800 tamen

561 2841 727 2896 ntulto
751 2854 870 2895 esse
896 2839 1086 2916 melius
1119 2845 1283 2890 totum
1311 2878 1326 2902 ,
1359 2839 1508 2904 cujus
1535 2833 1618 2888 illa
1652 2847 1772 2904 pars
1795 2842 1911 2897 est;
1945 2842 1997 2885 et
2031 2848 2150 2896 rur-

567 2947 681 2998 sus,
710 2930 852 3002 quod
899 2928 1120 2985 offendit
1160 2928 1214 2992 in
1261 2937 1441 3008 parte,
1467 2925 1806 3008 perspicuum
1845 2924 1913 2978 sit
1956 2924 2155 2979 homini

559 3024 750 3098 docto,
781 3039 884 3079 non
914 3022 982 3078 ob
1011 3020 1156 3078 aliud
1187 3003 1492 3082 offendere,
1523 3015 1622 3070 nisi
1650 3017 1769 3086 quia
1811 3031 1914 3068 ttott
1949 3014 2156 3069 videtur

561 3128 765 3183 totum,
793 3117 878 3171 cni
911 3132 1030 3186 pars
1060 3116 1145 3172 illa
1174 3111 1489 3167 mirabiliter
1510 3108 1756 3178 congruit
1782 3127 1794 3160 :
1829 3108 1880 3161 in
1913 3106 2003 3160 illo
2029 3121 2156 3161 vero

563 3209 763 3267 mundo
807 3189 1150 3277 intelligibili,
1201 3203 1492 3276 quamlibet
1518 3212 1718 3270 partem
1741 3240 1755 3263 ,
1788 3209 2035 3267 tanquam
2068 3208 2154 3274 to-

563 3311 674 3358 tum
699 3342 712 3360 .
742 3299 1013 3368 pulchram
1039 3311 1158 3352 esse
1189 3302 1347 3364 atque
1374 3293 1659 3362 perfectam
1683 3291 1699 3323 ¹
1723 3329 1738 3344 .
1764 3290 2015 3345 Dicentur
2056 3291 2155 3346 ista

564 3391 742 3464 latius,
767 3390 812 3444 si
840 3397 1013 3443 vestra
1040 3386 1212 3441 studia
1234 3385 1345 3438 sive
1366 3394 1715 3438 memoratum
1745 3383 1898 3437 istum
1920 3399 1950 3437 a
1977 3384 2151 3450 nobis,

563 3483 676 3538 sive
710 3481 870 3534 alium
902 3479 1129 3533 fortasse
1171 3476 1465 3532 breviorem
1498 3484 1655 3544 atque
1695 3475 2113 3532 commodiorem
2136 3518 2152 3542 ,

568 3581 771 3652 rectum
821 3579 996 3626 tamen
1039 3567 1278 3626 ordinem
1300 3609 1315 3633 ,
1349 3575 1404 3622 ut
1447 3571 1629 3646 hortor
1657 3581 1719 3620 ac
1747 3582 1938 3636 spero,
1972 3576 2157 3650 tenere

567 3643 924 3732 instituerint,
953 3671 1110 3744 atque
1134 3661 1352 3718 omnino
1379 3643 1618 3731 graviter
1634 3669 2046 3742 constanterque
2073 3635 2152 3717 ie-

570 3759 800 3815 nuerint.

618 3872 843 3933 CAPUT
871 3870 992 3928 XX.
1023 3900 1094 3912 ——
1116 3867 1364 3940 Epilogus
1390 3868 1599 3922 hortans
1622 3867 1690 3922 ad
1719 3868 1900 3923 bonam
1929 3869 2102 3924 vitam.

640 3966 730 4024 52.
777 3964 928 4032 Quod
971 3972 1032 4022 ut
1053 3963 1208 4020 nobis
1236 3963 1418 4020 liceat.
1452 3975 1659 4014 summa
1685 3974 1846 4029 opera
1874 3960 2047 4016 danda
2072 3970 2156 4018 est

566 4058 781 4129 cptitnis
809 4057 1080 4119 moribus;
1129 4054 1268 4109 Deus
1293 4053 1435 4108 enim
1465 4061 1646 4106 noster
1673 4051 1830 4108 aliter
1855 4066 1953 4118 nos
1988 4067 2153 4114 exau-

567 4150 682 4208 dire
705 4166 809 4204 non
842 4149 1070 4218 poterit:
1093 4147 1228 4203 bene
1249 4157 1426 4202 autem
1456 4144 1693 4200 viventes
1720 4144 1967 4199 facillime
1987 4161 2153 4202 exau-

569 4241 676 4298 diet
706 4241 754 4313 (l
788 4240 1038 4303 Relract.,
1062 4255 1107 4293 ο.
1137 4240 1190 4302 5,
1223 4255 1274 4291 η.
1307 4237 1385 4308 5).
1413 4235 1641 4292 Oremus
1659 4250 1812 4306 ergo,
1847 4251 1951 4290 non
1979 4246 2036 4291 ut
2061 4253 2158 4292 tto-

565 4334 649 4391 bis
675 4333 870 4389 divitia:
888 4373 902 4396 ,
933 4331 1012 4388 vel
1044 4330 1292 4391 honores,
1326 4329 1408 4384 vel
1441 4328 1744 4398 bujusmodi
1773 4343 1858 4384 res
1884 4327 2042 4384 nunc
2071 4336 2153 4384 at-

565 4440 671 4495 que
707 4433 988 4486 nutantes,
1021 4430 1076 4477 et
1114 4421 1303 4492 quovis
1335 4421 1616 4476 resistente
1657 4428 2028 4486 transeuntes,
2059 4420 2156 4482 sed

565 4527 626 4573 ut
665 4531 727 4571 ea
758 4515 1100 4586 proveniant,
1133 4529 1252 4583 qua:
1282 4527 1380 4568 nos
1406 4511 1576 4566 bonos
1602 4510 1798 4566 faciant
1840 4525 1906 4566 ac
1947 4511 2151 4567 beatos.

568 4610 698 4679 Quae
741 4618 860 4662 vota
899 4617 958 4665 ut
1001 4607 1342 4663 devotissime
1387 4605 1734 4676 impleantur,
1787 4604 1881 4661 tibi
1924 4605 2156 4664 maxime

570 4703 672 4758 hoc
701 4701 995 4771 negotium,
1021 4710 1210 4767 mater,
1241 4700 1598 4771 injungimus:
1629 4700 1780 4768 cujus
1807 4700 2051 4769 precibus
2076 4701 2156 4758 in-

570 4793 872 4850 dubitanter
899 4792 1062 4850 credo
1090 4803 1249 4864 atque
1272 4793 1534 4852 confirmo
1561 4791 1692 4848 mihi
1722 4793 1876 4852 istam
1917 4802 2154 4848 mentem

573 4886 740 4943 Deum
777 4885 1103 4949 dedisse,rut
1131 4885 1464 4943 invenienda:
1505 4883 1715 4939 veritati
1763 4882 1892 4937 nihil
1935 4883 2155 4938 omnino

572 4989 914 5048 pra-ponam,
961 4973 1089 5032 niltil
1131 4974 1272 5030 aliud
1314 4975 1504 5043 velim,
1553 4974 1681 5033 nihil
1709 4974 1973 5044 cogitem,
2019 4972 2153 5028 nihil

635 5109 653 5140 ι
676 5113 736 5172 Er
749 5113 800 5157 et
821 5114 960 5166 νεα,
973 5104 1428 5172 quamlibetpartem
1451 5110 1595 5156 totam
1616 5102 1869 5170 pulchram
1889 5115 1992 5154 esse
2013 5107 2154 5172 atque

486 5192 500 5200 ει
571 5171 858 5242 perfectam.
885 5167 1014 5242 bovi.
1041 5167 1296 5242 quernum
1314 5176 1504 5242 partem
1520 5206 1536 5230 ,
1561 5167 1789 5232 tanquam
1810 5172 1990 5227 totum,
2012 5171 2158 5216 totam

570 5230 827 5300 pulbhram
1005 5230 1281 5312 perfectum.
1311 5230 1366 5314 it.

1296 329 1386 387 DE
1424 322 1790 396 SEQUENTE
1831 317 2040 384 LlBllO
2079 315 2172 374 DE
2211 313 2450 372 ΔΝΙΜΑΞ
2487 312 3068 371 DIMORTALITATE.

2243 451 2438 494 amem.
2480 435 2588 496 Nec
2615 436 2803 494 desino
2837 437 3061 498 credere
3085 452 3180 493 nos
3206 435 3305 494 hoc
3338 445 3520 502 tantum
3555 443 3745 514 bonum,

2245 531 2386 603 quod
2418 539 2468 588 te
2497 540 2832 600 promerente
2861 530 3252 600 concupivimus
3271 571 3284 597 ,
3312 533 3479 588 eadem
3505 544 3550 591 te
3577 548 3748 606 petente

2246 624 2548 693 adeptnros.
2594 623 2711 679 Jam
2743 640 2869 678 vero
2899 633 2982 690 te,
3035 623 3215 696 Alypi,
3259 625 3377 694 quid
3415 627 3610 684 horter?
3650 635 3749 702 quid

2248 717 2539 776 moneam?
2582 716 2680 785 Qui
2714 724 2994 787 prottterea
3029 715 3222 772 nimius
3251 732 3348 772 non
3389 733 3472 780 es,
3511 721 3616 790 quia
3655 725 3749 779 [alia

2248 809 2586 881 quantumvis
2609 822 2815 872 amare,
2861 806 3084 864 fortasse
3109 822 3314 878 semper
3337 823 3508 880 parum
3525 850 3540 876 ,
3577 813 3748 870 nimium

2250 916 2381 958 vero
2406 916 2670 971 nunquam
2700 909 2843 962 recte
2861 898 2968 956 dici
2999 907 3190 968 potest.

2322 992 2410 1048 55.
2457 991 2550 1046 llic
2593 991 2715 1048 ille:
2750 990 2887 1056 Vere
2912 989 3130 1056 eﬂ'ecisti
3149 1031 3162 1053 .
3194 989 3390 1060 inquit,
3416 1000 3472 1047 nt
3503 999 3748 1052 memoriam

2253 1082 2686 1147 doctissimorum
2703 1097 2766 1139 ac
2791 1096 3102 1150 magnorum
3129 1081 3380 1150 virorum.
3405 1099 3514 1153 qna:
3533 1084 3749 1153 aliquando

2253 1191 2353 1246 pro
2381 1191 2560 1234 rerum
2586 1174 2947 1239 magnitudine
2968 1174 3290 1230 incredibilis
3306 1174 3572 1244 videbatur,
3596 1187 3640 1232 et
3656 1195 3748 1248 quo-

2253 1268 2447 1323 tidiana
2476 1266 2920 1330 consideratione,
2952 1275 3008 1332 et
3029 1266 3128 1332 ista
3156 1266 3395 1336 praisenti
3419 1283 3524 1335 qttze
3551 1269 3596 1322 iti
3620 1281 3660 1324 te
3681 1286 3749 1326 no.

2253 1358 2334 1415 bis
2359 1369 2444 1416 est
2467 1359 2850 1423 admiratione,
2896 1375 3002 1414 ttutt
3044 1359 3220 1414 solum
3247 1358 3449 1413 dubiam
3490 1376 3581 1415 non
3607 1362 3748 1418 habea-

2255 1467 2394 1520 mus,
2421 1468 2608 1507 verum
2630 1453 2788 1508 etiam
2805 1494 2821 1517 ,
2853 1452 2896 1508 si
2924 1465 3142 1518 necesse
3168 1450 3265 1518 sit,
3299 1449 3366 1508 de
3390 1451 3468 1505 illa
3490 1450 3643 1522 jnrare
3660 1470 3748 1526 pos-

2256 1544 2441 1600 simus.
2473 1544 2609 1611 Quid
2644 1542 2833 1604 enim?
2875 1542 3027 1597 nobis
3074 1557 3251 1608 llOttll_e
3289 1541 3373 1598 illa
3418 1545 3680 1607 venerabilis
3706 1563 3750 1603 ac

2256 1653 2421 1708 prope
2446 1637 2622 1692 divina
2642 1679 2656 1700 ,
2707 1653 2826 1704 qua:
2847 1637 2966 1705 jure
2989 1645 3045 1691 et
3084 1636 3263 1700 habita
3299 1645 3443 1697 estet
3473 1637 3654 1707 probata
3677 1639 3747 1710 Py-

2259 1723 2492 1788 thagora:
2530 1721 2809 1793 disciplina
2829 1763 2842 1784 ,
2873 1722 2968 1790 abs
3011 1730 3061 1784 te
3092 1720 3251 1778 hodie
3280 1721 3464 1776 nostris
3487 1721 3621 1775 etiam
3655 1738 3750 1790 pene

2259 1814 2424 1867 oculis
2442 1823 2678 1868 reserata
2697 1815 2809 1868 est‘
2834 1811 2969 1886 (Lib.
2994 1817 3018 1866 -ι
3046 1811 3288 1876 Retrt.c1.,
3305 1830 3410 1883 cap.
3430 1813 3476 1878 ’5,
3501 1793 3638 1889 ιιίᾷγέ
3657 1793 3765 1882 Cum,

2259 1912 2312 1958 et
2338 1906 2457 1957 vine
2486 1905 2718 1975 regulas,
2739 1913 2792 1958 et
2817 1903 3048 1972 scicntia:
3071 1919 3177 1958 non
3201 1914 3304 1956 tam
3323 1903 3489 1966 itinera
3505 1918 3631 1976 quam
3651 1909 3749 1975 iisiis

2259 2011 2505 2068 campos.
2535 2013 2598 2054 ac
2638 1996 2832 2069 liquida
2871 2013 3082 2066 teqnnra
3101 2037 3119 2061 ,
3151 2006 3204 2052 et
3233 1996 3366 2068 quod
3397 1996 3463 2050 illi
3486 1997 3582 2051 viro
3604 1996 3765 2069 magna}

2260 2090 2586 2148 venerationi
2617 2092 2739 2153 fuit,
2775 2091 2882 2159 ipsa
2915 2091 3074 2144 etiam
3103 2090 3332 2146 sacraria
3369 2089 3575 2144 veritatis
3598 2090 3664 2143 ubi
3691 2089 3765 2159 es-l

2261 2193 2409 2245 sent,
2441 2185 2612 2256 qualia
2643 2193 2842 2252 essent,
2869 2183 3054 2253 quales
3079 2191 3397 2252 qua-rercnt,
3425 2193 3473 2237 et
3498 2169 3691 2246 brevitrr,
3712 2191 3746 2237 et

2263 2277 2331 2330 ita
2366 2278 2520 2345 plene
2551 2275 2879 2346 signiﬁcasti.
2912 2284 2966 2328 ut
3002 2276 3247 2346 quamvis
3280 2276 3648 2345 stisliiretttttr,it
3669 2289 3746 2329 ere-

2262 2371 2450 2425 datnns
2480 2369 2572 2424 tibi
2607 2385 2725 2432 esse
2762 2369 2934 2426 adhuc
2963 2370 3283 2438 secretiora,
3308 2378 3469 2424 tamen
3498 2383 3584 2423 non
3606 2367 3745 2436 aquue

2265 2461 2584 2530 impudentia
2619 2478 2714 2524 nos
2747 2471 2989 2530 putemus
3009 2501 3024 2524 ,
3061 2461 3106 2516 si
3139 2461 3365 2531 amplius
3386 2460 3625 2531 quidquam
3646 2457 3746 2528 llagi~

2265 2555 2482 2608 tandum
2512 2554 2608 2608 alis
2631 2565 2680 2607 te
2705 2554 3042 2630 arbitremur.

2336 2647 2424 2703 54.
2451 2646 2666 2717 Accipio
2689 2647 2782 2700 ista
2805 2688 2820 2712 ,
2854 2645 3091 2716 inquam,
3119 2644 3196 2699 lib
3217 2652 3364 2699 tuter.
3388 2642 3546 2713 Neque
3565 2643 3744 2698 enitttme

2267 2745 2374 2793 tam
2419 2739 2576 2792 verba
2609 2747 2693 2791 tua
2717 2780 2732 2802 ,
2761 2753 2879 2808 qua!
2910 2752 3030 2791 vera
3063 2752 3172 2791 non
3205 2745 3358 2802 sunt,
3405 2750 3540 2802 quam
3574 2748 3690 2787 verus
3709 2733 3742 2785 in

2268 2829 2446 2885 verbis
2471 2833 2679 2884 animus
2705 2829 2933 2884 delectat
2951 2837 3110 2896 atque
3135 2828 3348 2882 excitat.
3380 2825 3432 2880 Et
3463 2825 3575 2880 bene
3595 2823 3694 2892 quod
3711 2821 3744 2874 ei

2269 2921 2479 2978 mittere
2515 2921 2797 2976 statuimus
2822 2919 2917 2976 has
2946 2918 3156 2974 litteras
3175 2961 3190 2979 .
3217 2918 3304 2988 qui
3330 2917 3392 2972 de
3429 2915 3556 2970 nobis
3574 2915 3675 2970 solet
3703 2913 3744 2968 ti-

2269 3015 2460 3071 bcnter
2479 3015 2642 3069 inulta
2668 3011 2904 3068 mentiri.
2931 3012 2985 3068 Si
3017 3013 3106 3082 qui
3138 3022 3315 3066 autem
3335 3010 3417 3064 alii
3439 3009 3619 3072 fortasse
3641 3007 3765 3082 lege-1

2268 3107 2404 3174 rint,
2445 3121 2618 3176 neque
2660 3105 2758 3162 hos
2808 3116 3019 3167 metuo.
3075 3121 3144 3160 tte
3186 3104 3278 3158 tibi
3325 3110 3616 3168 succenseant,
3646 3098 3765 3176 Quis1

2269 3201 2411 3256 enim
2442 3200 2669 3254 amantis
2702 3199 2874 3253 errori
2905 3198 2956 3253 itt
2983 3196 3277 3267 judirandn
3320 3213 3415 3264 non
3439 3191 3738 3260 bcucrnlettlis-

2270 3293 2406 3347 sime
2435 3289 2863 3362 ignoseit?Qnod
2887 3299 3062 3346 autem
3080 3288 3388 3360 Pythagora:
3416 3284 3663 3354 mentionem
3687 3282 3742 3333 le-

2269 3384 2386 3462 cisti
2414 3425 2429 3450 ,
2461 3383 2642 3442 nescio
2669 3397 2776 3452 quo
2815 3381 2915 3446 illo,
2950 3380 3137 3434 divino
3188 3378 3369 3446 ordine
3403 3375 3574 3438 accubo
3606 3371 3676 3425 tibi
3707 3371 3765 3458 ini

2270 3484 2502 3532 mentem
2532 3475 2740 3542 venisse
2776 3474 2958 3548 credo.
2995 3472 3102 3542 lies
3131 3473 3274 3528 enim
3302 3469 3499 3524 multum
3526 3462 3742 3528 necessaria

2271 3568 2400 3622 mihi
2429 3581 2646 3637 prorsus
2666 3565 2968 3634 exciderat,
2999 3580 3161 3632 quain
3194 3565 3246 3618 in
3273 3564 3359 3618 illo
3385 3563 3482 3615 viro
3500 3558 3554 3634 (si
3576 3554 3668 3625 quid
3687 3555 3742 3606 lit-

2271 3663 2398 3716 tct'is
2415 3660 2684 3716 mentorize
2701 3658 2962 3722 mandatis
2983 3656 3310 3713 credendum
3325 3662 3430 3716 est;
3449 3652 3639 3722 quamvis
3657 3645 3742 3698 ἴδη·-
3764 3651 3765 3722 ἦ

2268 3754 2384 3808 roni
2427 3752 2547 3823 quis
2576 3767 2681 3806 non
2707 3750 2967 3818 credat?)
2999 3766 3028 3801 n
3052 3748 3180 3804 irari
3224 3756 3278 3802 et
3323 3761 3442 3816 pene
3479 3737 3741 3812 qtnitidianis.

2269 3851 2330 3898 ut
2373 3844 2516 3910 scis,
2557 3843 2747 3902 efferre
2808 3842 3046 3896 laudibus
3095 3840 3248 3896 soleo
3288 3837 3449 3911 (lLid.
3476 3835 3511 3902 ),
3542 3830 3647 3904 quod
3687 3843 3744 3880 re-

2268 3935 2454 4007 gendae
2498 3934 2802 4004 reipublica:
2848 3931 3184 4001 disciplinam
3231 3931 3337 3984 suis
3369 3915 3745 3981 :IUdilUliiilleiii-

2271 4041 2411 4080 mam
2458 4026 2695 4082 tradebat
2737 4025 2846 4094 jam
2902 4021 3106 4087 doctis,
3144 4021 3256 4092 jam
3320 4017 3563 4091 pet-fertis,
3583 4015 3664 4083 jam
3683 4024 3741 4060 sa-

2271 4122 2570 4193 pienlibus,
2599 4120 2707 4190 jam
2751 4119 2935 4174 beatis.
2969 4117 3169 4172 Tantos
3195 4116 3264 4170 ibi
3301 4113 3432 4168 enim
3457 4111 3610 4164 ﬂuctus
3642 4101 3740 4154 vidc-

2269 4213 2379 4282 bat,
2414 4222 2472 4268 ut
2495 4212 2574 4268 eis
2590 4211 2754 4266 nollet
2795 4209 3128 4265 committere
3157 4206 3255 4262 nisi
3287 4204 3442 4259 virum
3470 4201 3542 4272 qni
3565 4206 3604 4252 el
3627 4196 3664 4248 in
3685 4207 3740 4244 re‘

2269 4305 2440 4377 gendo
2468 4319 2601 4374 pene
2630 4303 2806 4357 divine
2830 4300 3075 4369 scopulos
3114 4299 3354 4358 et'itat'ct,
3383 4302 3451 4357 el,
3469 4291 3505 4343 si
3531 4285 3663 4342 omnia
3681 4281 3743 4377 tle-

2269 4370 2557 4461 fecissent,
2590 4394 2703 4470 ipse
2725 4393 2828 4447 illis
2852 4392 3097 4446 ﬂuctibus
3121 4388 3268 4470 quasi
3294 4384 3522 4455 εευῃιιιυδ
3543 4379 3671 4452 una.
3693 4370 3742 4424 De

2269 4490 2382 4548 solo
2408 4490 2550 4546 enim
2576 4466 2812 4557 sapiente
2839 4485 3116 4542 verissime
3142 4466 3242 4537 dici
3270 4487 3460 4554 potest,

2393 4582 2478 4634 Ille
2501 4579 2638 4640 velut
2659 4578 2821 4642 pelagi
2848 4589 2997 4646 rupes
3019 4576 3229 4646 immoti,
3252 4571 3458 4646 τῳδίδὶᾕῇ

2269 4679 2322 4726 et
2345 4680 2537 4724 caetera
2565 4647 2682 4736 qua:
2711 4639 2989 4717 luculentis
3018 4643 3069 4714 iti
3103 4663 3236 4740 hanc
3261 4639 3548 4734 sententiam
3572 4639 3740 4740 "ff-"ii".r

2269 4762 2409 4836 dicta
2445 4727 2872 4828 ευηιῘῳΕηεξά..
2893 4752 2979 4806 lib.
3003 4752 3067 4811 τ,
3098 4727 3226 4828 ινφ-εἰ
3262 4727 3516 4813 535.589).
3555 4733 3630 4820 llic
3653 4727 3744 4836 tiri.

2270 4826 2641 4926 disputationis
2668 4847 2837 4922 factus
2863 4855 2946 4901 est
2963 4887 2976 4909 ,
3009 4826 3244 4922 laetisque
3265 4838 3493 4914 omnibus
3515 4842 3561 4887 et
3580 4826 3740 4900 multum

2268 4923 2607 5018 sperantibus
2635 4952 2944 4994 consessum
2973 4935 3295 5014 dimisimus,
3340 4926 3566 5004 centiam
3588 4923 3739 4972 Ιιουίυτ·

2266 5052 2396 5094 num
2425 5037 2600 5090 lumen
2625 5032 2810 5086 fuisset
2835 5029 3054 5083 illatum.

2264 5161 2449 5276 “tum;
2477 5169 2492 5208 :
2516 5151 2783 5219 Quidenim
2801 5150 2937 5205 nobis
2957 5163 3051 5202 non
3070 5149 3133 5202 de
3152 5147 3236 5202 iila
3257 5131 3735 5199 mobili-«rw

2299 5299 2303 5304 l
3483 5299 3716 5324 far

1366 5317 3480 5352 ————_———————_—.————_.———-————

2602 5331 2822 5343 ...-

761 5455 905 5572 nE
971 5497 1554 5585 SEQUENTE
1617 5497 1960 5569 LIBBO
2024 5496 2136 5566 DI

2263 5495 2633 5582 tNIME
2684 5471 3622 5578 ωιΜοιιΤΑιινιςΑτε,

661 5682 815 5745 Vide
849 5679 1075 5743 librum
1109 5680 1168 5749 1,
1205 5696 1339 5758 cap.
1371 5675 1412 5738 ὅ
1431 5722 1447 5748 ,
1479 5676 2023 5740 Retractationum
2042 5721 2058 5744 ,
2089 5673 2209 5739 col.
2248 5673 2518 5760 590-591
2537 5719 2554 5748 ,
2583 5693 2622 5736 α
2650 5669 2870 5742 verbis,
2904 5673 3052 5736 Post
3076 5651 3726 5755 librpsﬁolilpmlamﬁ'

573 5805 639 5846 η.
672 5787 731 5861 1,
762 5803 950 5862 usque
975 5783 1055 5847 ad
1082 5782 1269 5860 verba
1292 5789 1360 5845 η.
1387 5781 1448 5856 3,
1479 5780 1730 5846 Alicubi
1757 5785 1855 5860 est
1881 5777 2242 5866 disciplina.
