3804 6394
661 416 800 477 ίοὶδ

657 545 865 602 tempus
887 537 1129 584 movetur
1157 543 1171 581 :
1202 525 1268 581 ad
1297 525 1397 581 hoc
1425 525 1565 578 enim
1588 524 1817 595 pertinet
1839 519 2038 575 tardius
2063 526 2120 573 et
2143 533 2231 572 ce-

656 625 818 679 lerius
843 620 1041 676 ntoveri
1070 636 1083 672 :
1117 619 1395 673 conﬁcitur
1410 633 1528 671 esse
1551 613 1802 686 quiddam
1827 611 1967 683 quod
1995 620 2234 679 tempore

655 723 884 778 moveat,
919 728 1018 768 nec
1044 722 1217 767 tamen
1249 721 1496 766 tnutctur.
1530 709 1701 765 Omne
1730 717 1905 762 autem
1928 705 2066 776 quod
2099 714 2234 761 lem-

656 823 784 879 pore
810 813 988 862 movet
1023 817 1236 877 corpus,
1270 802 1475 856 tametsi
1522 800 1587 856 ad
1618 814 1780 854 unum
1823 798 1980 853 linem
2027 797 2226 863 tendat,

657 910 828 955 tamen
859 913 954 952 nec
975 897 1130 952 simul
1166 903 1342 966 potest
1373 895 1547 949 omnia
1579 893 1769 954 facere,
1804 907 1902 946 nec
1928 900 2099 962 potest
2127 905 2232 946 non

656 991 802 1062 plura
837 989 1006 1045 facere
1032 1004 1045 1040 :
1076 1003 1245 1057 neque
1267 985 1406 1041 enim
1424 986 1564 1040 valet
1588 985 1774 1054 quavis
1793 999 1895 1052 ope
1920 992 2122 1054 agatur,
2143 990 2233 1036 aut

657 1080 888 1152 perfecte
919 1094 1080 1132 ltlttlm
1105 1091 1246 1142 esse,
1268 1076 1407 1146 quod
1450 1076 1502 1131 in
1529 1082 1705 1146 partes
1731 1074 1900 1130 secari
1922 1080 2116 1143 potest,
2144 1081 2236 1128 aut

656 1173 820 1228 ullum
851 1172 1072 1226 estsine
1102 1170 1338 1239 partibus
1356 1184 1571 1236 corpus,
1603 1177 1693 1222 aut
1721 1168 1836 1222 sine
1856 1181 2125 1222 morarmn
2154 1166 2234 1220 in-

656 1267 875 1324 tervallo
901 1276 1128 1334 tempus,
1150 1272 1240 1318 aut
1262 1279 1391 1318 vero
1411 1262 1491 1317 vel
1514 1259 1823 1316 brevissima
1845 1260 2045 1331 syllaba
2067 1275 2235 1314 enun-

655 1359 846 1423 tietur,
878 1356 1028 1424 cujus
1067 1371 1171 1410 non
1216 1363 1342 1409 tunc
1385 1353 1541 1407 ﬁnem
1582 1351 1786 1415 audias,
1827 1365 1951 1404 eum
1977 1349 2085 1418 jam
2127 1363 2231 1403 non

654 1449 808 1505 audis
836 1449 1060 1502 initium.
1090 1447 1256 1502 Porro
1284 1444 1423 1515 quod
1445 1445 1523 1498 sic
1541 1443 1733 1514 agitur.
1762 1452 1812 1496 et
1839 1439 2234 1509 exspectatione

654 1555 789 1609 Opus
813 1552 892 1594 est
920 1549 977 1594 nt
1000 1539 1199 1609 peragi,
1222 1546 1278 1592 et
1300 1536 1552 1591 memoria
1583 1543 1638 1588 ut
1673 1532 2052 1599 comprehendi
2075 1540 2234 1601 queat

653 1643 906 1704 quantum
939 1641 1129 1701 potest.
1161 1630 1228 1684 Et
1254 1627 1580 1697 exspectatio
1611 1626 1902 1681 futurarum
1932 1640 2106 1692 rerum
2127 1634 2230 1688 est,

655 1726 1040 1797 pm-teritarum
1067 1737 1196 1778 vero
1223 1720 1497 1775 memoria.
1523 1721 1590 1772 At
1617 1719 1836 1772 intentio
1875 1716 1940 1771 ad
1969 1715 2231 1786 agendum

655 1815 931 1884 przrsentis
955 1824 1039 1869 est
1068 1812 1337 1880 temporis,
1361 1826 1456 1880 per
1478 1809 1616 1878 quod
1643 1806 1876 1863 futurum
1911 1807 1962 1861 in
1993 1807 2232 1876 przetcri-

656 1916 765 1962 tum
789 1904 999 1971 transit,
1028 1919 1126 1959 nec
1151 1903 1310 1974 empti
1333 1911 1505 1957 motus
1525 1900 1764 1968 corporis
1790 1899 2086 1967 exspectari
2115 1899 2232 1951 linis

656 2007 830 2069 potest
855 1998 970 2051 sine
999 1996 1103 2052 ulla
1135 1994 1410 2049 memoria.
1432 1992 1710 2059 Quomodo
1729 1991 1871 2045 enim
1897 1998 2233 2058 exspectatur

656 2099 715 2144 ut
742 2089 964 2150 desinat,
990 2087 1128 2155 quod
1154 2095 1245 2141 aut
1271 2084 1500 2154 coepisse
1524 2082 1738 2149 excidit,
1770 2090 1861 2136 aut
1882 2081 2099 2135 omnino
2127 2095 2234 2134 mo-

661 2189 771 2236 tum
807 2179 962 2236 εκεθῖ
1003 2177 1208 2233 Rursus
1255 2176 1478 2231 intentio
1517 2172 1800 2244 peragendi
1843 2186 1960 2240 qua:
1999 2184 2233 2240 praesens

655 2283 756 2334 est,
789 2273 903 2327 sine
921 2269 1316 2340 exspectatione
1337 2267 1454 2321 ﬁnis
1468 2266 1555 2336 qui
1576 2263 1781 2318 futurus
1807 2271 1908 2324 est,
1933 2276 2035 2315 non
2062 2268 2235 2330 potest

658 2379 820 2422 esse:
855 2379 951 2418 nec
994 2371 1077 2417 est
1107 2360 1389 2432 quidqttam
1425 2357 1563 2428 quod
1608 2365 1699 2409 aut
1736 2353 1967 2408 nondum
2005 2362 2115 2414 est,
2142 2359 2233 2406 aut

655 2458 762 2529 jam
791 2472 895 2512 non
925 2465 1026 2509 est.
1061 2453 1241 2507 Potest
1283 2451 1439 2519 igitur
1476 2450 1526 2502 in
1565 2446 1769 2516 agendo
1803 2443 2051 2516 quiddatn
2090 2460 2229 2508 esse,

657 2547 796 2618 quod
822 2546 888 2600 ad
916 2561 976 2599 ea
1001 2559 1120 2614 quae
1160 2540 1392 2596 nondum
1433 2547 1554 2594 sunt
1583 2539 1858 2608 pertineat.
1893 2536 2119 2591 Possunt
2155 2535 2232 2589 si-

659 2641 766 2696 mnl
795 2640 846 2692 in
869 2647 1058 2709 agente
1085 2637 1232 2704 plura
1254 2648 1374 2691 esse
1395 2675 1408 2696 .
1441 2648 1560 2687 cum
1596 2647 1657 2686 ca
1690 2631 1835 2700 plura
1863 2644 1981 2700 qua:
2009 2636 2234 2697 aguntur

657 2731 813 2787 simul
842 2744 960 2784 esse
996 2743 1099 2782 non
1147 2725 1367 2796 possint.
1411 2724 1638 2779 Possunt
1678 2737 1804 2791 ergo
1837 2721 1993 2775 etiam
2026 2719 2077 2774 in
2113 2733 2231 2774 mo-

658 2830 836 2887 vente,
866 2835 987 2874 cum
1021 2820 1070 2873 in
1096 2834 1164 2874 eo
1183 2817 1323 2889 quod
1345 2824 1585 2870 movetur
1613 2829 1716 2869 non
1744 2813 1967 2882 possint.
2002 2811 2070 2865 At
2089 2826 2236 2881 qua:-

657 2926 882 2982 cumque
903 2911 955 2966 in
995 2919 1235 2981 tempore
1253 2908 1407 2963 simul
1433 2922 1552 2963 esse
1579 2923 1682 2960 non
1715 2913 1951 2975 possunt,
1982 2912 2036 2960 et
2059 2914 2234 2958 tamen

657 3022 686 3060 a
710 3007 882 3061 futuro
907 3005 961 3059 in
986 3003 1310 3074 praeteritum
1343 3000 1792 3063 transmittuntur,
1825 2996 2100 3053 mutabilia
2125 2997 2234 3051 sint

659 3113 875 3155 ηεουεεθ
895 3106 997 3152 εει.

728 3192 781 3245 4.
811 3190 942 3244 iline
986 3188 1092 3258 jam
1136 3185 1450 3255 colligimus,
1481 3199 1638 3254 posse
1665 3198 1786 3239 esse
1816 3182 2064 3252 quiddam
2095 3183 2234 3253 quod

657 3295 778 3333 cum
809 3286 984 3331 movet
1030 3276 1330 3340 mutabilia,
1361 3291 1466 3328 non
1501 3282 1752 3328 mutatur.
1781 3273 1914 3328 Cum
1945 3273 2088 3328 enim
2129 3289 2234 3328 non

661 3376 891 3422 mutatur
916 3380 1020 3420 mor
1039 3367 1178 3420 cntis
1204 3365 1422 3418 intentio
1447 3363 1767 3434 perducendi
1796 3362 1860 3416 ad
1889 3365 2046 3419 linem
2076 3379 2233 3432 quem

660 3460 936 3521 volelt‘or
961 3473 1022 3510 tts
1048 3456 1187 3526 quod
1217 3466 1414 3519 movet,
1445 3455 1676 3521 illudque
1705 3470 1895 3522 corpus
1920 3455 1987 3509 dc
2012 3471 2115 3524 quo
2141 3456 2237 3511 ali-

660 3547 784 3619 quid
818 3549 868 3600 tit
896 3547 1082 3602 eodem
1113 3556 1255 3602 motu
1278 3562 1371 3616 per
1400 3555 1660 3600 momenta
1686 3555 1935 3603 mutetur.
1965 3554 2121 3615 atque
2148 3545 2235 3600 illa

662 3638 882 3693 intentio
913 3638 1214 3706 perliciemli
1256 3652 1411 3706 quam
1445 3638 1771 3692 immutatam
1810 3653 2025 3692 manere
2068 3638 2236 3691 mani~

663 3727 850 3782 festum
878 3736 981 3791 c:‘t,
1007 3738 1055 3781 et
1089 3730 1199 3796 ipsa
1241 3728 1473 3782 iniunbra
1521 3728 1768 3792 artiﬁcis,
1801 3737 1855 3782 et
1902 3729 2096 3798 ligmirn
2144 3737 2236 3783 ant

661 3817 886 3887 lapidem
921 3819 1108 3872 artilici
1144 3818 1438 3885 subjectum
1471 3827 1698 3883 moveat,
1725 3818 1840 3889 quis
1869 3818 2076 3873 dubitet
2102 3835 2231 3874 con-

665 3926 892 3981 sequens
917 3924 1037 3964 esse
1057 3910 1194 3980 quod
1219 3909 1416 3964 dictum
1453 3911 1566 3964 est?
1592 3909 1887 3981 Non’igitnr
1911 3911 1953 3964 si
1988 3927 2088 3981 qua
2121 3928 2237 3966 mu-

660 4000 788 4056 tatio
815 4017 1095 4072 corporum
1139 4012 1384 4056 movente
1417 4002 1596 4055 animo
1638 4004 1712 4063 lit,
1756 4002 1997 4071 quamvis
2038 4004 2088 4056 in
2115 4018 2231 4058 eam

658 4093 727 4147 sit
756 4093 1009 4160 intentus,
1038 4092 1161 4147 ltinc
1195 4108 1312 4147 cum
1357 4093 1656 4149 necessario
1696 4094 1914 4159 mutari,
1947 4104 1999 4148 et
2029 4094 2097 4148 ob
2135 4095 2237 4150 hoc

661 4187 822 4240 etiam
855 4186 987 4239 mori
1015 4185 1373 4240 arbitrandnm
1409 4193 1508 4239 est.
1543 4185 1722 4239 Potest
1748 4187 1888 4240 enim
1918 4186 1969 4240 in
2017 4187 2114 4240 hac
2149 4187 2234 4240 in-

662 4279 894 4333 tentione
917 4276 1070 4330 simul
1111 4285 1163 4330 et
1203 4276 1508 4331 memoriam
1538 4277 1924 4346 pnnteritcrum
1953 4287 2002 4328 ct
2042 4292 2236 4346 exspe-

659 4369 944 4423 ctationem
980 4367 1276 4422 futurorum
1321 4368 1553 4433 habere,
1585 4385 1702 4438 qua:
1745 4369 1922 4422 omnia
1968 4370 2083 4424 sine
2129 4369 2232 4423 vita

660 4477 778 4516 esse
803 4477 903 4515 non
935 4469 1174 4530 possunt.
1194 4461 1500 4530 Quanquam
1526 4462 1623 4516 etsi
1649 4461 1822 4516 nullus
1852 4463 2092 4516 interitus
2118 4463 2233 4517 sine

665 4553 952 4606 mutatione
973 4553 1060 4615 sit,
1093 4562 1145 4608 et
1173 4553 1311 4607 nulla
1334 4554 1558 4606 mutatio
1582 4553 1697 4608 sine
1720 4562 1864 4608 motu
1887 4573 1900 4616 ς
1927 4569 2029 4608 non
2057 4563 2230 4610 tamen

660 4659 746 4697 om
791 4645 833 4697 is
863 4646 1082 4698 mutatio
1112 4645 1416 4709 interitum,
1449 4644 1726 4713 omnisque
1768 4655 1940 4700 motus
1986 4648 2232 4700 mutatio-

662 4749 782 4786 nem
810 4745 1078 4802 operatur.
1107 4735 1256 4790 Licet
1290 4738 1431 4790 enim
1465 4736 1634 4806 ipsum
1664 4753 1858 4806 corpus
1899 4747 2156 4805 nostrum,
2180 4747 2235 4793 et

664 4832 862 4876 motum
896 4825 1206 4895 plerumque
1234 4827 1464 4895 qualibet
1487 4828 1714 4893 actione,
1745 4836 1796 4881 ct
1818 4837 2234 4884 mutatumccrte

662 4915 741 4965 vel
772 4923 925 4967 a-tate
944 4914 1141 4981 dicere,
1174 4926 1348 4972 tamen
1378 4919 1609 4972 nondum
1641 4919 1903 4986 interisse,
1933 4920 1982 4974 id
2013 4929 2092 4975 est
2124 4937 2230 4974 non

569 5074 574 5081 .
661 5017 779 5059 csso
808 5005 922 5060 sine
951 5007 1072 5060 vita.
1101 5007 1279 5063 Liceat
1309 5011 1466 5078 igitur
1489 5022 1542 5068 et
1571 5012 1802 5066 animum
1841 5029 1944 5067 non
1984 5014 2234 5069 Continuo

665 5104 847 5162 putare
868 5095 1060 5164 privari
1087 5098 1210 5163 vita,
1240 5117 1538 5172 quanquam
1579 5103 1629 5158 ei
1659 5104 1882 5160 fortasse
1911 5121 2003 5175 per
2033 5115 2233 5161 motum

665 5184 882 5237 mttlatio
913 5188 1158 5242 nonnulla
1189 5194 1476 5262 contingat.

662 5273 886 5330 CAPUT
927 5275 1012 5330 IV.
1053 5307 1120 5319 ~—
1160 5279 1257 5334 Ars
1293 5291 1339 5334 et
1376 5282 1505 5335 ratio
1547 5299 1865 5338 numerorum
1912 5285 2235 5342 itttntutabt'lt's

959 5387 1074 5440 qua:
1096 5375 1264 5427 animo
1292 5390 1389 5426 non
1419 5375 1525 5427 sine
1553 5375 1650 5428 vita
1678 5376 1936 5432 inluereot.

827 5460 881 5514 Si
926 5463 1065 5516 enim
1106 5473 1282 5517 manet
1328 5464 1523 5533 aliquid
1563 5466 1890 5520 immutabile
1933 5467 1984 5521 in
2023 5469 2232 5535 animo,

659 5551 800 5622 quod
821 5555 936 5609 sine
963 5553 1063 5606 vita
1091 5568 1207 5608 esse
1233 5571 1335 5609 non
1363 5556 1560 5624 pos-sit;
1590 5555 1768 5610 animo
1791 5557 1948 5611 etiam
1971 5559 2072 5612 vita
2095 5575 2236 5615 sem-

663 5645 870 5715 piterna
911 5655 1120 5703 maneat
1148 5662 1367 5702 necesse
1401 5657 1502 5704 est.
1530 5647 1662 5704 Nam
1689 5648 1788 5702 hoc
1817 5666 2030 5720 prorsus
2071 5653 2137 5707 ita
2176 5670 2235 5710 se

665 5735 858 5802 habet,
899 5745 960 5792 ut
993 5737 1039 5793 si
1073 5740 1298 5809 primum
1336 5747 1451 5805 est,
1491 5740 1560 5794 sit
1596 5740 1905 5796 secundum.
1937 5743 2032 5798 Est
2059 5753 2233 5800 autem

661 5830 911 5900 primum.
954 5831 1079 5897 Quis
1117 5831 1288 5898 enim,
1327 5840 1384 5889 ut
1422 5832 1523 5889 alia
1561 5832 1830 5902 omittam,
1860 5844 1952 5892 aut
1979 5837 2234 5898 rationem

1554 404 1642 462 ns
1683 396 2248 460 lMMORTALlTATE
2287 396 2544 468 annue,
2585 403 2640 460 s.
2681 403 3046 462 AUGUSTINI
3728 423 3786 482 ια

2342 534 2685 574 numerorum
2717 521 3022 576 mutabilem
3046 537 3165 578 esse
3187 525 3370 582 audeat
3393 527 3557 585 dicere
3573 572 3587 596 ,
3609 543 3687 589 aut
3703 548 3786 600 arte

2340 610 2631 680 quamlibet
2665 628 2769 667 non
2807 613 2902 668 ista
2946 615 3148 672 ratione
3181 629 3448 685 constare;
3488 631 3569 677 aut
3591 635 3731 680 artem
3755 648 3786 686 [ια

2338 715 2459 756 esse
2484 701 2536 756 in
2564 703 2785 765 artiﬁce,
2815 705 2973 758 etiam
3001 720 3118 760 cmn
3146 723 3258 762 eam
3285 724 3386 763 non
3411 722 3630 779 exercet;
3654 728 3725 770 aut
3748 723 3785 787 cj:

2341 806 2481 860 esse,
2514 793 2611 846 nisi
2639 794 2689 848 in
2715 795 2925 856 animo;
2957 807 3049 851 aut
3077 797 3162 852 ubi
3193 799 3292 853 vita
3325 815 3423 854 non
3453 802 3533 866 sit,
3565 820 3666 861 esse
3689 825 3786 876 pllSSl

2339 894 2432 940 aut
2457 886 2596 956 quod
2625 887 2948 944 immutabile
2974 900 3055 944 est
3074 931 3088 949 .
3127 906 3244 946 esse
3271 891 3541 961 aliquando
3565 913 3655 952 non
3681 915 3786 972 posst

2338 987 2428 1031 aut
2452 977 2593 1032 aliud
2623 993 2742 1033 esse
2771 988 2938 1033 artem
2959 1022 2974 1046 ,
3002 981 3142 1035 aliud
3173 983 3464 1037 rationem?
3488 985 3704 1051 Quamvis
3724 993 3785 1046 cmi

2337 1080 2426 1121 ars
2453 1083 2556 1121 una
2585 1069 2868 1123 multarum
2890 1070 3036 1139 quasi
3067 1071 3278 1141 quidam
3304 1083 3474 1129 cmtus
3499 1076 3721 1132 rationum
3740 1097 3786 1138 is

2337 1159 2544 1212 dicatur
2563 1199 2577 1222 ,
2611 1168 2786 1214 tamen
2814 1175 2900 1214 ars
2925 1161 3084 1216 etiam
3113 1178 3213 1217 una
3239 1163 3376 1219 ratio
3405 1163 3502 1218 dici
3527 1168 3786 1232 verissime:

2337 1266 2440 1320 que
2469 1251 2685 1320 intelligi
2714 1260 2909 1322 potest.
2941 1253 3047 1308 Sed
3073 1259 3186 1310 sive
3213 1255 3312 1310 hoc
3331 1298 3347 1323 ,
3377 1257 3486 1313 sive
3511 1260 3623 1314 illttd
3646 1264 3722 1318 sit.
3747 1281 3786 1322 ut

2337 1343 2515 1397 minus
2558 1341 2938 1398 immutabilem
2984 1354 3153 1400 artem
3202 1360 3321 1401 esse
3369 1349 3624 1405 conﬁcitur
3659 1371 3670 1404 :
3704 1365 3786 1411 arte

2335 1441 2512 1488 autem
2553 1450 2656 1487 non
2697 1435 2870 1488 solum
2911 1450 3032 1491 esse
3061 1436 3112 1490 in
3141 1440 3320 1492 animo
3355 1439 3588 1507 artiﬁcis,
3613 1443 3687 1497 sed
3709 1449 3785 1502 etim

2337 1540 2595 1594 nusquam
2635 1541 2754 1580 esse
2797 1526 2899 1580 nisi
2939 1527 2992 1580 in
3033 1528 3210 1581 animo
3249 1529 3571 1584 manifestum
3604 1541 3689 1594 est.
3715 1537 3786 1606 lthl

2339 1613 2777 1684 inseparabiliter.
2806 1615 2937 1669 Nam
2966 1617 3011 1670 si
3039 1632 3126 1672 ars
3151 1619 3220 1671 ab
3239 1619 3417 1673 animo
3440 1624 3786 1690 separabitur;at

2335 1706 2436 1760 crit
2465 1717 2817 1778 praeterquam
2851 1708 2900 1760 in
2932 1708 3128 1772 animo,
3159 1717 3254 1762 aut
3278 1725 3524 1780 nusquam
3550 1714 3664 1776 erit,
3689 1726 3786 1770 autt

2335 1800 2514 1852 animo
2545 1798 2596 1851 itt
2623 1800 2857 1852 animum
2889 1799 3140 1854 continuo
3172 1802 3434 1856 transibit.
3462 1802 3522 1856 At
3548 1814 3595 1856 ut
3617 1806 3732 1858 sedes
3752 1821 3786 1861 at

2341 1891 2483 1945 nulla
2514 1891 2630 1946 sine
2659 1893 2763 1945 vita
2791 1901 2874 1945 est
2893 1931 2908 1956 ,
2939 1892 3007 1945 ita
3041 1908 3140 1948 nec
3165 1893 3276 1947 vita
3305 1911 3423 1949 cum
3453 1896 3631 1950 ratione
3661 1898 3728 1950 ulli
3752 1891 3786 1956 ni

2335 1983 2525 2037 anima:
2557 1982 2652 2052 (α).
2684 1983 2950 2054 Nusquam
2977 1999 3138 2054 porro
3176 2000 3301 2041 esse
3339 1985 3475 2056 quod
3509 1997 3602 2053 est,
3629 1989 3692 2042 vel
3721 1982 3786 2056 qud

2338 2075 2663 2130 immutabile
2688 2085 2770 2130 est
2798 2091 2900 2129 non
2927 2091 3050 2132 esse
3075 2077 3362 2147 aliquando
3383 2095 3480 2132 non
3502 2081 3717 2148 potest.Si
3733 2075 3786 2148 rei

2335 2180 2424 2219 ars
2449 2165 2516 2221 de
2541 2166 2720 2220 animo
2748 2169 2799 2220 in
2830 2168 3061 2221 animum
3095 2168 3319 2234 transit,
3349 2168 3402 2224 in
3431 2170 3514 2225 illo
3537 2186 3730 2225 mansura
3749 2165 3786 2234 di

2336 2271 2519 2310 serens
2549 2257 2742 2320 istum;
2772 2274 2927 2312 nemo
2955 2266 3123 2314 artem
3153 2258 3314 2313 docet
3343 2261 3439 2314 nisi
3467 2263 3731 2325 amittendo,
3752 2280 3771 2312 ιι

2335 2345 2493 2401 etiam
2523 2362 2629 2401 tton
2660 2348 2758 2401 nisi
2788 2347 3027 2403 docentis
3055 2348 3324 2405 oblivione
3363 2350 3416 2404 ﬁt
3452 2352 3618 2421 aliquis
3649 2345 3786 2421 [teritur

2337 2438 2446 2491 sive
2475 2447 2646 2491 morte
2669 2439 2707 2491 ι.
2740 2437 2867 2504 Qua:
2900 2439 2942 2492 si
2972 2439 3352 2494 absurdissima
3381 2452 3429 2494 et
3461 2440 3689 2496 falsissima
3708 2441 3786 2504 suul

2336 2530 2489 2584 sicuti
2517 2541 2660 2596 sunt,
2693 2532 3005 2586 immortalis
3033 2543 3115 2586 est
3138 2534 3352 2588 aninms
3377 2533 3624 2588 humanus.

2409 2623 2461 2677 6.
2492 2628 2562 2678 At
2590 2625 2728 2679 enim
2760 2624 2804 2680 si
2833 2641 2919 2679 ars
2949 2626 3237 2696 aliquando
3266 2637 3378 2692 est,
3405 2628 3648 2697 aliquando
3667 2617 3786 2697 aenei

2338 2713 2389 2768 in
2418 2716 2610 2778 animo,
2638 2715 2776 2784 quod
2803 2731 2897 2785 per
2919 2715 3245 2771 oblivionem
3275 2727 3427 2789 atque
3451 2709 3708 2788 imperitiam
3725 2725 3780 2772 sat

2338 2814 2520 2859 notum
2549 2815 2662 2872 est;
2695 2807 2825 2862 nihil
2855 2807 2918 2861 ad
2947 2808 3064 2878 ejus
3091 2809 3529 2866 immortalitatem
3559 2811 3679 2865 allert
3700 2803 3786 2879 πει

2339 2898 2502 2952 menti
2541 2897 2698 2967 ltujus
2736 2901 2996 2954 connexio
3022 2941 3036 2963 ,
3078 2901 3178 2955 nisi
3227 2911 3442 2973 negetur
3470 2897 3786 2978 antecedensbd

2339 2990 2516 3044 modo.
2549 2991 2653 3045 Aut
2673 3001 2752 3047 est
2780 2991 2976 3062 aliquid
3006 2992 3056 3046 in
3085 2993 3294 3062 animo,
3323 2993 3453 3064 quod
3477 2995 3520 3048 in
3545 2981 3786 3064 [trasenna

2337 3083 2595 3153 gitatioue
2632 3100 2736 3138 non
2773 3094 2891 3151 est;
2922 3094 3012 3138 aut
3048 3102 3154 3141 non
3189 3097 3278 3140 est
3314 3087 3364 3140 in
3397 3086 3567 3142 erudito
3591 3086 3728 3139 animo
3750 3079 3786 3136 ai

2340 3176 2538 3230 musica
2559 3216 2576 3240 ,
2614 3191 2734 3230 cum
2764 3175 2830 3231 dc
2858 3177 2968 3230 sola
2997 3179 3325 3246 geometrica
3363 3180 3556 3250 cogitat:
3581 3178 3658 3231 hoc
3677 3188 3786 3230 antu

2343 3267 2529 3323 falsum
2561 3278 2638 3323 est
2665 3285 2678 3332 ;
2715 3268 2843 3323 illud
2873 3270 3030 3340 igitur
3058 3286 3272 3326 verum.
3299 3271 3410 3328 Non
3437 3281 3582 3326 autem
3598 3267 3786 3348 quidquat

2339 3374 2398 3414 se
2439 3359 2633 3415 habere
2672 3361 2880 3415 animus
2917 3363 3108 3428 sentit,
3151 3365 3260 3419 nisi
3301 3366 3432 3436 quod
3465 3366 3508 3418 in
3533 3359 3786 3446 cogitationct

2339 3452 2561 3506 venerit.
2587 3451 2767 3506 Potest
2792 3454 2953 3523 igitur
2977 3455 3175 3526 aliquid
3200 3472 3326 3513 esse
3351 3458 3401 3512 in
3422 3458 3590 3519 animo,
3611 3453 3714 3525 quod
3728 3465 3786 3542 ess

2345 3541 2397 3596 in
2424 3557 2482 3597 se
2507 3543 2717 3598 animus
2747 3545 2859 3613 ipse
2889 3561 2992 3599 non
3023 3548 3242 3601 sentiat.
3277 3548 3330 3602 ιδ
3356 3560 3514 3602 autem
3539 3545 3728 3617 quamdiu
3747 3545 3786 3620 sit

2341 3634 2471 3689 nihil
2501 3637 2736 3691 interest.
2770 3637 3004 3708 Namque
3025 3643 3072 3693 si
3099 3639 3302 3695 diutius
3327 3641 3471 3696 fuerit
3494 3641 3538 3696 in
3557 3640 3650 3693 aliis
3667 3621 3786 3696 animtt

2340 3739 2648 3796 occupatus,
2681 3745 2835 3798 quam
2861 3741 2916 3783 ut
2937 3729 3288 3787 intentionem
3311 3748 3452 3786 suam
3474 3733 3517 3785 in
3536 3741 3634 3784 ante
3649 3713 3786 3798 cogitatJ

2336 3816 2494 3874 facile
2521 3819 2686 3888 poSsit
2720 3818 3009 3884 reﬂectere,
3043 3821 3245 3877 oblivio
3273 3823 3352 3877 vel
3384 3821 3612 3892 imperitia
3637 3817 3786 3892 nominat

2345 3918 2452 3965 tur.
2484 3909 2586 3966 Sed
2615 3928 2732 3965 cum
2761 3913 2844 3966 vel
2872 3929 2969 3966 nos
2997 3913 3092 3981 ipsi
3121 3915 3396 3970 nobiscum
3422 3915 3736 3972 ratiocinantes,
3751 3911 3786 3981 vi

2338 4003 2405 4057 ab
2432 4003 2539 4058 alio
2565 4003 2702 4058 bene
2731 4005 3035 4076 interrogati
3064 4005 3131 4060 de
3158 4007 3464 4075 qnibu~dam
3493 4003 3730 4060 liberalibus
3747 3999 3786 4076 an

2339 4093 2479 4147 tibus
2504 4109 2562 4148 ea
2593 4109 2710 4164 qua:
2741 4094 3060 4160 invenimus,
3094 4111 3196 4150 non
3225 4097 3348 4152 alibi
3369 4113 3512 4167 quam
3539 4097 3580 4150 in
3601 4094 3730 4148 animo
3746 4093 3786 4167 ut

2339 4193 2448 4238 stro
2477 4185 2808 4239 invenimus:
2843 4201 3013 4256 neque
3051 4186 3100 4240 id
3139 4196 3222 4241 est
3263 4187 3518 4252 invenire,
3549 4183 3658 4256 quod
3688 4181 3786 4256 liceri

2337 4282 2431 4330 aut
2455 4276 2707 4347 gignere;
2738 4276 2968 4346 alioquin
2999 4287 3194 4331 artcrna
3223 4277 3458 4350 gigneret
3490 4277 3660 4331 animus
3679 4273 3785 4350 iuvui

2340 4366 2481 4420 tione
2533 4367 2810 4436 temporali
2856 4371 3013 4435 (nam
3064 4377 3263 4422 acterna
3314 4383 3450 4436 smpc
3495 4365 3684 4424 invenit;
3718 4357 3786 4436 quit

2337 4457 2477 4511 enim
2519 4466 2623 4510 tam
2669 4467 2924 4512 anet-num
2965 4474 3120 4528 quam
3159 4459 3341 4513 circuli
3383 4459 3529 4523 ratio,
3566 4455 3630 4510 vel
3659 4454 3692 4506 si
3720 4449 3786 4528 quil

2339 4549 2477 4603 aliud
2528 4549 2578 4602 in
2631 4548 2992 4619 hujuscemodi
3040 4550 3277 4611 artibus.
3323 4567 3418 4605 ncc
3454 4565 3546 4605 non
3582 4547 3706 4603 fuisse
3734 4541 3780 4595 ali

2339 4639 2567 4706 quando,
2596 4656 2692 4694 nec
2718 4656 2819 4694 non
2849 4643 2958 4694 fore
2981 4640 3501 4712 comprehenditur?)
3521 4658 3534 4692 :
3554 4635 3786 4712 tuanil'cstuq

2338 4731 2494 4783 etiam
2535 4741 2644 4796 est,
2694 4731 3042 4784 immortalem
3084 4746 3200 4785 esse
3237 4733 3461 4785 animum
3499 4730 3782 4782 hutnauum.t

2337 4839 2523 4876 omnes
2560 4839 2712 4876 veras
2752 4823 2983 4877 rationes
3011 4821 3064 4876 in
3094 4823 3310 4878 secretis
3346 4824 3456 4892 ejus
3479 4836 3607 4887 esse,
3632 4821 3786 4892 quamq

2338 4927 2429 4966 eas
2459 4913 2572 4966 sive
2603 4913 2930 4979 ignoratione
2959 4913 3071 4968 sive
3105 4913 3366 4968 oblivione
3385 4954 3397 4977 ,
3426 4923 3509 4966 aut
3529 4925 3615 4965 nou
3639 4905 3780 4960 Italico

2337 5007 2429 5050 aut.
2459 4998 2698 5052 amisisse
2725 4996 2985 5052 videatur.
3784 4996 3785 5022 ξ

2394 5088 2618 5144 CAPUT
2659 5088 2720 5142 V.
2751 5118 2821 5129 —
2854 5089 3062 5144 Animus
3087 5107 3185 5146 non
3211 5098 3421 5144 mutatur
3446 5095 3495 5142 ut
3516 5085 3672 5140 desinat
3695 5093 3764 5134 est:

3017 5183 3226 5237 animus.

2411 5273 2468 5326 7.’
2493 5272 2643 5327 Nunc
2672 5282 2846 5326 autem
2888 5283 3145 5344 quatenus
3188 5269 3475 5342 accipienda
3502 5269 3562 5324 sit
3576 5261 3700 5320 animi
3718 5269 3774 5354 mit

2339 5365 2469 5419 tatio
2497 5364 2786 5420 videamus.
2812 5365 2867 5420 Si
2898 5366 3036 5420 enim
3069 5365 3349 5436 subjecmm
3366 5354 3449 5418 est
3471 5361 3645 5414 animus
3661 5361 3740 5407 arte
3758 5354 3786 5436 lii

2339 5454 2577 5524 subjecto
2601 5455 2862 5511 existente
2880 5496 2895 5521 ,
2928 5473 3098 5527 neque
3125 5455 3402 5524 subjectum
3429 5446 3655 5506 imnmtari
3674 5440 3786 5527 pomi

2340 5549 2467 5620 quin
2491 5559 2544 5604 et
2569 5549 2619 5602 id
2646 5548 2784 5619 quod
2812 5549 2862 5602 in
2890 5549 3126 5618 subjecto
3149 5557 3222 5604 est
3251 5548 3559 5606 imtnntetur;
3581 5537 3652 5609 qui
3670 5537 3786 5620 positi

2405 5725 2421 5756 ⁸
2457 5731 2507 5772 In
2529 5723 2662 5786 prius
2682 5720 2890 5784 vulgatis
2908 5756 2924 5781 ,
2947 5720 3048 5773 sine
3078 5726 3234 5772 morte.
3251 5718 3338 5769 Sed
3374 5714 3531 5767 melius
3547 5712 3600 5762 in'
3615 5715 3710 5762 ιιι,

2341 5791 2508 5835 ηέοΐτϐο

2402 5847 2476 5910 (a)
2501 5854 2516 5897 ι
2542 5853 2764 5906 netract.,
2787 5859 2891 5909 cap.
2917 5846 2964 5906 5,
2988 5859 3036 5896 n.
3060 5844 3102 5894 2.
