3844 6280
4 188 91 425 ι.

4 425 178 661 Ε

4 661 149 715 ΙΙ·

4 715 212 919 Ε

4 1175 252 1396 ΙΕΞ

2 1396 209 1544 ll?

2 1544 7 1555 I

27 1544 139 1859 Ε

2 1770 3 1774 Ἴ
135 1751 139 1764 4

27 2011 257 2187 533T

2 2485 92 2638 il

0 2967 113 3208 li

0 3325 108 3600 Ti

68 302 201 389 κλῦθὶ

113 433 198 496 gis
224 417 471 476 obtinere
514 420 929 480 immutabilem
969 435 1088 476 esse
1124 427 1292 475 artem
1331 425 1488 488 atque
1522 418 1684 471 ratio-

242 517 280 571 si
300 513 591 571 mutabilis
614 519 841 573 animus
867 518 916 572 in
942 530 1046 587 quo
1067 514 1153 570 illa
1177 522 1303 569 sunt
1325 527 1444 568 esse
1468 511 1686 568 convin-

116 612 252 676 βπτῖ
273 610 402 676 Qum
425 620 621 662 autem
648 612 830 678 major
854 623 1006 678 quam
1038 607 1091 660 in
1116 605 1378 662 contraria
1407 604 1541 658 solet
1565 619 1683 659 esse

52 680 338 785 Ιάιδῑὶον
365 711 421 757 et
448 701 576 773 quis
609 712 775 772 negat
803 701 1032 756 animum
1055 741 1069 761 .
1103 709 1158 754 ut
1188 698 1428 753 omittam
1453 708 1643 754 ext-tera
1663 740 1679 766 ,

105 794 298 860 mltum
324 792 459 847 alias
478 833 497 859 ,
535 792 679 849 alias
708 809 837 848 vero
862 806 979 848 esse
1006 789 1344 860 sapientem?
1377 790 1530 844 Prius
1555 806 1682 859 ergo

176 894 210 940 tt
245 883 423 938 modis
464 883 789 954 accipiatur,
829 900 945 953 qua:
981 883 1172 937 dicitur
1207 881 1398 936 anima:
1435 884 1677 944 mutatio,

113 961 390 1038 ﬂeamus:
439 974 573 1045 qui.
625 983 685 1029 ut
730 976 948 1044 Opinor,
992 972 1382 1028 ntanil'estiores
1428 972 1683 1028 duntaxat

84 1066 447 1141 “mine
467 1069 628 1124 nobis
647 1067 756 1123 duo
781 1077 902 1122 sunt
927 1083 1142 1136 genere,
1161 1067 1338 1138 specie
1358 1082 1484 1120 vero
1504 1066 1678 1133 plures

92 1155 448 1230 liniuntur.
481 1159 726 1230 Namque
755 1169 845 1213 aut
871 1158 1158 1213 secundum
1199 1156 1441 1227 corpo~is
1477 1155 1679 1224 passio-

100 1255 188 1319 Β,
216 1265 320 1308 aut
343 1253 652 1310 Secundum
681 1268 825 1319 suas,
847 1253 1019 1306 anima
1049 1251 1240 1306 dicitur
1267 1249 1552 1305 immutari.
1584 1249 1679 1303 Se-

102 1341 312 1410 hudum
344 1349 618 1416 corporis,
641 1355 702 1402 ut
727 1362 819 1416 per
841 1354 1042 1412 aetates,
1072 1360 1166 1415 per
1191 1343 1423 1408 morbos,
1459 1359 1553 1412 per
1579 1341 1677 1397 do-

107 1423 234 1504 bes,
254 1439 507 1505 labores,
536 1437 878 1502 oﬂ'ensioncs,
910 1452 1002 1507 per
1028 1435 1346 1505 voluptates.
1375 1433 1676 1489 Secundum

90 1526 407 1600 hsautcin
429 1574 448 1594 .
477 1540 534 1585 ut
566 1529 856 1599 cupiendo,
885 1528 1134 1597 lretando,
1165 1526 1470 1598 metuendo,
1513 1543 1680 1600 aegre.

11 1611 302 1686 ἰεηὸιλ
335 1621 634 1677 studendo.
664 1620 937 1679 discendo.

135 1717 196 1771 8.
234 1716 342 1770 lla-
379 1729 576 1771 omnes
603 1717 918 1770 mutationes
940 1757 953 1778 ,
983 1717 1026 1770 si
1056 1730 1161 1770 non
1191 1715 1492 1770 necessario
1518 1728 1677 1784 argu-

110 1817 260 1866 mm
303 1820 436 1865 sunt
485 1809 622 1862 mori
654 1807 920 1869 animam,
969 1807 1098 1860 nihil
1143 1807 1354 1876 quidem
1383 1805 1678 1860 metuenda:

82 1883 196 1973 but
238 1917 347 1973 per
386 1918 450 1955 se
489 1901 618 1965 ipsa:
658 1883 980 1966 separatim:
1013 1897 1106 1952 sed
1146 1913 1214 1953 ne
1250 1899 1436 1952 rationi
1485 1906 1680 1952 nostrae

257 2002 482 2054 sentur.
517 2005 619 2060 qua
651 1989 848 2042 dictum
881 1996 961 2042 est
981 2029 994 2050 ,
1024 1997 1223 2041 mutato
1257 1987 1494 2058 subjecto
1521 2002 1680 2042 omne

100 2078 222 2151 ind
261 2085 321 2138 in
362 2082 615 2151 subjecto
663 2090 744 2134 est
793 2080 1090 2134 ueceSsario
1135 2079 1354 2142 mutari,
1397 2078 1679 2132 videndum

207 2175 324 2233 Sed
352 2192 462 2230 non
490 2173 860 2227 adversantur.
886 2169 1017 2225 Nam
1056 2171 1183 2226 illud
1219 2170 1507 2226 secundum
1547 2171 1680 2227 hanc

90 2263 445 2326 hat-tionem
466 2264 692 2333 subjecti
713 2263 924 2325 dicitur,
949 2279 1041 2332 per
1062 2279 1217 2332 quam
1240 2263 1456 2317 omnino
1477 2274 1680 2319 mutare

2 2337 5 2436 ξ
37 2337 299 2436 ιᾶἰωτ
333 2373 560 2414 nomen.
587 2354 718 2411 Nam
752 2356 796 2410 si
825 2371 890 2409 ex
917 2356 1040 2409 albo
1065 2371 1184 2409 cera
1216 2354 1420 2424 nigrum
1447 2358 1680 2410 co‘orem

2 2429 8 2518 il
33 2429 248 2518 Mt
269 2450 549 2515 alicunde,
573 2463 679 2503 non
706 2449 880 2503 minus
904 2462 1023 2502 cera
1052 2457 1165 2511 est;
1194 2447 1309 2502 etsi
1337 2463 1399 2502 ex
1425 2449 1680 2518 quadrata

84 2523 378 2605 humidam
427 2541 656 2594 formam
702 2547 908 2602 sumat,
940 2546 994 2593 ct
1019 2554 1081 2593 ex
1114 2538 1254 2592 molli
1285 2539 1560 2605 durescat,
1592 2540 1683 2595 fri-

15 2634 379 2705 ‘hatque
409 2653 477 2692 ex
511 2637 682 2692 calida
709 2651 724 2688 :
755 2645 810 2689 at
837 2635 936 2690 ista
965 2636 1015 2690 in
1045 2634 1282 2704 subjecto
1309 2643 1452 2700 sunt,
1484 2643 1537 2689 et
1560 2649 1680 2690 cera

90 2710 417 2804 “cetum.
459 2729 638 2785 Manet
682 2738 858 2783 autem
904 2743 1023 2782 cera
1077 2745 1179 2782 nutt
1231 2729 1394 2797 magis
1441 2729 1683 2784 minusve

82 2809 256 2895 Egi,
282 2839 406 2878 cum
437 2823 532 2877 illa
558 2829 846 2877 mutentur.
877 2820 1055 2875 Potest
1085 2821 1239 2890 igitur
1265 2821 1436 2890 aliqua
1466 2821 1684 2875 mutatio

239 2931 428 2972 eorum
460 2930 583 2985 qua:
612 2915 663 2968 in
692 2913 933 2982 subjecto
962 2923 1082 2966 sunt
1102 2954 1115 2974 ,
1146 2928 1264 2966 cum
1302 2913 1470 2981 ipsimi
1507 2922 1683 2966 tamen

267 3009 318 3064 id
345 3007 495 3079 qttod
531 3007 633 3062 hoc
656 3018 738 3062 est
761 3021 826 3062 ac
850 3005 1071 3067 dicitur,
1103 3021 1208 3060 non
1248 3015 1494 3060 mittetur.
1537 3007 1602 3059 At
1639 3005 1685 3059 si

113 3101 279 3156 iorem
307 3113 429 3171 qua:
457 3099 514 3153 in
541 3097 780 3167 subjecto
805 3108 947 3162 sunt,
982 3107 1122 3152 tanta
1148 3097 1488 3152 commutatio
1514 3097 1684 3162 ﬂeret,

189 3189 312 3246 illud
335 3190 482 3261 quod
508 3188 732 3245 subesse
757 3189 1048 3256 dicebatur,
1079 3189 1180 3244 dici
1202 3189 1310 3259 jant
1337 3189 1554 3244 omnino
1580 3205 1683 3243 non

108 3271 313 3350 rhasta;
331 3281 497 3336 veluti
524 3296 648 3336 cum
676 3282 853 3335 calore
880 3281 1013 3350 ignis
1038 3295 1158 3334 cera
1186 3281 1235 3333 in
1263 3297 1416 3335 auras
1441 3279 1682 3346 discedit,

105 3365 330 3445 'umque
354 3376 709 3430 mutatioitem
742 3373 938 3442 patitur
968 3382 1022 3426 ut
1051 3382 1192 3426 recte
1221 3372 1540 3442 intelligatur
1568 3389 1685 3426 mu-

119 3473 286 3520 tatum
301 3480 415 3520 esse
430 3465 754 3535 subjectum,
777 3463 915 3534 quod
937 3479 1057 3520 cera
1079 3474 1214 3531 erat,
1237 3474 1288 3519 et
1308 3480 1429 3519 cera
1450 3467 1556 3534 jatn
1581 3479 1685 3519 non

70 3557 100 3628 If'
125 3565 210 3613 est
230 3573 246 3610 :
269 3557 408 3612 ullo
431 3557 581 3613 modo
611 3559 785 3627 aliqua
805 3557 1009 3612 ratione
1031 3557 1310 3627 quidquam
1339 3573 1543 3620 eorum,
1568 3573 1687 3628 qua:

85 3647 178 3721 fit!
219 3648 306 3704 illo
341 3647 576 3721 subjecto
610 3650 732 3705 ideo
769 3659 920 3704 erant
945 3649 1066 3720 quia
1105 3651 1204 3704 hoc
1239 3660 1384 3717 erat,
1414 3665 1689 3705 remanere

172 3751 317 3795 11³1⁵1³2
324 3757 402 3795 ur.

107 3825 240 3888 τοῖς,
265 3831 622 3900 Ommatium
662 3831 706 3886 si
743 3832 917 3888 anima
962 3832 1255 3901 subjectum
1292 3842 1406 3896 est,
1437 3843 1494 3886 ut
1531 3849 1688 3902 supra

80 3917 340 4003 {risimus
361 3966 377 3988 ,
408 3923 461 3977 in
493 3939 601 3994 quo
639 3923 776 3978 ratio
803 3925 1253 3993 inseparabiliter,
1285 3941 1344 3979 ea
1375 3925 1690 3980 necessitate

107 4003 318 4085 Mtte
355 4030 459 4085 qua
505 4014 558 4069 iti
601 4014 840 4083 subjecto
875 4029 990 4069 esse
1029 4017 1410 4080 monstratur”,
1453 4031 1549 4070 nec
1589 4015 1690 4070 nisi

255 4107 430 4163 anima
458 4117 635 4176 potest
672 4119 792 4160 esse
821 4107 992 4160 anima
1013 4148 1028 4170 ,
1057 4121 1154 4161 net:
1183 4107 1234 4160 in
1261 4122 1321 4160 ea
1352 4108 1483 4160 ratio
1517 4117 1694 4178 potest

281 4199 402 4254 sine
440 4199 571 4259 vita,
612 4210 666 4252 et
703 4199 1013 4252 immortalis
1059 4209 1141 4252 est
1173 4201 1338 4261 ratio;
1385 4199 1693 4252 immortalis

10 4276 425 4360 anima.
471 4291 695 4346 Prorsus
733 4291 874 4344 enitn
917 4289 1060 4345 nullo
1101 4301 1253 4360 pacto
1293 4305 1395 4343 non
1436 4290 1694 4344 existente

90 4364 353 4459 abiecto
401 4399 503 4440 suo
558 4382 904 4438 itmnutahtlis
955 4382 1088 4436 ratio
1140 4391 1494 4451 permaneret.
1543 4379 1692 4447 Qttod

108 4461 386 4546 {Genii-et,
417 4477 465 4532 si
497 4485 639 4530 tanta
676 4474 941 4528 accideret
974 4474 1164 4527 animtu
1205 4476 1456 4538 mutatio,
1494 4482 1549 4527 ut
1577 4488 1693 4527 eam

250 4570 480 4625 animam
507 4571 727 4634 taceret,
759 4568 806 4622 id
834 4578 910 4623 est
937 4568 1066 4620 mori
1093 4578 1305 4637 cogeret
1345 4565 1493 4622 Nulla
1519 4577 1694 4622 autem

75 4639 324 4718 Marum
354 4663 706 4714 mutationum
733 4699 750 4725 ,
781 4674 898 4730 quas
927 4659 1036 4713 sive
1079 4673 1170 4728 per
1208 4673 1432 4728 Corpus,
1464 4659 1574 4712 sive.
1605 4673 1699 4728 per

68 4751 98 4818 ξ’
119 4751 283 4824 inani
308 4755 542 4808 animam
571 4751 702 4806 ﬁunt
718 4752 982 4821 (quamvis
1005 4763 1177 4805 utrum
1203 4752 1389 4822 aliqua»
1416 4769 1508 4820 per
1529 4754 1694 4822 ipsam

3 4845 80 4916 Γ
119 4847 277 4914 Eant,
321 4846 374 4901 id
413 4857 496 4902 est
534 4861 762 4915 quarum
805 4845 915 4915 ipsa
959 4847 1027 4900 sit
1066 4861 1245 4910 causa,
1291 4863 1391 4899 non
1435 4862 1590 4916 parva
1631 4847 1699 4900 sit

52 4938 70 5008 ᾖ
117 4941 385 5011 «βπ-δύα).
421 4940 472 4994 id
496 4940 607 5010 agit
640 4950 696 4994 tit
725 4939 954 4993 animam
985 4955 1086 4993 non
1117 4941 1345 4994 animam
1377 4942 1530 4994 ειη-Μ
1581 4939 1697 4994 .lant

119 5031 272 5104 igitur
297 5049 400 5084 non
424 5033 598 5085 solum
631 5046 728 5100 per
751 5045 832 5096 se,
861 5046 1040 5086 verum
1068 5047 1162 5086 nec
1191 5031 1384 5086 nostris
1413 5031 1700 5086 rationibus

245 5119 457 5181 Handze
482 5132 628 5177 sunt.

117 5211 338 5271 CAPUT
378 5213 464 5269 Vl.
503 5244 578 5256 —
623 5213 775 5268 Ratio
804 5229 917 5282 qme
950 5214 1366 5269 incommutabilis
1391 5225 1492 5273 est.
1525 5217 1624 5269 sive
1650 5217 1699 5270 in

9 5307 84 5379 ι
151 5307 156 5310 ’
181 5307 350 5363 animo
373 5309 476 5364 sive
508 5325 622 5363 cum
647 5309 824 5361 animo
852 5307 942 5370 sit,
973 5308 1074 5362 sire
1095 5309 1292 5362 animus
1316 5311 1366 5361 in
1393 5326 1472 5375 ea,
1505 5310 1564 5363 ab
1594 5311 1703 5379 ipso

40 5374 84 5468 ε
181 5399 354 5456 Metu
381 5401 554 5454 animo
581 5398 820 5468 separari
850 5399 1034 5468 nequit.

91 5491 120 5504 ”
183 5491 266 5551 10.
303 5491 446 5566 Ergo
475 5491 906 5550 incumbentium
936 5492 1178 5545 omnibus
1205 5493 1546 5549 ratiocinandi
1580 5493 1705 5545 viri.

43 5594 48 5626 ι
125 5583 216 5640 ιω
239 5586 414 5652 video,
449 5598 502 5642 ut
535 5586 680 5642 ratio
710 5583 838 5654 quid
869 5584 931 5636 sit
953 5625 965 5646 ,
992 5595 1044 5639 et
1068 5586 1274 5654 quoties
1303 5585 1509 5639 deliniri
1543 5585 1708 5654 possit

34 5695 40 5788 Ι
452 5712 590 5767 Mss,
614 5695 1709 5765 eaueceuitateqeaqua’tjtwiuwbjecweue

255 5779 441 5819 Im.

227 4303 294 4348 in

27 4292 296 4594 ea

1523 300 1724 359 LIBER
1762 300 1957 358 UNUS.

3229 303 3368 364 1016

1795 416 2010 482 sciatur,
2042 429 2099 475 ut
2127 421 2413 481 secundum
2443 440 2630 482 omnes
2657 423 2843 482 modos
2871 424 3014 482 etde
3041 424 3232 479 animae
3261 423 3364 478 imo

1792 510 2113 566 mortalitate
2137 526 2360 570 constet.
2389 517 2540 574 Ratio
2564 529 2642 574 est
2670 528 2914 589 aspectus
2938 517 3120 583 animi,
3143 531 3250 586 quo
3271 531 3365 586 per

1791 605 2053 672 seipsum,
2097 620 2202 659 non
2239 622 2333 676 per
2367 623 2560 680 corpus
2597 627 2780 667 verum
2818 613 3080 675 intuetur;
3119 620 3210 664 aut
3248 611 3360 680 ipsa

1790 697 1899 750 veri
1927 699 2323 767 contemplatio,
2355 717 2459 756 non
2489 720 2582 772 per
2606 720 2832 774 Corpus;
2862 713 2953 758 aut
2977 705 3147 772 ipsum
3174 719 3361 759 verum

1788 791 1928 860 quod
1957 792 2360 860 contemplatur.
2382 793 2612 850 Primum
2636 796 2761 850 illud
2790 797 2840 851 in
2869 796 3046 850 animo
3063 809 3183 850 esse
3205 809 3361 848 nemo

1787 881 2007 951 amliigit
2035 901 2047 936 :
2077 882 2405 938 dc'secuudo
2441 895 2493 940 et
2532 886 2690 941 tertio
2727 888 2890 957 qttzrri
2931 895 3140 957 potest:
3182 885 3275 941 sed
3307 895 3361 940 et

1786 971 2078 1027 seettndum
2127 973 2240 1027 sine
2282 975 2460 1029 animo
2510 991 2629 1032 esse
2680 995 2784 1031 non
2836 987 3025 1048 potest.
3076 977 3149 1032 De
3201 977 3361 1032 tertio

1788 1081 1976 1136 magna
2007 1067 2232 1139 quzestio
2254 1076 2368 1134 est,
2402 1079 2574 1122 tttrum
2603 1085 2787 1123 verum
2819 1069 2943 1124 illud
2972 1070 3110 1140 quod
3141 1070 3256 1125 sine
3282 1068 3362 1125 in-

1785 1167 2080 1213 struntento
2115 1161 2356 1230 corporis
2382 1161 2592 1216 animus
2619 1165 2848 1217 intuetur
2873 1163 2940 1218 sit
2971 1181 3064 1232 per
3089 1164 3318 1234 seipsum
3340 1207 3356 1231 ,

1785 1257 1839 1304 et
1870 1265 1975 1304 nou
2003 1249 2073 1304 sit
2099 1251 2150 1304 in
2181 1252 2378 1317 animo,
2402 1263 2491 1307 aut
2521 1255 2684 1323 possit
2709 1270 2827 1309 esse
2856 1255 2969 1309 sine
2995 1256 3189 1309 animo.
3217 1255 3360 1322 Quo-

1785 1341 2019 1410 quolibet
2040 1343 2196 1398 modo
2217 1354 2390 1398 autem
2409 1360 2468 1399 se
2495 1343 2704 1409 habeat,
2729 1360 2834 1398 non
2857 1345 2906 1398 id
2931 1355 3106 1414 p05set
3123 1357 3360 1402 contem-

1785 1431 1917 1502 plari
1957 1435 2165 1489 animus
2211 1451 2304 1504 per
2339 1435 2590 1505 seipsmn.
2635 1435 2732 1489 nisi
2777 1436 2951 1505 aliqua
2987 1437 3355 1504 conjunctione

1783 1538 1904 1580 cum
1931 1541 2012 1582 eo.
2044 1524 2174 1583 Nam
2201 1542 2358 1582 omne
2385 1525 2522 1598 quod
2551 1527 2992 1599 eontetnplaniur,
3023 1526 3134 1580 sive
3162 1529 3360 1597 cogita-

1785 1618 1928 1673 tione
1955 1621 2220 1688 capimus.
2248 1629 2334 1674 aut
2365 1635 2523 1675 sensu
2551 1629 2640 1674 aut
2669 1620 2938 1676 intellectu
2969 1622 3223 1690 capimus.
3257 1619 3362 1676 Sed

1785 1724 1846 1763 ea
1869 1725 1986 1779 qua:
2010 1726 2168 1765 sensu
2191 1712 2490 1781 capiuntur,
2519 1725 2666 1767 extra
2691 1713 2847 1766 etiam
2875 1727 2973 1766 nos
2997 1728 3115 1767 esse
3137 1716 3365 1768 sentiun-

1787 1810 1891 1867 tttr,
1933 1811 1987 1856 et
2025 1801 2155 1856 locis
2189 1803 2544 1868 continentur,
2592 1803 2730 1858 unde
2779 1819 2877 1859 nec
2914 1803 3112 1874 percipi
3151 1805 3363 1874 quidem

1786 1906 1942 1960 posse
1978 1891 2325 1946 aﬂlrntantttr.
2369 1895 2441 1948 Ea
2489 1909 2616 1949 vero
2663 1909 2780 1964 qua)
2827 1895 3206 1966 intelliguntur,
3259 1911 3364 1951 non

1784 1985 1933 2052 quasi
1964 1984 2085 2038 alibi
2116 1986 2284 2054 posita
2311 1986 2695 2056 intelliguntur,
2726 2003 2882 2056 quam
2912 1988 3025 2057 ipse
3050 1988 3140 2058 qui
3167 1989 3364 2044 intelli-

1784 2073 1859 2142 git
1887 2075 2130 2128 animus:
2163 2075 2321 2129 simul
2351 2077 2492 2130 enim
2523 2083 2682 2132 etiam
2711 2077 3072 2148 intelliguntur
3099 2095 3202 2133 non
3231 2094 3363 2134 con-

1788 2165 1940 2218 tincri
1974 2164 2112 2219 loco.

1858 2257 1942 2309 ll.
1977 2257 2152 2323 Quare
2179 2257 2276 2312 ista
2312 2258 2617 2327 conjunctio
2657 2259 2912 2314 intuentis
2939 2259 3141 2326 animi,
3172 2270 3222 2316 et
3251 2260 3366 2330 ejus

1788 2348 1904 2402 veri
1942 2348 2081 2418 quod
2111 2350 2376 2415 intuetur,
2407 2360 2497 2404 aut
2525 2350 2592 2404 ita
2620 2359 2702 2406 est
2731 2360 2786 2405 ut
2813 2351 3109 2421 subjectum
3147 2353 3216 2406 sit
3251 2353 3368 2408 ani-

1788 2457 1928 2506 mus,
1961 2456 2142 2496 verum
2169 2451 2344 2496 autem
2377 2442 2503 2496 illud
2532 2442 2582 2496 in
2610 2443 2881 2512 subjecto;
2909 2453 3001 2498 aut
3025 2453 3206 2499 contra
3233 2444 3364 2501 sub-

1783 2534 1981 2604 jectum
2023 2551 2205 2590 verum
2226 2578 2240 2602 ,
2271 2544 2324 2590 et
2353 2537 2404 2591 itt
2433 2536 2670 2606 subjecto
2696 2538 2938 2603 animus;
2969 2549 3058 2594 aut
3087 2549 3368 2612 utrumque

1789 2627 2099 2682 substantia.
2146 2628 2344 2682 [lorum
2384 2640 2560 2685 autem
2605 2631 2762 2686 trium
2787 2632 2829 2684 si
2861 2631 3084 2700 primum
3115 2643 3229 2700 est,
3261 2646 3366 2690 tam

1788 2727 1870 2773 est
1898 2719 2208 2774 immortalis
2236 2723 2442 2775 animus
2460 2737 2617 2792 quam
2640 2723 2792 2785 ratio,
2815 2723 3102 2777 secundum
3125 2725 3366 2793 superio-

1791 2810 2498 2883 retndispntationem,quod
2529 2814 2703 2868 inesse
2732 2813 2818 2868 illa
2848 2815 2945 2868 nisi
2974 2815 3094 2868 vivo
3119 2832 3224 2870 tton
3253 2825 3364 2885 pot-

1790 2912 1890 2956 est.
1942 2902 2146 2957 Eadem
2177 2905 2463 2958 necessitas
2488 2905 2538 2958 in
2565 2904 2800 2958 secundo
2823 2914 2924 2959 est.
2957 2904 3085 2960 Nam
3112 2907 3155 2959 si
3183 2921 3367 2962 verum

1793 2992 1916 3047 illud
1944 2993 2082 3062 quod
2112 2994 2246 3047 ratio
2269 2993 2480 3060 dicitur,
2507 2995 2632 3050 nihil
2661 2994 2820 3049 habet
2839 2997 3213 3052 commutabile
3231 3000 3371 3052 sicut

1790 3096 2039 3155 apparet;
2073 3085 2201 3142 nihil
2234 3089 2548 3142 commutari
2580 3098 2751 3158 potest
2774 3089 2914 3160 quod
2944 3091 2996 3144 in
3024 3105 3091 3145 eo
3119 3101 3369 3162 tanquam

1793 3180 1843 3234 in
1872 3179 2111 3250 subjecto
2131 3189 2231 3234 est.
2257 3181 2512 3236 Retnanet
2536 3181 2693 3252 igitur
2711 3184 2885 3237 omnis
2910 3199 3079 3254 pugna
3099 3183 3168 3238 de
3189 3185 3366 3240 tertio.

1791 3270 1922 3324 Nam
1957 3274 2000 3324 si
2034 3272 2244 3326 animus
2282 3272 2575 3327 substantia
2601 3283 2702 3338 est,
2734 3283 2786 3328 et
2807 3273 3096 3328 substantia
3123 3275 3257 3330 ratio
3283 3276 3370 3332 cui

1791 3363 2128 3434 co:ijnngitur
2149 3365 2204 3430 ¹;
2233 3380 2336 3419 non
2362 3365 2589 3420 absurde
2615 3366 2732 3436 quis
2765 3367 3022 3435 putaverit
3051 3367 3162 3421 ﬁeri
3193 3383 3368 3437 posse,

1792 3466 1850 3508 ιιι
1877 3466 2122 3508 manente
2149 3455 2233 3509 illa
2267 3454 2352 3509 hic
2376 3471 2496 3510 esse
2530 3457 2755 3511 desinat.
2793 3457 2894 3512 Sed
2925 3457 3259 3512 manifestum
3288 3466 3376 3514 est

1791 3547 2043 3618 quamdiu
2069 3547 2280 3601 animus
2309 3563 2339 3601 a
2361 3549 2567 3604 ratione
2590 3564 2695 3603 non
2725 3560 2998 3619 separatur
3027 3549 3180 3618 eique
3205 3549 3374 3604 cubre-

1792 3647 1909 3703 ret,
1943 3640 2242 3693 necessario
2284 3655 2403 3692 eum
2444 3655 2660 3694 manere
2693 3651 2852 3710 atque
2888 3643 3084 3697 vivere.
3127 3641 3374 3712 Separari

1793 3736 1968 3783 autem
1998 3745 2100 3799 qua
2129 3729 2341 3784 tandem
2373 3730 2422 3784 vi
2451 3732 2660 3800 potest?
2686 3731 2823 3786 Num
2847 3747 3121 3803 corporea,
3149 3732 3300 3803 cujus
3320 3742 3377 3788 et

1795 3825 2027 3892 potentia
2059 3823 2318 3878 inlirmior
2338 3865 2352 3888 ,
2379 3833 2431 3878 et
2459 3825 2608 3890 origo
2639 3825 2884 3889 inferior,
2915 3835 2968 3880 et
2994 3826 3127 3880 ordo
3154 3841 3372 3895 separa-

1796 3914 1937 3967 litsr?
1969 3914 2123 3968 Nullo
2163 3913 2338 3967 modo.
2381 3914 2610 3967 Anitnali
2646 3915 2812 3984 ergo?
2847 3913 2951 3970 Sed
2985 3917 3142 3970 etiam
3179 3917 3230 3969 itt
3265 3931 3376 3986 quo

1797 4005 1993 4058 modo?
2023 4007 2102 4058 An
2148 4004 2284 4057 alter
2309 4004 2517 4058 animus
2547 4005 2812 4072 potentior
2837 4004 3076 4073 quisquis
3101 4014 3204 4069 est,
3234 4019 3363 4060 con-

1799 4094 2044 4164 templari
2067 4095 2321 4148 rationem
2353 4109 2456 4147 non
2485 4101 2674 4161 potest,
2703 4091 2804 4146 nisi
2827 4094 3050 4148 alterum
3078 4093 3200 4147 inde
3228 4110 3376 4163 sepa-

1803 4188 2031 4240 raverit?
2053 4186 2120 4238 At
2151 4200 2318 4254 neque
2347 4183 2479 4236 ratio
2504 4183 2748 4252 cuiquam
2779 4183 3155 4252 contemplanti
3186 4183 3369 4239 defueo

1798 4280 1898 4342 rit,
1935 4279 1979 4333 si
2018 4292 2204 4332 omnes
2237 4276 2700 4347 contemplemur:
2731 4285 2787 4330 et
2827 4291 2948 4330 cum
2987 4275 3112 4330 nihil
3150 4276 3217 4330 sit
3260 4277 3372 4345 ipsa

1800 4373 2001 4427 ratione
2019 4372 2303 4443 potentius,
2327 4387 2427 4439 qua
2453 4370 2581 4424 nihil
2602 4379 2685 4425 est
2704 4368 3208 4433 inconnnumliilius;
3232 4370 3376 4425 nullo

1801 4477 1957 4536 pacto
1984 4464 2086 4519 erit
2112 4465 2318 4518 animus
2346 4462 2576 4516 nondum
2608 4462 2796 4516 rationi
2824 4464 3134 4530 eoujunctus
3154 4504 3168 4524 .
3194 4481 3259 4518 eo
3285 4463 3374 4532 qui

1800 4569 1881 4611 est
1909 4557 2222 4626 conjunctus
2254 4555 2534 4624 potentior.
2566 4553 2749 4607 lit-stat
2778 4563 2834 4606 ut
2858 4564 2947 4608 aut
2973 4553 3085 4622 ipsa
3111 4555 3243 4608 ratio
3264 4570 3295 4609 a
3317 4570 3378 4610 se

1804 4652 1974 4720 ipsum
2002 4659 2228 4720 separet.
2263 4659 2348 4703 aut
2380 4649 2492 4718 ipse
2517 4647 2726 4702 anittzus
2749 4646 2819 4701 ab
2842 4664 2902 4701 ea
2934 4647 3200 4703 voluntate
3224 4664 3378 4718 Sepa-

1806 4754 1971 4797 retur.
2000 4741 2106 4795 Sed
2135 4740 2266 4794 niltil
2293 4749 2377 4795 est
2405 4741 2454 4794 ili
2486 4741 2572 4794 illa
2602 4748 2784 4793 natura
2815 4737 3139 4804 invidentiae,
3169 4742 3380 4810 quomi-

1805 4849 1904 4888 nus
1943 4833 2216 4887 fruendam
2251 4845 2310 4884 se
2348 4833 2524 4884 animo
2560 4834 2812 4899 praebeat.
2848 4830 3048 4885 Deinde
3081 4847 3185 4901 quo
3215 4835 3382 4902 magis

1805 4939 1918 4990 est,
1947 4943 2011 4981 eo
2034 4925 2286 4995 quidquid
2337 4925 2433 4979 sibi
2461 4925 2800 4994 conjungitur
2828 4923 2953 4980 facit
2983 4934 3042 4979 ut
3066 4930 3164 4989 sit,
3192 4929 3274 4981 t-ui
3304 4929 3381 4983 rei

1805 5019 2100 5072 t-mttrarius
2128 5026 2209 5071 est
2240 5018 2500 5070 'nteritus.
2522 5015 2800 5070 Voluntate
2833 5027 3007 5071 autem
3034 5019 3266 5072 animum
3299 5037 3384 5071 se-

1808 5113 1978 5184 parari
1999 5128 2029 5164 a
2054 5112 2256 5164 rali0uc
2279 5126 2381 5163 non
2410 5109 2566 5164 n'imis
2585 5111 2812 5165 absurde
2827 5111 2945 5183 quis
2969 5111 3190 5175 diceret,
3212 5114 3253 5164 si
3277 5112 3380 5164 ulla

1807 5206 1874 5258 ah
1903 5207 2124 5258 invicem
2155 5204 2416 5272 separatio
2439 5211 2616 5273 posset
2639 5219 2758 5258 esse
2780 5220 2956 5258 rerum
2979 5219 3110 5273 quas
3131 5218 3233 5256 ncn
3255 5216 3382 5253 ran-

1811 5298 1934 5350 lincl
1967 5297 2030 5349 Ιθι
2049 5311 2111 5348 us
2141 5295 2239 5366 (η).
2269 5293 2420 5362 Quod
2447 5293 2658 5364 quidem
2685 5294 2789 5349 dici
2817 5295 3070 5348 adversus
3095 5291 3264 5345 omnia
3297 5306 3384 5340 su-

1811 5391 2017 5458 periora
2055 5397 2246 5457 ptitest,
2277 5389 2467 5456 quibus
2500 5387 2632 5441 alias
2662 5387 3106 5442 contradictiones
3125 5379 3377 5449 opposui-

1813 5495 1947 5534 mus.
1979 5479 2114 5547 Qoid
2145 5479 2308 5548 ergo?
2340 5477 2528 5533 .lantne
2552 5476 2968 5532 eunclttdendttm
2995 5484 3112 5536 esu
3142 5471 3379 5522 ειιδίιιιυιη

1879 5613 1894 5642 ί
1931 5617 2001 5682 Ita
2012 5618 2137 5681 j'ss.,
2151 5617 2202 5659 ct
2217 5611 2495 5682 concinnitas
2508 5623 2651 5673 quam
2665 5611 2706 5660 si
2722 5620 2830 5658 cum
2845 5607 3078 5654 hactenus
3093 5600 3235 5651 editis
3250 5597 3388 5661 lcga-

1814 5680 1910 5732 tur,
1929 5679 2101 5723 rotam:
2121 5679 2438 5734 conjungaur.

1884 5769 1956 5829 (ιι)
1982 5779 1996 5820 ι
2019 5775 2242 5825 neti-aen,
2267 5771 2371 5820 ait».
2396 5757 2446 5820 ὃ,
2469 5769 2519 5804 n.
2543 5753 2589 5805 2.
