3804 6448
616 324 738 380 ιδ’τι

606 440 693 506 qui
728 442 875 508 vivit,
903 438 1098 497 fallitur
1125 456 1299 497 nemo.
1328 440 1441 497 Non
1472 442 1630 513 igitur
1658 442 1861 499 falsitas
1889 445 2200 499 interimere

611 538 848 591 animum
878 545 1070 605 potest.
1095 536 1245 605 Quod
1272 536 1315 589 si
1346 534 1459 589 hae
1506 552 1609 592 non
1637 545 1811 605 potest
1836 552 1953 607 quae
1980 546 2194 591 contra-

615 629 689 683 ria
720 628 923 682 \‘rt'ilali
970 637 1097 692 est,
1148 630 1356 683 auferre
1394 625 1574 681 animo
1615 626 1847 681 animum
1876 643 2013 694 esse,
2056 627 2196 698 quod

613 723 662 777 ei
694 722 883 777 veritas
914 720 1058 776 dedit
1094 722 1111 795 ζ
1128 722 1197 777 ita
1245 723 1388 777 enim
1426 730 1507 777 est
1550 722 1895 778 invictissima
1928 722 2193 794 veritas);

612 815 737 885 quid
764 814 907 869 aliud
936 815 1252 879 invenietur,
1276 814 1417 887 quod
1444 812 1648 869 auferat
1672 815 1849 868 animo
1880 814 1929 869 id
1952 814 2089 884 quod
2117 822 2198 869 est

616 905 866 961 animus?
913 906 1051 961 Nihil
1099 908 1338 977 profecto
1394 925 1407 961 :
1465 922 1584 961 nam
1628 906 1755 960 nihil
1804 914 1885 960 est
1929 907 2197 960 contrario

604 1002 721 1055 vale
764 1000 869 1054 tius
890 999 953 1055 ad
974 1001 1022 1053 id
1044 1000 1567 1072 aut'erendnm,quod
1589 1003 1642 1054 tit
1677 1001 1873 1068 abejns
1904 1000 2192 1055 contrario.

599 1091 831 1148 Cftl'UT
872 1093 985 1150 ΧΙΙ.
1015 1123 1084 1133 -ο
1121 1091 1328 1147 Verituti
1352 1112 1384 1147 τι
1420 1110 1518 1160 qua
1544 1104 1616 1148 est
1660 1094 1857 1148 animus
1898 1094 2033 1166 quod
2080 1104 2155 1148 est
2176 1135 2191 1161 ,

887 1196 1131 1255 quatenus
1160 1187 1271 1256 ipsa
1304 1197 1393 1251 est,
1424 1187 1553 1240 nihil
1578 1190 1904 1240 contrarium.

679 1280 765 1337 l9.
812 1281 871 1334 At
898 1280 940 1335 si
966 1279 1171 1335 veritati
1199 1280 1521 1334 contrarium
1554 1280 1623 1333 ita
1651 1294 1971 1349 qtneramus,
2002 1295 2106 1334 non
2138 1279 2192 1334 in

603 1383 858 1443 quantum
885 1371 1079 1426 veritas
1098 1382 1200 1433 est,
1222 1370 1313 1425 sed
1338 1371 1387 1425 itt
1414 1379 1668 1441 quantum
1696 1387 1903 1426 suntme
1932 1372 2191 1426 maxime-

608 1482 711 1538 que
738 1478 840 1529 est,
862 1481 1160 1537 qttanquam
1192 1466 1244 1519 in
1276 1475 1477 1520 tantum
1504 1474 1586 1519 est
1612 1465 1837 1535 idipsum
1866 1465 1916 1518 itt
1938 1473 2190 1535 quantum

603 1568 687 1616 est
714 1558 940 1621 veritas;
966 1556 1229 1628 siquidem
1257 1556 1539 1612 veritatem
1562 1573 1678 1610 eam
1704 1556 1860 1610 dieim
1872 1572 1931 1610 us
1948 1572 2048 1625 qtta
2068 1572 2189 1611 vera

606 1663 727 1707 sunt
754 1650 930 1712 omnia
962 1651 1014 1705 in
1032 1660 1514 1721 quanttmtcmuque
1536 1657 1677 1715 sunt,
1698 1648 1748 1701 in
1776 1658 1977 1703 tantum
2015 1657 2191 1702 autem

606 1755 730 1801 sunt
764 1746 813 1798 in
839 1752 1092 1815 quantum
1116 1758 1238 1797 vera
1266 1752 1389 1796 sunt
1411 1759 1424 1804 ;
1448 1751 1621 1795 tamen
1652 1739 1795 1794 nullo
1820 1740 1978 1794 tnodo
2006 1739 2054 1793 id
2094 1740 2191 1793 de-

605 1835 854 1906 fugerim,
898 1833 1038 1905 quod
1085 1832 1215 1887 mihi
1261 1831 1563 1887 evidentius
1602 1831 1939 1901 sull‘tagatur.
1985 1830 2115 1884 Nam
2146 1830 2190 1884 si

604 1930 746 1987 nulla
773 1930 1004 1984 essentia
1034 1928 1084 1981 itt
1108 1936 1363 1997 quantum
1403 1925 1634 1981 essentia
1662 1934 1764 1985 est,
1809 1925 2003 1995 aliquid
2034 1924 2193 1980 habet

605 2021 952 2085 contrarium,
1005 2018 1172 2073 multo
1217 2018 1393 2073 minus
1438 2016 1601 2072 habet
1648 2016 1974 2070 contrarium
2022 2016 2189 2086 prima

603 2116 693 2171 illa
720 2115 973 2179 essentia,
995 2129 1113 2184 qua-
1137 2111 1332 2167 dicitur
1359 2111 1575 2171 veritas,
1600 2109 1651 2163 in
1676 2122 1929 2180 quantum
1958 2110 2190 2163 essentia

601 2217 701 2262 est.
739 2205 972 2261 Primum
1010 2215 1186 2258 atttem
1215 2219 1400 2259 verttm
1431 2212 1531 2257 est.
1572 2200 1759 2255 Omnis
1784 2200 1924 2254 enittt
1955 2199 2186 2253 essentia

603 2315 708 2355 non
736 2298 805 2351 ob
834 2296 974 2351 aliud
1012 2294 1240 2351 essentia
1271 2304 1372 2353 est,
1404 2292 1505 2347 nisi
1548 2292 1669 2363 quia
1709 2299 1804 2345 est.
1842 2289 1975 2344 Esse
2014 2300 2187 2344 autem

601 2409 707 2447 non
736 2390 894 2445 habet
919 2387 1267 2453 contrarium,
1297 2385 1397 2440 nisi
1430 2401 1533 2438 tton
1555 2398 1674 2437 esse
1706 2401 1718 2437 :
1761 2384 1899 2436 unde
1942 2381 2068 2435 nihil
2109 2390 2191 2435 est

608 2483 854 2539 essentia:
912 2479 1255 2535 contrarium.
1308 2476 1466 2531 Nullo
1519 2473 1676 2529 modo
1736 2473 1892 2543 igitur
1946 2489 2032 2527 res
2084 2473 2186 2525 ulla

599 2590 718 2629 esse
750 2580 922 2642 potest
950 2568 1215 2625 contraria
1252 2567 1324 2621 illi
1351 2566 1687 2631 substantim,
1718 2580 1839 2635 qua}
1868 2565 2098 2619 maxime
2123 2579 2187 2619 ac

599 2663 843 2735 primitus
872 2670 973 2716 est.
1016 2660 1093 2715 Ex
1126 2674 1227 2728 qua
1263 2658 1306 2711 si
1340 2657 1498 2711 habet
1533 2656 1744 2709 animus
1788 2653 2015 2724 idipsum
2044 2653 2186 2725 quod

598 2766 681 2812 est
705 2758 843 2826 (non
879 2753 1021 2811 enim
1059 2750 1272 2805 aliunde
1301 2751 1401 2803 hoc
1431 2747 1627 2801 habere
1676 2755 1870 2817 posest,
1914 2746 2000 2817 qui
2031 2762 2093 2800 ex
2127 2762 2188 2800 se

599 2864 704 2903 non
735 2846 912 2909 habet,
931 2842 1030 2898 nisi
1063 2842 1232 2896 abilla
1261 2855 1319 2895 re
1344 2857 1462 2911 qum
1497 2839 1587 2894 illo
1614 2838 1726 2907 ipso
1748 2848 1831 2892 est
1854 2838 2031 2891 animo
2056 2852 2188 2906 prte-

598 2938 890 3007 stautior),
934 2935 1075 2990 nulla
1106 2950 1191 2989 res
1216 2942 1418 3002 estqua
1450 2930 1502 2985 id
1526 2934 1753 2992 amittat,
1784 2928 1905 2999 quia
1935 2928 2074 2983 nulla
2102 2943 2187 2983 res

597 3033 646 3089 ei
671 3034 747 3088 rei
794 3039 878 3086 est
905 3027 1173 3085 contraria
1215 3042 1318 3098 qua
1350 3025 1401 3081 id
1449 3024 1648 3088 habet;
1679 3036 1728 3077 et
1763 3034 2040 3093 propterea
2070 3036 2189 3077 esse

598 3140 705 3181 non
733 3122 947 3179 desinit.
974 3120 1301 3193 Sapientiam
1330 3133 1479 3183 vero,
1509 3117 1631 3188 quia
1655 3118 2003 3172 convetsione
2031 3116 2189 3170 habet

596 3217 663 3272 ad
714 3217 766 3272 id
808 3231 875 3271 ex
916 3229 1023 3285 quo
1060 3222 1161 3277 est,
1210 3212 1489 3266 aversione
1530 3208 1673 3264 illam
1711 3216 1886 3276 potest
1921 3208 2184 3262 amittere.

596 3306 943 3364 Conversioni
975 3319 1203 3374 namque
1238 3303 1446 3357 aversio
1472 3301 1737 3355 contraria
1765 3309 1866 3355 est.
1904 3298 2034 3353 Illud
2064 3310 2188 3353 vero

598 3400 738 3470 quod
766 3415 830 3454 ex
858 3414 923 3453 eo
953 3396 1113 3450 habet
1147 3396 1232 3449 cui
1264 3394 1406 3448 nulla
1431 3408 1517 3448 res
1541 3400 1625 3446 est
1652 3394 1942 3453 Contraria,
1975 3406 2078 3446 non
2101 3398 2185 3447 est

598 3490 741 3545 unde
770 3489 931 3559 possit
963 3488 1224 3541 amittere.
1256 3485 1367 3541 Non
1406 3485 1562 3555 igitur
1590 3494 1759 3554 potest
1802 3483 2040 3539 interire.

672 3580 899 3639 CAPUT
932 3578 1067 3636 ΧΙιΙ.
1088 3610 1161 3621 —-
1184 3579 1396 3633 Animus
1418 3594 1506 3632 nec
1523 3580 1572 3632 in
1598 3596 1780 3649 corpus
1796 3580 2113 3633 convertitur.

669 3676 760 3731 20.
805 3675 899 3729 llic
942 3672 1083 3729 [arte
1120 3674 1394 3729 oboriatur
1436 3672 1685 3727 nonnulla
1717 3674 1960 3741 qttmstio,
2010 3682 2184 3727 utrum

604 3771 735 3824 sicut
768 3783 873 3824 non
902 3767 1081 3823 interit
1110 3768 1343 3831 animus,
1375 3767 1445 3821 ita
1474 3781 1573 3821 nec
1603 3767 1654 3821 in
1696 3766 2016 3822 deteriorem
2040 3784 2185 3822 com-

602 3870 835 3916 mntetur
872 3858 1176 3915 essentiam.
1215 3856 1395 3912 Videri
1437 3858 1577 3912 enim
1612 3857 1838 3927 cuipiam
1868 3867 2058 3927 potest,
2091 3874 2185 3914 ne-

600 3969 704 4024 que
730 3952 955 4021 injuria,
987 3949 1038 4006 id
1080 3950 1328 4005 ell'ectum
1358 3964 1479 4006 esse
1526 3949 1929 4005 ratiocinatione
1974 3953 2091 4017 hac,
2132 3962 2189 4007 ut

598 4046 808 4100 animus
836 4044 901 4098 ad
934 4043 1155 4098 nihilum
1183 4057 1288 4097 non
1319 4038 1483 4112 possit
1507 4042 1805 4111 pervenire,
1829 4042 2068 4097 converti
2094 4058 2189 4098 auo

598 4146 705 4191 tem
733 4137 783 4189 in
806 4150 999 4205 corpus
1026 4134 1243 4189 forsitan
1278 4134 1461 4203 possit.
1488 4132 1542 4189 Si
1572 4136 1713 4189 enim
1736 4135 1879 4205 quod
1915 4144 2030 4191 erat
2060 4148 2184 4192 ante

600 4229 831 4292 animus,
862 4241 1059 4295 corpus
1089 4224 1243 4279 fuerit
1273 4224 1542 4291 ell'ectum,
1591 4242 1696 4279 non
1743 4226 1923 4296 ntiqnc
1968 4228 2186 4282 omnino

603 4337 707 4374 non
754 4320 872 4373 erit.
914 4317 1020 4374 Sed
1062 4318 1162 4373 hoc
1193 4319 1304 4372 tieri
1351 4335 1455 4372 non
1494 4329 1686 4389 potest,
1732 4320 1833 4374 nisi
1873 4330 1963 4375 aut
1993 4323 2104 4392 ipse
2133 4321 2185 4376 id

598 4412 744 4476 velit,
776 4419 868 4465 aut
886 4410 953 4465 ab
976 4409 1082 4464 alio
1106 4421 1344 4480 cogatur.
1366 4409 1474 4465 Nec
1493 4412 1744 4466 continuo
1766 4422 1939 4469 tamen
1956 4414 2182 4481 animus,

598 4505 711 4559 sive
756 4504 869 4573 ipse
915 4502 967 4557 id
1007 4504 1307 4573 appetierit,
1347 4505 1460 4559 sive
1502 4515 1720 4561 coactus
1762 4506 1942 4574 fuerit,
1989 4511 2188 4580 poterit

596 4612 790 4666 corpus
837 4611 976 4652 esse.
1028 4596 1157 4651 Illud
1198 4598 1338 4651 enim
1398 4598 1637 4669 sequitur
1689 4609 1786 4667 ιιι,
1843 4602 1886 4656 si
1923 4603 2010 4667 sit,
2059 4604 2186 4659 velit

594 4700 687 4743 aut
716 4701 951 4761 cogatur.
1004 4692 1073 4745 At
1115 4690 1242 4746 illud
1291 4705 1396 4747 non
1437 4695 1676 4764 sequitur
1714 4703 1802 4760 ιιι,
1838 4695 1880 4750 si
1932 4696 2056 4750 velit
2095 4707 2186 4752 aut

602 4793 841 4853 cogatur,
871 4785 963 4838 sit.
994 4783 1273 4855 Nunquam
1306 4794 1484 4841 autem
1509 4789 1686 4842 volet:
1726 4804 1846 4843 naut
1875 4788 2046 4843 omnis
2069 4792 2186 4860 ejus

601 4876 862 4942 appetitus
900 4874 963 4929 ad
1010 4892 1223 4947 corpus.
1264 4886 1356 4933 aut
1384 4889 1440 4933 ut
1472 4879 1521 4933 id
1555 4881 1841 4950 possideat,
1874 4891 1975 4949 est,
2009 4893 2097 4936 aut
2128 4890 2186 4937 ut

600 4962 847 5028 viviﬁcet,
878 4975 966 5019 aut
1007 4976 1065 5020 ut
1089 4968 1480 5038 quodammodo
1505 4970 1810 5038 fabricetur,
1836 4983 1927 5028 aut
1951 4973 2185 5043 quolibet

603 5062 756 5123 pacto
781 5054 829 5108 ei
855 5056 1111 5110 consulat.
1152 5057 1291 5113 Nihil
1335 5074 1511 5116 autem
1544 5061 1734 5118 horum
1766 5063 1880 5118 fieri
1917 5074 2111 5135 potest,
2138 5066 2184 5120 si

602 5161 707 5199 non
734 5147 801 5199 sit
829 5161 1051 5217 oorpore
1078 5152 1286 5206 melior.
1312 5155 1383 5206 At
1402 5156 1445 5208 si
1467 5156 1571 5209 erit
1593 5172 1807 5227 corpus,
1841 5160 2030 5213 melior
2058 5175 2183 5214 cor-

597 5254 724 5309 pore
752 5240 987 5311 prol'ecto
1033 5257 1135 5296 non
1163 5246 1281 5298 erit.
1309 5244 1423 5299 Non
1452 5248 1610 5316 igitur
1638 5265 1834 5321 corpus
1862 5267 1981 5306 esse
2019 5253 2180 5308 volet.

595 5329 779 5400 Neque
809 5330 971 5385 ullum
1003 5334 1077 5386 rei
1107 5333 1260 5401 hujus
1284 5338 1480 5391 certius
1502 5354 1867 5409 argumentum
1899 5356 1999 5405 et.
2023 5363 2182 5416 quam

596 5438 717 5476 cum
740 5423 973 5492 seipsum
1004 5424 1125 5477 hinc
1168 5426 1456 5497 interrogat
1482 5433 1714 5487 animus.
1752 5434 1823 5489 Ita
1855 5437 1995 5490 enim
2028 5440 2182 5495 facile

594 5517 857 5589 compeit
902 5517 1194 5588 appetitum
1245 5534 1433 5575 senon
1480 5523 1692 5588 habere,
1739 5528 1837 5582 nisi
1869 5531 2057 5599 agendi
2086 5533 2182 5585 ali-

592 5609 739 5678 quid,
788 5619 879 5664 aut
916 5611 1142 5677 sciendi,
1196 5621 1287 5666 aut
1340 5615 1625 5682 sentiendi,
1685 5629 1775 5673 aut
1819 5625 2182 5679 tantummodo

597 5700 803 5755 vivendi
834 5700 887 5755 in
916 5715 1169 5773 quantum
1188 5720 1281 5760 sua
1316 5706 1385 5760 illi
1419 5716 1652 5776 potestas
1676 5722 1776 5766 est.

660 5790 754 5849 21.
793 5791 851 5849 Si
891 5805 1067 5852 autem
1101 5799 1307 5873 Cogitur
1353 5815 1544 5874 corpus
1575 5819 1717 5875 esse,
1756 5822 1788 5863 a
1829 5822 1935 5880 quo
1963 5806 2175 5865 tandem

1479 329 1567 384 DE
1607 327 2174 387 IMMORTALI'I'A'IE
2216 328 2474 399 ANIM/E,
2514 331 2572 388 S.
2616 334 2989 394 AUGUSTIN!

3634 366 3739 424 illa

2305 444 2545 543 regitur?
2569 448 2609 500 A
2638 449 2895 517 quolibet,
2928 458 3074 507 marte
3102 468 3130 506 τι
3159 458 3427 522 potentiore.
3464 463 3554 521 Non
3575 484 3671 543 ergo
3687 481 3735 536 ab

2303 538 2419 608 ipso
2444 555 2668 610 corpore
2688 543 2803 611 cogi
2834 552 3030 613 potest.
3052 543 3202 600 Nullo
3220 551 3341 604 enim
3361 554 3494 611 modo
3507 561 3590 614 ullo
3607 538 3734 624 animo

2301 629 2468 685 ullunt
2494 647 2688 703 corpus
2715 636 3002 703 potentius.
3036 635 3290 695 Potentior
3311 653 3459 701 autem
3476 653 3644 709 animus
3665 675 3736 714 non

2300 722 2442 789 cogit
2463 723 2513 776 in
2540 724 2756 793 aliquid,
2786 725 2886 780 nisi
2907 727 3047 797 quod
3076 743 3183 782 sua:
3205 736 3419 799 potestati
3441 740 3651 799 subditum
3670 761 3739 805 ρδι.

2305 813 2415 869 Nec
2452 816 2559 870 ullo
2591 817 2750 872 modo
2783 820 2994 873 animus
3036 824 3266 890 potestati
3302 825 3490 884 alterius
3510 834 3651 901 animi,
3674 843 3740 897 nisi

2309 908 2423 960 suis
2452 907 2826 976 cupiditatibus
2868 911 3127 965 subditur.
3174 916 3311 984 Cogit
3354 933 3462 989 ergo
3493 920 3564 978 ille
3598 930 3740 987 animus

2300 1014 2405 1053 non
2432 1000 2658 1069 amplius
2682 1017 2838 1070 quam
2860 1012 3111 1071 quantnnt
3137 1004 3244 1073 eius
3267 1022 3404 1075 queui
3426 1013 3540 1079 cogit
3557 1018 3671 1085 cupiit
3689 1030 3739 1074 ιιι

2300 1099 2381 1145 tes
2406 1091 2607 1146 sinunt.
2654 1092 2860 1148 Dictum
2886 1104 2969 1148 est
3011 1105 3184 1151 autem
3216 1099 3514 1168 cupiditatem
3542 1122 3621 1161 non
3643 1126 3740 1177 pose

2297 1186 2533 1240 animum
2580 1186 2797 1252 habere,
2826 1198 2883 1242 ut
2917 1204 3111 1259 corpus
3148 1188 3213 1244 sit
3239 1192 3274 1243 ¹.
3317 1192 3435 1248 Illud
3476 1200 3601 1252 etiam
3633 1206 3740 1254 Ιιιτιιιί‹

2297 1276 2491 1332 festum
2549 1287 2632 1334 esl.
2680 1278 2745 1333 ad
2784 1280 2981 1334 nullam
3030 1297 3139 1334 sua:
3174 1284 3450 1353 cupiditatis
3484 1293 3740 1360 exple-[mimi

2296 1370 2595 1440 pervenire,
2624 1370 2751 1425 dtttn
2778 1371 2973 1427 amittit
2998 1389 3209 1428 ontnem
3234 1376 3533 1445 cupiditatem
3560 1388 3740 1451 :etamits

2298 1463 2360 1516 tit
2386 1464 2512 1517 dum
2538 1479 2734 1533 corpus
2756 1468 2832 1519 tit.
2855 1465 2967 1519 Non
2993 1466 3151 1536 igitur
3175 1471 3407 1536 potestab
3425 1487 3480 1526 eo
3500 1476 3591 1543 Cngi
3615 1488 3652 1529 ut
3670 1482 3740 1543 I‘nt,

2294 1557 2383 1624 qui
2408 1555 2628 1624 cogendi
2647 1556 2733 1625 jus
2759 1557 2858 1612 nisi
2889 1572 2983 1624 per
3009 1558 3202 1613 subditi
3222 1562 3503 1629 cupiditates
3525 1580 3604 1619 non
3628 1566 3740 1625 habet.

2297 1648 2498 1703 Deinde
2543 1649 2779 1719 quisquis
2830 1650 3040 1705 animus
3079 1652 3297 1707 alterum
3336 1654 3539 1711 animum
3578 1657 3740 1715 habuit

2295 1748 2575 1808 potestate,
2609 1740 2776 1810 magis
2802 1756 2925 1795 eum
2970 1756 3188 1797 necesse
3229 1752 3309 1798 est
3342 1745 3455 1799 velit
3486 1745 3531 1800 in
3568 1759 3740 1816 potestati

2297 1830 2492 1885 habere
2523 1846 2686 1900 quam
2725 1847 2938 1902 corpus,
2973 1842 3030 1887 et
3054 1834 3106 1888 ei
3137 1834 3259 1889 velit
3300 1836 3507 1892 bonitate
3540 1842 3739 1911 cuttsnlere,

2297 1921 2383 1977 vel
2410 1922 2608 1977 malitia
2646 1922 2972 1992 imperitare.
3020 1924 3135 1979 Non
3163 1940 3285 1995 ergo
3309 1927 3434 1982 volet
3462 1938 3511 1982 ut
3530 1944 3673 1997 corpus
3691 1931 3740 1983 sit.

2364 2013 2453 2068 22.
2478 2013 2752 2069 Postremo
2769 2016 2868 2070 iste
2893 2015 3107 2071 animus
3135 2029 3415 2084 cogens-ant
3432 2020 3678 2077 anitnalest.
3695 2026 3740 2087 aui

2294 2114 2439 2159 caret
2465 2119 2691 2174 corpore
2720 2105 2762 2176 (Ι
2787 2105 3030 2171 Relract.,
3060 2124 3109 2160 ε.
3136 2108 3185 2167 5.
3213 2125 3261 2161 n.
3280 2109 3312 2162 3
3330 2109 3363 2179 ).
3399 2108 3491 2163 Sed
3508 2110 3663 2165 sicarel
3677 2110 3740 2171 mu

2296 2212 2443 2265 pore,
2465 2197 2515 2250 in
2541 2196 2641 2251 hoc
2660 2197 2860 2252 mundo
2888 2214 2993 2252 non
3023 2207 3127 2254 est.
3161 2200 3221 2255 Et
3245 2200 3287 2254 si
3316 2201 3379 2254 ita
3408 2210 3496 2265 est,
3520 2192 3740 2257 sutnmeio

2295 2303 2393 2342 nus
2412 2298 2511 2348 est.
2528 2304 2625 2343 nec
2642 2298 2813 2358 potest
2831 2290 2965 2345 velle
2978 2290 3134 2345 alteri
3160 2300 3262 2346 tattt
3285 2301 3468 2361 turpem
3483 2295 3740 2347 continuatio

2295 2396 2437 2435 nem.
2481 2380 2535 2436 Si
2560 2390 2735 2435 autem
2779 2382 2975 2437 animal
3014 2393 3120 2449 est,
3149 2394 3234 2439 aut
3274 2384 3452 2439 animal
3477 2394 3544 2439 est
3564 2385 3677 2437 etiam
3697 2383 3740 2438 illi

2291 2490 2450 2545 quem
2472 2476 2633 2546 cogit,
2656 2486 2743 2529 aut
2762 2491 2865 2529 non
2883 2487 2985 2530 est.
3010 2476 3119 2532 Sed
3137 2478 3183 2533 si
3203 2477 3481 2543 nonest,ad
3496 2478 3597 2531 nihil
3612 2474 3740 2545 Cugiai

2291 2568 2397 2621 alio
2427 2577 2617 2636 potest.
2652 2568 2765 2623 Non
2789 2570 2930 2624 enim
2954 2570 3114 2625 habet
3142 2571 3605 2642 potentioremquiin
3617 2580 3740 2624 Slllllllll

2292 2669 2393 2713 est.
2410 2658 2467 2715 Si
2491 2669 2666 2714 autem
2695 2662 2744 2714 in
2773 2676 2997 2730 corpore
3023 2673 3111 2716 est
3136 2705 3151 2723 ,
3179 2664 3246 2717 ab
3270 2680 3332 2718 eo
3353 2663 3593 2733 rursusqui
3618 2663 3654 2715 iu
3675 2676 3740 2713 ron

2294 2766 2423 2821 pore
2440 2764 2517 2808 est
2553 2769 2647 2823 per
2674 2768 2868 2823 corpus
2896 2755 3127 2823 cogitur,
3154 2756 3220 2809 ad
3250 2756 3573 2825 qnmlenutque
3600 2755 3740 2822 nglllll'

2292 2844 2421 2912 Quis
2439 2856 2615 2901 autem
2632 2846 2839 2900 dubitet
2856 2847 2999 2901 nullo
3024 2847 3189 2900 modo
3207 2862 3296 2904 rer
3325 2862 3497 2915 corpus
3514 2847 3601 2899 lien
3620 2856 3740 2897 unua

2292 2939 2761 2993 eontmtttationem
2792 2939 3016 2993 animo?
3043 2938 3219 2994 Fit-ret
3246 2941 3383 2995 enim
3402 2940 3440 2993 si
3462 2948 3577 2993 esset
3595 2936 3657 2989 liiO
3675 2950 3740 2987 cor

2294 3047 2393 3101 pus
2441 3033 2708 3100 potentius
2741 3050 2757 3087 :
2787 3031 3026 3099 quamvis
3054 3032 3312 3101 quidquid
3340 3030 3453 3086 illud
3482 3039 3565 3094 est,
3588 3028 3638 3081 ad
3656 3028 3740 3093 quoi

2294 3140 2389 3193 per
2415 3139 2608 3192 corpus
2634 3124 2869 3193 cogitur,
2898 3138 3120 3190 prorsus
3151 3137 3258 3178 non
3290 3140 3378 3191 per
3400 3136 3578 3190 corpus.
3598 3116 3672 3171 sed
3696 3120 3740 3181 με

2292 3214 2606 3284 cupiditates
2630 3229 2756 3269 snas
2783 3215 3009 3283 cogitur,
3046 3214 3121 3269 de
3162 3215 3353 3286 quibus
3377 3214 3478 3267 satis
3498 3209 3651 3265 dictum
3676 3213 3740 3259 est

2291 3304 2443 3373 Quod
2470 3315 2646 3360 autem
2670 3305 2915 3360 rationali
2944 3306 3124 3360 anima
3153 3306 3343 3361 melius
3361 3299 3740 3367 est,umnibuscon

2290 3397 2663 3463 sentientibus,
2698 3397 2835 3451 Dens
2858 3408 2959 3453 est.
2987 3398 3090 3465 Qui
3134 3398 3372 3468 profecto
3406 3393 3589 3451 consulit
3605 3390 3740 3444 anima

2291 3498 2347 3545 et
2372 3489 2491 3543 ideo
2520 3504 2624 3544 non
2650 3488 2720 3543 ab
2745 3503 2812 3545 eo
2828 3490 2945 3560 cogi
2971 3489 3157 3545 anima
3177 3500 3365 3561 patest,
3386 3500 3433 3544 ut
3450 3494 3711 3542 convertatur
3725 3480 3740 3533 ίι

2557 3671 2697 3729 ΚΝ.
2721 3702 2790 3754 :—
2818 3671 2928 3754 Ιγρσ
2951 3688 3135 3754 somno
3161 3716 3175 3733 .
3224 3690 3316 3754 nec
3339 3668 3586 3754 hnjnsnwdi
3605 3654 3740 3733 corpori

2683 3743 2949 3811 affectione
2986 3748 3179 3800 animm
3208 3746 3304 3800 vina
3331 3743 3491 3798 minui.

2362 3836 2451 3890 23.
2496 3834 2551 3891 Si
2576 3836 2732 3905 igitur
2772 3851 2872 3891 nec
2922 3838 3138 3907 propria
3182 3838 3463 3900 voluntate,
3500 3849 3579 3886 nec
3619 3828 3693 3881 alio
3711 3834 3740 3899 cl

2290 3936 2447 3996 gente
2470 3927 2522 3981 id
2542 3927 2749 3983 animus
2770 3927 2994 3997 patitur;
3026 3927 3173 3983 unde
3202 3928 3254 3983 id
3284 3929 3385 3998 pati
3410 3922 3586 3997 potest?
3604 3922 3660 3974 An
3685 3909 3740 3984 ti“!

2292 4020 2483 4075 invitos
2510 4034 2607 4075 nos
2631 4020 2940 4091 plerumque
2959 4024 3221 4094 Opprimit
3244 4038 3454 4078 Somnus
3475 4062 3489 4084 ,
3514 4012 3740 4073 turturth

2291 4120 2374 4166 est
2403 4127 2469 4168 ne
2498 4128 2602 4181 quo
2630 4113 2720 4167 tali
2740 4111 2952 4169 defectu
2971 4116 3187 4169 auium..-
3206 4121 3529 4171 convertatur
3550 4110 3592 4163 in
3614 4108 3740 4175 currui

2290 4202 2450 4270 Quasi
2514 4218 2640 4257 vero
2677 4205 2924 4274 quoniam
2964 4219 3160 4259 somno
3195 4205 3425 4261 membra
3459 4210 3605 4257 nostra
3638 4208 3735 4248 ιιιίιιτ

2291 4302 2465 4357 scunt,
2498 4292 2695 4349 idcirco
2723 4295 2930 4349 animus
2960 4295 3051 4350 ﬁat
3077 4296 3183 4351 ulla
3212 4313 3276 4352 ev
3305 4304 3447 4366 parte
3469 4284 3740 4348 debilior-Sci

2289 4383 2460 4438 sibilia
2486 4393 2688 4439 tantum
2710 4400 2812 4439 noo
2838 4387 3014 4452 sentit,
3051 4387 3177 4456 quia
3204 4386 3453 4458 quidquid
3480 4383 3586 4443 illud
3602 4390 3663 4431 est
3681 4383 3739 4447 qui

2291 4489 2536 4530 somnum
2574 4474 2696 4529 facit
2720 4516 2735 4536 ,
2757 4493 2788 4533 e
2808 4491 3032 4546 corpore
3051 4488 3138 4533 est
3169 4488 3331 4549 atque
3361 4477 3410 4532 in
3437 4483 3625 4544 corp-rc
3650 4474 3739 4549 υιιυι

2292 4576 2390 4621 tur.
2423 4566 2724 4637 Con-porcos
2748 4570 2892 4623 enim
2919 4585 3111 4625 sensus
3141 4572 3283 4641 sopit
3322 4582 3375 4626 et
3410 4566 3581 4624 claudit
3600 4578 3652 4631 qu
3681 4558 3735 4609 ti-l‘

2292 4658 2470 4725 modo,
2503 4659 2571 4713 ita
2611 4674 2741 4714 sane
2786 4669 2844 4714 ut
2870 4660 2960 4714 tali
3001 4639 3411 4716 commutatioui
3452 4670 3565 4724 corp
3594 4666 3651 4705 ns
3678 4639 3740 4725 cui

2289 4751 2464 4804 anima
2512 4765 2632 4804 cunt
2675 4749 2978 4818 voluptate:
3024 4752 3150 4821 quia
3204 4751 3489 4808 secundum
3530 4749 3740 4821 ιιειιιιι-τιιιιι

2290 4840 2411 4894 talis
2439 4840 2787 4895 commutatio
2805 4857 2923 4911 qua:
2960 4840 3137 4896 reiicit
3157 4856 3358 4912 corpus
3380 4859 3409 4896 a
3438 4833 3660 4893 laboribus
3680 4844 3689 4878 ;
3710 4841 3731 4874 η

2292 4942 2467 4987 tamen
2501 4931 2613 4987 hmc
2644 4933 2828 4988 adimit
2870 4931 3048 4990 animo
3079 4936 3167 4990 vel
3197 4934 3456 4991 sentiendi
3480 4932 3573 4985 vim
3600 4925 3661 4979 vel
3681 4923 3740 4981 inti

2289 5023 2505 5094 ligendi.
2551 5023 2683 5078 Nam
2711 5034 2763 5080 et
2793 5024 3051 5096 imagines
3094 5027 3431 5082 sensibilium
3472 5012 3740 5096 pratslohabi

2289 5123 2431 5170 tanta
2460 5116 2805 5187 expressioue
2820 5116 3203 5181 similitudinis,
3230 5129 3287 5173 ut
3305 5118 3492 5186 eoipso
3511 5100 3733 5180 ιωυνίηθδ

2288 5208 2433 5263 cerni
2481 5217 2747 5277 nequeant
2773 5208 2841 5262 ab
2869 5208 2951 5264 his
2982 5208 3146 5264 rebus
3181 5224 3401 5280 quarum
3432 5206 3650 5275 imagines
3677 5206 3740 5280 aut

2289 5312 2339 5355 et
2368 5302 2411 5355 si
2438 5301 2563 5371 quid
2595 5300 2861 5371 intelligit,
2889 5316 3041 5372 a-que
3086 5302 3378 5357 dormienti
3421 5315 3482 5355 ac
3520 5288 3740 5372 vigilantitl

2291 5410 2407 5447 rum
2446 5401 2543 5447 est.
2570 5391 2699 5446 Nam
2728 5393 2873 5447 verbi
2905 5393 3069 5462 gratia
3107 5394 3154 5447 si
3202 5409 3300 5465 per
3327 5391 3572 5447 somnium
3593 5385 3740 5465 (ὕει’ωῆ

2288 5484 2388 5539 sibi
2432 5485 2574 5539 visus
2605 5484 2784 5551 fuerit,
2812 5500 3069 5554 verasque
3098 5485 3337 5539 rationes
3362 5495 3561 5538 secutus
3593 5478 3633 5530 in
3667 5468 3740 5554 disi

2299 5577 2459 5631 tando
2485 5574 2729 5633 didicerit
2748 5576 2943 5646 aliquid
2965 5553 3166 5641 {etiam
3193 5574 3550 5646 expergefacta
3564 5553 3740 5646 adfati

2352 5695 2478 5762 ‘_Sic
2498 5696 2544 5743 in
2571 5701 2673 5744 Mss.
2695 5700 2749 5741 At
2781 5694 2831 5762 i_n
2864 5692 2995 5753 prius
3006 5689 3361 5762 editislegitgr

2288 5755 2395 5820 cogi
2425 5769 2521 5868 tnon
2555 5768 2691 5821 posse
2720 5749 2933 5805 mximam
2966 5759 3019 5805 ut
3050 5749 3364 5820 oorpus‘sit;
3394 5749 3515 5802 had
3545 5753 3644 5798 ειυδ

2292 5832 2424 5868 tmen
2446 5832 2517 5868 er.
3738 5834 3739 5837 η

2292 5832 2517 5881 quenter.
3738 5834 3739 5837 ‘
