3844 6280
139 325 262 388 1033

135 448 532 506 eommutabiles
550 458 783 514 manent,
808 451 1052 520 quamvis
1072 451 1202 508 falsa
1232 454 1565 523 reperiantur
1591 471 1696 512 ca:-

137 554 264 608 tera,
323 540 495 596 veluti
544 540 686 596 locus
727 539 813 595 ubi
852 541 1177 613 disputatio,
1211 554 1266 600 et
1309 560 1531 616 persona
1578 562 1699 603 cum

134 647 223 704 qua
243 629 537 702 disputatio
562 631 723 689 fuisse
748 632 858 688 visa
885 644 1020 702 erat,
1037 644 1092 692 et
1113 636 1271 692 verba
1300 639 1434 708 ipsa,
1466 639 1605 710 quod
1631 641 1697 696 ad

134 737 302 780 sonum
344 723 559 788 attinet,
599 723 792 793 quibus
834 724 1091 795 disputari
1144 728 1457 798 videbatur,
1503 741 1557 788 et
1592 733 1696 788 alia

134 813 482 884 hujuscemodi
499 829 519 879 ;
547 829 662 883 quae
679 816 838 870 etiam
850 831 970 872 cum
992 818 1120 887 ipsis
1141 820 1387 876 sensibus
1397 824 1698 880 sentiuntur

133 916 443 976 agunturque
492 921 526 961 a
574 907 948 978 vigilantibus,
985 921 1304 981 praetereunt
1350 924 1548 979 tamen,
1598 934 1696 974 nec

135 996 220 1051 ulla
246 1012 310 1051 ex
339 1005 498 1066 parte
530 999 906 1069 sempiternam
944 1005 1280 1072 prmsentiam
1329 1022 1574 1064 verarum
1604 1026 1694 1066 ra-

134 1092 308 1145 tionum
327 1102 704 1162 assequuntur.
737 1093 815 1149 Ex
842 1111 950 1167 quo
970 1098 1259 1170 colligitur,
1283 1101 1373 1156 tali
1392 1113 1691 1159 commuta-

135 1183 254 1237 tione
290 1184 557 1252 corporis,
602 1186 774 1255 qualis
821 1202 1041 1245 somnus
1086 1202 1188 1258 est,
1244 1208 1398 1250 usum
1455 1196 1691 1267 ejusdem

133 1273 343 1343 corporis
364 1275 584 1344 animae,
610 1291 714 1332 non
745 1279 908 1335 vitam
935 1282 952 1314 ¹
975 1286 1263 1355 propriam,
1292 1302 1450 1357 posse
1475 1292 1661 1346 minui.

133 1363 326 1421 CAPUT
368 1363 491 1421 XV.
523 1397 594 1410 ——
616 1367 842 1435 Rursum
864 1376 1088 1430 animm
1123 1393 1226 1432 non
1257 1395 1404 1449 posse
1426 1381 1479 1437 in
1505 1399 1690 1454 corpus

794 1468 1000 1522 mutari.

184 1567 262 1623 ει.
289 1567 572 1626 Postremo
598 1573 644 1628 si
672 1577 913 1644 quamvis
958 1577 1130 1636 locum
1169 1586 1448 1655 occupanti
1475 1589 1688 1659 corpori

131 1659 276 1716 anima
291 1669 470 1718 tamen
495 1679 602 1720 non
621 1665 858 1724 localiter
870 1669 1114 1743 jungitur
1129 1717 1144 1742 ,
1167 1680 1390 1735 summis
1410 1681 1512 1737 illis
1531 1691 1687 1739 mter-

131 1753 285 1824 nisque
309 1754 626 1822 rationibus,
656 1774 777 1831 qua:
794 1759 1296 1826 ineommutabiliter
1321 1765 1558 1844 manent,
1587 1772 1687 1834 nec

131 1845 278 1914 utique
300 1845 417 1900 loco
451 1848 838 1921 continentur,
878 1855 1024 1924 prior
1059 1857 1289 1917 al'ﬁoitur
1312 1865 1488 1920 anima
1525 1883 1683 1938 quam

133 1949 292 2004 corpus
306 1952 322 2001 ;
349 1951 450 1992 nec
462 1939 611 2008 prior
623 1949 846 2011 tantum,
863 1946 956 2002 sed
967 1948 1127 2004 etiam
1146 1953 1333 2024 magis.
1355 1956 1526 2014 Tanto
1539 1963 1682 2017 enim

133 2025 470 2098 prior,quanto
485 2033 836 2105 propinquior
853 2054 876 2104 ;
895 2046 948 2093 et
971 2039 1158 2098 eadem
1180 2059 1339 2101 causa
1361 2056 1507 2104 tanto
1521 2052 1680 2108 etiam

135 2118 288 2188 magis,
317 2132 518 2191 quanto
543 2124 707 2180 etiam
727 2142 951 2200 corpore
978 2133 1187 2190 melior.
1214 2135 1323 2193 Nec
1343 2138 1440 2195 ista
1463 2145 1683 2215 ιιι-ορίη-

134 2209 271 2278 quitas
295 2210 432 2280 loco,
464 2213 564 2270 sed
609 2227 814 2275 natura:
838 2222 1026 2280 ordine
1063 2225 1204 2282 dicta
1249 2231 1336 2285 sit.
1366 2209 1478 2289 Hoc
1503 2209 1678 2294 autem

135 2301 282 2359 ordine
313 2304 628 2378 intelligitur
673 2325 706 2366 a
753 2326 959 2370 summa
1000 2319 1230 2374 essentia
1281 2324 1514 2391 speciem
1555 2343 1678 2384 cor-

135 2391 222 2461 pori
240 2407 324 2462 per
335 2395 575 2453 animam
594 2400 772 2469 tribui,
789 2418 891 2474 qua
911 2415 994 2460 est
1013 2405 1064 2462 in
1075 2419 1558 2486 quantumcumque
1573 2427 1674 2473 est.

137 2484 215 2541 Per
232 2488 447 2546 animam
476 2505 614 2564 ergo
646 2509 840 2567 corpus
863 2498 1120 2568 subsistit,
1152 2512 1206 2558 et
1229 2519 1295 2560 eo
1319 2505 1434 2577 ipso
1467 2484 1548 2564 est
1572 2526 1678 2582 quo

135 2579 368 2646 muniatur,
398 2584 521 2640 sive
575 2587 964 2659 universaliter,
1002 2603 1058 2648 ut
1083 2596 1340 2665 mundus;
1372 2601 1484 2656 sive
1507 2605 1676 2672 parti-

134 2670 354 2740 culariter,
403 2684 462 2730 ut
511 2680 932 2753 unumquodque
999 2685 1195 2742 animal
1235 2687 1369 2744 intra
1397 2692 1672 2749 mundum.

133 2762 419 2836 Quapropter
459 2783 801 2841 consequens
840 2783 956 2830 erat
996 2786 1052 2832 ut
1096 2779 1272 2835 anima
1311 2797 1406 2852 per
1442 2785 1673 2843 animam

138 2869 291 2926 corpu
330 2857 500 2928 ﬁeret,
558 2876 660 2917 nec
702 2865 921 2921 omnino
955 2867 1107 2923 aliter
1133 2881 1332 2940 posset.
1371 2873 1524 2942 Quod
1550 2879 1672 2949 quia

135 2959 213 3000 non
234 2948 302 3014 ﬁt,
327 2960 582 3007 manente
619 2953 814 3026 quippe
853 2960 1027 3013 anima
1062 2959 1115 3014 in
1141 2975 1206 3016 eo
1230 2979 1336 3033 quo
1361 2966 1540 3022 anima
1565 2948 1670 3039 est,

135 3050 286 3108 corpus
308 3055 398 3111 per
420 3042 574 3098 illam
601 3044 860 3115 subsistit,
888 3048 1100 3108 dantem
1130 3056 1382 3126 speciem,
1407 3075 1514 3116 non
1557 3061 1671 3118 adi-

139 3141 360 3201 mentem;
385 3139 712 3195 commutari
739 3140 792 3195 in
821 3158 1016 3214 corpus
1051 3148 1227 3203 anima
1257 3166 1362 3206 non
1391 3161 1582 3223 potest.
1611 3156 1668 3213 Si

137 3221 242 3278 enim
263 3239 356 3280 non
375 3227 544 3283 tradit
576 3231 807 3300 speciem
833 3249 992 3305 quam
1013 3239 1176 3293 sumit
1201 3255 1231 3294 a
1257 3221 1468 3300 summo
1504 3246 1666 3318 bono,

138 3325 219 3366 non
247 3330 328 3382 per
357 3315 508 3382 illam
541 3318 604 3374 ﬁt
629 3334 825 3392 corpus
865 3341 878 3378 :
925 3333 980 3380 et
1008 3326 1054 3382 si
1101 3344 1207 3385 non
1255 3347 1350 3402 per
1401 3335 1546 3392 illam
1585 3315 1664 3408 ﬁt,
1757 3373 1760 3376 ~

138 3412 312 3462 actuari
331 3407 382 3464 ﬁt
421 3410 676 3481 omnino,
702 3424 796 3470 aut
823 3425 929 3473 tam
975 3423 1270 3496 propinque
1313 3429 1545 3497 speciem
1572 3407 1666 3489 su;

146 3490 222 3544 mit
247 3509 371 3565 quam
409 3502 598 3556 anima
629 3521 642 3556 :
674 3505 769 3559 sed
797 3515 853 3562 et
883 3510 940 3563 lit
975 3490 1199 3583 corpus,
1235 3526 1291 3572 et
1329 3490 1377 3574 si
1408 3531 1516 3576 tam
1545 3538 1668 3593 pro-

144 3581 300 3675 pinque
318 3600 548 3647 moeret
583 3594 840 3663 speciem,
869 3597 921 3652 id
947 3581 1092 3657 esset
1128 3605 1268 3675 quod
1296 3609 1471 3665 anima
1500 3629 1514 3664 :
1540 3581 1662 3670 nam

137 3667 439 3747 hociuterest;
462 3697 650 3754 eoque
669 3686 846 3741 anima
876 3690 1067 3746 melior
1089 3735 1105 3759 ,
1133 3667 1237 3765 quo
1262 3701 1423 3756 sumit
1451 3667 1663 3774 propin;

135 3763 270 3860 quius.
295 3766 409 3825 Tam
434 3775 742 3846 propinque
768 3787 947 3835 autem
986 3763 1165 3838 etiam
1178 3801 1370 3858 corpus
1397 3763 1655 3864 sumeret,

135 3850 168 3903 Si
189 3868 272 3910 non
295 3873 380 3927 per
401 3865 646 3919 animam
699 3878 954 3925 sumeret.
995 3871 1206 3930 Etenim
1244 3850 1392 3934 nullo
1419 3850 1660 3955 interpo:

133 3941 212 3997 tito
249 3953 340 4002 tam
385 3953 688 4026 propinque
723 3960 904 4030 utique
955 3975 1208 4022 sumeret.
1240 3967 1350 4025 Nec
1393 3941 1661 4032 invenitur

132 4031 284 4104 aliquid
300 4044 431 4112 quod
467 4046 546 4101 sit
586 4047 724 4104 inter
745 4066 1006 4109 summam
1037 4056 1219 4125 vitam,
1247 4075 1368 4132 quae
1398 4067 1656 4136 sapientia

131 4135 170 4180 et
190 4132 352 4189 veritas
375 4147 456 4193 est
474 4139 946 4212 incommutabilis,
975 4155 1030 4203 et
1054 4149 1107 4206 id
1131 4152 1274 4222 quod
1304 4132 1544 4215 ultimum
1572 4162 1655 4216 vi-

130 4220 336 4293 viﬁcatur,
365 4230 413 4285 id
437 4241 529 4288 est
549 4248 762 4305 corpus,
792 4237 891 4294 nisi
920 4220 1190 4301 viviﬁcaris
1211 4249 1409 4305 anima.
1433 4253 1583 4321 Quod
1610 4256 1656 4312 si

128 4312 248 4369 tradit
283 4322 502 4389 speciem
534 4326 708 4382 anima
733 4330 968 4400 corpori,
1006 4343 1064 4389 ut
1086 4335 1156 4391 sit
1179 4352 1374 4410 corpus
1400 4312 1658 4416 ianuan-

128 4408 215 4458 turn
235 4420 323 4478 est,
345 4429 446 4469 non
469 4417 655 4488 utique
682 4421 917 4490 speciem
945 4426 1203 4484 tradendo
1227 4408 1432 4490 adimit.
1455 4408 1656 4496 Adimit

127 4502 264 4554 autem
291 4506 336 4557 in
381 4521 580 4579 corpus
603 4511 835 4568 animam
882 4522 1304 4580 transmutando.
1349 4523 1465 4584 Non
1495 4530 1654 4601 igitur

127 4589 263 4646 anima
301 4596 406 4654 sive
451 4615 553 4672 per
595 4603 824 4674 seipsam
856 4623 1050 4682 corpus
1097 4612 1195 4681 ﬁt,
1236 4619 1356 4688 quia
1402 4589 1652 4681 nonvnisi

128 4679 542 4748 animamanente
568 4708 762 4766 corpus
792 4712 887 4768 per
923 4679 1041 4756 eam
1082 4679 1310 4772 ﬁt;isive
1339 4724 1433 4779 per
1470 4712 1648 4784 aliam,

125 4773 324 4875 quianon
345 4783 440 4839 nisi
467 4786 752 4845 traditione
765 4793 962 4862 speciei
985 4793 1044 4850 lit
1065 4811 1258 4869 corpus
1277 4773 1372 4871 per
1395 4773 1648 4875 animam,

126 4865 484 4967 eiadctnptione
511 4881 708 4950 speciei
734 4884 988 4944 animuin
1010 4865 1206 4961 corpus
1230 4865 1648 4968 converteretur,

128 4955 164 5010 Si
184 4974 547 5031 converteretur

731 332 1102 392 ADMONITIO
1142 335 1228 392 DE
1266 335 1630 407 SEQUENTE
1668 341 1871 401 LIBRO
1909 348 1996 405 DE
2033 350 2474 419 QUANTITATE
2515 362 2778 423 ANIME.

3244 378 3386 439 1034

1805 457 2032 519 CAPUT
2072 465 2210 522 XVI.
2251 500 2322 513 —-
2359 472 2444 528 Ne
2483 477 2536 530 in
2563 480 2785 534 animam
2812 483 3010 552 quidem
3035 477 3392 572 irrationalem';

1876 556 2134 614 rationalis
2169 563 2339 617 anima
2374 571 2694 625 convertitur.
2726 572 2909 630 Anima
2943 588 3046 634 tota
3083 591 3154 638 est
3187 584 3240 639 in
3280 593 3384 642 toto

1876 653 2084 708 corpore
2120 654 2165 697 et
2201 646 2410 718 singulis
2447 653 2689 720 partibus.
3382 673 3389 681 ’

1875 727 1966 784 25.
1995 731 2108 788 Hoc
2142 737 2283 792 etde
2314 739 2600 799 irrationali
2630 748 2804 804 anima
2834 751 2913 806 vel
2942 754 3044 809 vita
3068 798 3082 822 ,
3110 758 3254 828 quod
3281 775 3382 816 nec

1804 817 1857 872 in
1890 835 2008 876 eam
2051 825 2323 885 rationalis
2356 832 2530 890 anima
2571 840 2918 909 convertitur,
2953 844 3058 901 dici
3089 817 3280 916 potest.
3315 853 3384 908 Et

1803 908 1916 979 ipsa
1943 912 2086 968 enim
2113 915 2215 971 nisi
2242 916 2495 980 inferiore
2519 927 2707 984 ordine
2735 932 2979 990 rationali
3005 937 3379 1009 subjiceretur,

1801 1014 1953 1072 teque
1989 1015 2225 1062 sumeret
2261 1012 2493 1081 speciem
2531 1025 2585 1070 et
2622 1019 2739 1076 talis
2781 1035 2942 1080 esset.
2979 1026 3217 1087 Tradunt
3249 1049 3378 1103 ergo

1801 1091 2034 1160 speciem
2059 1109 2089 1149 a
2115 1112 2322 1154 summa
2353 1102 2744 1172 pulchritudine
2781 1125 3051 1186 acceptam
3081 1125 3378 1189 potentiora

1799 1181 2180 1244 inﬁrmioribus
2210 1193 2434 1248 naturali
2460 1195 2668 1254 ordine.
2695 1200 2761 1256 Et
2788 1181 2967 1276 utique
2990 1181 3111 1265 cum
3140 1214 3376 1283 tralunt,

1797 1286 1905 1328 non
1943 1274 2204 1334 adimunt.
2241 1279 2428 1354 quue
2467 1296 2592 1341 sunt
2628 1305 2745 1359 qua:
2784 1274 3074 1353 inﬁrmiora
3117 1314 3274 1369 sunt,
3323 1274 3377 1362 in

1796 1375 2054 1434 quantum
2083 1378 2207 1424 sunt
2226 1412 2241 1436 ,
2272 1373 2412 1444 quod
2448 1377 2658 1448 species
2686 1381 2765 1436 eis
2785 1423 2800 1448 ,
2831 1399 2932 1454 qua
2961 1388 3067 1445 sint
3087 1392 3104 1422 ¹
3132 1409 3162 1446 a
3190 1405 3378 1464 poten-

1796 1453 2018 1513 tioribus
2054 1459 2309 1516 traditur:
2336 1478 2454 1535 qua:
2492 1467 2708 1538 quidem
2744 1453 3038 1541 poténtiora
3075 1453 3233 1538 etiam
3267 1502 3379 1542 meo

1795 1545 1928 1602 liora
1957 1559 2099 1605 sunt.
2124 1552 2274 1620 Quod
2299 1554 2381 1612 bis
2406 1561 2608 1615 naturis
2633 1560 2814 1619 datum
2837 1574 2938 1636 est,
2968 1586 3086 1640 qua:
3112 1589 3216 1628 non
3239 1580 3378 1634 mole

1795 1638 1999 1709 majore
2028 1641 2148 1712 plus
2176 1656 2399 1714 possunt
2427 1650 2721 1710 minoribus
2745 1638 2997 1724 molibus,
3028 1662 3122 1717 sed
3147 1664 3262 1720 sine
3293 1677 3378 1722 tu-

1734 1775 1738 1783 .
1791 1745 1942 1788 more
1960 1732 2067 1789 ullo
2083 1733 2265 1793 localis
2287 1741 2662 1812 magnitudinis
2676 1747 2863 1804 eadem
2881 1753 3058 1821 specie
3080 1759 3376 1826 potentiora

1791 1831 1914 1877 sunt
1939 1838 2042 1894 qua
2071 1827 2308 1884 meliora.
2351 1829 2408 1886 In
2444 1849 2551 1904 quo
2586 1852 2782 1907 genere
2819 1853 2903 1896 est
2938 1845 3113 1900 anima
3153 1863 3378 1920 corpore

1791 1914 1982 1971 melior
2017 1927 2074 1973 et
2112 1923 2396 1990 potentior.
2439 1926 2774 2000 Quapropter
2807 1948 2928 1988 cum
2969 1951 3064 2006 per
3103 1914 3278 2008 illam,
3320 1953 3377 1999 ut

1789 2004 1984 2063 dictum
2021 2020 2122 2078 est,
2169 2028 2362 2084 corpus
2402 2017 2688 2089 subsistat,
2740 2021 2854 2093 ipsa
2895 2025 2947 2080 in
2992 2043 3185 2100 corpus
3225 2033 3376 2090 nullo

1788 2097 1950 2154 modo
1975 2101 2108 2156 verti
2140 2110 2332 2173 potest.
2360 2105 2567 2178 Corpus
2597 2111 2738 2167 enim
2764 2115 2970 2173 nullum
2998 2119 3074 2184 lit,
3102 2122 3204 2177 nisi
3233 2124 3376 2180 acci-

1787 2188 1981 2258 piendo
2027 2207 2122 2261 per
2163 2195 2395 2253 animam
2438 2201 2692 2270 speciem.
2739 2204 2810 2260 At
2851 2207 3027 2264 anima
3077 2220 3135 2266 ut
3176 2227 3374 2285 corpus

1787 2278 1974 2348 ﬁeret,
2017 2299 2121 2339 non
2162 2290 2471 2358 accipiendo
2510 2294 2761 2364 speciem,
2789 2297 2882 2352 sed
2910 2300 3222 2370 amittendo,
3253 2306 3369 2362 ﬁeri

1785 2382 2003 2442 posset:
2036 2387 2090 2433 et
2114 2390 2394 2451 propterea
2423 2385 2537 2441 ﬁeri
2565 2403 2669 2443 non
2699 2399 2907 2461 potest;
2936 2395 3037 2450 nisi
3072 2395 3212 2454 forte
3252 2401 3370 2460 loco

1784 2463 1962 2520 anima
1999 2471 2334 2539 continetur,
2363 2485 2416 2530 et
2445 2476 2686 2536 localiter
2712 2484 2922 2553 corpori
2944 2487 3203 2558 jungitur.
3233 2490 3367 2549 Nam

1783 2551 1830 2607 si
1848 2553 1919 2609 ita
1939 2566 2042 2624 est,
2070 2568 2244 2627 potest
2265 2577 2383 2618 eam
2405 2564 2630 2623 fortasse
2658 2551 2828 2640 major
2853 2551 3366 2652 molesiquanquam

1781 2646 2160 2714 speciosiorem
2181 2691 2196 2718 ,
2227 2653 2278 2707 in
2308 2667 2459 2711 suam
2485 2657 2806 2716 deteriorem
2850 2673 3058 2722 vertere
3097 2672 3326 2741 speciem
3346 2717 3362 2741 ,

1781 2742 1842 2789 ut
1870 2752 1966 2792 aer
1991 2740 2164 2810 major
2188 2743 2364 2814 ignem
2387 2747 2670 2806 minorem.
2705 2751 2811 2810 Sed
2838 2770 2944 2812 non
2971 2768 3052 2816 est
3077 2740 3168 2816 ita.
3201 2740 3367 2822 Moles

1780 2825 1974 2897 quippe
1999 2832 2173 2888 omnis
2199 2850 2318 2905 quae
2345 2849 2568 2910 occupat
2596 2841 2789 2911 locum,
2821 2861 2926 2902 non
2951 2859 3035 2904 est
3061 2850 3115 2907 in
3142 2855 3366 2925 singulis

1777 2919 1888 2974 suis
1927 2923 2164 2992 partibus
2203 2934 2346 2995 tota,
2387 2930 2482 2987 sed
2522 2931 2577 2988 in
2615 2935 2880 2992 omnibus.
2908 2939 3084 3007 Quare
3112 2943 3213 2999 alia
3228 2919 3364 3017 pars

1777 3011 1894 3081 ejus
1914 3013 2038 3071 alibi
2062 3027 2162 3087 est,
2187 3029 2244 3075 et
2266 3022 2393 3078 alibi
2417 3024 2539 3080 alia.
2566 3027 2758 3086 Anima
2781 3047 2908 3088 vero
2934 3051 3038 3091 non
3064 3039 3225 3096 modo
3239 3011 3366 3098 uni-

1775 3118 1946 3160 versae
1978 3107 2106 3163 moli
2140 3114 2381 3182 corporis
2411 3117 2526 3185 sui,
2560 3119 2655 3175 sed
2689 3123 2848 3179 etiam
2878 3127 3162 3201 unicuique
3191 3137 3358 3204 parti-

1779 3195 1913 3251 culze
1937 3197 2077 3254 illius
2106 3209 2215 3258 tota
2241 3204 2400 3261 simul
2422 3206 2592 3264 adest.
2622 3211 2792 3269 Partis
2811 3217 2954 3272 enim
2977 3224 3218 3292 corporis
3246 3242 3364 3296 pas.

1775 3287 1979 3345 sionem
2011 3299 2118 3347 tota
2149 3295 2344 3360 sentit,
2375 3313 2475 3354 nec
2502 3300 2556 3356 in
2586 3310 2698 3358 toto
2725 3313 2900 3362 tamen
2939 3287 3182 3382 corpore.
3222 3287 3359 3374 dum

1773 3379 1916 3435 enim
1942 3381 2068 3452 quid
2093 3383 2241 3442 dolet
2263 3387 2315 3442 in
2339 3383 2497 3459 pede,
2523 3392 2754 3451 advertit
2779 3399 2986 3468 oculus,
3006 3379 3239 3474 loquitur
3259 3408 3361 3464 lin-

1770 3484 1895 3540 gua,
1921 3471 2234 3532 admovetur
2257 3493 2464 3536 manus.
2497 3481 2648 3551 Quod
2678 3501 2784 3541 non
2811 3487 2981 3558 ﬁeret,
3011 3471 3112 3549 nisi
3141 3496 3191 3551 id
3216 3501 3358 3568 quod

1769 3562 1962 3619 animae
2000 3564 2052 3620 in
2091 3567 2170 3623 eis
2211 3571 2450 3640 partibus
2475 3582 2590 3639 est,
2627 3585 2681 3632 et
2715 3577 2769 3633 in
2806 3580 2942 3650 pede
2967 3562 3357 3654 sentirem—nec

1769 3651 1969 3709 sentire
1995 3655 2136 3726 quod
2165 3657 2235 3713 ibi
2266 3657 2462 3717 factum
2493 3673 2577 3719 est
2601 3665 2796 3724 absens
2831 3683 3026 3741 posset.
3057 3675 3174 3732 Non
3209 3651 3354 3736 enim

1769 3745 1957 3801 nuntio
1971 3746 2147 3818 aliquo
2167 3751 2420 3810 credibile
2435 3764 2516 3811 est
2533 3756 2646 3812 ﬁeri
2664 3775 2769 3814 non
2785 3765 3047 3822 sentiente
3060 3770 3200 3839 quod
3217 3787 3353 3828 nun-

1768 3836 1864 3891 tiat
1883 3855 1898 3892 :
1919 3839 2041 3910 quia
2063 3843 2240 3911 passio
2262 3861 2380 3915 qua:
2401 3847 2459 3901 fit
2479 3863 2586 3904 non
2609 3867 2704 3920 per
2723 3836 3173 3916 continuationem
3195 3867 3350 3921 molis

1765 3930 1952 3998 currit,
1983 3941 2040 3987 ut
2062 3942 2284 3991 ceteras
2309 3938 2502 3995 animae
2531 3953 2708 4011 partes
2734 3961 2852 4016 qua:
2879 3949 3004 4004 alibi
3031 3963 3156 4008 sunt
3181 3955 3348 4014 latere

1767 4035 1872 4075 non
1910 4023 2078 4091 sinat;
2109 4027 2204 4082 sed
2233 4028 2362 4084 illud
2394 4040 2500 4087 tota
2529 4036 2688 4090 sentit
2720 4039 2894 4094 anima
2925 4043 3064 4112 quod
3096 4047 3148 4100 in
3178 4051 3344 4119 pars;-

1764 4113 1879 4167 cula
1909 4113 1968 4169 ru
1993 4116 2176 4187 pedis,
2207 4129 2262 4175 et
2288 4121 2359 4176 ibi
2389 4129 2591 4179 tantum
2619 4130 2780 4184 sentit
2809 4132 2896 4187 ubi
2926 4134 3001 4189 ιιι.
3031 4135 3162 4193 Tota
3178 4113 3346 4211 igitur

1763 4203 1985 4275 singulis
2010 4208 2247 4277 partibus
2273 4211 2430 4268 simul
2456 4215 2627 4284 adest,
2649 4234 2768 4290 quae
2793 4232 2900 4278 tota
2924 4226 3082 4282 simul
3107 4203 3268 4285 sentit
3289 4236 3341 4289 in

1763 4293 2000 4366 singulis.
2025 4296 2136 4355 Nec
2169 4309 2345 4358 tamen
2383 4302 2485 4360 hoc
2519 4308 2678 4362 modo
2703 4310 2854 4367 adest
2887 4323 2995 4370 tota
3015 4357 3031 4384 ,
3061 4329 3119 4374 ut
3142 4321 3344 4378 candor
3431 4336 3433 4338 '

1762 4387 1846 4442 vel
1872 4388 1972 4443 alia
2009 4388 2313 4462 bujusmodi
2338 4397 2566 4467 qualitas
2599 4400 2650 4455 in
2688 4418 3000 4478 unaquaque
3036 4422 3185 4480 parte
3215 4429 3340 4470 cor-

1760 4478 1908 4548 poris
1937 4488 2044 4536 tota
2074 4491 2176 4539 est.
2201 4483 2332 4540 Nam
2360 4488 2502 4558 quod
2531 4489 2581 4544 in
2611 4491 2712 4548 alia
2744 4507 2894 4564 parte
2921 4478 3114 4571 corpus
3144 4506 3341 4574 patitur

1759 4569 2009 4628 candoris
2034 4572 2399 4634 immutatione
2417 4620 2432 4646 ,
2461 4589 2633 4651 potest
2658 4585 2724 4640 ad
2749 4569 3034 4647 candorem
3059 4569 3159 4665 qui
3179 4605 3262 4652 est
3283 4599 3338 4655 in

1700 4682 1710 4690 κ
1760 4662 1862 4716 alia
1885 4673 2035 4734 parte
2053 4681 2159 4722 non
2182 4669 2463 4739 pertinere.
2487 4673 2818 4748 Quapropter
2843 4662 3133 4742 secundum
3161 4699 3340 4758 partes

1760 4754 1914 4812 molis
1937 4770 1968 4811 a
1997 4770 2056 4813 se
2081 4757 2372 4829 distantes,
2402 4773 2458 4819 et
2484 4765 2594 4836 ipse
2619 4783 2650 4823 a
2677 4782 2738 4826 se
2760 4771 2961 4831 distare
2984 4754 3334 4838 convincitur.

1759 4843 1874 4901 Non
1899 4856 2074 4904 autem
2103 4849 2174 4905 ita
2205 4866 2325 4908 esse
2360 4853 2414 4909 in
2448 4856 2622 4912 anima
2655 4875 2754 4932 per
2787 4878 3002 4922 sensum
3030 4868 3098 4925 de
3122 4886 3228 4941 quo
3252 4874 3334 4928 di-

1758 4946 1901 4993 ctum
1929 4947 2030 5008 est,
2058 4941 2328 5011 probatur.

1204 5355 2207 5508 ADMONITIO

739 5530 846 5594 DE
887 5532 1300 5611 SEQUENTE
1340 5540 1580 5605 LIBRO
1618 5545 1723 5607 DE
1765 5549 2276 5623 QUANTITATE
2318 5563 2621 5628 ANIMJE.

197 5645 438 5730 Dialogum
464 5662 528 5722 de
547 5665 751 5727 Animae
773 5673 1075 5744 Quantitate
1093 5694 1214 5736 cum
1240 5681 1445 5740 Evodio
1474 5685 1656 5745 habuit
1682 5690 2026 5765 Augustinus,
2057 5700 2131 5754 uti
2159 5703 2333 5772 prodit
2374 5707 2485 5775 ipse
2510 5710 2735 5778 epistola
2773 5711 3055 5766 centesima
3086 5726 3312 5781 sexagc-

197 5754 250 5781 ll;
271 5754 474 5781 (Mn-nl-
533 5761 571 5781 ,ε
587 5761 652 5781 1-,
720 5764 760 5781 rs
850 5767 881 5781 ι.
1129 5773 1162 5781 .-

1557 5743 1567 5744 κ
1620 5743 1653 5745 κ-
1683 5743 2026 5765 ---ο----....-,
2060 5743 2131 5754 nu
2159 5743 2209 5772 ru
2224 5743 2333 5758 νυιιι
2374 5743 2483 5775 ενοι,
2510 5743 2735 5778 ιγιδιυιιι
2773 5743 3055 5766 ισηιῦξιιιιοι
3086 5743 3310 5781 θυι-ἰδυ-

140 5743 252 5804 Ιιωὶ
271 5754 497 5827 secunda,
527 5761 695 5819 eidem
719 5764 920 5824 Evodio
945 5773 1226 5834 nonnullas
1247 5793 1458 5858 rursum
1484 5785 1552 5845 de
1580 5791 1752 5852 anima
1774 5801 2095 5870 quaestiones
2121 5800 2434 5867 nroponcnt'
2464 5799 2766 5856 rescribcns
2791 5802 2872 5856 his
2893 5802 3065 5857 verbis
3098 5821 3109 5858 :
3139 5799 3244 5860 Illa
3265 5822 3310 5862 st

475 5849 509 5870 ﬂ
743 5860 755 5870 Α
1052 5865 1078 5870 -

473 5849 693 5924 Sutor.
723 5860 1005 5931 Ausum
1049 5865 1106 5932 ι.

2534 5889 3044 5961 {Tremo-troia.)

1719 5976 1796 5996 Μ-
1881 5975 1900 5984 -
