3844 6280
514 229 655 290 1059

511 350 571 401 nt
600 342 853 398 interiora
877 333 1114 405 corporis
1138 331 1452 403 cogitentur,
1480 340 1571 385 aut
1588 331 1747 384 etiam
1770 332 2085 392 sentiantur,

510 434 813 505 “perluat
838 439 895 485 ut
918 430 1147 491 vitrum;
1183 440 1480 495 quanquam
1522 424 1568 478 si
1609 422 1710 477 hoc
1750 423 1933 476 demas
1966 436 2087 477 cor-

1424 217 1511 273 DE
1550 213 1987 285 QUANTITATE
2028 211 2285 280 ANIMIE,
2325 214 2380 271 S.
2412 215 2777 275 AUGUSTINI

3578 236 3686 295 ιωο

2202 340 2366 393 scam,
2393 329 2437 384 si
2471 331 2560 385 libi
2582 332 2692 402 jam
2730 333 3055 390 satisfactum
3082 346 3176 393 est.
3221 338 3277 393 Ε.
3318 340 3485 409 Qumre
3516 356 3566 402 ut
3596 352 3688 421 vis;

2196 434 2318 473 nam
2351 429 2435 475 tua
2467 421 2563 476 ista
2596 424 2838 480 simulata
2869 426 3145 494 dubilalio,
3176 430 3401 490 dubitare
3427 454 3500 494 me
3523 443 3673 500 verissi

507 525 730 598 poribus
760 524 778 556 ⁸
801 564 817 591 ,
858 531 1109 594 quantum
1156 532 1276 573 mea
1317 517 1498 588 opinio
1542 524 1642 581 est,
1692 529 1864 585 neque
1902 515 2089 570 sentiri
2191 509 2277 563 the
2304 509 2432 565 facit
2459 511 2527 567 de
2566 512 2667 568 hoc
2696 513 2813 585 ipso
2839 516 2979 586 quod
3022 517 3127 588 jam
3174 532 3424 592 peractum
3458 544 3561 586 esse
3583 548 3692 602 pra:-

505 625 754 689 possunt,
786 629 958 685 neque
976 612 1195 668 omnino
1214 625 1439 681 corpora
1460 623 1579 664 esse
1598 617 1744 664 recte
1772 606 2081 663 existimari.

504 709 643 766 Hinc
675 708 803 765 mihi
832 706 955 761 volo
981 705 1191 776 aperias
1218 702 1345 774 quid
1387 711 1440 757 tu
1484 703 1699 757 sentias.
1749 700 1816 755 E.
1861 700 2086 755 Prorsus

502 817 612 858 non
633 800 818 856 dubito
845 811 1071 867 corpora
1098 796 1273 851 omnia
1314 793 1398 848 his
1431 808 1615 849 carere
1654 807 1761 846 non
1800 806 1975 862 posse.
2018 792 2080 846 Α.

503 890 644 962 Quid
676 888 839 945 illud?
871 897 1020 959 potes
1062 888 1296 957 cogitare
1334 889 1432 939 ista
1464 884 1561 938 tria
1591 898 1695 937 non
1736 897 1857 938 esse
1891 882 1993 937 nisi
2031 883 2081 937 in

497 978 847 1054 corporibus?
876 977 943 1033 E.
971 977 1085 1032 Non
1116 975 1357 1045 intelligo
1378 973 1645 1044 quomodo
1670 972 1795 1027 alibi
1821 987 1941 1027 esse
1961 987 2083 1042 pos-

495 1074 625 1131 sint.
664 1074 730 1127 Α.
774 1071 915 1142 Ergo
961 1070 1191 1124 animam
1241 1083 1347 1123 non
1399 1077 1553 1137 putas
1579 1080 1699 1122 esse
1744 1064 1884 1120 aliud
1921 1082 2080 1136 quam

495 1165 726 1239 corpus?
756 1163 821 1219 Ε.
848 1164 907 1220 Si
935 1163 1096 1219 etiam
1134 1170 1349 1216 ventum
1380 1174 1573 1229 corpus
1598 1173 1717 1214 esse
1740 1161 2073 1224 conﬁtemur,

494 1274 693 1331 negare
718 1271 823 1312 non
853 1269 1067 1326 possum
1090 1266 1288 1322 corpus
1313 1251 1440 1305 mihi
1468 1251 1698 1331 animam
1725 1249 1893 1305 videri
1918 1268 1930 1304 :
1954 1264 2077 1303 nam

493 1328 605 1406 tale
628 1346 827 1418 aliquid
851 1361 970 1401 eam
996 1358 1117 1400 esse
1149 1343 1343 1413 cogito.
1374 1340 1438 1395 Α.
1470 1328 1674 1410 Corpus
1703 1342 1914 1411 quidem
1946 1356 2076 1396 ven-

490 1449 608 1496 tum
635 1452 757 1494 esse
777 1446 883 1491 tam
909 1434 1166 1501 concedo,
1190 1448 1345 1503 quam
1370 1433 1415 1487 si
1448 1446 1533 1488 nte
1558 1432 1626 1487 de
1652 1430 1817 1487 ﬂuctu
1845 1432 2075 1487 interro-

490 1545 667 1605 gares.
694 1529 826 1585 Nam
852 1527 984 1584 nihil
1008 1526 1151 1583 aliud
1169 1541 1326 1596 quam
1352 1526 1512 1580 istum
1542 1539 1721 1580 aerem
1750 1532 2075 1580 commotum

492 1639 560 1680 ac
608 1624 862 1694 agitatum
908 1629 1125 1676 ventum
1150 1672 1151 1675 η
1176 1632 1294 1674 esse
1330 1618 1619 1684 sentimus;
1668 1616 1807 1687 quod
1852 1617 1904 1670 in
1958 1616 2075 1671 loco

488 1713 932 1785 tranquillissime
952 1753 966 1778 ,
993 1719 1048 1767 et
1070 1710 1138 1765 ab
1163 1710 1409 1764 omnibus
1427 1712 1597 1764 ventis
1631 1706 1965 1779 quietissime
1991 1706 2075 1761 vel

486 1807 639 1865 brevi
678 1805 887 1863 ﬂabello
933 1802 1215 1875 approbari
1255 1810 1449 1872 potest,
1497 1816 1605 1871 quo
1655 1800 1813 1855 etiam
1861 1813 2074 1854 muscas

486 1898 763 1969 abigentes
789 1910 968 1951 aerem
1009 1908 1435 1956 commovemus,
1472 1891 1760 1962 ﬂatumque
1785 1890 2069 1947 sentimus.

488 1991 643 2059 Quod
685 2005 805 2046 eum
835 1987 1073 2043 evenerit
1116 1987 1405 2042 occultiore
1452 1987 1679 2056 quodam
1725 1995 1871 2040 motu
1912 1986 2074 2041 coele-

483 2082 650 2138 stium
672 2080 753 2136 vel
784 2089 1119 2135 terrenarum
1145 2092 1429 2147 corporum
1448 2092 1546 2147 per
1564 2092 1812 2147 magnum
1842 2079 2070 2147 spatium

492 2172 699 2237 mundi,
732 2180 922 2226 ventus
949 2179 1168 2225 vocatur
1186 2211 1202 2234 ,
1226 2184 1290 2224 ex
1322 2168 1550 2224 diversis
1575 2168 1811 2238 partibus
1828 2169 1946 2223 coeli
1976 2183 2071 2224 no-

484 2264 629 2318 mina
672 2263 830 2317 etiam
856 2261 1067 2317 diversa
1112 2260 1352 2315 sortitus.
1399 2262 1480 2314 An
1511 2261 1603 2315 tibi
1650 2261 1803 2315 aliter
1827 2261 2070 2317 videtur?

482 2353 555 2411 E.
582 2353 713 2409 Mihi
748 2368 876 2409 vero
924 2353 1095 2420 nihil,
1128 2363 1181 2407 et
1226 2351 1499 2422 probabile
1536 2367 1655 2407 esse
1683 2354 1886 2424 accipio
1928 2355 2068 2425 quod

480 2443 619 2501 dicis
642 2465 656 2501 :
683 2443 779 2501 sed
809 2459 908 2515 ego
936 2443 1167 2499 animam
1197 2457 1301 2497 non
1334 2444 1506 2513 ipsum
1544 2451 1794 2509 ventum,
1840 2444 1933 2500 sed
1966 2445 2068 2505 tale

482 2536 683 2607 aliquid
712 2550 832 2591 esse
865 2535 995 2589 dixi.
1041 2534 1106 2587 Α.
1152 2534 1246 2589 Die
1285 2533 1410 2587 mihi
1450 2537 1635 2604 prius,
1670 2543 1848 2590 utrum
1894 2536 2065 2607 ipsum

481 2634 703 2683 ventum
726 2625 879 2695 cujus
908 2625 1233 2680 mentionem
1261 2624 1444 2689 fecisti,
1478 2624 1675 2680 habere
1700 2626 1927 2696 aliquam
1950 2626 2069 2682 lon-

481 2719 795 2791 gitudinem,
825 2717 1154 2774 latitudinem
1181 2728 1235 2774 et
1262 2719 1591 2774 altitudinem
1620 2720 1837 2775 sentias.
1864 2721 2066 2779 Deinde

478 2812 781 2868 videbimus
808 2818 983 2866 utrum
1017 2811 1120 2866 tale
1148 2809 1344 2881 aliquid
1375 2811 1548 2865 anima
1578 2812 1667 2878 sit,
1701 2822 1757 2867 ut
1783 2811 1884 2867 hoc
1904 2813 2065 2868 modo

480 2904 642 2960 etiam
668 2903 989 2977 quanta‘sit,
1025 2903 1341 2973 investigare
1370 2904 1653 2974 possimus.
1702 2904 1768 2958 E.
1802 2905 1938 2972 Quid
1964 2907 2064 2961 hoc

479 3009 606 3052 aere
633 2995 863 3066 longius,
888 3003 943 3050 et
970 2993 1149 3061 latius,
1175 3003 1230 3049 et
1252 2994 1414 3048 altius
1444 2994 1595 3051 facile
1623 2996 1843 3052 inveniri
1867 3006 2059 3066 potest,

479 3102 638 3160 quem
658 3094 1004 3152 commotum,
1030 3093 1247 3141 ventum
1267 3099 1388 3141 esse
1415 3101 1557 3141 nunc
1590 3087 1686 3142 abs
1710 3096 1762 3144 te
1787 3087 1917 3143 mihi
1939 3103 2062 3157 per-

475 3190 693 3233 suasum
712 3175 830 3231 est?

792 3264 1018 3322 CAPUT
1049 3264 1113 3321 V.
1128 3294 1202 3306 —
1224 3264 1252 3318 1
1259 3266 1438 3334 nﬁm'ta
1453 3270 1635 3323 animo:
1651 3272 1744 3325 vis.

553 3358 608 3410 7.
638 3357 702 3410 Α.
744 3356 907 3411 Recte
932 3355 1064 3411 dicis
1096 3372 1111 3410 :
1141 3356 1237 3411 sed
1262 3359 1640 3428 numquidnam
1662 3363 1891 3419 animam
1918 3374 2059 3422 tuam

478 3456 638 3519 putas
665 3461 785 3503 esse
809 3447 911 3503 nisi
932 3447 984 3503 in
1012 3462 1236 3519 corpore
1263 3451 1389 3504 tuo?
1416 3449 1484 3506 E.
1512 3451 1584 3506 Ita
1606 3464 1751 3523 puto.
1778 3455 1843 3509 Α.
1869 3456 2060 3513 lntrin-

478 3553 637 3595 secus
665 3548 890 3605 tantum,
919 3550 977 3594 ut
998 3547 1247 3611 tanquam
1293 3550 1465 3597 utrem
1509 3545 1723 3614 impleat
1750 3550 1804 3613 ’ς
1838 3565 1904 3605 an
1936 3560 2057 3607 tan-

478 3637 592 3684 tum
618 3627 943 3697 forinsecus,
969 3632 1112 3686 velut
1138 3631 1451 3698 tectorium;
1479 3648 1546 3688 an
1573 3644 1627 3690 et
1660 3636 1977 3695 intrinsecus
2002 3650 2058 3697 et

474 3719 806 3775 extrinsecus
834 3734 951 3776 eam
980 3735 1100 3776 esse
1140 3721 1455 3779 arbitraris?
1482 3724 1547 3777 E.
1579 3726 1689 3783 lloc
1712 3731 1887 3785 sentio
1913 3732 2055 3801 quod

472 3810 718 3866 ultimum
747 3810 1033 3881 requisisti.
1072 3811 1201 3865 Nam
1234 3813 1335 3867 nisi
1368 3823 1513 3870 esset
1551 3817 1887 3887 intrinsecus,
1921 3824 2053 3879 nihil

471 3903 528 3958 in
552 3903 848 3958 visceribus
880 3905 1078 3959 nostris
1108 3904 1264 3959 vitale
1293 3905 1608 3976 haberetur;
1647 3911 1749 3966 nisi
1782 3924 1924 3970 esset
1958 3930 2052 3971 ex-

470 3995 763 4062 trinsecus,
803 4010 907 4049 non
944 3997 1101 4050 etiam
1132 3996 1185 4051 in
1214 4007 1335 4054 cute
1371 4000 1557 4055 leviter
1596 4005 1763 4072 possit
1803 4006 1823 4039 ⁸
1852 4010 2050 4067 sentire

465 4092 811 4154 pungentem.
854 4086 919 4138 Α.
949 4085 1084 4153 Quid
1113 4102 1242 4159 ergo
1269 4091 1493 4160 amplius
1519 4094 1714 4162 quaeris
1738 4107 1932 4166 quanta
1977 4102 2049 4156 sit

467 4176 679 4242 anima,
708 4190 832 4232 cum
859 4176 1039 4232 videas
1062 4193 1182 4235 esse
1212 4189 1410 4236 tantam
1450 4194 1699 4253 quantam
1735 4188 1848 4259 ipsa
1878 4193 2044 4261 spatia

464 4267 704 4336 corporis
729 4270 1034 4338 patiuntur?
1061 4270 1127 4324 Ε.
1168 4271 1221 4327 Si
1254 4271 1358 4329 hoc
1394 4276 1529 4330 ratio
1551 4277 1727 4347 docet,
1758 4282 1890 4337 nihil
1926 4300 2043 4339 am-

465 4357 604 4427 plius
633 4360 865 4429 requiro.
904 4361 969 4414 Α.
999 4362 1163 4418 Recte
1199 4364 1328 4418 lacis
1361 4366 1493 4421 nihil
1535 4385 1778 4439 qumrcre
1817 4358 2043 4445 amplius

464 4460 623 4517 quam
647 4448 804 4507 docet
842 4452 996 4507 ratio.
1037 4452 1142 4509 Sed
1184 4454 1299 4511 haec
1339 4458 1474 4512 ratio
1511 4460 1787 4518 videturne
1826 4465 1918 4520 tibi
1952 4468 2044 4522 tir-

469 4541 741 4596 missima?
770 4541 836 4596 E.
859 4544 1081 4610 Quando
1105 4546 1261 4601 aliam
1288 4563 1394 4603 non
1422 4550 1651 4618 invenio,
1680 4554 1902 4610 videtur.
1932 4557 2040 4614 Suo

464 4633 607 4686 enim
639 4634 756 4688 loco
783 4638 1198 4708 quzeram,quod
1242 4655 1329 4695 me
1370 4641 1590 4697 multum
1640 4655 1834 4709 movet,
1863 4657 2038 4705 utrum

461 4719 578 4777 lucc
608 4722 771 4793 ﬂgura
795 4726 979 4781 eadem
1026 4740 1234 4785 maneat
1275 4746 1396 4786 cum
1442 4748 1666 4804 corpore
1705 4742 1989 4796 excesserit
2019 4760 2037 4799 :

463 4827 590 4867 nam
618 4814 719 4869 hoc
751 4815 888 4871 inter
912 4817 1240 4875 discutienda
1270 4823 1510 4879 ultimum
1541 4842 1626 4882 me
1664 4830 1903 4898 posuisse
1926 4849 2037 4888 me-

464 4906 616 4960 mini.
649 4905 753 4962 Sed
795 4912 1043 4978 quoniam
1072 4913 1140 4968 de
1183 4930 1405 4972 numero
1440 4922 1734 4977 animarum
1774 4941 2029 4995 quaerere,

467 4996 535 5052 ad
556 4999 900 5068 quantitatem
926 5002 1053 5057 mihi
1083 5003 1288 5060 videtur
1320 5012 1582 5078 pertinere
1601 5055 1615 5081 ,
1649 5031 1752 5069 non
1788 5032 1906 5073 esse
1932 5019 2032 5075 hoc

458 5089 581 5145 loco
604 5093 1028 5161 pra-tereundum
1061 5097 1324 5153 existimo.
1364 5102 1425 5155 Α.
1456 5102 1568 5159 Νυη
1612 5106 1897 5180 incongrue
1920 5114 2032 5166 exi-

459 5182 668 5247 stimas,
702 5184 795 5239 sed
825 5183 969 5254 prius
994 5185 1062 5241 de
1094 5190 1265 5257 spatio
1291 5191 1405 5262 ejus
1432 5199 1569 5264 quod
1603 5216 1689 5255 me
1721 5203 1892 5258 adhuc
1917 5220 2031 5260 mo-

456 5281 567 5342 vet,
599 5274 949 5346 explicemus,
985 5278 1030 5334 si
1069 5280 1261 5350 placet,
1302 5287 1545 5342 utetiam
1585 5306 1684 5361 ego
1717 5294 1909 5364 aliquid
1950 5296 2030 5351 di-

510 5432 527 5510 :
550 5437 694 5510 is!“
868 5448 1015 5510 «μεσπι
1034 5434 1079 5489 εί
1099 5436 1264 5492 demas
1294 5445 1587 5510 corporibus.
1651 5455 1709 5499 ω.

504 5493 684 5575 teda”
715 5501 769 5546 ut
790 5493 1016 5561 mquam
1046 5513 1173 5564 aqua
1208 5493 1601 5575 utrem
1627 5493 1734 5565 Ala
1760 5519 1864 5566 Mss.
1887 5519 2027 5575 abest

754 5618 895 5683 juxta
914 5627 990 5673 Er.
1011 5629 1130 5676 Ven.
1155 5633 1264 5681 Lov.
1331 5641 1385 5684 tu.

2190 614 2539 671 sumpseram.

2260 693 2314 747 8.
2342 694 2405 747 Α.
2435 694 2527 749 Dic
2548 696 2697 761 mihi,
2727 714 2908 769 quzeso
2938 708 3009 766 te,
3035 710 3206 758 utrum
3234 720 3291 761 ea
3324 722 3431 777 qum
3458 713 3694 782 appellatur

2188 785 2463 849 memoria,
2491 802 2595 841 non
2622 788 2713 842 tibi
2739 805 2931 845 nomen
2964 792 3118 849 inane
3151 795 3397 852 videatur.
3426 800 3486 853 E.
3512 803 3593 860 Cui
3617 807 3692 865 hoc

2187 874 2350 930 videri
2375 879 2588 947 potest?
2606 881 2669 934 Α.
2698 883 2901 937 Animae
2920 883 3059 940 hanc
3080 902 3198 942 esse
3228 888 3501 960 arbitraris,
3528 911 3583 950 an
3606 914 3695 955 cor-

2184 968 2367 1037 poris?
2396 969 2461 1024 E.
2489 970 2557 1025 Et
2584 973 2705 1029 hinc
2729 974 2972 1032 dubitare
3002 978 3278 1035 ridiculum
3308 993 3401 1038 est.
3427 985 3545 1051 Quid
3567 992 3695 1047 enim?

2186 1061 2433 1118 exanime
2459 1078 2653 1133 corpus
2684 1066 2992 1124 meminisse
3017 1070 3211 1142 aliquid
3239 1074 3394 1141 credi,
3420 1087 3500 1132 aut
3522 1078 3693 1155 intelligi

2182 1154 2397 1221 patest?
2426 1154 2488 1208 Α.
2518 1155 2868 1215 Meministine
2899 1162 3113 1219 tandem
3147 1166 3293 1221 urbis
3317 1154 3693 1230 Mediolanensis?

2182 1239 2243 1296 E.
2266 1243 2425 1299 Valde
2454 1247 2690 1303 memini.
2740 1250 2804 1303 Α.
2835 1248 2988 1309 Nunc
3023 1269 3149 1326 ergo
3170 1257 3287 1327 quia
3316 1259 3424 1328 ejus
3447 1260 3562 1317 facta
3583 1280 3695 1321 men-

2181 1333 2256 1386 tio
2281 1344 2395 1398 est,
2426 1338 2726 1393 recordaris
2764 1352 2956 1411 quanta
2985 1353 3038 1399 et
3061 1346 3233 1415 qualis
3256 1348 3361 1403 sit?
3386 1349 3445 1403 Ε.
3483 1350 3695 1411 liccat-dor

2180 1436 2327 1490 sane,
2346 1440 2409 1481 ac
2437 1427 2569 1482 nihil
2592 1432 2857 1487 recentius
2880 1442 3039 1505 atque
3062 1438 3354 1508 integrius?
3377 1441 3437 1494 Α.
3456 1441 3585 1499 Nunc
3601 1461 3694 1518 ergo

2180 1527 2302 1569 cum
2333 1517 2502 1571 oculis
2529 1534 2647 1574 eam
2677 1536 2781 1577 non
2811 1523 2993 1581 videas
3013 1568 3029 1594 ,
3052 1529 3235 1583 animo
3262 1531 3421 1588 vides.
3454 1534 3509 1588 E.
3535 1534 3596 1591 ita
3617 1517 3691 1595 est.

2180 1604 2245 1657 Α.
2270 1604 2551 1663 Meministi
2576 1652 2592 1676 ,
2623 1613 2787 1668 credo
2824 1615 3007 1683 etiam,
3054 1628 3258 1688 quanto
3303 1625 3464 1692 spatio
3489 1635 3694 1684 terrarum

2179 1710 2319 1751 nunc
2338 1713 2365 1749 a
2390 1698 2542 1754 nobis
2566 1700 2719 1772 longe
2741 1704 2900 1760 absit.
2928 1705 2992 1760 Ε.
3026 1706 3101 1763 Ita
3126 1719 3181 1765 et
3201 1710 3303 1766 hoc
3322 1716 3537 1771 memini.
3559 1719 3611 1772 Α.
3629 1718 3695 1774 Ἧ-

2177 1784 2275 1841 des
2297 1786 2473 1858 itaque
2494 1791 2672 1847 animo
2696 1796 2856 1850 etiam
2886 1792 3053 1867 ipsam
3081 1800 3320 1858 locorum
3342 1804 3622 1863 distantiam.
3645 1808 3689 1864 Ε.

2181 1877 2371 1936 Video.
2421 1884 2485 1936 A.
2517 1883 2646 1940 Cum
2678 1888 2835 1958 igitur
2862 1892 3039 1947 anima
3076 1903 3165 1948 tua
3198 1895 3285 1951 hic
3324 1898 3389 1952 sit
3415 1900 3493 1955 ubi
3518 1916 3690 1973 corpus,

2175 1984 2276 2026 nec
2305 1970 2437 2026 ultra
2467 1977 2695 2044 spatium
2726 1980 2843 2050 ejus
2890 1983 3229 2053 porrigatur,
3259 1997 3315 2043 ut
3343 1991 3561 2059 superior
3592 1970 3692 2048 ratio
3786 1976 3787 2047 Ῐ

2173 2061 2588 2133 demonstrabat,
2625 2070 2764 2126 unde
2807 2073 2865 2126 lit
2892 2082 2948 2128 ut
2976 2073 3062 2130 illa
3090 2078 3277 2132 omnia
3314 2080 3586 2137 videat”).
3620 2084 3693 2139 Pet-

2175 2154 2491 2209 memoriam
2516 2155 2617 2213 hoc
2646 2159 2759 2214 lieri
2786 2170 2934 2230 puto,
2968 2180 3073 2219 non
3104 2168 3248 2236 quod
3271 2169 3371 2223 illis
3390 2172 3507 2226 locis
3523 2174 3692 2242 ξιιμ-,ε-
3786 2160 3787 2229 ἓ

2172 2255 2316 2299 sens.
2365 2245 2430 2297 Α.
2477 2246 2737 2319 imagines
2789 2267 2917 2324 ergo
2960 2254 3183 2312 illorum
3231 2258 3461 2317 locorum
3496 2266 3691 2320 memoria

2171 2334 2528 2392 continentur.
2552 2339 2620 2392 E.
2648 2339 2724 2396 ita
2753 2346 2962 2399 sentio:
2996 2362 3124 2403 nam
3157 2358 3214 2406 et
3238 2352 3363 2421 quid
3392 2354 3456 2408 ibi
3477 2370 3689 2426 nuncaga
3786 2340 3787 2399 ἦ

2172 2432 2260 2479 tur
2303 2426 2517 2509 ignoro;
2562 2432 2703 2501 quod
2746 2437 2925 2505 utique
2949 2452 3056 2493 non
3102 2440 3423 2512 ignorarem,
3460 2446 3501 2501 si
3536 2448 3690 2504 animus
3786 2470 3787 2481 ι

2170 2532 2320 2573 meus
2352 2535 2518 2591 usque
2563 2523 2629 2578 ad
2671 2539 2735 2580 ea
2778 2527 2894 2582 loca
2939 2532 3348 2602 porrigeretur,
3379 2540 3689 2608 pmsenﬂaque
3786 2558 3787 2563 ‘

2168 2609 2412 2666 sentiret.
2453 2612 2517 2666 Α.
2548 2613 2744 2672 Verum
2788 2619 2918 2674 mihi
2965 2622 3171 2680 videris
3217 2626 3432 2683 dicere:
3472 2627 3552 2685 sed
3583 2638 3688 2685 certe

2170 2700 2287 2756 istae
2335 2704 2593 2776 imagines
2619 2723 2898 2779 corporum
2944 2726 3090 2771 sunt.
3143 2716 3210 2770 E.
3265 2718 3337 2773 Ita
3374 2734 3563 2776 necesse
3599 2731 3682 2775 est:

2168 2808 2275 2849 non
2306 2796 2448 2851 enim
2477 2798 2619 2855 aliud
2647 2811 2773 2856 sunt
2800 2803 2957 2860 urbes
2984 2815 3260 2880 terraeque
3281 2853 3296 2878 ,
3327 2826 3473 2882 quam
3498 2827 3683 2884 corpora.

2238 2885 2291 2940 9.
2315 2887 2379 2939 Α.
2429 2888 2779 2961 Nunquamne
2819 2895 3038 2953 intuitus
3078 2913 3147 2955 es
3189 2916 3351 2971 parva
3396 2906 3589 2973 specillo,
3620 2913 3684 2957 aut

2168 2991 2438 3047 nunquam
2469 2980 2521 3035 in
2550 2983 2747 3052 pupilla
2773 2987 2914 3040 oeuli
2941 2988 3111 3043 alieni
3151 2989 3343 3047 faciem
3376 3003 3499 3047 tuam
3522 2993 3684 3048 vidisti?

2169 3067 2235 3121 Ε.
2263 3068 2375 3124 imo
2403 3087 2567 3143 szepe.
2609 3075 2672 3129 A.
2723 3076 2833 3133 Cur
2852 3081 3019 3135 multo
3043 3082 3270 3139 brevior
3296 3102 3440 3157 quam
3468 3096 3530 3143 est
3549 3100 3676 3155 appa-

2165 3160 2292 3214 ret?
2322 3158 2389 3215 E.
2417 3162 2553 3229 Quid
2597 3167 2744 3222 enim
2772 3169 2940 3225 velles
2985 3172 3137 3228 aliud
3177 3191 3340 3245 quam
3369 3186 3418 3231 ut
3447 3190 3521 3247 pro
3554 3174 3676 3231 modo

2166 3252 2367 3321 speculi
2392 3254 2699 3313 videretur?
2733 3260 2797 3315 A.
2828 3261 3059 3320 Necesse
3083 3275 3178 3322 est
3205 3283 3337 3340 ergo
3360 3270 3570 3341 imagines
3588 3282 3682 3324 cor-

2165 3356 2385 3414 porum,
2412 3348 2457 3402 si
2501 3365 2659 3419 parva
2703 3362 2825 3408 sunt
2862 3368 3092 3426 corpora
3148 3360 3203 3414 in
3249 3362 3431 3432 quibus
3466 3368 3682 3433 apparet“.

2167 3450 2357 3505 parvas
2381 3453 2658 3510 apparere.
2704 3444 2768 3499 Ε.
2818 3446 3049 3505 Necesse
3100 3454 3346 3509 omnino.
3370 3456 3427 3508 Α.
3462 3454 3551 3511 Cur
3570 3467 3681 3524 ergo,

2162 3542 2283 3583 cum
2309 3539 2413 3586 tam
2442 3548 2605 3602 parvo
2628 3538 2800 3607 spatio
2821 3539 2891 3594 sit
2908 3542 3085 3597 anima
3119 3562 3282 3616 quam
3305 3562 3483 3618 corpus
3498 3548 3681 3617 estejuS,

2160 3629 2268 3678 tam
2298 3639 2503 3697 magnae
2529 3628 2582 3683 in
2614 3644 2675 3684 ea
2699 3640 2920 3701 possunt
2945 3638 3181 3706 exprimi
3205 3640 3472 3712 imagines,
3493 3649 3597 3696 utet
3617 3655 3683 3693 ur-

2157 3713 2273 3783 bes,
2320 3726 2373 3771 et
2412 3718 2632 3776 latitudo
2677 3732 2956 3794 terrarum,
2998 3736 3049 3782 et
3102 3743 3333 3801 qumque
3372 3733 3465 3786 alia
3506 3731 3681 3802 ingentia

2156 3806 2297 3877 apud
2341 3823 2401 3864 se
2430 3812 2598 3880 possit
2651 3813 2963 3885 imaginari?
2990 3817 3130 3874 Volo
3166 3824 3313 3877 enim
3351 3824 3533 3895 cogites
3569 3823 3681 3893 tequ

2156 3896 2493 3969 diligentius,
2522 3914 2717 3973 quanta
2761 3916 2815 3962 et
2850 3924 3007 3979 quam
3049 3913 3226 3969 multa
3269 3916 3512 3970 memoria
3549 3926 3680 3968 nostra

2156 3995 2461 4063 contineat,
2505 4013 2625 4067 qua:
2666 4000 2847 4070 utique
2884 4003 3058 4058 anima
3098 4008 3458 4065 continentur.
3485 4007 3568 4076 Qui
3590 4020 3682 4075 ergo

2148 4079 2341 4140 fundus
2366 4095 2469 4153 est,
2490 4088 2577 4158 qui
2598 4089 2764 4155 sinus,
2787 4106 2904 4161 qua:
2932 4092 3271 4152 immensitas
3296 4115 3413 4170 qua:
3441 4098 3581 4170 possit
3598 4096 3681 4151 haec

2150 4190 2342 4247 capere
2364 4221 2379 4247 ,
2411 4195 2531 4235 cum
2559 4190 2611 4236 ρι
2639 4199 2755 4237 eam
2790 4192 2984 4240 tantam
3023 4201 3289 4257 quantum
3324 4207 3505 4263 corpus
3527 4201 3595 4245 ρει
3614 4204 3683 4243 SI-

2147 4268 2329 4336 perior
2360 4270 2497 4325 ratio
2520 4272 2767 4329 docuisse
2791 4274 3070 4332 videatur?
3097 4279 3167 4333 E.
3214 4281 3332 4337 Non
3372 4283 3562 4337 invenio
3588 4278 3681 4351 quid

2146 4360 2526 4428 respondeam,
2576 4378 2677 4419 nec
2719 4366 2847 4421 satis
2892 4370 3161 4437 explicare
3202 4389 3439 4444 possum,
3481 4383 3681 4446 quantum

2147 4466 2235 4506 me
2265 4452 2364 4507 ista
2412 4465 2659 4510 moveant
2690 4476 2702 4510 :
2732 4468 2786 4512 et
2828 4460 3054 4516 multum
3091 4479 3185 4520 me
3211 4466 3328 4536 ipse
3368 4466 3582 4533 derideo,
3612 4466 3680 4535 qui

2144 4542 2406 4611 superiori
2448 4543 2642 4615 rationi
2689 4554 2793 4602 tam
2845 4549 2951 4605 cito
2980 4564 3387 4623 consenSeram,
3430 4567 3482 4611 ut
3513 4573 3567 4611 ex
3604 4556 3680 4610 isto

2141 4636 2381 4704 corporis
2409 4637 2569 4692 modo
2588 4650 2781 4709 quanta
2812 4642 2883 4696 sit
2917 4644 3093 4699 anima
3128 4650 3490 4704 terminarem.
3518 4650 3569 4703 Α.
3592 4646 3677 4701 Non

2142 4739 2269 4795 ergo
2288 4726 2397 4795 jam
2431 4727 2521 4783 tibi
2553 4730 2657 4784 tale
2702 4731 2896 4802 aliquid
2926 4735 3135 4792 videtur
3155 4781 3170 4805 ,
3199 4741 3372 4809 qualis
3395 4751 3567 4797 ventus
3588 4737 3679 4794 est?

2140 4815 2207 4870 E.
2256 4818 2411 4875 Nullo
2455 4821 2615 4876 modo
2647 4841 2661 4878 :
2696 4840 2815 4878 nam
2856 4828 3061 4883 etiamsi
3099 4846 3200 4886 aer
3246 4833 3347 4889 iste
3387 4835 3528 4905 cujus
3561 4832 3675 4903 quasi

2138 4907 2355 4964 ﬂuctum
2380 4921 2593 4967 ventum
2625 4929 2744 4970 esse
2766 4918 3117 4986 probabiliter
3132 4924 3393 4990 creditur,
3420 4926 3674 4981 nnivetsum

2138 4999 2295 5055 istum
2339 5002 2589 5057 mundum
2635 5007 2801 5074 possit
2839 5008 3075 5078 implere,
3128 5013 3531 5071 innumerabiles
3571 5014 3674 5068 tales

2139 5102 2418 5164 tantosque
2469 5097 2694 5152 mundos
2738 5114 2914 5155 secum
2972 5104 3150 5158 anima
3199 5107 3472 5179 imaginari
3515 5114 3670 5178 potest.

2139 5199 2271 5255 quas
2298 5186 2553 5255 imagines
2577 5204 2680 5257 quo
2708 5192 2878 5260 spatio
2897 5194 3164 5250 contineat
3190 5199 3445 5267 suspicari
3465 5213 3556 5253 non
3575 5210 3672 5267 pos-

2138 5288 2280 5329 sum.
2314 5276 2378 5328 Α.
2401 5276 2534 5332 Vide
2561 5294 2688 5349 ergo
2712 5296 2780 5336 ne
2805 5282 2993 5338 melius
3026 5286 3093 5340 sit
3121 5302 3244 5342 eam
3268 5288 3500 5357 credere,
3529 5295 3579 5343 ut
3598 5302 3670 5341 su-

2133 5366 2319 5435 perius
2339 5366 2601 5436 dixeram,
2630 5384 2727 5425 nec
2753 5371 2991 5442 longam,
3020 5389 3121 5431 nec
3165 5376 3327 5434 latam
3351 5420 3367 5446 ,
3406 5395 3499 5435 nec
3516 5378 3667 5438 altam.

2135 5458 2268 5514 sicut
2297 5458 2425 5514 mihi
2459 5459 2525 5515 de
2551 5462 2752 5532 justitia
2787 5478 3145 5524 concesseras.
3176 5468 3244 5523 Ε.
3286 5468 3667 5528 Facileassenti-

2132 5565 2270 5617 rem,
2302 5551 2399 5604 nisi
2423 5567 2507 5607 me
2530 5553 2646 5623 plus
2671 5556 3026 5625 conturbaret,
3052 5575 3160 5629 quo
3183 5578 3394 5617 rursum
3419 5572 3556 5632 pacto
3574 5570 3669 5614 tan-

2132 5648 2308 5699 torum
2341 5644 2626 5713 spatiorum
2667 5646 2918 5719 imagines
2938 5649 3351 5713 innumerabiles
3375 5653 3505 5712 nulla
3526 5654 3664 5710 suaet
