  <div class='ocr_page' id='page_1' title='image "/cluster/home/n/w/nwhite01/storage/ocr_20150623/32/uva.x000669813/530.png"; bbox 0 0 3844 6280; ppageno 0'>
   <div class='ocr_carea' id='block_1_1' title="bbox 174 467 286 526">
    <p class='ocr_par' dir='ltr' id='par_1_1' title="bbox 174 467 286 526">
     <span class='ocr_line' id='line_1_1' title="bbox 174 467 286 526; baseline -0.018 0"><span class='ocrx_word' id='word_1_1' title='bbox 174 467 286 526; x_wconf 74' lang='lat' dir='ltr'><strong>ill-li</strong></span> 
     </span>
    </p>
   </div>
   <div class='ocr_carea' id='block_1_2' title="bbox 171 570 1736 654">
    <p class='ocr_par' dir='ltr' id='par_1_2' title="bbox 171 570 1736 654">
     <span class='ocr_line' id='line_1_2' title="bbox 171 570 1736 654; baseline -0.008 -17"><span class='ocrx_word' id='word_1_2' title='bbox 171 578 498 654; x_wconf 87' lang='lat' dir='ltr'><strong>longitudine,</strong></span> <span class='ocrx_word' id='word_1_3' title='bbox 535 585 595 634; x_wconf 90' lang='lat' dir='ltr'><strong>et</strong></span> <span class='ocrx_word' id='word_1_4' title='bbox 616 574 914 643; x_wconf 76' lang='lat' dir='ltr'><strong>latitudine,</strong></span> <span class='ocrx_word' id='word_1_5' title='bbox 946 581 1001 630; x_wconf 89' lang='lat' dir='ltr'><strong>et</strong></span> <span class='ocrx_word' id='word_1_6' title='bbox 1024 571 1310 629; x_wconf 86' lang='lat' dir='ltr'><strong>altitudine</strong></span> <span class='ocrx_word' id='word_1_7' title='bbox 1333 585 1525 644; x_wconf 88' lang='lat' dir='ltr'><strong>capere</strong></span> <span class='ocrx_word' id='word_1_8' title='bbox 1547 570 1736 642; x_wconf 84' lang='lat' dir='ltr'><strong>possit.</strong></span> 
     </span>
    </p>
   </div>
   <div class='ocr_carea' id='block_1_3' title="bbox 313 666 1558 740">
    <p class='ocr_par' dir='ltr' id='par_1_3' title="bbox 313 666 1558 740">
     <span class='ocr_line' id='line_1_3' title="bbox 313 666 1558 740; baseline -0.008 -11"><span class='ocrx_word' id='word_1_9' title='bbox 313 671 542 729; x_wconf 81' lang='lat' dir='ltr'><strong>CAPUT</strong></span> <span class='ocrx_word' id='word_1_10' title='bbox 576 670 660 726; x_wconf 71' lang='lat' dir='ltr'><strong>Vl.</strong></span> <span class='ocrx_word' id='word_1_11' title='bbox 688 701 759 711; x_wconf 98' lang='lat'><strong>—</strong></span> <span class='ocrx_word' id='word_1_12' title='bbox 782 668 1070 740; x_wconf 79' lang='lat' dir='ltr'><strong>Longitudo</strong></span> <span class='ocrx_word' id='word_1_13' title='bbox 1090 685 1226 722; x_wconf 86' lang='lat' dir='ltr'><strong>mera</strong></span> <span class='ocrx_word' id='word_1_14' title='bbox 1251 677 1298 722; x_wconf 85' lang='lat' dir='ltr'><strong>et</strong></span> <span class='ocrx_word' id='word_1_15' title='bbox 1322 666 1558 738; x_wconf 67' lang='lat' dir='ltr'><strong>simplex.</strong></span> 
     </span>
    </p>
   </div>
   <div class='ocr_carea' id='block_1_4' title="bbox 1550 455 1984 515">
    <p class='ocr_par' dir='ltr' id='par_1_4' title="bbox 1550 455 1984 515">
     <span class='ocr_line' id='line_1_4' title="bbox 1550 455 1984 515; baseline -0.005 -2"><span class='ocrx_word' id='word_1_16' title='bbox 1550 457 1750 515; x_wconf 77' lang='lat' dir='ltr'><strong>LIBER</strong></span> <span class='ocrx_word' id='word_1_17' title='bbox 1790 455 1984 515; x_wconf 81' lang='lat' dir='ltr'><strong>UNUS.</strong></span> 
     </span>
    </p>
   </div>
   <div class='ocr_carea' id='block_1_5' title="bbox 3291 463 3432 524">
    <p class='ocr_par' dir='ltr' id='par_1_5' title="bbox 3291 463 3432 524">
     <span class='ocr_line' id='line_1_5' title="bbox 3291 463 3432 524; baseline 0.014 -2"><span class='ocrx_word' id='word_1_18' title='bbox 3291 463 3432 524; x_wconf 66' lang='grc' dir='ltr'><strong>ιοια</strong></span> 
     </span>
    </p>
   </div>
   <div class='ocr_carea' id='block_1_6' title="bbox 1846 566 3430 650">
    <p class='ocr_par' dir='ltr' id='par_1_6' title="bbox 1846 566 3430 650">
     <span class='ocr_line' id='line_1_6' title="bbox 1846 566 3430 650; baseline 0.008 -29"><span class='ocrx_word' id='word_1_19' title='bbox 1846 566 1974 621; x_wconf 91' lang='lat' dir='ltr'><strong>dere</strong></span> <span class='ocrx_word' id='word_1_20' title='bbox 1990 579 2240 637; x_wconf 87' lang='lat' dir='ltr'><strong>magnum</strong></span> <span class='ocrx_word' id='word_1_21' title='bbox 2269 567 2643 640; x_wconf 84' lang='lat' dir='ltr'><strong>compendium</strong></span> <span class='ocrx_word' id='word_1_22' title='bbox 2665 573 2770 639; x_wconf 91' lang='lat' dir='ltr'><strong>est,</strong></span> <span class='ocrx_word' id='word_1_23' title='bbox 2797 574 2852 627; x_wconf 90' lang='lat' dir='ltr'><strong>et</strong></span> <span class='ocrx_word' id='word_1_24' title='bbox 2875 567 3255 650; x_wconf 81' lang='lat' dir='ltr'><strong>nulluslabor:</strong></span> <span class='ocrx_word' id='word_1_25' title='bbox 3281 576 3430 648; x_wconf 86' lang='lat' dir='ltr'><strong>quod</strong></span> 
     </span>
    </p>
   </div>
   <div class='ocr_carea' id='block_1_7' title="bbox 1843 657 3428 738">
    <p class='ocr_par' dir='ltr' id='par_1_7' title="bbox 1843 657 3428 738">
     <span class='ocr_line' id='line_1_7' title="bbox 1843 657 3428 738; baseline 0.007 -25"><span class='ocrx_word' id='word_1_26' title='bbox 1843 659 1889 714; x_wconf 88' lang='lat' dir='ltr'><strong>si</strong></span> <span class='ocrx_word' id='word_1_27' title='bbox 1921 668 1972 714; x_wconf 91' lang='lat' dir='ltr'><strong>te</strong></span> <span class='ocrx_word' id='word_1_28' title='bbox 2000 657 2248 724; x_wconf 90' lang='lat' dir='ltr'><strong>delectat,</strong></span> <span class='ocrx_word' id='word_1_29' title='bbox 2277 660 2476 730; x_wconf 88' lang='lat' dir='ltr'><strong>poteris</strong></span> <span class='ocrx_word' id='word_1_30' title='bbox 2501 661 2666 717; x_wconf 87' lang='lat' dir='ltr'><strong>multa</strong></span> <span class='ocrx_word' id='word_1_31' title='bbox 2691 661 2889 734; x_wconf 88' lang='lat' dir='ltr'><strong>legere,</strong></span> <span class='ocrx_word' id='word_1_32' title='bbox 2914 679 3034 736; x_wconf 71' lang='lat' dir='ltr'><strong>quae</strong></span> <span class='ocrx_word' id='word_1_33' title='bbox 3061 667 3237 738; x_wconf 88' lang='lat' dir='ltr'><strong>magni</strong></span> <span class='ocrx_word' id='word_1_34' title='bbox 3259 675 3316 724; x_wconf 92' lang='lat' dir='ltr'><strong>et</strong></span> <span class='ocrx_word' id='word_1_35' title='bbox 3342 667 3428 724; x_wconf 81' lang='lat' dir='ltr'><strong>di-</strong></span> 
     </span>
    </p>
   </div>
   <div class='ocr_carea' id='block_1_8' title="bbox 227 748 1703 833">
    <p class='ocr_par' dir='ltr' id='par_1_8' title="bbox 227 758 1703 833">
     <span class='ocr_line' id='line_1_8' title="bbox 227 758 1703 833; baseline -0.008 -9"><span class='ocrx_word' id='word_1_36' title='bbox 227 768 304 824; x_wconf 80' lang='lat' dir='ltr'><strong>lﬁ.</strong></span> <span class='ocrx_word' id='word_1_37' title='bbox 334 767 398 820; x_wconf 75' lang='grc' dir='ltr'><strong><em>Α.</em></strong></span> <span class='ocrx_word' id='word_1_38' title='bbox 427 765 778 823; x_wconf 84' lang='lat' dir='ltr'><strong>inveniemus</strong></span> <span class='ocrx_word' id='word_1_39' title='bbox 812 764 916 820; x_wconf 85' lang='lat' dir='ltr'><strong>hoc</strong></span> <span class='ocrx_word' id='word_1_40' title='bbox 959 763 1186 819; x_wconf 83' lang='lat' dir='ltr'><strong>fortasse</strong></span> <span class='ocrx_word' id='word_1_41' title='bbox 1231 771 1482 833; x_wconf 88' lang='lat' dir='ltr'><strong>quantum</strong></span> <span class='ocrx_word' id='word_1_42' title='bbox 1512 758 1662 829; x_wconf 63' lang='lat' dir='ltr'><strong>licet},</strong></span> <span class='ocrx_word' id='word_1_43' title='bbox 1690 773 1703 812; x_wconf 78' lang='grc' dir='ltr'><strong>ε</strong></span> 
     </span>
    </p>
   </div>
   <div class='ocr_carea' id='block_1_9' title="bbox 1811 748 3424 833">
    <p class='ocr_par' dir='ltr' id='par_1_9' title="bbox 1839 748 3424 824">
     <span class='ocr_line' id='line_1_9' title="bbox 1839 748 3424 824; baseline 0.008 -22"><span class='ocrx_word' id='word_1_44' title='bbox 1839 748 1947 804; x_wconf 90' lang='lat' dir='ltr'><strong>vini</strong></span> <span class='ocrx_word' id='word_1_45' title='bbox 1983 748 2081 804; x_wconf 88' lang='lat' dir='ltr'><strong>viri</strong></span> <span class='ocrx_word' id='word_1_46' title='bbox 2114 749 2181 804; x_wconf 91' lang='lat' dir='ltr'><strong>de</strong></span> <span class='ocrx_word' id='word_1_47' title='bbox 2203 748 2286 803; x_wconf 85' lang='lat' dir='ltr'><strong>his</strong></span> <span class='ocrx_word' id='word_1_48' title='bbox 2308 751 2468 806; x_wconf 85' lang='lat' dir='ltr'><strong>rebus</strong></span> <span class='ocrx_word' id='word_1_49' title='bbox 2494 751 2796 808; x_wconf 84' lang='lat' dir='ltr'><strong>necessaria</strong></span> <span class='ocrx_word' id='word_1_50' title='bbox 2821 767 2940 824; x_wconf 77' lang='lat' dir='ltr'><strong>qua:</strong></span> <span class='ocrx_word' id='word_1_51' title='bbox 2968 753 3300 824; x_wconf 86' lang='lat' dir='ltr'><strong>videbantur,</strong></span> <span class='ocrx_word' id='word_1_52' title='bbox 3329 773 3424 815; x_wconf 86' lang='lat' dir='ltr'><strong>sa-</strong></span> 
     </span>
    </p>
   </div>
   <div class='ocr_carea' id='block_1_10' title="bbox 166 838 3419 931">
    <p class='ocr_par' dir='ltr' id='par_1_10' title="bbox 166 838 3419 931">
     <span class='ocr_line' id='line_1_10' title="bbox 166 838 3419 931; baseline 0.001 -17"><span class='ocrx_word' id='word_1_53' title='bbox 166 859 291 931; x_wconf 85' lang='lat' dir='ltr'><strong>prius</strong></span> <span class='ocrx_word' id='word_1_54' title='bbox 313 856 600 928; x_wconf 89' lang='lat' dir='ltr'><strong>diligenter</strong></span> <span class='ocrx_word' id='word_1_55' title='bbox 617 856 966 912; x_wconf 89' lang='lat' dir='ltr'><strong>discutiamus</strong></span> <span class='ocrx_word' id='word_1_56' title='bbox 992 855 1106 910; x_wconf 48' lang='lat' dir='ltr'><strong>huic</strong></span> <span class='ocrx_word' id='word_1_57' title='bbox 1132 855 1268 920; x_wconf 87' lang='lat' dir='ltr'><strong>tria,</strong></span> <span class='ocrx_word' id='word_1_58' title='bbox 1300 852 1351 907; x_wconf 91' lang='lat' dir='ltr'><strong>id</strong></span> <span class='ocrx_word' id='word_1_59' title='bbox 1392 861 1470 907; x_wconf 88' lang='lat' dir='ltr'><strong>est</strong></span> <span class='ocrx_word' id='word_1_60' title='bbox 1498 850 1737 922; x_wconf 86' lang='lat' dir='ltr'><strong>longitu-</strong></span> <span class='ocrx_word' id='word_1_61' title='bbox 1838 838 2059 896; x_wconf 72' lang='lat' dir='ltr'><strong>lubt-iter</strong></span> <span class='ocrx_word' id='word_1_62' title='bbox 2085 839 2498 910; x_wconf 70' lang='lat' dir='ltr'><strong>imperitioribus</strong></span> <span class='ocrx_word' id='word_1_63' title='bbox 2520 843 2672 913; x_wconf 76' lang='lat' dir='ltr'><strong>quasi</strong></span> <span class='ocrx_word' id='word_1_64' title='bbox 2693 843 3065 915; x_wconf 72' lang='lat' dir='ltr'><strong>nutuquodam</strong></span> <span class='ocrx_word' id='word_1_65' title='bbox 3086 845 3250 903; x_wconf 76' lang='lat' dir='ltr'><strong>locuti</strong></span> <span class='ocrx_word' id='word_1_66' title='bbox 3273 857 3419 914; x_wconf 75' lang='lat' dir='ltr'><strong>sunt.</strong></span> 
     </span>
    </p>
   </div>
   <div class='ocr_carea' id='block_1_11' title="bbox 165 943 1732 1020">
    <p class='ocr_par' dir='ltr' id='par_1_11' title="bbox 165 943 1732 1020">
     <span class='ocr_line' id='line_1_11' title="bbox 165 943 1732 1020; baseline -0.005 -12"><span class='ocrx_word' id='word_1_67' title='bbox 165 953 354 1017; x_wconf 86' lang='lat' dir='ltr'><strong>dinem,</strong></span> <span class='ocrx_word' id='word_1_68' title='bbox 385 949 757 1016; x_wconf 75' lang='lat' dir='ltr'><strong>latitudinem,</strong></span> <span class='ocrx_word' id='word_1_69' title='bbox 797 959 851 1004; x_wconf 91' lang='lat' dir='ltr'><strong>et</strong></span> <span class='ocrx_word' id='word_1_70' title='bbox 891 947 1247 1020; x_wconf 70' lang='lat' dir='ltr'><strong>altitudinem.</strong></span> <span class='ocrx_word' id='word_1_71' title='bbox 1303 943 1485 1016; x_wconf 81' lang='lat' dir='ltr'><strong>Itaque</strong></span> <span class='ocrx_word' id='word_1_72' title='bbox 1528 944 1732 1000; x_wconf 85' lang='lat' dir='ltr'><strong>enitere</strong></span> 
     </span>
    </p>
   </div>
   <div class='ocr_carea' id='block_1_12' title="bbox 163 1036 1729 1112">
    <p class='ocr_par' dir='ltr' id='par_1_12' title="bbox 163 1036 1729 1112">
     <span class='ocr_line' id='line_1_12' title="bbox 163 1036 1729 1112; baseline -0.004 -15"><span class='ocrx_word' id='word_1_73' title='bbox 163 1041 371 1112; x_wconf 86' lang='lat' dir='ltr'><strong>cogitare</strong></span> <span class='ocrx_word' id='word_1_74' title='bbox 393 1039 802 1111; x_wconf 77' lang='lat' dir='ltr'><strong>longitudinem,</strong></span> <span class='ocrx_word' id='word_1_75' title='bbox 828 1056 946 1111; x_wconf 72' lang='lat' dir='ltr'><strong>qua:</strong></span> <span class='ocrx_word' id='word_1_76' title='bbox 970 1039 1143 1094; x_wconf 89' lang='lat' dir='ltr'><strong>adhuc</strong></span> <span class='ocrx_word' id='word_1_77' title='bbox 1169 1038 1366 1094; x_wconf 90' lang='lat' dir='ltr'><strong>nullam</strong></span> <span class='ocrx_word' id='word_1_78' title='bbox 1399 1036 1729 1092; x_wconf 89' lang='lat' dir='ltr'><strong>latitudinem</strong></span> 
     </span>
    </p>
   </div>
   <div class='ocr_carea' id='block_1_13' title="bbox 160 1127 1728 1202">
    <p class='ocr_par' dir='ltr' id='par_1_13' title="bbox 160 1127 1728 1202">
     <span class='ocr_line' id='line_1_13' title="bbox 160 1127 1728 1202; baseline -0.004 -13"><span class='ocrx_word' id='word_1_79' title='bbox 160 1130 506 1202; x_wconf 84' lang='lat' dir='ltr'><strong>assumpserit.</strong></span> <span class='ocrx_word' id='word_1_80' title='bbox 547 1131 616 1185; x_wconf 77' lang='grc' dir='ltr'><strong>Ε.</strong></span> <span class='ocrx_word' id='word_1_81' title='bbox 660 1131 800 1187; x_wconf 80' lang='lat' dir='ltr'><strong>Nihil</strong></span> <span class='ocrx_word' id='word_1_82' title='bbox 832 1145 1045 1202; x_wconf 82' lang='lat' dir='ltr'><strong>possunt</strong></span> <span class='ocrx_word' id='word_1_83' title='bbox 1075 1130 1181 1187; x_wconf 88' lang='lat' dir='ltr'><strong>tale</strong></span> <span class='ocrx_word' id='word_1_84' title='bbox 1208 1129 1444 1200; x_wconf 88' lang='lat' dir='ltr'><strong>cogitare</strong></span> <span class='ocrx_word' id='word_1_85' title='bbox 1473 1147 1485 1182; x_wconf 91' lang='lat'>:</span> <span class='ocrx_word' id='word_1_86' title='bbox 1512 1129 1557 1183; x_wconf 88' lang='lat' dir='ltr'><strong>si</strong></span> <span class='ocrx_word' id='word_1_87' title='bbox 1585 1127 1728 1183; x_wconf 89' lang='lat' dir='ltr'><strong>enim</strong></span> 
     </span>
    </p>
   </div>
   <div class='ocr_carea' id='block_1_14' title="bbox 161 1220 1728 1293">
    <p class='ocr_par' dir='ltr' id='par_1_14' title="bbox 161 1220 1728 1293">
     <span class='ocr_line' id='line_1_14' title="bbox 161 1220 1728 1293; baseline -0.002 -14"><span class='ocrx_word' id='word_1_88' title='bbox 161 1225 284 1280; x_wconf 86' lang='lat' dir='ltr'><strong>ﬁlum</strong></span> <span class='ocrx_word' id='word_1_89' title='bbox 302 1238 520 1279; x_wconf 70' lang='lat' dir='ltr'><strong>araneze</strong></span> <span class='ocrx_word' id='word_1_90' title='bbox 557 1223 614 1279; x_wconf 91' lang='lat' dir='ltr'><strong>in</strong></span> <span class='ocrx_word' id='word_1_91' title='bbox 642 1223 822 1278; x_wconf 89' lang='lat' dir='ltr'><strong>animo</strong></span> <span class='ocrx_word' id='word_1_92' title='bbox 841 1223 1201 1289; x_wconf 84' lang='lat' dir='ltr'><strong>constituero,</strong></span> <span class='ocrx_word' id='word_1_93' title='bbox 1226 1237 1332 1293; x_wconf 91' lang='lat' dir='ltr'><strong>quo</strong></span> <span class='ocrx_word' id='word_1_94' title='bbox 1369 1220 1500 1276; x_wconf 90' lang='lat' dir='ltr'><strong>nihil</strong></span> <span class='ocrx_word' id='word_1_95' title='bbox 1536 1220 1728 1276; x_wconf 80' lang='lat' dir='ltr'><strong>exilius</strong></span> 
     </span>
    </p>
   </div>
   <div class='ocr_carea' id='block_1_15' title="bbox 164 1315 1727 1383">
    <p class='ocr_par' dir='ltr' id='par_1_15' title="bbox 164 1315 1727 1383">
     <span class='ocr_line' id='line_1_15' title="bbox 164 1315 1727 1383; baseline -0.003 -10"><span class='ocrx_word' id='word_1_96' title='bbox 164 1317 377 1373; x_wconf 77' lang='lat' dir='ltr'><strong>solemus</strong></span> <span class='ocrx_word' id='word_1_97' title='bbox 403 1316 623 1383; x_wconf 85' lang='lat' dir='ltr'><strong>videre;</strong></span> <span class='ocrx_word' id='word_1_98' title='bbox 649 1316 880 1372; x_wconf 88' lang='lat' dir='ltr'><strong>occurrit</strong></span> <span class='ocrx_word' id='word_1_99' title='bbox 925 1315 1056 1371; x_wconf 89' lang='lat' dir='ltr'><strong>mihi</strong></span> <span class='ocrx_word' id='word_1_100' title='bbox 1083 1316 1243 1372; x_wconf 91' lang='lat' dir='ltr'><strong>etiam</strong></span> <span class='ocrx_word' id='word_1_101' title='bbox 1290 1315 1342 1369; x_wconf 91' lang='lat' dir='ltr'><strong>in</strong></span> <span class='ocrx_word' id='word_1_102' title='bbox 1373 1330 1438 1370; x_wconf 90' lang='lat' dir='ltr'><strong>eo</strong></span> <span class='ocrx_word' id='word_1_103' title='bbox 1465 1323 1642 1370; x_wconf 82' lang='lat' dir='ltr'><strong>tamen</strong></span> <span class='ocrx_word' id='word_1_104' title='bbox 1671 1321 1727 1370; x_wconf 92' lang='lat' dir='ltr'><strong>et</strong></span> 
     </span>
    </p>
   </div>
   <div class='ocr_carea' id='block_1_16' title="bbox 158 1405 1722 1480">
    <p class='ocr_par' dir='ltr' id='par_1_16' title="bbox 158 1405 1722 1480">
     <span class='ocr_line' id='line_1_16' title="bbox 158 1405 1722 1480; baseline -0.003 -15"><span class='ocrx_word' id='word_1_105' title='bbox 158 1407 407 1480; x_wconf 76' lang='lat' dir='ltr'><strong>longitudo</strong></span> <span class='ocrx_word' id='word_1_106' title='bbox 437 1423 538 1478; x_wconf 87' lang='lat' dir='ltr'><strong>per</strong></span> <span class='ocrx_word' id='word_1_107' title='bbox 578 1422 661 1476; x_wconf 88' lang='lat' dir='ltr'><strong>se,</strong></span> <span class='ocrx_word' id='word_1_108' title='bbox 699 1416 757 1462; x_wconf 85' lang='lat' dir='ltr'><strong>et</strong></span> <span class='ocrx_word' id='word_1_109' title='bbox 799 1407 1043 1474; x_wconf 90' lang='lat' dir='ltr'><strong>latitudo,</strong></span> <span class='ocrx_word' id='word_1_110' title='bbox 1072 1416 1126 1462; x_wconf 91' lang='lat' dir='ltr'><strong>et</strong></span> <span class='ocrx_word' id='word_1_111' title='bbox 1154 1405 1376 1460; x_wconf 84' lang='lat' dir='ltr'><strong>altitudo</strong></span> <span class='ocrx_word' id='word_1_112' title='bbox 1404 1423 1417 1460; x_wconf 92' lang='lat'>:</span> <span class='ocrx_word' id='word_1_113' title='bbox 1445 1421 1566 1476; x_wconf 78' lang='lat' dir='ltr'><strong>qua:</strong></span> <span class='ocrx_word' id='word_1_114' title='bbox 1593 1420 1722 1477; x_wconf 88' lang='lat' dir='ltr'><strong>qua-</strong></span> 
     </span>
    </p>
   </div>
   <div class='ocr_carea' id='block_1_17' title="bbox 158 1499 1718 1572">
    <p class='ocr_par' dir='ltr' id='par_1_17' title="bbox 158 1499 1718 1572">
     <span class='ocr_line' id='line_1_17' title="bbox 158 1499 1718 1572; baseline -0.002 -15"><span class='ocrx_word' id='word_1_115' title='bbox 158 1503 439 1570; x_wconf 84' lang='lat' dir='ltr'><strong>lescumque</strong></span> <span class='ocrx_word' id='word_1_116' title='bbox 476 1499 590 1555; x_wconf 91' lang='lat' dir='ltr'><strong>sint</strong></span> <span class='ocrx_word' id='word_1_117' title='bbox 610 1541 626 1565; x_wconf 95' lang='lat'><strong>,</strong></span> <span class='ocrx_word' id='word_1_118' title='bbox 656 1514 777 1556; x_wconf 87' lang='lat' dir='ltr'><strong>esse</strong></span> <span class='ocrx_word' id='word_1_119' title='bbox 803 1509 980 1556; x_wconf 86' lang='lat' dir='ltr'><strong>tamen</strong></span> <span class='ocrx_word' id='word_1_120' title='bbox 1018 1514 1212 1572; x_wconf 88' lang='lat' dir='ltr'><strong>negare</strong></span> <span class='ocrx_word' id='word_1_121' title='bbox 1253 1514 1360 1554; x_wconf 92' lang='lat' dir='ltr'><strong>non</strong></span> <span class='ocrx_word' id='word_1_122' title='bbox 1386 1515 1624 1571; x_wconf 91' lang='lat' dir='ltr'><strong>possum.</strong></span> <span class='ocrx_word' id='word_1_123' title='bbox 1654 1500 1718 1554; x_wconf 84' lang='grc' dir='ltr'><strong><em>Α.</em></strong></span> 
     </span>
    </p>
   </div>
   <div class='ocr_carea' id='block_1_18' title="bbox 157 1590 1719 1664">
    <p class='ocr_par' dir='ltr' id='par_1_18' title="bbox 157 1590 1719 1664">
     <span class='ocr_line' id='line_1_18' title="bbox 157 1590 1719 1664; baseline 0.001 -17"><span class='ocrx_word' id='word_1_124' title='bbox 157 1591 249 1647; x_wconf 81' lang='lat' dir='ltr'><strong>Non</strong></span> <span class='ocrx_word' id='word_1_125' title='bbox 320 1607 703 1664; x_wconf 81' lang='lat' dir='ltr'><strong>usquequaque</strong></span> <span class='ocrx_word' id='word_1_126' title='bbox 744 1590 970 1647; x_wconf 86' lang='lat' dir='ltr'><strong>absurda</strong></span> <span class='ocrx_word' id='word_1_127' title='bbox 1020 1601 1104 1648; x_wconf 89' lang='lat' dir='ltr'><strong>est</strong></span> <span class='ocrx_word' id='word_1_128' title='bbox 1166 1592 1445 1662; x_wconf 75' lang='lat' dir='ltr'><strong>rcSponsio</strong></span> <span class='ocrx_word' id='word_1_129' title='bbox 1503 1601 1588 1648; x_wconf 90' lang='lat' dir='ltr'><strong>tua</strong></span> <span class='ocrx_word' id='word_1_130' title='bbox 1625 1592 1719 1648; x_wconf 89' lang='lat' dir='ltr'><strong>sed</strong></span> 
     </span>
    </p>
   </div>
   <div class='ocr_carea' id='block_1_19' title="bbox 155 1683 1719 1756">
    <p class='ocr_par' dir='ltr' id='par_1_19' title="bbox 155 1683 1719 1756">
     <span class='ocr_line' id='line_1_19' title="bbox 155 1683 1719 1756; baseline 0 -16"><span class='ocrx_word' id='word_1_131' title='bbox 155 1693 276 1740; x_wconf 83' lang='lat' dir='ltr'><strong>certe</strong></span> <span class='ocrx_word' id='word_1_132' title='bbox 301 1698 419 1740; x_wconf 88' lang='lat' dir='ltr'><strong>cum</strong></span> <span class='ocrx_word' id='word_1_133' title='bbox 445 1685 546 1738; x_wconf 88' lang='lat' dir='ltr'><strong>tria</strong></span> <span class='ocrx_word' id='word_1_134' title='bbox 566 1685 663 1739; x_wconf 87' lang='lat' dir='ltr'><strong>ista</strong></span> <span class='ocrx_word' id='word_1_135' title='bbox 682 1685 738 1740; x_wconf 89' lang='lat' dir='ltr'><strong>in</strong></span> <span class='ocrx_word' id='word_1_136' title='bbox 751 1699 960 1740; x_wconf 78' lang='lat' dir='ltr'><strong>aranea:</strong></span> <span class='ocrx_word' id='word_1_137' title='bbox 981 1683 1070 1738; x_wconf 90' lang='lat' dir='ltr'><strong>ﬁlo</strong></span> <span class='ocrx_word' id='word_1_138' title='bbox 1092 1699 1212 1738; x_wconf 86' lang='lat' dir='ltr'><strong>esse</strong></span> <span class='ocrx_word' id='word_1_139' title='bbox 1233 1684 1500 1756; x_wconf 78' lang='lat' dir='ltr'><strong>intelligis,</strong></span> <span class='ocrx_word' id='word_1_140' title='bbox 1517 1684 1719 1740; x_wconf 89' lang='lat' dir='ltr'><strong>discer-</strong></span> 
     </span>
    </p>
   </div>
   <div class='ocr_carea' id='block_1_20' title="bbox 155 1777 1716 1849">
    <p class='ocr_par' dir='ltr' id='par_1_20' title="bbox 155 1777 1716 1849">
     <span class='ocr_line' id='line_1_20' title="bbox 155 1777 1716 1849; baseline 0.001 -17"><span class='ocrx_word' id='word_1_141' title='bbox 155 1778 222 1832; x_wconf 88' lang='lat' dir='ltr'><strong>nis</strong></span> <span class='ocrx_word' id='word_1_142' title='bbox 247 1777 370 1843; x_wconf 77' lang='lat' dir='ltr'><strong>inec,</strong></span> <span class='ocrx_word' id='word_1_143' title='bbox 401 1777 610 1849; x_wconf 91' lang='lat' dir='ltr'><strong>etquid</strong></span> <span class='ocrx_word' id='word_1_144' title='bbox 642 1777 782 1834; x_wconf 92' lang='lat' dir='ltr'><strong>inter</strong></span> <span class='ocrx_word' id='word_1_145' title='bbox 819 1793 879 1833; x_wconf 90' lang='lat' dir='ltr'><strong>se</strong></span> <span class='ocrx_word' id='word_1_146' title='bbox 921 1777 1168 1833; x_wconf 83' lang='lat' dir='ltr'><strong>differant</strong></span> <span class='ocrx_word' id='word_1_147' title='bbox 1205 1778 1379 1832; x_wconf 86' lang='lat' dir='ltr'><strong>nosti?</strong></span> <span class='ocrx_word' id='word_1_148' title='bbox 1413 1777 1480 1832; x_wconf 84' lang='lat' dir='ltr'><strong>E.</strong></span> <span class='ocrx_word' id='word_1_149' title='bbox 1523 1777 1716 1847; x_wconf 86' lang='lat' dir='ltr'><strong>Quidni</strong></span> 
     </span>
    </p>
   </div>
   <div class='ocr_carea' id='block_1_21' title="bbox 155 1867 1714 1940">
    <p class='ocr_par' dir='ltr' id='par_1_21' title="bbox 155 1867 1714 1940">
     <span class='ocr_line' id='line_1_21' title="bbox 155 1867 1714 1940; baseline 0.003 -18"><span class='ocrx_word' id='word_1_150' title='bbox 155 1868 257 1938; x_wconf 89' lang='lat' dir='ltr'><strong>quid</strong></span> <span class='ocrx_word' id='word_1_151' title='bbox 282 1867 532 1923; x_wconf 85' lang='lat' dir='ltr'><strong>diﬁ‘erant</strong></span> <span class='ocrx_word' id='word_1_152' title='bbox 575 1868 824 1924; x_wconf 84' lang='lat' dir='ltr'><strong>nossem?</strong></span> <span class='ocrx_word' id='word_1_153' title='bbox 866 1869 948 1923; x_wconf 80' lang='lat' dir='ltr'><strong>An</strong></span> <span class='ocrx_word' id='word_1_154' title='bbox 989 1869 1143 1924; x_wconf 87' lang='lat' dir='ltr'><strong>aliter</strong></span> <span class='ocrx_word' id='word_1_155' title='bbox 1183 1869 1330 1940; x_wconf 84' lang='lat' dir='ltr'><strong>potui</strong></span> <span class='ocrx_word' id='word_1_156' title='bbox 1363 1869 1540 1924; x_wconf 87' lang='lat' dir='ltr'><strong>videre</strong></span> <span class='ocrx_word' id='word_1_157' title='bbox 1581 1869 1714 1926; x_wconf 79' lang='lat' dir='ltr'><strong>nihil</strong></span> 
     </span>
    </p>
   </div>
   <div class='ocr_carea' id='block_1_22' title="bbox 153 1959 1714 2032">
    <p class='ocr_par' dir='ltr' id='par_1_22' title="bbox 153 1959 1714 2032">
     <span class='ocr_line' id='line_1_22' title="bbox 153 1959 1714 2032; baseline 0.003 -18"><span class='ocrx_word' id='word_1_158' title='bbox 153 1961 312 2015; x_wconf 87' lang='lat' dir='ltr'><strong>horum</strong></span> <span class='ocrx_word' id='word_1_159' title='bbox 339 1959 533 2017; x_wconf 87' lang='lat' dir='ltr'><strong>deesse</strong></span> <span class='ocrx_word' id='word_1_160' title='bbox 560 1960 684 2016; x_wconf 88' lang='lat' dir='ltr'><strong>bule</strong></span> <span class='ocrx_word' id='word_1_161' title='bbox 711 1959 835 2016; x_wconf 89' lang='lat' dir='ltr'><strong>ﬁlo?</strong></span> <span class='ocrx_word' id='word_1_162' title='bbox 872 1961 938 2016; x_wconf 87' lang='lat' dir='ltr'><strong>A.</strong></span> <span class='ocrx_word' id='word_1_163' title='bbox 969 1961 1086 2030; x_wconf 90' lang='lat' dir='ltr'><strong>Quo</strong></span> <span class='ocrx_word' id='word_1_164' title='bbox 1123 1961 1281 2032; x_wconf 79' lang='lat' dir='ltr'><strong>igitur</strong></span> <span class='ocrx_word' id='word_1_165' title='bbox 1305 1961 1572 2017; x_wconf 90' lang='lat' dir='ltr'><strong>intellectu</strong></span> <span class='ocrx_word' id='word_1_166' title='bbox 1598 1961 1714 2018; x_wconf 66' lang='lat' dir='ltr'><strong>lucc</strong></span> 
     </span>
    </p>
   </div>
   <div class='ocr_carea' id='block_1_23' title="bbox 153 2051 1714 2124">
    <p class='ocr_par' dir='ltr' id='par_1_23' title="bbox 153 2051 1714 2124">
     <span class='ocr_line' id='line_1_23' title="bbox 153 2051 1714 2124; baseline 0.003 -16"><span class='ocrx_word' id='word_1_167' title='bbox 153 2051 441 2118; x_wconf 82' lang='lat' dir='ltr'><strong>discrevisti,</strong></span> <span class='ocrx_word' id='word_1_168' title='bbox 473 2053 576 2107; x_wconf 90' lang='lat' dir='ltr'><strong>hoc</strong></span> <span class='ocrx_word' id='word_1_169' title='bbox 603 2061 756 2123; x_wconf 88' lang='lat' dir='ltr'><strong>potes</strong></span> <span class='ocrx_word' id='word_1_170' title='bbox 775 2054 954 2117; x_wconf 90' lang='lat' dir='ltr'><strong>etiam,</strong></span> <span class='ocrx_word' id='word_1_171' title='bbox 978 2053 1231 2124; x_wconf 73' lang='lat' dir='ltr'><strong>seiunctis</strong></span> <span class='ocrx_word' id='word_1_172' title='bbox 1258 2055 1381 2122; x_wconf 89' lang='lat' dir='ltr'><strong>illis,</strong></span> <span class='ocrx_word' id='word_1_173' title='bbox 1411 2057 1579 2110; x_wconf 88' lang='lat' dir='ltr'><strong>solam</strong></span> <span class='ocrx_word' id='word_1_174' title='bbox 1597 2055 1714 2112; x_wconf 90' lang='lat' dir='ltr'><strong>lon-</strong></span> 
     </span>
    </p>
   </div>
   <div class='ocr_carea' id='block_1_24' title="bbox 153 2143 1712 2217">
    <p class='ocr_par' dir='ltr' id='par_1_24' title="bbox 153 2143 1712 2217">
     <span class='ocr_line' id='line_1_24' title="bbox 153 2143 1712 2217; baseline 0.004 -19"><span class='ocrx_word' id='word_1_175' title='bbox 153 2143 408 2215; x_wconf 83' lang='lat' dir='ltr'><strong>gitadinem</strong></span> <span class='ocrx_word' id='word_1_176' title='bbox 433 2145 695 2216; x_wconf 85' lang='lat' dir='ltr'><strong>cogitare,</strong></span> <span class='ocrx_word' id='word_1_177' title='bbox 721 2145 764 2199; x_wconf 88' lang='lat' dir='ltr'><strong>si</strong></span> <span class='ocrx_word' id='word_1_178' title='bbox 795 2160 894 2201; x_wconf 92' lang='lat' dir='ltr'><strong>nec</strong></span> <span class='ocrx_word' id='word_1_179' title='bbox 920 2145 1134 2217; x_wconf 89' lang='lat' dir='ltr'><strong>aliquod</strong></span> <span class='ocrx_word' id='word_1_180' title='bbox 1159 2161 1352 2216; x_wconf 91' lang='lat' dir='ltr'><strong>corpus</strong></span> <span class='ocrx_word' id='word_1_181' title='bbox 1381 2146 1562 2202; x_wconf 83' lang='lat' dir='ltr'><strong>volvas</strong></span> <span class='ocrx_word' id='word_1_182' title='bbox 1597 2148 1712 2204; x_wconf 84' lang='lat' dir='ltr'><strong>ani-</strong></span> 
     </span>
    </p>
   </div>
   <div class='ocr_carea' id='block_1_25' title="bbox 155 2235 1705 2306">
    <p class='ocr_par' dir='ltr' id='par_1_25' title="bbox 155 2235 1705 2306">
     <span class='ocr_line' id='line_1_25' title="bbox 155 2235 1705 2306; baseline 0.004 -16"><span class='ocrx_word' id='word_1_183' title='bbox 155 2251 224 2291; x_wconf 83' lang='lat' dir='ltr'><strong>tuo</strong></span> <span class='ocrx_word' id='word_1_184' title='bbox 239 2253 252 2290; x_wconf 92' lang='lat'><strong>:</strong></span> <span class='ocrx_word' id='word_1_185' title='bbox 270 2251 383 2290; x_wconf 90' lang='lat' dir='ltr'><strong>nam</strong></span> <span class='ocrx_word' id='word_1_186' title='bbox 410 2235 786 2306; x_wconf 87' lang='lat' dir='ltr'><strong>quodcumque</strong></span> <span class='ocrx_word' id='word_1_187' title='bbox 805 2235 982 2302; x_wconf 89' lang='lat' dir='ltr'><strong>fuerit,</strong></span> <span class='ocrx_word' id='word_1_188' title='bbox 1005 2237 1087 2291; x_wconf 87' lang='lat' dir='ltr'><strong>bis</strong></span> <span class='ocrx_word' id='word_1_189' title='bbox 1103 2237 1350 2294; x_wconf 89' lang='lat' dir='ltr'><strong>omnibus</strong></span> <span class='ocrx_word' id='word_1_190' title='bbox 1365 2255 1469 2294; x_wconf 89' lang='lat' dir='ltr'><strong>non</strong></span> <span class='ocrx_word' id='word_1_191' title='bbox 1485 2241 1705 2296; x_wconf 90' lang='lat' dir='ltr'><strong>carebit.</strong></span> 
     </span>
    </p>
   </div>
   <div class='ocr_carea' id='block_1_26' title="bbox 155 2329 1705 2406">
    <p class='ocr_par' dir='ltr' id='par_1_26' title="bbox 155 2329 1705 2406">
     <span class='ocr_line' id='line_1_26' title="bbox 155 2329 1705 2406; baseline 0.004 -22"><span class='ocrx_word' id='word_1_192' title='bbox 155 2329 502 2400; x_wconf 84' lang='lat' dir='ltr'><strong>lnoorporeum</strong></span> <span class='ocrx_word' id='word_1_193' title='bbox 525 2338 610 2385; x_wconf 90' lang='lat' dir='ltr'><strong>est</strong></span> <span class='ocrx_word' id='word_1_194' title='bbox 626 2329 768 2384; x_wconf 89' lang='lat' dir='ltr'><strong>enim</strong></span> <span class='ocrx_word' id='word_1_195' title='bbox 794 2329 936 2400; x_wconf 90' lang='lat' dir='ltr'><strong>quod</strong></span> <span class='ocrx_word' id='word_1_196' title='bbox 965 2339 1016 2386; x_wconf 89' lang='lat' dir='ltr'><strong>te</strong></span> <span class='ocrx_word' id='word_1_197' title='bbox 1041 2347 1182 2387; x_wconf 89' lang='lat' dir='ltr'><strong>nunc</strong></span> <span class='ocrx_word' id='word_1_198' title='bbox 1200 2332 1492 2403; x_wconf 76' lang='lat' dir='ltr'><strong>intelligere</strong></span> <span class='ocrx_word' id='word_1_199' title='bbox 1514 2335 1705 2406; x_wconf 91' lang='lat' dir='ltr'><strong>cupio:</strong></span> 
     </span>
    </p>
   </div>
   <div class='ocr_carea' id='block_1_27' title="bbox 154 2423 1706 2497">
    <p class='ocr_par' dir='ltr' id='par_1_27' title="bbox 154 2423 1706 2497">
     <span class='ocr_line' id='line_1_27' title="bbox 154 2423 1706 2497; baseline 0.003 -19"><span class='ocrx_word' id='word_1_200' title='bbox 154 2437 253 2478; x_wconf 82' lang='lat' dir='ltr'><strong>nam</strong></span> <span class='ocrx_word' id='word_1_201' title='bbox 273 2423 376 2478; x_wconf 87' lang='lat' dir='ltr'><strong>sola</strong></span> <span class='ocrx_word' id='word_1_202' title='bbox 404 2423 685 2494; x_wconf 79' lang='lat' dir='ltr'><strong>longitudo</strong></span> <span class='ocrx_word' id='word_1_203' title='bbox 708 2438 814 2478; x_wconf 91' lang='lat' dir='ltr'><strong>non</strong></span> <span class='ocrx_word' id='word_1_204' title='bbox 845 2424 945 2479; x_wconf 90' lang='lat' dir='ltr'><strong>nisi</strong></span> <span class='ocrx_word' id='word_1_205' title='bbox 971 2424 1190 2495; x_wconf 79' lang='lat' dir='ltr'><strong>intelligi</strong></span> <span class='ocrx_word' id='word_1_206' title='bbox 1219 2427 1397 2482; x_wconf 88' lang='lat' dir='ltr'><strong>animo</strong></span> <span class='ocrx_word' id='word_1_207' title='bbox 1426 2435 1617 2497; x_wconf 85' lang='lat' dir='ltr'><strong>potest,</strong></span> <span class='ocrx_word' id='word_1_208' title='bbox 1654 2429 1706 2484; x_wconf 91' lang='lat' dir='ltr'><strong>in</strong></span> 
     </span>
    </p>
   </div>
   <div class='ocr_carea' id='block_1_28' title="bbox 153 2515 1708 2592">
    <p class='ocr_par' dir='ltr' id='par_1_28' title="bbox 153 2515 1708 2592">
     <span class='ocr_line' id='line_1_28' title="bbox 153 2515 1708 2592; baseline 0.004 -22"><span class='ocrx_word' id='word_1_209' title='bbox 153 2530 344 2586; x_wconf 79' lang='lat' dir='ltr'><strong>corpore</strong></span> <span class='ocrx_word' id='word_1_210' title='bbox 362 2516 589 2571; x_wconf 73' lang='lat' dir='ltr'><strong>inveniri</strong></span> <span class='ocrx_word' id='word_1_211' title='bbox 613 2530 718 2570; x_wconf 91' lang='lat' dir='ltr'><strong>non</strong></span> <span class='ocrx_word' id='word_1_212' title='bbox 745 2524 936 2586; x_wconf 86' lang='lat' dir='ltr'><strong>potest.</strong></span> <span class='ocrx_word' id='word_1_213' title='bbox 965 2515 1027 2570; x_wconf 84' lang='lat' dir='ltr'><strong>E.</strong></span> <span class='ocrx_word' id='word_1_214' title='bbox 1056 2515 1175 2572; x_wconf 82' lang='lat' dir='ltr'><strong>Jam</strong></span> <span class='ocrx_word' id='word_1_215' title='bbox 1201 2517 1456 2590; x_wconf 76' lang='lat' dir='ltr'><strong>intelligo.</strong></span> <span class='ocrx_word' id='word_1_216' title='bbox 1483 2520 1548 2575; x_wconf 82' lang='grc' dir='ltr'><strong><em>Α.</em></strong></span> <span class='ocrx_word' id='word_1_217' title='bbox 1570 2521 1708 2592; x_wconf 87' lang='lat' dir='ltr'><strong>Ergo</strong></span> 
     </span>
    </p>
   </div>
   <div class='ocr_carea' id='block_1_29' title="bbox 155 2604 1709 2682">
    <p class='ocr_par' dir='ltr' id='par_1_29' title="bbox 155 2604 1709 2682">
     <span class='ocr_line' id='line_1_29' title="bbox 155 2604 1709 2682; baseline 0.004 -22"><span class='ocrx_word' id='word_1_218' title='bbox 155 2605 281 2660; x_wconf 86' lang='lat' dir='ltr'><strong>istam</strong></span> <span class='ocrx_word' id='word_1_219' title='bbox 320 2604 706 2671; x_wconf 73' lang='lat' dir='ltr'><strong>longitudinem</strong></span> <span class='ocrx_word' id='word_1_220' title='bbox 734 2607 779 2662; x_wconf 89' lang='lat' dir='ltr'><strong>si</strong></span> <span class='ocrx_word' id='word_1_221' title='bbox 820 2606 972 2674; x_wconf 85' lang='lat' dir='ltr'><strong>quasi</strong></span> <span class='ocrx_word' id='word_1_222' title='bbox 1015 2621 1198 2662; x_wconf 82' lang='lat' dir='ltr'><strong>secare</strong></span> <span class='ocrx_word' id='word_1_223' title='bbox 1243 2609 1561 2678; x_wconf 89' lang='lat' dir='ltr'><strong>cogitatione</strong></span> <span class='ocrx_word' id='word_1_224' title='bbox 1612 2626 1709 2682; x_wconf 88' lang='lat' dir='ltr'><strong>per</strong></span> 
     </span>
    </p>
   </div>
   <div class='ocr_carea' id='block_1_30' title="bbox 155 2694 1701 2770">
    <p class='ocr_par' dir='ltr' id='par_1_30' title="bbox 155 2694 1701 2770">
     <span class='ocr_line' id='line_1_30' title="bbox 155 2694 1701 2770; baseline 0.005 -21"><span class='ocrx_word' id='word_1_225' title='bbox 155 2694 333 2766; x_wconf 83' lang='lat' dir='ltr'><strong>longum</strong></span> <span class='ocrx_word' id='word_1_226' title='bbox 351 2696 509 2758; x_wconf 88' lang='lat' dir='ltr'><strong>velis,</strong></span> <span class='ocrx_word' id='word_1_227' title='bbox 535 2696 683 2752; x_wconf 84' lang='lat' dir='ltr'><strong>vides</strong></span> <span class='ocrx_word' id='word_1_228' title='bbox 704 2699 942 2767; x_wconf 86' lang='lat' dir='ltr'><strong>profecto</strong></span> <span class='ocrx_word' id='word_1_229' title='bbox 963 2713 1066 2752; x_wconf 93' lang='lat' dir='ltr'><strong>non</strong></span> <span class='ocrx_word' id='word_1_230' title='bbox 1083 2713 1240 2770; x_wconf 89' lang='lat' dir='ltr'><strong>posse</strong></span> <span class='ocrx_word' id='word_1_231' title='bbox 1260 2717 1273 2753; x_wconf 88' lang='lat'>:</span> <span class='ocrx_word' id='word_1_232' title='bbox 1293 2715 1414 2755; x_wconf 89' lang='lat' dir='ltr'><strong>nam</strong></span> <span class='ocrx_word' id='word_1_233' title='bbox 1439 2702 1484 2756; x_wconf 92' lang='lat' dir='ltr'><strong>si</strong></span> <span class='ocrx_word' id='word_1_234' title='bbox 1510 2711 1701 2770; x_wconf 86' lang='lat' dir='ltr'><strong>potest,</strong></span> 
     </span>
    </p>
   </div>
   <div class='ocr_carea' id='block_1_31' title="bbox 153 2787 1705 2868">
    <p class='ocr_par' dir='ltr' id='par_1_31' title="bbox 153 2787 1705 2868">
     <span class='ocr_line' id='line_1_31' title="bbox 153 2787 1705 2868; baseline 0.004 -22"><span class='ocrx_word' id='word_1_235' title='bbox 153 2787 266 2846; x_wconf 72' lang='grc' dir='ltr'><strong>ἱιιρδι</strong></span> <span class='ocrx_word' id='word_1_236' title='bbox 287 2789 441 2844; x_wconf 85' lang='lat' dir='ltr'><strong>etiam</strong></span> <span class='ocrx_word' id='word_1_237' title='bbox 473 2789 715 2846; x_wconf 86' lang='lat' dir='ltr'><strong>latitudo.</strong></span> <span class='ocrx_word' id='word_1_238' title='bbox 747 2790 813 2846; x_wconf 87' lang='lat' dir='ltr'><strong>E.</strong></span> <span class='ocrx_word' id='word_1_239' title='bbox 841 2790 1173 2848; x_wconf 79' lang='lat' dir='ltr'><strong>Manifestum</strong></span> <span class='ocrx_word' id='word_1_240' title='bbox 1212 2801 1311 2850; x_wconf 89' lang='lat' dir='ltr'><strong>est.</strong></span> <span class='ocrx_word' id='word_1_241' title='bbox 1341 2794 1404 2848; x_wconf 85' lang='grc' dir='ltr'><strong><em>Α.</em></strong></span> <span class='ocrx_word' id='word_1_242' title='bbox 1434 2795 1579 2852; x_wconf 79' lang='lat' dir='ltr'><strong>lianc</strong></span> <span class='ocrx_word' id='word_1_243' title='bbox 1603 2796 1705 2868; x_wconf 86' lang='lat' dir='ltr'><strong>igi-</strong></span> 
     </span>
    </p>
   </div>
   <div class='ocr_carea' id='block_1_32' title="bbox 156 2880 1700 2956">
    <p class='ocr_par' dir='ltr' id='par_1_32' title="bbox 156 2880 1700 2956">
     <span class='ocr_line' id='line_1_32' title="bbox 156 2880 1700 2956; baseline 0.007 -23"><span class='ocrx_word' id='word_1_244' title='bbox 156 2889 221 2934; x_wconf 78' lang='lat' dir='ltr'><strong>tur</strong></span> <span class='ocrx_word' id='word_1_245' title='bbox 243 2880 612 2952; x_wconf 78' lang='lat' dir='ltr'><strong>longitudinem</strong></span> <span class='ocrx_word' id='word_1_246' title='bbox 643 2897 846 2939; x_wconf 86' lang='lat' dir='ltr'><strong>meram</strong></span> <span class='ocrx_word' id='word_1_247' title='bbox 871 2892 926 2939; x_wconf 93' lang='lat' dir='ltr'><strong>et</strong></span> <span class='ocrx_word' id='word_1_248' title='bbox 967 2885 1284 2954; x_wconf 84' lang='lat' dir='ltr'><strong>simplicem,</strong></span> <span class='ocrx_word' id='word_1_249' title='bbox 1317 2885 1360 2940; x_wconf 91' lang='lat' dir='ltr'><strong>si</strong></span> <span class='ocrx_word' id='word_1_250' title='bbox 1393 2886 1484 2941; x_wconf 85' lang='lat' dir='ltr'><strong>tibi</strong></span> <span class='ocrx_word' id='word_1_251' title='bbox 1509 2886 1700 2956; x_wconf 78' lang='lat' dir='ltr'><strong>placet,</strong></span> 
     </span>
    </p>
   </div>
   <div class='ocr_carea' id='block_1_33' title="bbox 155 2971 1704 3034">
    <p class='ocr_par' dir='ltr' id='par_1_33' title="bbox 155 2971 1704 3034">
     <span class='ocr_line' id='line_1_33' title="bbox 155 2971 1704 3034; baseline 0.005 -7"><span class='ocrx_word' id='word_1_252' title='bbox 155 2971 312 3028; x_wconf 86' lang='lat' dir='ltr'><strong>lineam</strong></span> <span class='ocrx_word' id='word_1_253' title='bbox 337 2989 626 3029; x_wconf 85' lang='lat' dir='ltr'><strong>vocemus:</strong></span> <span class='ocrx_word' id='word_1_254' title='bbox 661 2974 760 3030; x_wconf 88' lang='lat' dir='ltr'><strong>hoc</strong></span> <span class='ocrx_word' id='word_1_255' title='bbox 792 2974 934 3030; x_wconf 91' lang='lat' dir='ltr'><strong>enim</strong></span> <span class='ocrx_word' id='word_1_256' title='bbox 980 2977 1196 3034; x_wconf 88' lang='lat' dir='ltr'><strong>nomine</strong></span> <span class='ocrx_word' id='word_1_257' title='bbox 1235 2992 1266 3031; x_wconf 89' lang='lat' dir='ltr'><strong>a</strong></span> <span class='ocrx_word' id='word_1_258' title='bbox 1309 2976 1481 3034; x_wconf 90' lang='lat' dir='ltr'><strong>doctis</strong></span> <span class='ocrx_word' id='word_1_259' title='bbox 1521 2979 1704 3034; x_wconf 90' lang='lat' dir='ltr'><strong>multis</strong></span> 
     </span>
    </p>
   </div>
   <div class='ocr_carea' id='block_1_34' title="bbox 154 3065 1702 3137">
    <p class='ocr_par' dir='ltr' id='par_1_34' title="bbox 154 3065 1702 3137">
     <span class='ocr_line' id='line_1_34' title="bbox 154 3065 1702 3137; baseline 0.007 -21"><span class='ocrx_word' id='word_1_260' title='bbox 154 3065 367 3132; x_wconf 79' lang='lat' dir='ltr'><strong>appellari</strong></span> <span class='ocrx_word' id='word_1_261' title='bbox 396 3065 550 3120; x_wconf 84' lang='lat' dir='ltr'><strong>solet.</strong></span> <span class='ocrx_word' id='word_1_262' title='bbox 577 3065 644 3122; x_wconf 87' lang='lat' dir='ltr'><strong>E.</strong></span> <span class='ocrx_word' id='word_1_263' title='bbox 679 3066 817 3122; x_wconf 72' lang='lat' dir='ltr'><strong>Voca</strong></span> <span class='ocrx_word' id='word_1_264' title='bbox 840 3066 1094 3137; x_wconf 85' lang='lat' dir='ltr'><strong>quidquid</strong></span> <span class='ocrx_word' id='word_1_265' title='bbox 1123 3071 1200 3124; x_wconf 91' lang='lat' dir='ltr'><strong>vis</strong></span> <span class='ocrx_word' id='word_1_266' title='bbox 1226 3086 1240 3122; x_wconf 89' lang='lat'><strong>:</strong></span> <span class='ocrx_word' id='word_1_267' title='bbox 1271 3086 1374 3124; x_wconf 92' lang='lat' dir='ltr'><strong>non</strong></span> <span class='ocrx_word' id='word_1_268' title='bbox 1400 3071 1541 3126; x_wconf 90' lang='lat' dir='ltr'><strong>enim</strong></span> <span class='ocrx_word' id='word_1_269' title='bbox 1572 3071 1702 3126; x_wconf 87' lang='lat' dir='ltr'><strong>mihi</strong></span> 
     </span>
    </p>
   </div>
   <div class='ocr_carea' id='block_1_35' title="bbox 151 3155 1591 3232">
    <p class='ocr_par' dir='ltr' id='par_1_35' title="bbox 151 3155 1591 3232">
     <span class='ocr_line' id='line_1_35' title="bbox 151 3155 1591 3232; baseline 0.003 -22"><span class='ocrx_word' id='word_1_270' title='bbox 151 3155 203 3210; x_wconf 88' lang='lat' dir='ltr'><strong>de</strong></span> <span class='ocrx_word' id='word_1_271' title='bbox 222 3158 510 3213; x_wconf 80' lang='lat' dir='ltr'><strong>nominibus</strong></span> <span class='ocrx_word' id='word_1_272' title='bbox 533 3157 883 3214; x_wconf 89' lang='lat' dir='ltr'><strong>laborandum</strong></span> <span class='ocrx_word' id='word_1_273' title='bbox 912 3169 1018 3225; x_wconf 88' lang='lat' dir='ltr'><strong>est,</strong></span> <span class='ocrx_word' id='word_1_274' title='bbox 1047 3173 1169 3215; x_wconf 90' lang='lat' dir='ltr'><strong>eum</strong></span> <span class='ocrx_word' id='word_1_275' title='bbox 1191 3175 1276 3216; x_wconf 89' lang='lat' dir='ltr'><strong>res</strong></span> <span class='ocrx_word' id='word_1_276' title='bbox 1295 3173 1474 3232; x_wconf 89' lang='lat' dir='ltr'><strong>aperta</strong></span> <span class='ocrx_word' id='word_1_277' title='bbox 1504 3164 1591 3217; x_wconf 92' lang='lat' dir='ltr'><strong>sit.</strong></span> 
     </span>
    </p>
   </div>
   <div class='ocr_carea' id='block_1_36' title="bbox 207 3248 1698 3322">
    <p class='ocr_par' dir='ltr' id='par_1_36' title="bbox 207 3248 1698 3322">
     <span class='ocr_line' id='line_1_36' title="bbox 207 3248 1698 3322; baseline 0.005 -18"><span class='ocrx_word' id='word_1_278' title='bbox 207 3249 280 3304; x_wconf 84' lang='lat' dir='ltr'><strong>ll.</strong></span> <span class='ocrx_word' id='word_1_279' title='bbox 311 3249 383 3304; x_wconf 73' lang='grc' dir='ltr'><strong><em>Α.</em></strong></span> <span class='ocrx_word' id='word_1_280' title='bbox 423 3248 566 3306; x_wconf 89' lang='lat' dir='ltr'><strong>Bene</strong></span> <span class='ocrx_word' id='word_1_281' title='bbox 595 3249 742 3314; x_wconf 90' lang='lat' dir='ltr'><strong>facis,</strong></span> <span class='ocrx_word' id='word_1_282' title='bbox 773 3259 828 3306; x_wconf 88' lang='lat' dir='ltr'><strong>et</strong></span> <span class='ocrx_word' id='word_1_283' title='bbox 867 3266 971 3305; x_wconf 90' lang='lat' dir='ltr'><strong>non</strong></span> <span class='ocrx_word' id='word_1_284' title='bbox 1017 3252 1187 3306; x_wconf 88' lang='lat' dir='ltr'><strong>solum</strong></span> <span class='ocrx_word' id='word_1_285' title='bbox 1218 3255 1476 3322; x_wconf 89' lang='lat' dir='ltr'><strong>approbo,</strong></span> <span class='ocrx_word' id='word_1_286' title='bbox 1517 3271 1698 3310; x_wconf 90' lang='lat' dir='ltr'><strong>verum</strong></span> 
     </span>
    </p>
   </div>
   <div class='ocr_carea' id='block_1_37' title="bbox 153 3338 1699 3417">
    <p class='ocr_par' dir='ltr' id='par_1_37' title="bbox 153 3338 1699 3417">
     <span class='ocr_line' id='line_1_37' title="bbox 153 3338 1699 3417; baseline 0.008 -27"><span class='ocrx_word' id='word_1_287' title='bbox 153 3338 280 3394; x_wconf 85' lang='lat' dir='ltr'><strong>etiam</strong></span> <span class='ocrx_word' id='word_1_288' title='bbox 308 3354 524 3405; x_wconf 79' lang='lat' dir='ltr'><strong>moneo,</strong></span> <span class='ocrx_word' id='word_1_289' title='bbox 569 3348 628 3395; x_wconf 92' lang='lat' dir='ltr'><strong>ut</strong></span> <span class='ocrx_word' id='word_1_290' title='bbox 661 3356 874 3411; x_wconf 85' lang='lat' dir='ltr'><strong>semper</strong></span> <span class='ocrx_word' id='word_1_291' title='bbox 902 3356 1077 3397; x_wconf 87' lang='lat' dir='ltr'><strong>rerum</strong></span> <span class='ocrx_word' id='word_1_292' title='bbox 1125 3357 1304 3398; x_wconf 90' lang='lat' dir='ltr'><strong>curam</strong></span> <span class='ocrx_word' id='word_1_293' title='bbox 1348 3346 1514 3417; x_wconf 89' lang='lat' dir='ltr'><strong>magis</strong></span> <span class='ocrx_word' id='word_1_294' title='bbox 1539 3362 1699 3417; x_wconf 91' lang='lat' dir='ltr'><strong>quam</strong></span> 
     </span>
    </p>
   </div>
   <div class='ocr_carea' id='block_1_38' title="bbox 162 3431 1696 3509">
    <p class='ocr_par' dir='ltr' id='par_1_38' title="bbox 162 3431 1696 3509">
     <span class='ocr_line' id='line_1_38' title="bbox 162 3431 1696 3509; baseline 0.008 -26"><span class='ocrx_word' id='word_1_295' title='bbox 162 3432 397 3487; x_wconf 69' lang='lat' dir='ltr'><strong>verbenam</strong></span> <span class='ocrx_word' id='word_1_296' title='bbox 416 3441 467 3489; x_wconf 90' lang='lat' dir='ltr'><strong>te</strong></span> <span class='ocrx_word' id='word_1_297' title='bbox 481 3431 685 3491; x_wconf 83' lang='lat' dir='ltr'><strong>habere</strong></span> <span class='ocrx_word' id='word_1_298' title='bbox 706 3433 950 3490; x_wconf 85' lang='lat' dir='ltr'><strong>delectet.</strong></span> <span class='ocrx_word' id='word_1_299' title='bbox 979 3435 1081 3492; x_wconf 87' lang='lat' dir='ltr'><strong>Sed</strong></span> <span class='ocrx_word' id='word_1_300' title='bbox 1102 3436 1239 3492; x_wconf 88' lang='lat' dir='ltr'><strong>linea</strong></span> <span class='ocrx_word' id='word_1_301' title='bbox 1269 3437 1366 3492; x_wconf 92' lang='lat' dir='ltr'><strong>ista</strong></span> <span class='ocrx_word' id='word_1_302' title='bbox 1387 3454 1544 3508; x_wconf 90' lang='lat' dir='ltr'><strong>quam</strong></span> <span class='ocrx_word' id='word_1_303' title='bbox 1565 3440 1696 3509; x_wconf 91' lang='lat' dir='ltr'><strong>jam,</strong></span> 
     </span>
    </p>
   </div>
   <div class='ocr_carea' id='block_1_39' title="bbox 171 3525 1696 3600">
    <p class='ocr_par' dir='ltr' id='par_1_39' title="bbox 171 3525 1696 3600">
     <span class='ocr_line' id='line_1_39' title="bbox 171 3525 1696 3600; baseline 0.008 -26"><span class='ocrx_word' id='word_1_304' title='bbox 171 3530 215 3575; x_wconf 87' lang='lat' dir='ltr'><strong>ut</strong></span> <span class='ocrx_word' id='word_1_305' title='bbox 233 3525 410 3594; x_wconf 86' lang='lat' dir='ltr'><strong>opinor,</strong></span> <span class='ocrx_word' id='word_1_306' title='bbox 441 3525 581 3582; x_wconf 86' lang='lat' dir='ltr'><strong>bene</strong></span> <span class='ocrx_word' id='word_1_307' title='bbox 625 3525 894 3596; x_wconf 87' lang='lat' dir='ltr'><strong>intelligis,</strong></span> <span class='ocrx_word' id='word_1_308' title='bbox 933 3527 974 3582; x_wconf 94' lang='lat' dir='ltr'><strong>si</strong></span> <span class='ocrx_word' id='word_1_309' title='bbox 1020 3529 1316 3599; x_wconf 85' lang='lat' dir='ltr'><strong>porrigatur</strong></span> <span class='ocrx_word' id='word_1_310' title='bbox 1343 3530 1455 3586; x_wconf 80' lang='lat' dir='ltr'><strong>sive</strong></span> <span class='ocrx_word' id='word_1_311' title='bbox 1481 3547 1548 3587; x_wconf 80' lang='lat' dir='ltr'><strong>ex</strong></span> <span class='ocrx_word' id='word_1_312' title='bbox 1575 3549 1696 3600; x_wconf 89' lang='lat' dir='ltr'><strong>una,</strong></span> 
     </span>
    </p>
   </div>
   <div class='ocr_carea' id='block_1_40' title="bbox 168 3615 1695 3695">
    <p class='ocr_par' dir='ltr' id='par_1_40' title="bbox 168 3615 1695 3695">
     <span class='ocr_line' id='line_1_40' title="bbox 168 3615 1695 3695; baseline 0.008 -27"><span class='ocrx_word' id='word_1_313' title='bbox 168 3615 255 3670; x_wconf 81' lang='lat' dir='ltr'><strong>sive</strong></span> <span class='ocrx_word' id='word_1_314' title='bbox 272 3633 327 3674; x_wconf 81' lang='lat' dir='ltr'><strong>ex</strong></span> <span class='ocrx_word' id='word_1_315' title='bbox 355 3629 574 3693; x_wconf 88' lang='lat' dir='ltr'><strong>utraque</strong></span> <span class='ocrx_word' id='word_1_316' title='bbox 601 3629 771 3690; x_wconf 84' lang='lat' dir='ltr'><strong>parte,</strong></span> <span class='ocrx_word' id='word_1_317' title='bbox 793 3635 951 3691; x_wconf 87' lang='lat' dir='ltr'><strong>quam</strong></span> <span class='ocrx_word' id='word_1_318' title='bbox 969 3621 1022 3676; x_wconf 92' lang='lat' dir='ltr'><strong>in</strong></span> <span class='ocrx_word' id='word_1_319' title='bbox 1047 3622 1260 3691; x_wconf 87' lang='lat' dir='ltr'><strong>longum</strong></span> <span class='ocrx_word' id='word_1_320' title='bbox 1289 3624 1482 3695; x_wconf 87' lang='lat' dir='ltr'><strong>porrigi</strong></span> <span class='ocrx_word' id='word_1_321' title='bbox 1505 3635 1695 3695; x_wconf 88' lang='lat' dir='ltr'><strong>potest,</strong></span> 
     </span>
    </p>
   </div>
   <div class='ocr_carea' id='block_1_41' title="bbox 160 3707 1697 3784">
    <p class='ocr_par' dir='ltr' id='par_1_41' title="bbox 160 3707 1697 3784">
     <span class='ocr_line' id='line_1_41' title="bbox 160 3707 1697 3784; baseline 0.005 -21"><span class='ocrx_word' id='word_1_322' title='bbox 160 3707 300 3764; x_wconf 82' lang='lat' dir='ltr'><strong>cernis</strong></span> <span class='ocrx_word' id='word_1_323' title='bbox 325 3711 522 3767; x_wconf 86' lang='lat' dir='ltr'><strong>nullum</strong></span> <span class='ocrx_word' id='word_1_324' title='bbox 551 3724 672 3767; x_wconf 79' lang='lat' dir='ltr'><strong>esse</strong></span> <span class='ocrx_word' id='word_1_325' title='bbox 698 3710 877 3766; x_wconf 89' lang='lat' dir='ltr'><strong>ﬁnem.</strong></span> <span class='ocrx_word' id='word_1_326' title='bbox 904 3711 987 3766; x_wconf 83' lang='lat' dir='ltr'><strong>An</strong></span> <span class='ocrx_word' id='word_1_327' title='bbox 1016 3711 1084 3766; x_wconf 89' lang='lat' dir='ltr'><strong>ad</strong></span> <span class='ocrx_word' id='word_1_328' title='bbox 1106 3713 1206 3768; x_wconf 87' lang='lat' dir='ltr'><strong>hoc</strong></span> <span class='ocrx_word' id='word_1_329' title='bbox 1235 3716 1697 3784; x_wconf 89' lang='lat' dir='ltr'><strong>contemplandum</strong></span> 
     </span>
    </p>
   </div>
   <div class='ocr_carea' id='block_1_42' title="bbox 161 3800 1695 3877">
    <p class='ocr_par' dir='ltr' id='par_1_42' title="bbox 161 3800 1695 3877">
     <span class='ocr_line' id='line_1_42' title="bbox 161 3800 1695 3877; baseline 0.008 -25"><span class='ocrx_word' id='word_1_330' title='bbox 161 3800 302 3859; x_wconf 81' lang='lat' dir='ltr'><strong>minus</strong></span> <span class='ocrx_word' id='word_1_331' title='bbox 313 3804 448 3860; x_wconf 81' lang='lat' dir='ltr'><strong>valet</strong></span> <span class='ocrx_word' id='word_1_332' title='bbox 469 3805 616 3861; x_wconf 82' lang='lat' dir='ltr'><strong>acies</strong></span> <span class='ocrx_word' id='word_1_333' title='bbox 642 3804 838 3860; x_wconf 83' lang='lat' dir='ltr'><strong>mentis</strong></span> <span class='ocrx_word' id='word_1_334' title='bbox 854 3803 991 3859; x_wconf 80' lang='lat' dir='ltr'><strong>tuae?</strong></span> <span class='ocrx_word' id='word_1_335' title='bbox 1008 3803 1073 3858; x_wconf 88' lang='grc' dir='ltr'><strong>Ε.</strong></span> <span class='ocrx_word' id='word_1_336' title='bbox 1095 3806 1435 3877; x_wconf 84' lang='lat' dir='ltr'><strong>Contemplor</strong></span> <span class='ocrx_word' id='word_1_337' title='bbox 1460 3809 1695 3877; x_wconf 88' lang='lat' dir='ltr'><strong>omnino,</strong></span> 
     </span>
    </p>
   </div>
   <div class='ocr_carea' id='block_1_43' title="bbox 159 3896 1697 3972">
    <p class='ocr_par' dir='ltr' id='par_1_43' title="bbox 159 3896 1697 3972">
     <span class='ocr_line' id='line_1_43' title="bbox 159 3896 1697 3972; baseline 0.007 -25"><span class='ocrx_word' id='word_1_338' title='bbox 159 3906 207 3947; x_wconf 77' lang='lat' dir='ltr'><strong>ac</strong></span> <span class='ocrx_word' id='word_1_339' title='bbox 225 3896 340 3950; x_wconf 86' lang='lat' dir='ltr'><strong>nihil</strong></span> <span class='ocrx_word' id='word_1_340' title='bbox 369 3897 587 3954; x_wconf 77' lang='lat' dir='ltr'><strong>facilius.</strong></span> <span class='ocrx_word' id='word_1_341' title='bbox 615 3897 682 3951; x_wconf 74' lang='grc' dir='ltr'><strong><em>Α.</em></strong></span> <span class='ocrx_word' id='word_1_342' title='bbox 717 3896 874 3952; x_wconf 83' lang='lat' dir='ltr'><strong>Vides</strong></span> <span class='ocrx_word' id='word_1_343' title='bbox 900 3913 1028 3968; x_wconf 89' lang='lat' dir='ltr'><strong>ergo</strong></span> <span class='ocrx_word' id='word_1_344' title='bbox 1055 3899 1214 3954; x_wconf 89' lang='lat' dir='ltr'><strong>etiam</strong></span> <span class='ocrx_word' id='word_1_345' title='bbox 1242 3901 1439 3955; x_wconf 90' lang='lat' dir='ltr'><strong>nullam</strong></span> <span class='ocrx_word' id='word_1_346' title='bbox 1479 3901 1697 3972; x_wconf 81' lang='lat' dir='ltr'><strong>ﬁgurata</strong></span> 
     </span>
    </p>
   </div>
   <div class='ocr_carea' id='block_1_44' title="bbox 159 3986 1696 4064">
    <p class='ocr_par' dir='ltr' id='par_1_44' title="bbox 159 3986 1696 4064">
     <span class='ocr_line' id='line_1_44' title="bbox 159 3986 1696 4064; baseline 0.006 -23"><span class='ocrx_word' id='word_1_347' title='bbox 159 3997 285 4052; x_wconf 66' lang='lat' dir='ltr'><strong>mese</strong></span> <span class='ocrx_word' id='word_1_348' title='bbox 305 3986 435 4055; x_wconf 89' lang='lat' dir='ltr'><strong>ﬁeri,</strong></span> <span class='ocrx_word' id='word_1_349' title='bbox 465 3990 510 4044; x_wconf 90' lang='lat' dir='ltr'><strong>si</strong></span> <span class='ocrx_word' id='word_1_350' title='bbox 539 3988 672 4044; x_wconf 87' lang='lat' dir='ltr'><strong>nihil</strong></span> <span class='ocrx_word' id='word_1_351' title='bbox 697 3996 882 4059; x_wconf 85' lang='lat' dir='ltr'><strong>agatur</strong></span> <span class='ocrx_word' id='word_1_352' title='bbox 904 3989 1045 4043; x_wconf 86' lang='lat' dir='ltr'><strong>aliud</strong></span> <span class='ocrx_word' id='word_1_353' title='bbox 1059 4004 1217 4061; x_wconf 88' lang='lat' dir='ltr'><strong>quam</strong></span> <span class='ocrx_word' id='word_1_354' title='bbox 1236 4001 1290 4045; x_wconf 91' lang='lat' dir='ltr'><strong>ut</strong></span> <span class='ocrx_word' id='word_1_355' title='bbox 1309 3992 1393 4046; x_wconf 90' lang='lat' dir='ltr'><strong>illa</strong></span> <span class='ocrx_word' id='word_1_356' title='bbox 1412 3992 1551 4049; x_wconf 92' lang='lat' dir='ltr'><strong>linea</strong></span> <span class='ocrx_word' id='word_1_357' title='bbox 1571 4009 1696 4064; x_wconf 92' lang='lat' dir='ltr'><strong>por-</strong></span> 
     </span>
    </p>
   </div>
   <div class='ocr_carea' id='block_1_45' title="bbox 159 4076 1622 4153">
    <p class='ocr_par' dir='ltr' id='par_1_45' title="bbox 159 4076 1622 4153">
     <span class='ocr_line' id='line_1_45' title="bbox 159 4076 1622 4153; baseline 0.008 -27"><span class='ocrx_word' id='word_1_358' title='bbox 159 4076 346 4146; x_wconf 75' lang='lat' dir='ltr'><strong>rigatur.</strong></span> <span class='ocrx_word' id='word_1_359' title='bbox 371 4078 432 4132; x_wconf 87' lang='lat' dir='ltr'><strong>E.</strong></span> <span class='ocrx_word' id='word_1_360' title='bbox 466 4080 637 4146; x_wconf 87' lang='lat' dir='ltr'><strong>Quam</strong></span> <span class='ocrx_word' id='word_1_361' title='bbox 667 4079 818 4134; x_wconf 83' lang='lat' dir='ltr'><strong>dicas</strong></span> <span class='ocrx_word' id='word_1_362' title='bbox 847 4081 1066 4150; x_wconf 86' lang='lat' dir='ltr'><strong>ﬁguram</strong></span> <span class='ocrx_word' id='word_1_363' title='bbox 1096 4081 1328 4136; x_wconf 89' lang='lat' dir='ltr'><strong>u0ndum</strong></span> <span class='ocrx_word' id='word_1_364' title='bbox 1369 4085 1622 4153; x_wconf 84' lang='lat' dir='ltr'><strong>intelligo.</strong></span> 
     </span>
    </p>
   </div>
   <div class='ocr_carea' id='block_1_46' title="bbox 157 4165 1699 4246">
    <p class='ocr_par' dir='ltr' id='par_1_46' title="bbox 157 4165 1699 4246">
     <span class='ocr_line' id='line_1_46' title="bbox 157 4165 1699 4246; baseline 0.008 -25"><span class='ocrx_word' id='word_1_365' title='bbox 157 4165 349 4226; x_wconf 74' lang='lat' dir='ltr'><strong>CAPUT</strong></span> <span class='ocrx_word' id='word_1_366' title='bbox 385 4171 1005 4246; x_wconf 75' lang='lat' dir='ltr'><strong>Vll.—Compendiosior</strong></span> <span class='ocrx_word' id='word_1_367' title='bbox 1036 4182 1085 4228; x_wconf 88' lang='lat' dir='ltr'><strong>et</strong></span> <span class='ocrx_word' id='word_1_368' title='bbox 1112 4175 1423 4231; x_wconf 82' lang='lat' dir='ltr'><strong>multitudini</strong></span> <span class='ocrx_word' id='word_1_369' title='bbox 1448 4181 1600 4234; x_wconf 84' lang='lat' dir='ltr'><strong>tutior</strong></span> <span class='ocrx_word' id='word_1_370' title='bbox 1629 4181 1699 4235; x_wconf 86' lang='lat' dir='ltr'><strong>ad</strong></span> 
     </span>
    </p>
   </div>
   <div class='ocr_carea' id='block_1_47' title="bbox 209 4263 1698 4344">
    <p class='ocr_par' dir='ltr' id='par_1_47' title="bbox 209 4263 1698 4344">
     <span class='ocr_line' id='line_1_47' title="bbox 209 4263 1698 4344; baseline 0.008 -28"><span class='ocrx_word' id='word_1_371' title='bbox 209 4263 407 4318; x_wconf 73' lang='lat' dir='ltr'><strong>veritatis</strong></span> <span class='ocrx_word' id='word_1_372' title='bbox 427 4266 798 4335; x_wconf 74' lang='lat' dir='ltr'><strong>perceptionem</strong></span> <span class='ocrx_word' id='word_1_373' title='bbox 818 4266 900 4320; x_wconf 78' lang='lat' dir='ltr'><strong>via</strong></span> <span class='ocrx_word' id='word_1_374' title='bbox 919 4282 1009 4338; x_wconf 82' lang='lat' dir='ltr'><strong>per</strong></span> <span class='ocrx_word' id='word_1_375' title='bbox 1027 4269 1375 4324; x_wconf 73' lang='lat' dir='ltr'><strong>auctoritatem</strong></span> <span class='ocrx_word' id='word_1_376' title='bbox 1388 4312 1402 4336; x_wconf 93' lang='lat'><strong>,</strong></span> <span class='ocrx_word' id='word_1_377' title='bbox 1429 4288 1579 4342; x_wconf 81' lang='lat' dir='ltr'><strong>quam</strong></span> <span class='ocrx_word' id='word_1_378' title='bbox 1608 4289 1698 4344; x_wconf 79' lang='lat' dir='ltr'><strong>per</strong></span> 
     </span>
    </p>
   </div>
   <div class='ocr_carea' id='block_1_48' title="bbox 129 4354 459 4409">
    <p class='ocr_par' dir='ltr' id='par_1_48' title="bbox 129 4354 459 4409">
     <span class='ocr_line' id='line_1_48' title="bbox 129 4354 459 4409; baseline 0.012 -4"><span class='ocrx_word' id='word_1_379' title='bbox 129 4385 134 4396; x_wconf 66' lang='grc' dir='ltr'><strong>ε</strong></span> <span class='ocrx_word' id='word_1_380' title='bbox 212 4354 459 4409; x_wconf 76' lang='lat' dir='ltr'><strong>rationem.</strong></span> 
     </span>
    </p>
   </div>
   <div class='ocr_carea' id='block_1_49' title="bbox 213 4442 1696 4524">
    <p class='ocr_par' dir='ltr' id='par_1_49' title="bbox 213 4442 1696 4524">
     <span class='ocr_line' id='line_1_49' title="bbox 213 4442 1696 4524; baseline 0.011 -28"><span class='ocrx_word' id='word_1_381' title='bbox 213 4442 268 4497; x_wconf 78' lang='grc' dir='ltr'><strong><em>Δ.</em></strong></span> <span class='ocrx_word' id='word_1_382' title='bbox 305 4443 540 4516; x_wconf 83' lang='lat' dir='ltr'><strong>Figuram</strong></span> <span class='ocrx_word' id='word_1_383' title='bbox 590 4446 801 4504; x_wconf 91' lang='lat' dir='ltr'><strong>interim</strong></span> <span class='ocrx_word' id='word_1_384' title='bbox 847 4463 1002 4515; x_wconf 86' lang='lat' dir='ltr'><strong>voco,</strong></span> <span class='ocrx_word' id='word_1_385' title='bbox 1056 4465 1178 4506; x_wconf 91' lang='lat' dir='ltr'><strong>cum</strong></span> <span class='ocrx_word' id='word_1_386' title='bbox 1217 4452 1430 4524; x_wconf 90' lang='lat' dir='ltr'><strong>aliquod</strong></span> <span class='ocrx_word' id='word_1_387' title='bbox 1468 4457 1696 4524; x_wconf 85' lang='lat' dir='ltr'><strong>spatium</strong></span> 
     </span>
    </p>
   </div>
   <div class='ocr_carea' id='block_1_50' title="bbox 160 4530 1696 4612">
    <p class='ocr_par' dir='ltr' id='par_1_50' title="bbox 160 4530 1696 4612">
     <span class='ocr_line' id='line_1_50' title="bbox 160 4530 1696 4612; baseline 0.013 -28"><span class='ocrx_word' id='word_1_388' title='bbox 160 4530 268 4588; x_wconf 69' lang='lat' dir='ltr'><strong>linea</strong></span> <span class='ocrx_word' id='word_1_389' title='bbox 293 4535 498 4592; x_wconf 85' lang='lat' dir='ltr'><strong>lineisve</strong></span> <span class='ocrx_word' id='word_1_390' title='bbox 525 4538 880 4604; x_wconf 86' lang='lat' dir='ltr'><strong>concluditur,</strong></span> <span class='ocrx_word' id='word_1_391' title='bbox 917 4549 1163 4612; x_wconf 84' lang='lat' dir='ltr'><strong>tanquam</strong></span> <span class='ocrx_word' id='word_1_392' title='bbox 1193 4545 1236 4599; x_wconf 90' lang='lat' dir='ltr'><strong>si</strong></span> <span class='ocrx_word' id='word_1_393' title='bbox 1267 4545 1526 4602; x_wconf 86' lang='lat' dir='ltr'><strong>circulum</strong></span> <span class='ocrx_word' id='word_1_394' title='bbox 1553 4548 1696 4603; x_wconf 86' lang='lat' dir='ltr'><strong>face-</strong></span> 
     </span>
    </p>
   </div>
   <div class='ocr_carea' id='block_1_51' title="bbox 161 4627 1692 4711">
    <p class='ocr_par' dir='ltr' id='par_1_51' title="bbox 161 4627 1692 4711">
     <span class='ocr_line' id='line_1_51' title="bbox 161 4627 1692 4711; baseline 0.015 -37"><span class='ocrx_word' id='word_1_395' title='bbox 161 4635 243 4689; x_wconf 76' lang='lat' dir='ltr'><strong>res,</strong></span> <span class='ocrx_word' id='word_1_396' title='bbox 266 4635 348 4680; x_wconf 88' lang='lat' dir='ltr'><strong>aut</strong></span> <span class='ocrx_word' id='word_1_397' title='bbox 371 4637 596 4696; x_wconf 87' lang='lat' dir='ltr'><strong>quatuor</strong></span> <span class='ocrx_word' id='word_1_398' title='bbox 631 4627 801 4685; x_wconf 87' lang='lat' dir='ltr'><strong>lineas</strong></span> <span class='ocrx_word' id='word_1_399' title='bbox 829 4631 1021 4688; x_wconf 88' lang='lat' dir='ltr'><strong>ﬁnibus</strong></span> <span class='ocrx_word' id='word_1_400' title='bbox 1049 4634 1162 4689; x_wconf 88' lang='lat' dir='ltr'><strong>suis</strong></span> <span class='ocrx_word' id='word_1_401' title='bbox 1189 4635 1401 4691; x_wconf 90' lang='lat' dir='ltr'><strong>sibimet</strong></span> <span class='ocrx_word' id='word_1_402' title='bbox 1423 4637 1692 4711; x_wconf 87' lang='lat' dir='ltr'><strong>jungeres,</strong></span> 
     </span>
    </p>
   </div>
   <div class='ocr_carea' id='block_1_52' title="bbox 429 4749 1367 5018">
    <p class='ocr_par' dir='ltr' id='par_1_52' title="bbox 429 4749 1367 5018">
     <span class='ocr_line' id='line_1_52' title="bbox 429 4749 1367 5018; baseline 0.009 -7"><span class='ocrx_word' id='word_1_403' title='bbox 429 4749 702 5012; x_wconf 53' lang='grc' dir='ltr'><strong><em>Ο</em></strong></span> <span class='ocrx_word' id='word_1_404' title='bbox 1098 4757 1367 5018; x_wconf 65' lang='grc' dir='ltr'><strong>[ἶ]</strong></span> 
     </span>
    </p>
   </div>
   <div class='ocr_carea' id='block_1_53' title="bbox 159 5068 1691 5158">
    <p class='ocr_par' dir='ltr' id='par_1_53' title="bbox 159 5068 1691 5158">
     <span class='ocr_line' id='line_1_53' title="bbox 159 5068 1691 5158; baseline 0.018 -34"><span class='ocrx_word' id='word_1_405' title='bbox 159 5068 210 5126; x_wconf 76' lang='lat' dir='ltr'><strong>ita</strong></span> <span class='ocrx_word' id='word_1_406' title='bbox 233 5083 283 5130; x_wconf 90' lang='lat' dir='ltr'><strong>ut</strong></span> <span class='ocrx_word' id='word_1_407' title='bbox 309 5078 496 5134; x_wconf 85' lang='lat' dir='ltr'><strong>nullius</strong></span> <span class='ocrx_word' id='word_1_408' title='bbox 527 5079 648 5136; x_wconf 87' lang='lat' dir='ltr'><strong>ﬁnis</strong></span> <span class='ocrx_word' id='word_1_409' title='bbox 675 5079 744 5135; x_wconf 88' lang='lat' dir='ltr'><strong>ab</strong></span> <span class='ocrx_word' id='word_1_410' title='bbox 769 5080 985 5139; x_wconf 87' lang='lat' dir='ltr'><strong>alterius</strong></span> <span class='ocrx_word' id='word_1_411' title='bbox 1011 5087 1344 5158; x_wconf 89' lang='lat' dir='ltr'><strong>copulatione</strong></span> <span class='ocrx_word' id='word_1_412' title='bbox 1370 5091 1504 5148; x_wconf 91' lang='lat' dir='ltr'><strong>liber</strong></span> <span class='ocrx_word' id='word_1_413' title='bbox 1529 5104 1691 5152; x_wconf 78' lang='lat' dir='ltr'><strong>esset.</strong></span> 
     </span>
    </p>
   </div>
   <div class='ocr_carea' id='block_1_54' title="bbox 161 5161 1696 5253">
    <p class='ocr_par' dir='ltr' id='par_1_54' title="bbox 161 5161 1696 5253">
     <span class='ocr_line' id='line_1_54' title="bbox 161 5161 1696 5253; baseline 0.015 -31"><span class='ocrx_word' id='word_1_414' title='bbox 161 5161 207 5219; x_wconf 82' lang='grc' dir='ltr'><strong>Ε.</strong></span> <span class='ocrx_word' id='word_1_415' title='bbox 232 5168 354 5253; x_wconf 75' lang='lat' dir='ltr'><strong>Quid</strong></span> <span class='ocrx_word' id='word_1_416' title='bbox 379 5172 525 5228; x_wconf 85' lang='lat' dir='ltr'><strong>dicas</strong></span> <span class='ocrx_word' id='word_1_417' title='bbox 554 5171 798 5244; x_wconf 88' lang='lat' dir='ltr'><strong>ﬁguram,</strong></span> <span class='ocrx_word' id='word_1_418' title='bbox 823 5174 936 5246; x_wconf 85' lang='lat' dir='ltr'><strong>jam</strong></span> <span class='ocrx_word' id='word_1_419' title='bbox 979 5193 1067 5234; x_wconf 93' lang='lat' dir='ltr'><strong>me</strong></span> <span class='ocrx_word' id='word_1_420' title='bbox 1105 5180 1286 5237; x_wconf 89' lang='lat' dir='ltr'><strong>videre</strong></span> <span class='ocrx_word' id='word_1_421' title='bbox 1314 5185 1569 5253; x_wconf 88' lang='lat' dir='ltr'><strong>arbitror;</strong></span> <span class='ocrx_word' id='word_1_422' title='bbox 1601 5190 1696 5245; x_wconf 88' lang='lat' dir='ltr'><strong>sed</strong></span> 
     </span>
    </p>
   </div>
   <div class='ocr_carea' id='block_1_55' title="bbox 158 5247 1696 5347">
    <p class='ocr_par' dir='ltr' id='par_1_55' title="bbox 158 5247 1696 5347">
     <span class='ocr_line' id='line_1_55' title="bbox 158 5247 1696 5347; baseline 0.018 -38"><span class='ocrx_word' id='word_1_423' title='bbox 158 5247 320 5317; x_wconf 82' lang='lat' dir='ltr'><strong>utinam</strong></span> <span class='ocrx_word' id='word_1_424' title='bbox 349 5271 450 5319; x_wconf 88' lang='lat' dir='ltr'><strong>tam</strong></span> <span class='ocrx_word' id='word_1_425' title='bbox 473 5264 710 5321; x_wconf 80' lang='lat' dir='ltr'><strong>viderem</strong></span> <span class='ocrx_word' id='word_1_426' title='bbox 736 5281 842 5336; x_wconf 90' lang='lat' dir='ltr'><strong>quo</strong></span> <span class='ocrx_word' id='word_1_427' title='bbox 868 5269 964 5322; x_wconf 89' lang='lat' dir='ltr'><strong>ista</strong></span> <span class='ocrx_word' id='word_1_428' title='bbox 991 5270 1228 5339; x_wconf 90' lang='lat' dir='ltr'><strong>tendant,</strong></span> <span class='ocrx_word' id='word_1_429' title='bbox 1259 5284 1349 5328; x_wconf 90' lang='lat' dir='ltr'><strong>aut</strong></span> <span class='ocrx_word' id='word_1_430' title='bbox 1372 5277 1496 5347; x_wconf 90' lang='lat' dir='ltr'><strong>quid</strong></span> <span class='ocrx_word' id='word_1_431' title='bbox 1511 5247 1586 5335; x_wconf 73' lang='lat' dir='ltr'><strong>ex</strong></span> <span class='ocrx_word' id='word_1_432' title='bbox 1614 5279 1696 5336; x_wconf 91' lang='lat' dir='ltr'><strong>his</strong></span> 
     </span>
    </p>
   </div>
   <div class='ocr_carea' id='block_1_56' title="bbox 160 5346 1692 5438">
    <p class='ocr_par' dir='ltr' id='par_1_56' title="bbox 160 5346 1692 5438">
     <span class='ocr_line' id='line_1_56' title="bbox 160 5346 1692 5438; baseline 0.016 -34"><span class='ocrx_word' id='word_1_433' title='bbox 160 5346 400 5409; x_wconf 61' lang='lat' dir='ltr'><strong>electurus</strong></span> <span class='ocrx_word' id='word_1_434' title='bbox 428 5355 522 5419; x_wconf 87' lang='lat' dir='ltr'><strong>sis,</strong></span> <span class='ocrx_word' id='word_1_435' title='bbox 550 5366 610 5410; x_wconf 93' lang='lat' dir='ltr'><strong>ut</strong></span> <span class='ocrx_word' id='word_1_436' title='bbox 636 5371 735 5427; x_wconf 88' lang='lat' dir='ltr'><strong>ego</strong></span> <span class='ocrx_word' id='word_1_437' title='bbox 757 5358 897 5428; x_wconf 89' lang='lat' dir='ltr'><strong>quod</strong></span> <span class='ocrx_word' id='word_1_438' title='bbox 934 5358 1004 5415; x_wconf 91' lang='lat' dir='ltr'><strong>de</strong></span> <span class='ocrx_word' id='word_1_439' title='bbox 1027 5361 1202 5418; x_wconf 90' lang='lat' dir='ltr'><strong>anima</strong></span> <span class='ocrx_word' id='word_1_440' title='bbox 1232 5346 1462 5438; x_wconf 86' lang='lat' dir='ltr'><strong>requiro,</strong></span> <span class='ocrx_word' id='word_1_441' title='bbox 1508 5373 1692 5429; x_wconf 89' lang='lat' dir='ltr'><strong>sciam.</strong></span> 
     </span>
    </p>
   </div>
   <div class='ocr_carea' id='block_1_57' title="bbox 209 5445 1695 5536">
    <p class='ocr_par' dir='ltr' id='par_1_57' title="bbox 209 5445 1695 5536">
     <span class='ocr_line' id='line_1_57' title="bbox 209 5445 1695 5536; baseline 0.015 -37"><span class='ocrx_word' id='word_1_442' title='bbox 209 5445 284 5500; x_wconf 69' lang='lat' dir='ltr'><strong>l2.</strong></span> <span class='ocrx_word' id='word_1_443' title='bbox 317 5449 378 5503; x_wconf 82' lang='grc' dir='ltr'><strong><em>Δ.</em></strong></span> <span class='ocrx_word' id='word_1_444' title='bbox 418 5450 529 5506; x_wconf 80' lang='lat' dir='ltr'><strong>Hoc</strong></span> <span class='ocrx_word' id='word_1_445' title='bbox 569 5449 720 5506; x_wconf 90' lang='lat' dir='ltr'><strong>initio</strong></span> <span class='ocrx_word' id='word_1_446' title='bbox 759 5458 811 5508; x_wconf 83' lang='lat' dir='ltr'><strong>te</strong></span> <span class='ocrx_word' id='word_1_447' title='bbox 836 5452 1107 5522; x_wconf 90' lang='lat' dir='ltr'><strong>admonui,</strong></span> <span class='ocrx_word' id='word_1_448' title='bbox 1136 5466 1190 5513; x_wconf 90' lang='lat' dir='ltr'><strong>et</strong></span> <span class='ocrx_word' id='word_1_449' title='bbox 1214 5461 1477 5529; x_wconf 87' lang='lat' dir='ltr'><strong>postulavi</strong></span> <span class='ocrx_word' id='word_1_450' title='bbox 1515 5473 1571 5520; x_wconf 90' lang='lat' dir='ltr'><strong>ut</strong></span> <span class='ocrx_word' id='word_1_451' title='bbox 1600 5483 1695 5536; x_wconf 83' lang='lat' dir='ltr'><strong>pa-</strong></span> 
     </span>
    </p>
   </div>
   <div class='ocr_carea' id='block_1_58' title="bbox 160 5533 1696 5628">
    <p class='ocr_par' dir='ltr' id='par_1_58' title="bbox 160 5533 1696 5628">
     <span class='ocr_line' id='line_1_58' title="bbox 160 5533 1696 5628; baseline 0.014 -35"><span class='ocrx_word' id='word_1_452' title='bbox 160 5533 315 5628; x_wconf 71' lang='lat' dir='ltr'><strong>lienter-</strong></span> <span class='ocrx_word' id='word_1_453' title='bbox 357 5541 522 5598; x_wconf 87' lang='lat' dir='ltr'><strong>ferres</strong></span> <span class='ocrx_word' id='word_1_454' title='bbox 564 5543 888 5615; x_wconf 89' lang='lat' dir='ltr'><strong>aliquantum</strong></span> <span class='ocrx_word' id='word_1_455' title='bbox 930 5547 1208 5606; x_wconf 88' lang='lat' dir='ltr'><strong>circuitum</strong></span> <span class='ocrx_word' id='word_1_456' title='bbox 1250 5561 1510 5621; x_wconf 88' lang='lat' dir='ltr'><strong>nostrum,</strong></span> <span class='ocrx_word' id='word_1_457' title='bbox 1554 5533 1696 5628; x_wconf 77' lang='lat' dir='ltr'><strong>quod</strong></span> 
     </span>
    </p>
   </div>
   <div class='ocr_carea' id='block_1_59' title="bbox 161 5623 1696 5715">
    <p class='ocr_par' dir='ltr' id='par_1_59' title="bbox 161 5623 1696 5715">
     <span class='ocr_line' id='line_1_59' title="bbox 161 5623 1696 5715; baseline 0.016 -33"><span class='ocrx_word' id='word_1_458' title='bbox 161 5623 260 5683; x_wconf 81' lang='lat' dir='ltr'><strong>item</strong></span> <span class='ocrx_word' id='word_1_459' title='bbox 282 5645 452 5703; x_wconf 59' lang='lat' dir='ltr'><strong>quaso</strong></span> <span class='ocrx_word' id='word_1_460' title='bbox 479 5642 542 5690; x_wconf 95' lang='lat' dir='ltr'><strong>ut</strong></span> <span class='ocrx_word' id='word_1_461' title='bbox 573 5633 758 5692; x_wconf 86' lang='lat' dir='ltr'><strong>facias.</strong></span> <span class='ocrx_word' id='word_1_462' title='bbox 787 5635 904 5694; x_wconf 87' lang='lat' dir='ltr'><strong>Non</strong></span> <span class='ocrx_word' id='word_1_463' title='bbox 928 5638 1060 5696; x_wconf 86' lang='lat' dir='ltr'><strong>levis</strong></span> <span class='ocrx_word' id='word_1_464' title='bbox 1087 5655 1176 5698; x_wconf 87' lang='lat' dir='ltr'><strong>res</strong></span> <span class='ocrx_word' id='word_1_465' title='bbox 1199 5645 1470 5715; x_wconf 78' lang='lat' dir='ltr'><strong>quaeritur,</strong></span> <span class='ocrx_word' id='word_1_466' title='bbox 1499 5623 1602 5704; x_wconf 80' lang='lat' dir='ltr'><strong>non</strong></span> <span class='ocrx_word' id='word_1_467' title='bbox 1628 5652 1696 5707; x_wconf 81' lang='lat' dir='ltr'><strong>fa-</strong></span> 
     </span>
    </p>
   </div>
   <div class='ocr_carea' id='block_1_60' title="bbox 161 5716 1695 5811">
    <p class='ocr_par' dir='ltr' id='par_1_60' title="bbox 161 5716 1695 5811">
     <span class='ocr_line' id='line_1_60' title="bbox 161 5716 1695 5811; baseline 0.018 -38"><span class='ocrx_word' id='word_1_468' title='bbox 161 5716 252 5775; x_wconf 86' lang='lat' dir='ltr'><strong>cilis</strong></span> <span class='ocrx_word' id='word_1_469' title='bbox 273 5721 334 5778; x_wconf 89' lang='lat' dir='ltr'><strong>ad</strong></span> <span class='ocrx_word' id='word_1_470' title='bbox 368 5729 822 5796; x_wconf 81' lang='lat' dir='ltr'><strong>cognoscendum:</strong></span> <span class='ocrx_word' id='word_1_471' title='bbox 844 5748 1006 5790; x_wconf 85' lang='lat' dir='ltr'><strong>nosse</strong></span> <span class='ocrx_word' id='word_1_472' title='bbox 1041 5735 1184 5792; x_wconf 90' lang='lat' dir='ltr'><strong>enim</strong></span> <span class='ocrx_word' id='word_1_473' title='bbox 1225 5735 1326 5795; x_wconf 87' lang='lat' dir='ltr'><strong>hoc</strong></span> <span class='ocrx_word' id='word_1_474' title='bbox 1351 5740 1507 5811; x_wconf 90' lang='lat' dir='ltr'><strong>plane</strong></span> <span class='ocrx_word' id='word_1_475' title='bbox 1535 5758 1598 5799; x_wconf 91' lang='lat' dir='ltr'><strong>ac</strong></span> <span class='ocrx_word' id='word_1_476' title='bbox 1628 5754 1695 5802; x_wconf 56' lang='lat' dir='ltr'><strong>te.</strong></span> 
     </span>
    </p>
   </div>
   <div class='ocr_carea' id='block_1_61' title="bbox 165 5815 1695 5894">
    <p class='ocr_par' dir='ltr' id='par_1_61' title="bbox 165 5815 1695 5894">
     <span class='ocr_line' id='line_1_61' title="bbox 165 5815 1695 5894; baseline 0.019 -31"><span class='ocrx_word' id='word_1_477' title='bbox 165 5823 266 5866; x_wconf 82' lang='lat' dir='ltr'><strong>nere</strong></span> <span class='ocrx_word' id='word_1_478' title='bbox 285 5815 534 5888; x_wconf 85' lang='lat' dir='ltr'><strong>volumus,</strong></span> <span class='ocrx_word' id='word_1_479' title='bbox 565 5819 611 5876; x_wconf 86' lang='lat' dir='ltr'><strong>si</strong></span> <span class='ocrx_word' id='word_1_480' title='bbox 641 5819 755 5879; x_wconf 88' lang='lat' dir='ltr'><strong>ﬁeri</strong></span> <span class='ocrx_word' id='word_1_481' title='bbox 782 5831 975 5894; x_wconf 85' lang='lat' dir='ltr'><strong>potest.</strong></span> <span class='ocrx_word' id='word_1_482' title='bbox 1003 5827 1162 5883; x_wconf 85' lang='lat' dir='ltr'><strong>Aliud</strong></span> <span class='ocrx_word' id='word_1_483' title='bbox 1182 5837 1265 5884; x_wconf 88' lang='lat' dir='ltr'><strong>est</strong></span> <span class='ocrx_word' id='word_1_484' title='bbox 1288 5831 1428 5887; x_wconf 91' lang='lat' dir='ltr'><strong>enim</strong></span> <span class='ocrx_word' id='word_1_485' title='bbox 1456 5849 1576 5890; x_wconf 86' lang='lat' dir='ltr'><strong>cum</strong></span> <span class='ocrx_word' id='word_1_486' title='bbox 1610 5850 1695 5891; x_wconf 83' lang='lat' dir='ltr'><strong>au-</strong></span> 
     </span>
    </p>
   </div>
   <div class='ocr_carea' id='block_1_62' title="bbox 166 5901 1693 5985">
    <p class='ocr_par' dir='ltr' id='par_1_62' title="bbox 166 5901 1693 5985">
     <span class='ocr_line' id='line_1_62' title="bbox 166 5901 1693 5985; baseline 0.022 -33"><span class='ocrx_word' id='word_1_487' title='bbox 166 5901 356 5958; x_wconf 81' lang='lat' dir='ltr'><strong>ctoritati</strong></span> <span class='ocrx_word' id='word_1_488' title='bbox 381 5907 662 5980; x_wconf 87' lang='lat' dir='ltr'><strong>credimus,</strong></span> <span class='ocrx_word' id='word_1_489' title='bbox 690 5913 832 5971; x_wconf 91' lang='lat' dir='ltr'><strong>aliud</strong></span> <span class='ocrx_word' id='word_1_490' title='bbox 860 5931 982 5974; x_wconf 90' lang='lat' dir='ltr'><strong>cum</strong></span> <span class='ocrx_word' id='word_1_491' title='bbox 1009 5921 1219 5978; x_wconf 90' lang='lat' dir='ltr'><strong>rationi.</strong></span> <span class='ocrx_word' id='word_1_492' title='bbox 1250 5923 1558 5983; x_wconf 82' lang='lat' dir='ltr'><strong>Auctoritati</strong></span> <span class='ocrx_word' id='word_1_493' title='bbox 1583 5943 1693 5985; x_wconf 80' lang='lat' dir='ltr'><strong>cre-</strong></span> 
     </span>
    </p>
   </div>
   <div class='ocr_carea' id='block_1_63' title="bbox 1835 931 3419 1008">
    <p class='ocr_par' dir='ltr' id='par_1_63' title="bbox 1835 931 3419 1008">
     <span class='ocr_line' id='line_1_63' title="bbox 1835 931 3419 1008; baseline 0.006 -20"><span class='ocrx_word' id='word_1_494' title='bbox 1835 931 2086 1005; x_wconf 89' lang='lat' dir='ltr'><strong>credique</strong></span> <span class='ocrx_word' id='word_1_495' title='bbox 2114 933 2215 989; x_wconf 88' lang='lat' dir='ltr'><strong>sibi</strong></span> <span class='ocrx_word' id='word_1_496' title='bbox 2244 933 2528 989; x_wconf 88' lang='lat' dir='ltr'><strong>voluerunt</strong></span> <span class='ocrx_word' id='word_1_497' title='bbox 2539 936 2607 988; x_wconf 90' lang='lat' dir='ltr'><strong>ab</strong></span> <span class='ocrx_word' id='word_1_498' title='bbox 2634 936 2719 1000; x_wconf 85' lang='lat' dir='ltr'><strong>iis,</strong></span> <span class='ocrx_word' id='word_1_499' title='bbox 2745 950 2970 1008; x_wconf 86' lang='lat' dir='ltr'><strong>quorum</strong></span> <span class='ocrx_word' id='word_1_500' title='bbox 2993 938 3186 995; x_wconf 82' lang='lat' dir='ltr'><strong>animis</strong></span> <span class='ocrx_word' id='word_1_501' title='bbox 3198 939 3284 996; x_wconf 78' lang='lat' dir='ltr'><strong>vel</strong></span> <span class='ocrx_word' id='word_1_502' title='bbox 3304 947 3419 998; x_wconf 83' lang='lat' dir='ltr'><strong>tar-</strong></span> 
     </span>
    </p>
   </div>
   <div class='ocr_carea' id='block_1_64' title="bbox 1833 1023 3415 1103">
    <p class='ocr_par' dir='ltr' id='par_1_64' title="bbox 1833 1023 3415 1103">
     <span class='ocr_line' id='line_1_64' title="bbox 1833 1023 3415 1103; baseline 0.004 -23"><span class='ocrx_word' id='word_1_503' title='bbox 1833 1023 2072 1080; x_wconf 89' lang='lat' dir='ltr'><strong>dioribus</strong></span> <span class='ocrx_word' id='word_1_504' title='bbox 2091 1025 2172 1080; x_wconf 90' lang='lat' dir='ltr'><strong>vel</strong></span> <span class='ocrx_word' id='word_1_505' title='bbox 2192 1023 2628 1096; x_wconf 85' lang='lat' dir='ltr'><strong>implicatioribus</strong></span> <span class='ocrx_word' id='word_1_506' title='bbox 2645 1025 2744 1081; x_wconf 89' lang='lat' dir='ltr'><strong>alia</strong></span> <span class='ocrx_word' id='word_1_507' title='bbox 2765 1027 2909 1082; x_wconf 89' lang='lat' dir='ltr'><strong>salus</strong></span> <span class='ocrx_word' id='word_1_508' title='bbox 2937 1043 3057 1085; x_wconf 87' lang='lat' dir='ltr'><strong>esse</strong></span> <span class='ocrx_word' id='word_1_509' title='bbox 3081 1045 3190 1086; x_wconf 88' lang='lat' dir='ltr'><strong>non</strong></span> <span class='ocrx_word' id='word_1_510' title='bbox 3216 1039 3415 1103; x_wconf 77' lang='lat' dir='ltr'><strong>posset.</strong></span> 
     </span>
    </p>
   </div>
   <div class='ocr_carea' id='block_1_65' title="bbox 1832 1116 3416 1189">
    <p class='ocr_par' dir='ltr' id='par_1_65' title="bbox 1832 1116 3416 1189">
     <span class='ocr_line' id='line_1_65' title="bbox 1832 1116 3416 1189; baseline 0.004 -15"><span class='ocrx_word' id='word_1_511' title='bbox 1832 1117 1990 1174; x_wconf 83' lang='lat' dir='ltr'><strong>Tales</strong></span> <span class='ocrx_word' id='word_1_512' title='bbox 2018 1118 2159 1174; x_wconf 88' lang='lat' dir='ltr'><strong>enim</strong></span> <span class='ocrx_word' id='word_1_513' title='bbox 2196 1116 2460 1185; x_wconf 88' lang='lat' dir='ltr'><strong>homines,</strong></span> <span class='ocrx_word' id='word_1_514' title='bbox 2490 1132 2714 1189; x_wconf 91' lang='lat' dir='ltr'><strong>quorum</strong></span> <span class='ocrx_word' id='word_1_515' title='bbox 2745 1118 2982 1188; x_wconf 87' lang='lat' dir='ltr'><strong>profecto</strong></span> <span class='ocrx_word' id='word_1_516' title='bbox 3011 1123 3238 1178; x_wconf 76' lang='lat' dir='ltr'><strong>maxima</strong></span> <span class='ocrx_word' id='word_1_517' title='bbox 3268 1122 3416 1180; x_wconf 77' lang='lat' dir='ltr'><strong>mul-</strong></span> 
     </span>
    </p>
   </div>
   <div class='ocr_carea' id='block_1_66' title="bbox 1831 1207 3412 1284">
    <p class='ocr_par' dir='ltr' id='par_1_66' title="bbox 1831 1207 3412 1284">
     <span class='ocr_line' id='line_1_66' title="bbox 1831 1207 3412 1284; baseline 0.007 -22"><span class='ocrx_word' id='word_1_518' title='bbox 1831 1208 2000 1264; x_wconf 89' lang='lat' dir='ltr'><strong>titudo</strong></span> <span class='ocrx_word' id='word_1_519' title='bbox 2037 1217 2149 1273; x_wconf 90' lang='lat' dir='ltr'><strong>est,</strong></span> <span class='ocrx_word' id='word_1_520' title='bbox 2181 1209 2228 1264; x_wconf 91' lang='lat' dir='ltr'><strong>si</strong></span> <span class='ocrx_word' id='word_1_521' title='bbox 2258 1207 2462 1268; x_wconf 88' lang='lat' dir='ltr'><strong>ratione</strong></span> <span class='ocrx_word' id='word_1_522' title='bbox 2502 1208 2666 1264; x_wconf 86' lang='lat' dir='ltr'><strong>velint</strong></span> <span class='ocrx_word' id='word_1_523' title='bbox 2710 1225 2894 1265; x_wconf 91' lang='lat' dir='ltr'><strong>verum</strong></span> <span class='ocrx_word' id='word_1_524' title='bbox 2933 1211 3412 1284; x_wconf 83' lang='lat' dir='ltr'><strong>comprehendere.</strong></span> 
     </span>
    </p>
   </div>
   <div class='ocr_carea' id='block_1_67' title="bbox 1827 1299 3413 1372">
    <p class='ocr_par' dir='ltr' id='par_1_67' title="bbox 1827 1299 3413 1372">
     <span class='ocr_line' id='line_1_67' title="bbox 1827 1299 3413 1372; baseline 0.004 -16"><span class='ocrx_word' id='word_1_525' title='bbox 1827 1301 2260 1358; x_wconf 88' lang='lat' dir='ltr'><strong>similitudinibus</strong></span> <span class='ocrx_word' id='word_1_526' title='bbox 2288 1300 2551 1355; x_wconf 86' lang='lat' dir='ltr'><strong>rationum</strong></span> <span class='ocrx_word' id='word_1_527' title='bbox 2580 1299 2830 1356; x_wconf 71' lang='lat' dir='ltr'><strong>facillime</strong></span> <span class='ocrx_word' id='word_1_528' title='bbox 2869 1300 3222 1372; x_wconf 86' lang='lat' dir='ltr'><strong>decipiuntur,</strong></span> <span class='ocrx_word' id='word_1_529' title='bbox 3262 1313 3318 1360; x_wconf 91' lang='lat' dir='ltr'><strong>et</strong></span> <span class='ocrx_word' id='word_1_530' title='bbox 3356 1305 3413 1362; x_wconf 87' lang='lat' dir='ltr'><strong>in</strong></span> 
     </span>
    </p>
   </div>
   <div class='ocr_carea' id='block_1_68' title="bbox 1825 1392 3415 1468">
    <p class='ocr_par' dir='ltr' id='par_1_68' title="bbox 1825 1392 3415 1468">
     <span class='ocr_line' id='line_1_68' title="bbox 1825 1392 3415 1468; baseline 0.004 -20"><span class='ocrx_word' id='word_1_531' title='bbox 1825 1396 2001 1449; x_wconf 89' lang='lat' dir='ltr'><strong>varias</strong></span> <span class='ocrx_word' id='word_1_532' title='bbox 2031 1392 2322 1464; x_wconf 83' lang='lat' dir='ltr'><strong>noxiasque</strong></span> <span class='ocrx_word' id='word_1_533' title='bbox 2347 1392 2628 1463; x_wconf 84' lang='lat' dir='ltr'><strong>opiniones</strong></span> <span class='ocrx_word' id='word_1_534' title='bbox 2653 1392 2724 1448; x_wconf 90' lang='lat' dir='ltr'><strong>ita</strong></span> <span class='ocrx_word' id='word_1_535' title='bbox 2747 1392 3014 1459; x_wconf 88' lang='lat' dir='ltr'><strong>labuntur,</strong></span> <span class='ocrx_word' id='word_1_536' title='bbox 3045 1403 3106 1450; x_wconf 92' lang='lat' dir='ltr'><strong>ut</strong></span> <span class='ocrx_word' id='word_1_537' title='bbox 3135 1411 3415 1468; x_wconf 87' lang='lat' dir='ltr'><strong>emergere</strong></span> 
     </span>
    </p>
   </div>
   <div class='ocr_carea' id='block_1_69' title="bbox 1824 1484 3433 1560">
    <p class='ocr_par' dir='ltr' id='par_1_69' title="bbox 1824 1484 3433 1560">
     <span class='ocr_line' id='line_1_69' title="bbox 1824 1484 3433 1560; baseline 0.003 -19"><span class='ocrx_word' id='word_1_538' title='bbox 1824 1487 1949 1542; x_wconf 91' lang='lat' dir='ltr'><strong>inde</strong></span> <span class='ocrx_word' id='word_1_539' title='bbox 1971 1500 2035 1541; x_wconf 92' lang='lat' dir='ltr'><strong>ac</strong></span> <span class='ocrx_word' id='word_1_540' title='bbox 2060 1484 2296 1552; x_wconf 88' lang='lat' dir='ltr'><strong>liberari,</strong></span> <span class='ocrx_word' id='word_1_541' title='bbox 2323 1492 2416 1540; x_wconf 86' lang='lat' dir='ltr'><strong>aut</strong></span> <span class='ocrx_word' id='word_1_542' title='bbox 2442 1500 2732 1556; x_wconf 88' lang='lat' dir='ltr'><strong>nunquam,</strong></span> <span class='ocrx_word' id='word_1_543' title='bbox 2761 1493 2854 1540; x_wconf 86' lang='lat' dir='ltr'><strong>aut</strong></span> <span class='ocrx_word' id='word_1_544' title='bbox 2879 1487 3155 1557; x_wconf 62' lang='lat' dir='ltr'><strong>mgerrime</strong></span> <span class='ocrx_word' id='word_1_545' title='bbox 3188 1500 3433 1560; x_wconf 86' lang='lat' dir='ltr'><strong>queant..</strong></span> 
     </span>
    </p>
   </div>
   <div class='ocr_carea' id='block_1_70' title="bbox 1823 1575 3415 1657">
    <p class='ocr_par' dir='ltr' id='par_1_70' title="bbox 1823 1575 3415 1657">
     <span class='ocr_line' id='line_1_70' title="bbox 1823 1575 3415 1657; baseline 0.004 -25"><span class='ocrx_word' id='word_1_546' title='bbox 1823 1575 1917 1632; x_wconf 79' lang='lat' dir='ltr'><strong>His</strong></span> <span class='ocrx_word' id='word_1_547' title='bbox 1942 1591 2070 1647; x_wconf 88' lang='lat' dir='ltr'><strong>ergo</strong></span> <span class='ocrx_word' id='word_1_548' title='bbox 2097 1575 2436 1657; x_wconf 84' lang='lat' dir='ltr'><strong>utilissimum</strong></span> <span class='ocrx_word' id='word_1_549' title='bbox 2474 1585 2557 1632; x_wconf 92' lang='lat' dir='ltr'><strong>est</strong></span> <span class='ocrx_word' id='word_1_550' title='bbox 2602 1577 3067 1634; x_wconf 72' lang='lat' dir='ltr'><strong>excellentissima:</strong></span> <span class='ocrx_word' id='word_1_551' title='bbox 3110 1581 3415 1638; x_wconf 85' lang='lat' dir='ltr'><strong>auctoritati</strong></span> 
     </span>
    </p>
   </div>
   <div class='ocr_carea' id='block_1_71' title="bbox 1821 1665 3414 1739">
    <p class='ocr_par' dir='ltr' id='par_1_71' title="bbox 1821 1665 3414 1739">
     <span class='ocr_line' id='line_1_71' title="bbox 1821 1665 3414 1739; baseline 0.004 -17"><span class='ocrx_word' id='word_1_552' title='bbox 1821 1666 2063 1732; x_wconf 88' lang='lat' dir='ltr'><strong>credere,</strong></span> <span class='ocrx_word' id='word_1_553' title='bbox 2095 1672 2151 1721; x_wconf 91' lang='lat' dir='ltr'><strong>et</strong></span> <span class='ocrx_word' id='word_1_554' title='bbox 2169 1665 2463 1721; x_wconf 88' lang='lat' dir='ltr'><strong>secundum</strong></span> <span class='ocrx_word' id='word_1_555' title='bbox 2484 1665 2588 1722; x_wconf 86' lang='lat' dir='ltr'><strong>hoc</strong></span> <span class='ocrx_word' id='word_1_556' title='bbox 2605 1682 2766 1739; x_wconf 87' lang='lat' dir='ltr'><strong>agere</strong></span> <span class='ocrx_word' id='word_1_557' title='bbox 2786 1668 2972 1725; x_wconf 87' lang='lat' dir='ltr'><strong>vitam.</strong></span> <span class='ocrx_word' id='word_1_558' title='bbox 2994 1669 3149 1738; x_wconf 82' lang='lat' dir='ltr'><strong>Quod</strong></span> <span class='ocrx_word' id='word_1_559' title='bbox 3175 1671 3221 1726; x_wconf 88' lang='lat' dir='ltr'><strong>si</strong></span> <span class='ocrx_word' id='word_1_560' title='bbox 3249 1673 3414 1730; x_wconf 87' lang='lat' dir='ltr'><strong>tutius</strong></span> 
     </span>
    </p>
   </div>
   <div class='ocr_carea' id='block_1_72' title="bbox 1820 1759 3410 1838">
    <p class='ocr_par' dir='ltr' id='par_1_72' title="bbox 1820 1759 3410 1838">
     <span class='ocr_line' id='line_1_72' title="bbox 1820 1759 3410 1838; baseline 0.005 -24"><span class='ocrx_word' id='word_1_561' title='bbox 1820 1767 1995 1829; x_wconf 89' lang='lat' dir='ltr'><strong>putas,</strong></span> <span class='ocrx_word' id='word_1_562' title='bbox 2030 1774 2134 1814; x_wconf 89' lang='lat' dir='ltr'><strong>non</strong></span> <span class='ocrx_word' id='word_1_563' title='bbox 2163 1759 2339 1815; x_wconf 89' lang='lat' dir='ltr'><strong>solum</strong></span> <span class='ocrx_word' id='word_1_564' title='bbox 2365 1759 2495 1815; x_wconf 89' lang='lat' dir='ltr'><strong>nihil</strong></span> <span class='ocrx_word' id='word_1_565' title='bbox 2527 1761 2741 1826; x_wconf 87' lang='lat' dir='ltr'><strong>resisto,</strong></span> <span class='ocrx_word' id='word_1_566' title='bbox 2766 1760 2860 1817; x_wconf 84' lang='lat' dir='ltr'><strong>sed</strong></span> <span class='ocrx_word' id='word_1_567' title='bbox 2887 1763 3048 1818; x_wconf 89' lang='lat' dir='ltr'><strong>etiam</strong></span> <span class='ocrx_word' id='word_1_568' title='bbox 3065 1763 3290 1820; x_wconf 90' lang='lat' dir='ltr'><strong>tnultum</strong></span> <span class='ocrx_word' id='word_1_569' title='bbox 3309 1781 3410 1838; x_wconf 86' lang='lat' dir='ltr'><strong>ap-</strong></span> 
     </span>
    </p>
   </div>
   <div class='ocr_carea' id='block_1_73' title="bbox 1819 1851 3410 1930">
    <p class='ocr_par' dir='ltr' id='par_1_73' title="bbox 1819 1851 3410 1930">
     <span class='ocr_line' id='line_1_73' title="bbox 1819 1851 3410 1930; baseline 0.006 -23"><span class='ocrx_word' id='word_1_570' title='bbox 1819 1852 2005 1924; x_wconf 92' lang='lat' dir='ltr'><strong>probo.</strong></span> <span class='ocrx_word' id='word_1_571' title='bbox 2034 1851 2090 1909; x_wconf 92' lang='lat' dir='ltr'><strong>Si</strong></span> <span class='ocrx_word' id='word_1_572' title='bbox 2115 1861 2292 1908; x_wconf 89' lang='lat' dir='ltr'><strong>autem</strong></span> <span class='ocrx_word' id='word_1_573' title='bbox 2319 1853 2662 1923; x_wconf 84' lang='lat' dir='ltr'><strong>cupiditatem</strong></span> <span class='ocrx_word' id='word_1_574' title='bbox 2693 1854 2850 1912; x_wconf 90' lang='lat' dir='ltr'><strong>istam</strong></span> <span class='ocrx_word' id='word_1_575' title='bbox 2874 1855 3148 1915; x_wconf 84' lang='lat' dir='ltr'><strong>refrenare</strong></span> <span class='ocrx_word' id='word_1_576' title='bbox 3173 1871 3281 1916; x_wconf 87' lang='lat' dir='ltr'><strong>non</strong></span> <span class='ocrx_word' id='word_1_577' title='bbox 3309 1874 3410 1930; x_wconf 86' lang='lat' dir='ltr'><strong>po-</strong></span> 
     </span>
    </p>
   </div>
   <div class='ocr_carea' id='block_1_74' title="bbox 1817 1946 3409 2019">
    <p class='ocr_par' dir='ltr' id='par_1_74' title="bbox 1817 1946 3409 2019">
     <span class='ocr_line' id='line_1_74' title="bbox 1817 1946 3409 2019; baseline 0.009 -21"><span class='ocrx_word' id='word_1_578' title='bbox 1817 1951 1917 2011; x_wconf 84' lang='lat' dir='ltr'><strong>tes,</strong></span> <span class='ocrx_word' id='word_1_579' title='bbox 1963 1960 2066 2017; x_wconf 86' lang='lat' dir='ltr'><strong>qua</strong></span> <span class='ocrx_word' id='word_1_580' title='bbox 2110 1946 2204 2001; x_wconf 88' lang='lat' dir='ltr'><strong>tibi</strong></span> <span class='ocrx_word' id='word_1_581' title='bbox 2233 1947 2543 2017; x_wconf 88' lang='lat' dir='ltr'><strong>persuasisti</strong></span> <span class='ocrx_word' id='word_1_582' title='bbox 2573 1948 2781 2006; x_wconf 88' lang='lat' dir='ltr'><strong>ratione</strong></span> <span class='ocrx_word' id='word_1_583' title='bbox 2810 1951 3091 2019; x_wconf 86' lang='lat' dir='ltr'><strong>pervenire</strong></span> <span class='ocrx_word' id='word_1_584' title='bbox 3113 1951 3182 2008; x_wconf 85' lang='lat' dir='ltr'><strong>ad</strong></span> <span class='ocrx_word' id='word_1_585' title='bbox 3208 1953 3409 2011; x_wconf 82' lang='lat' dir='ltr'><strong>verita-</strong></span> 
     </span>
    </p>
   </div>
   <div class='ocr_carea' id='block_1_75' title="bbox 1814 2037 3411 2110">
    <p class='ocr_par' dir='ltr' id='par_1_75' title="bbox 1814 2037 3411 2110">
     <span class='ocr_line' id='line_1_75' title="bbox 1814 2037 3411 2110; baseline 0.008 -20"><span class='ocrx_word' id='word_1_586' title='bbox 1814 2044 1922 2092; x_wconf 90' lang='lat' dir='ltr'><strong>tem</strong></span> <span class='ocrx_word' id='word_1_587' title='bbox 1942 2080 1956 2104; x_wconf 93' lang='lat'><strong>,</strong></span> <span class='ocrx_word' id='word_1_588' title='bbox 1986 2037 2138 2092; x_wconf 91' lang='lat' dir='ltr'><strong>multi</strong></span> <span class='ocrx_word' id='word_1_589' title='bbox 2185 2046 2242 2093; x_wconf 90' lang='lat' dir='ltr'><strong>et</strong></span> <span class='ocrx_word' id='word_1_590' title='bbox 2291 2038 2430 2110; x_wconf 88' lang='lat' dir='ltr'><strong>longi</strong></span> <span class='ocrx_word' id='word_1_591' title='bbox 2458 2039 2713 2095; x_wconf 87' lang='lat' dir='ltr'><strong>circuitus</strong></span> <span class='ocrx_word' id='word_1_592' title='bbox 2742 2041 2836 2096; x_wconf 88' lang='lat' dir='ltr'><strong>tibi</strong></span> <span class='ocrx_word' id='word_1_593' title='bbox 2868 2043 3126 2099; x_wconf 87' lang='lat' dir='ltr'><strong>tolerandi</strong></span> <span class='ocrx_word' id='word_1_594' title='bbox 3171 2054 3314 2110; x_wconf 89' lang='lat' dir='ltr'><strong>sunt,</strong></span> <span class='ocrx_word' id='word_1_595' title='bbox 3347 2055 3411 2102; x_wconf 90' lang='lat' dir='ltr'><strong>ut</strong></span> 
     </span>
    </p>
   </div>
   <div class='ocr_carea' id='block_1_76' title="bbox 1813 2128 3406 2204">
    <p class='ocr_par' dir='ltr' id='par_1_76' title="bbox 1813 2128 3406 2204">
     <span class='ocr_line' id='line_1_76' title="bbox 1813 2128 3406 2204; baseline 0.008 -22"><span class='ocrx_word' id='word_1_596' title='bbox 1813 2142 1920 2182; x_wconf 91' lang='lat' dir='ltr'><strong>non</strong></span> <span class='ocrx_word' id='word_1_597' title='bbox 1965 2129 2102 2183; x_wconf 90' lang='lat' dir='ltr'><strong>ratio</strong></span> <span class='ocrx_word' id='word_1_598' title='bbox 2131 2136 2186 2185; x_wconf 90' lang='lat' dir='ltr'><strong>te</strong></span> <span class='ocrx_word' id='word_1_599' title='bbox 2214 2128 2459 2195; x_wconf 84' lang='lat' dir='ltr'><strong>adducat,</strong></span> <span class='ocrx_word' id='word_1_600' title='bbox 2491 2130 2592 2184; x_wconf 91' lang='lat' dir='ltr'><strong>nisi</strong></span> <span class='ocrx_word' id='word_1_601' title='bbox 2621 2146 2683 2186; x_wconf 89' lang='lat' dir='ltr'><strong>ea</strong></span> <span class='ocrx_word' id='word_1_602' title='bbox 2724 2147 2844 2204; x_wconf 76' lang='lat' dir='ltr'><strong>qua:</strong></span> <span class='ocrx_word' id='word_1_603' title='bbox 2871 2134 2986 2190; x_wconf 83' lang='lat' dir='ltr'><strong>sola</strong></span> <span class='ocrx_word' id='word_1_604' title='bbox 3014 2135 3153 2192; x_wconf 82' lang='lat' dir='ltr'><strong>ratio</strong></span> <span class='ocrx_word' id='word_1_605' title='bbox 3178 2136 3406 2196; x_wconf 88' lang='lat' dir='ltr'><strong>dicenda</strong></span> 
     </span>
    </p>
   </div>
   <div class='ocr_carea' id='block_1_77' title="bbox 1811 2218 3402 2298">
    <p class='ocr_par' dir='ltr' id='par_1_77' title="bbox 1811 2218 3402 2298">
     <span class='ocr_line' id='line_1_77' title="bbox 1811 2218 3402 2298; baseline 0.009 -25"><span class='ocrx_word' id='word_1_606' title='bbox 1811 2227 1915 2283; x_wconf 89' lang='lat' dir='ltr'><strong>est,</strong></span> <span class='ocrx_word' id='word_1_607' title='bbox 1946 2218 1996 2274; x_wconf 92' lang='lat' dir='ltr'><strong>id</strong></span> <span class='ocrx_word' id='word_1_608' title='bbox 2023 2228 2106 2275; x_wconf 88' lang='lat' dir='ltr'><strong>est</strong></span> <span class='ocrx_word' id='word_1_609' title='bbox 2129 2235 2254 2276; x_wconf 91' lang='lat' dir='ltr'><strong>vera</strong></span> <span class='ocrx_word' id='word_1_610' title='bbox 2278 2220 2444 2286; x_wconf 88' lang='lat' dir='ltr'><strong>ratio;</strong></span> <span class='ocrx_word' id='word_1_611' title='bbox 2468 2229 2520 2276; x_wconf 91' lang='lat' dir='ltr'><strong>et</strong></span> <span class='ocrx_word' id='word_1_612' title='bbox 2543 2237 2648 2278; x_wconf 91' lang='lat' dir='ltr'><strong>non</strong></span> <span class='ocrx_word' id='word_1_613' title='bbox 2669 2223 2843 2279; x_wconf 89' lang='lat' dir='ltr'><strong>solum</strong></span> <span class='ocrx_word' id='word_1_614' title='bbox 2865 2239 3014 2290; x_wconf 85' lang='lat' dir='ltr'><strong>vera,</strong></span> <span class='ocrx_word' id='word_1_615' title='bbox 3033 2226 3128 2283; x_wconf 84' lang='lat' dir='ltr'><strong>sed</strong></span> <span class='ocrx_word' id='word_1_616' title='bbox 3145 2229 3216 2283; x_wconf 86' lang='lat' dir='ltr'><strong>ita</strong></span> <span class='ocrx_word' id='word_1_617' title='bbox 3231 2239 3402 2298; x_wconf 80' lang='lat' dir='ltr'><strong>certa,</strong></span> 
     </span>
    </p>
   </div>
   <div class='ocr_carea' id='block_1_78' title="bbox 1812 2309 3404 2383">
    <p class='ocr_par' dir='ltr' id='par_1_78' title="bbox 1812 2309 3404 2383">
     <span class='ocr_line' id='line_1_78' title="bbox 1812 2309 3404 2383; baseline 0.008 -19"><span class='ocrx_word' id='word_1_618' title='bbox 1812 2318 1869 2364; x_wconf 91' lang='lat' dir='ltr'><strong>et</strong></span> <span class='ocrx_word' id='word_1_619' title='bbox 1892 2309 1960 2364; x_wconf 91' lang='lat' dir='ltr'><strong>ab</strong></span> <span class='ocrx_word' id='word_1_620' title='bbox 1987 2310 2133 2365; x_wconf 91' lang='lat' dir='ltr'><strong>omni</strong></span> <span class='ocrx_word' id='word_1_621' title='bbox 2161 2311 2505 2368; x_wconf 89' lang='lat' dir='ltr'><strong>similitudine</strong></span> <span class='ocrx_word' id='word_1_622' title='bbox 2526 2311 2766 2368; x_wconf 83' lang='lat' dir='ltr'><strong>falsitatis</strong></span> <span class='ocrx_word' id='word_1_623' title='bbox 2787 2314 2981 2383; x_wconf 85' lang='lat' dir='ltr'><strong>aliena,</strong></span> <span class='ocrx_word' id='word_1_624' title='bbox 3011 2316 3057 2372; x_wconf 89' lang='lat' dir='ltr'><strong>si</strong></span> <span class='ocrx_word' id='word_1_625' title='bbox 3083 2325 3262 2376; x_wconf 89' lang='lat' dir='ltr'><strong>tamen</strong></span> <span class='ocrx_word' id='word_1_626' title='bbox 3289 2322 3404 2377; x_wconf 90' lang='lat' dir='ltr'><strong>ullo</strong></span> 
     </span>
    </p>
   </div>
   <div class='ocr_carea' id='block_1_79' title="bbox 1810 2399 3401 2481">
    <p class='ocr_par' dir='ltr' id='par_1_79' title="bbox 1810 2399 3401 2481">
     <span class='ocr_line' id='line_1_79' title="bbox 1810 2399 3401 2481; baseline 0.008 -27"><span class='ocrx_word' id='word_1_627' title='bbox 1810 2399 1972 2454; x_wconf 88' lang='lat' dir='ltr'><strong>modo</strong></span> <span class='ocrx_word' id='word_1_628' title='bbox 1995 2399 2111 2457; x_wconf 71' lang='lat' dir='ltr'><strong>haec</strong></span> <span class='ocrx_word' id='word_1_629' title='bbox 2134 2401 2202 2455; x_wconf 90' lang='lat' dir='ltr'><strong>ab</strong></span> <span class='ocrx_word' id='word_1_630' title='bbox 2229 2400 2444 2456; x_wconf 90' lang='lat' dir='ltr'><strong>homine</strong></span> <span class='ocrx_word' id='word_1_631' title='bbox 2466 2403 2689 2458; x_wconf 90' lang='lat' dir='ltr'><strong>inveniri</strong></span> <span class='ocrx_word' id='word_1_632' title='bbox 2716 2411 2913 2473; x_wconf 87' lang='lat' dir='ltr'><strong>potest,</strong></span> <span class='ocrx_word' id='word_1_633' title='bbox 2945 2413 3004 2460; x_wconf 93' lang='lat' dir='ltr'><strong>ut</strong></span> <span class='ocrx_word' id='word_1_634' title='bbox 3029 2407 3189 2463; x_wconf 81' lang='lat' dir='ltr'><strong>nulla:</strong></span> <span class='ocrx_word' id='word_1_635' title='bbox 3208 2409 3401 2481; x_wconf 84' lang='lat' dir='ltr'><strong>dispu-</strong></span> 
     </span>
    </p>
   </div>
   <div class='ocr_carea' id='block_1_80' title="bbox 1810 2490 3399 2566">
    <p class='ocr_par' dir='ltr' id='par_1_80' title="bbox 1810 2490 3399 2566">
     <span class='ocr_line' id='line_1_80' title="bbox 1810 2490 3399 2566; baseline 0.008 -20"><span class='ocrx_word' id='word_1_636' title='bbox 1810 2490 2040 2547; x_wconf 83' lang='lat' dir='ltr'><strong>tationes</strong></span> <span class='ocrx_word' id='word_1_637' title='bbox 2081 2492 2230 2547; x_wconf 70' lang='lat' dir='ltr'><strong>falsa:</strong></span> <span class='ocrx_word' id='word_1_638' title='bbox 2257 2501 2350 2548; x_wconf 87' lang='lat' dir='ltr'><strong>aut</strong></span> <span class='ocrx_word' id='word_1_639' title='bbox 2377 2493 2692 2549; x_wconf 87' lang='lat' dir='ltr'><strong>verisimiles</strong></span> <span class='ocrx_word' id='word_1_640' title='bbox 2719 2495 2788 2551; x_wconf 88' lang='lat' dir='ltr'><strong>ab</strong></span> <span class='ocrx_word' id='word_1_641' title='bbox 2814 2510 2878 2550; x_wconf 89' lang='lat' dir='ltr'><strong>ea</strong></span> <span class='ocrx_word' id='word_1_642' title='bbox 2903 2502 2958 2551; x_wconf 89' lang='lat' dir='ltr'><strong>te</strong></span> <span class='ocrx_word' id='word_1_643' title='bbox 2980 2498 3186 2566; x_wconf 88' lang='lat' dir='ltr'><strong>possint</strong></span> <span class='ocrx_word' id='word_1_644' title='bbox 3214 2499 3399 2558; x_wconf 83' lang='lat' dir='ltr'><strong>tradu-</strong></span> 
     </span>
    </p>
   </div>
   <div class='ocr_carea' id='block_1_81' title="bbox 1808 2582 3400 2661">
    <p class='ocr_par' dir='ltr' id='par_1_81' title="bbox 1808 2582 3400 2661">
     <span class='ocr_line' id='line_1_81' title="bbox 1808 2582 3400 2661; baseline 0.007 -24"><span class='ocrx_word' id='word_1_645' title='bbox 1808 2596 1952 2638; x_wconf 90' lang='lat' dir='ltr'><strong>cere.</strong></span> <span class='ocrx_word' id='word_1_646' title='bbox 2001 2582 2066 2637; x_wconf 97' lang='grc' dir='ltr'><strong>Ε.</strong></span> <span class='ocrx_word' id='word_1_647' title='bbox 2093 2583 2233 2638; x_wconf 87' lang='lat' dir='ltr'><strong>Nihil</strong></span> <span class='ocrx_word' id='word_1_648' title='bbox 2257 2583 2368 2652; x_wconf 86' lang='lat' dir='ltr'><strong>jam</strong></span> <span class='ocrx_word' id='word_1_649' title='bbox 2409 2598 2750 2654; x_wconf 70' lang='lat' dir='ltr'><strong>praepropere</strong></span> <span class='ocrx_word' id='word_1_650' title='bbox 2797 2584 3145 2644; x_wconf 86' lang='lat' dir='ltr'><strong>desiderabo:</strong></span> <span class='ocrx_word' id='word_1_651' title='bbox 3172 2598 3294 2661; x_wconf 83' lang='lat' dir='ltr'><strong>agat</strong></span> <span class='ocrx_word' id='word_1_652' title='bbox 3333 2606 3400 2648; x_wconf 81' lang='lat' dir='ltr'><strong>ac</strong></span> 
     </span>
    </p>
   </div>
   <div class='ocr_carea' id='block_1_82' title="bbox 1807 2671 3041 2747">
    <p class='ocr_par' dir='ltr' id='par_1_82' title="bbox 1807 2671 3041 2747">
     <span class='ocr_line' id='line_1_82' title="bbox 1807 2671 3041 2747; baseline 0.006 -20"><span class='ocrx_word' id='word_1_653' title='bbox 1807 2671 1968 2729; x_wconf 84' lang='lat' dir='ltr'><strong>ducat</strong></span> <span class='ocrx_word' id='word_1_654' title='bbox 1990 2673 2124 2728; x_wconf 86' lang='lat' dir='ltr'><strong>ratio</strong></span> <span class='ocrx_word' id='word_1_655' title='bbox 2142 2689 2245 2743; x_wconf 87' lang='lat' dir='ltr'><strong>qua</strong></span> <span class='ocrx_word' id='word_1_656' title='bbox 2265 2674 2376 2729; x_wconf 87' lang='lat' dir='ltr'><strong>vult</strong></span> <span class='ocrx_word' id='word_1_657' title='bbox 2390 2674 2429 2739; x_wconf 78' lang='grc' dir='ltr'><strong>ί,</strong></span> <span class='ocrx_word' id='word_1_658' title='bbox 2458 2674 2745 2731; x_wconf 90' lang='lat' dir='ltr'><strong>dummodo</strong></span> <span class='ocrx_word' id='word_1_659' title='bbox 2772 2676 3041 2747; x_wconf 64' lang='lat' dir='ltr'><strong>perdunt.</strong></span> 
     </span>
    </p>
   </div>
   <div class='ocr_carea' id='block_1_83' title="bbox 1808 2764 3396 2838">
    <p class='ocr_par' dir='ltr' id='par_1_83' title="bbox 1808 2764 3396 2838">
     <span class='ocr_line' id='line_1_83' title="bbox 1808 2764 3396 2838; baseline 0.008 -19"><span class='ocrx_word' id='word_1_660' title='bbox 1808 2764 2032 2838; x_wconf 73' lang='lat' dir='ltr'><strong>CAPUT</strong></span> <span class='ocrx_word' id='word_1_661' title='bbox 2070 2764 2308 2838; x_wconf 76' lang='lat' dir='ltr'><strong>vttt._——</strong></span> <span class='ocrx_word' id='word_1_662' title='bbox 2336 2764 2423 2838; x_wconf 14' lang='lat' dir='ltr'><strong>De,</strong></span> <span class='ocrx_word' id='word_1_663' title='bbox 2447 2767 2624 2838; x_wconf 73' lang='lat' dir='ltr'><strong>ﬁguris</strong></span> <span class='ocrx_word' id='word_1_664' title='bbox 2668 2768 3048 2825; x_wconf 73' lang='lat' dir='ltr'><strong>mathematicis.</strong></span> <span class='ocrx_word' id='word_1_665' title='bbox 3079 2769 3210 2838; x_wconf 78' lang='lat' dir='ltr'><strong>Quot</strong></span> <span class='ocrx_word' id='word_1_666' title='bbox 3248 2773 3396 2831; x_wconf 73' lang='lat' dir='ltr'><strong>lineis</strong></span> 
     </span>
    </p>
   </div>
   <div class='ocr_carea' id='block_1_84' title="bbox 1879 2834 3319 2912">
    <p class='ocr_par' dir='ltr' id='par_1_84' title="bbox 1879 2834 3319 2912">
     <span class='ocr_line' id='line_1_84' title="bbox 1879 2834 3319 2912; baseline 0.009 -26"><span class='ocrx_word' id='word_1_667' title='bbox 1879 2835 2042 2905; x_wconf 70' lang='lat' dir='ltr'><strong>ﬁgura</strong></span> <span class='ocrx_word' id='word_1_668' title='bbox 2060 2835 2170 2904; x_wconf 78' lang='lat' dir='ltr'><strong>ﬁat.</strong></span> <span class='ocrx_word' id='word_1_669' title='bbox 2191 2834 2456 2901; x_wconf 81' lang='lat' dir='ltr'><strong>Quomodo</strong></span> <span class='ocrx_word' id='word_1_670' title='bbox 2483 2834 2638 2893; x_wconf 74' lang='lat' dir='ltr'><strong>tribus</strong></span> <span class='ocrx_word' id='word_1_671' title='bbox 2660 2839 2803 2893; x_wconf 80' lang='lat' dir='ltr'><strong>lineis</strong></span> <span class='ocrx_word' id='word_1_672' title='bbox 2820 2840 2987 2910; x_wconf 79' lang='lat' dir='ltr'><strong>ﬁgura</strong></span> <span class='ocrx_word' id='word_1_673' title='bbox 3008 2834 3162 2909; x_wconf 67' lang='lat' dir='ltr'><strong>possit</strong></span> <span class='ocrx_word' id='word_1_674' title='bbox 3186 2843 3319 2912; x_wconf 80' lang='lat' dir='ltr'><strong>ﬁeri.</strong></span> 
     </span>
    </p>
   </div>
   <div class='ocr_carea' id='block_1_85' title="bbox 1878 2928 3396 3002">
    <p class='ocr_par' dir='ltr' id='par_1_85' title="bbox 1878 2928 3396 3002">
     <span class='ocr_line' id='line_1_85' title="bbox 1878 2928 3396 3002; baseline 0.009 -20"><span class='ocrx_word' id='word_1_675' title='bbox 1878 2928 1965 2982; x_wconf 78' lang='grc'><strong>13.</strong></span> <span class='ocrx_word' id='word_1_676' title='bbox 2006 2928 2072 2983; x_wconf 78' lang='grc' dir='ltr'><strong><em>Α.</em></strong></span> <span class='ocrx_word' id='word_1_677' title='bbox 2114 2928 2254 2983; x_wconf 90' lang='lat' dir='ltr'><strong>Deus</strong></span> <span class='ocrx_word' id='word_1_678' title='bbox 2277 2928 2380 2986; x_wconf 89' lang='lat' dir='ltr'><strong>hoc</strong></span> <span class='ocrx_word' id='word_1_679' title='bbox 2407 2928 2582 2996; x_wconf 90' lang='lat' dir='ltr'><strong>faciet,</strong></span> <span class='ocrx_word' id='word_1_680' title='bbox 2615 2933 2705 3002; x_wconf 89' lang='lat' dir='ltr'><strong>qui</strong></span> <span class='ocrx_word' id='word_1_681' title='bbox 2733 2941 2825 2986; x_wconf 89' lang='lat' dir='ltr'><strong>aut</strong></span> <span class='ocrx_word' id='word_1_682' title='bbox 2847 2931 2917 2988; x_wconf 91' lang='lat' dir='ltr'><strong>de</strong></span> <span class='ocrx_word' id='word_1_683' title='bbox 2936 2933 3064 2990; x_wconf 88' lang='lat' dir='ltr'><strong>solis</strong></span> <span class='ocrx_word' id='word_1_684' title='bbox 3087 2935 3283 2994; x_wconf 88' lang='lat' dir='ltr'><strong>talibus</strong></span> <span class='ocrx_word' id='word_1_685' title='bbox 3307 2953 3396 2996; x_wconf 82' lang='lat' dir='ltr'><strong>re-</strong></span> 
     </span>
    </p>
   </div>
   <div class='ocr_carea' id='block_1_86' title="bbox 1805 3020 3398 3096">
    <p class='ocr_par' dir='ltr' id='par_1_86' title="bbox 1805 3020 3398 3096">
     <span class='ocr_line' id='line_1_86' title="bbox 1805 3020 3398 3096; baseline 0.007 -20"><span class='ocrx_word' id='word_1_686' title='bbox 1805 3020 1921 3086; x_wconf 88' lang='lat' dir='ltr'><strong>bus,</strong></span> <span class='ocrx_word' id='word_1_687' title='bbox 1955 3028 2046 3075; x_wconf 91' lang='lat' dir='ltr'><strong>aut</strong></span> <span class='ocrx_word' id='word_1_688' title='bbox 2072 3029 2219 3078; x_wconf 90' lang='lat' dir='ltr'><strong>certe</strong></span> <span class='ocrx_word' id='word_1_689' title='bbox 2247 3021 2316 3077; x_wconf 91' lang='lat' dir='ltr'><strong>de</strong></span> <span class='ocrx_word' id='word_1_690' title='bbox 2345 3022 2428 3078; x_wconf 89' lang='lat' dir='ltr'><strong>his</strong></span> <span class='ocrx_word' id='word_1_691' title='bbox 2455 3024 2683 3080; x_wconf 78' lang='lat' dir='ltr'><strong>maxime</strong></span> <span class='ocrx_word' id='word_1_692' title='bbox 2724 3023 3094 3096; x_wconf 86' lang='lat' dir='ltr'><strong>deprecandus</strong></span> <span class='ocrx_word' id='word_1_693' title='bbox 3138 3037 3242 3086; x_wconf 91' lang='lat' dir='ltr'><strong>est.</strong></span> <span class='ocrx_word' id='word_1_694' title='bbox 3288 3029 3398 3087; x_wconf 87' lang='lat' dir='ltr'><strong>Sed</strong></span> 
     </span>
    </p>
   </div>
   <div class='ocr_carea' id='block_1_87' title="bbox 1804 3114 3397 3194">
    <p class='ocr_par' dir='ltr' id='par_1_87' title="bbox 1804 3114 3397 3194">
     <span class='ocr_line' id='line_1_87' title="bbox 1804 3114 3397 3194; baseline 0.006 -25"><span class='ocrx_word' id='word_1_695' title='bbox 1804 3114 1870 3170; x_wconf 87' lang='lat' dir='ltr'><strong>ad</strong></span> <span class='ocrx_word' id='word_1_696' title='bbox 1900 3129 2013 3171; x_wconf 91' lang='lat' dir='ltr'><strong>rem</strong></span> <span class='ocrx_word' id='word_1_697' title='bbox 2056 3130 2215 3186; x_wconf 89' lang='lat' dir='ltr'><strong>quam</strong></span> <span class='ocrx_word' id='word_1_698' title='bbox 2254 3115 2582 3172; x_wconf 90' lang='lat' dir='ltr'><strong>institueram</strong></span> <span class='ocrx_word' id='word_1_699' title='bbox 2627 3115 2928 3174; x_wconf 82' lang='lat' dir='ltr'><strong>redeamus.</strong></span> <span class='ocrx_word' id='word_1_700' title='bbox 2959 3118 3093 3175; x_wconf 86' lang='lat' dir='ltr'><strong>Nam</strong></span> <span class='ocrx_word' id='word_1_701' title='bbox 3119 3119 3165 3176; x_wconf 90' lang='lat' dir='ltr'><strong>si</strong></span> <span class='ocrx_word' id='word_1_702' title='bbox 3189 3130 3244 3177; x_wconf 91' lang='lat' dir='ltr'><strong>et</strong></span> <span class='ocrx_word' id='word_1_703' title='bbox 3267 3122 3397 3194; x_wconf 90' lang='lat' dir='ltr'><strong>quid</strong></span> 
     </span>
    </p>
   </div>
   <div class='ocr_carea' id='block_1_88' title="bbox 1804 3206 3396 3279">
    <p class='ocr_par' dir='ltr' id='par_1_88' title="bbox 1804 3206 3396 3279">
     <span class='ocr_line' id='line_1_88' title="bbox 1804 3206 3396 3279; baseline 0.008 -20"><span class='ocrx_word' id='word_1_704' title='bbox 1804 3206 1874 3259; x_wconf 92' lang='lat' dir='ltr'><strong>sit</strong></span> <span class='ocrx_word' id='word_1_705' title='bbox 1901 3207 2062 3270; x_wconf 90' lang='lat' dir='ltr'><strong>linea,</strong></span> <span class='ocrx_word' id='word_1_706' title='bbox 2108 3214 2162 3261; x_wconf 93' lang='lat' dir='ltr'><strong>et</strong></span> <span class='ocrx_word' id='word_1_707' title='bbox 2205 3206 2332 3276; x_wconf 88' lang='lat' dir='ltr'><strong>quid</strong></span> <span class='ocrx_word' id='word_1_708' title='bbox 2373 3207 2442 3262; x_wconf 91' lang='lat' dir='ltr'><strong>sit</strong></span> <span class='ocrx_word' id='word_1_709' title='bbox 2471 3207 2634 3279; x_wconf 89' lang='lat' dir='ltr'><strong>ﬁgura</strong></span> <span class='ocrx_word' id='word_1_710' title='bbox 2669 3207 2782 3279; x_wconf 87' lang='lat' dir='ltr'><strong>jam</strong></span> <span class='ocrx_word' id='word_1_711' title='bbox 2823 3209 2915 3265; x_wconf 90' lang='lat' dir='ltr'><strong>tibi</strong></span> <span class='ocrx_word' id='word_1_712' title='bbox 2943 3219 3126 3266; x_wconf 90' lang='lat' dir='ltr'><strong>notum</strong></span> <span class='ocrx_word' id='word_1_713' title='bbox 3154 3220 3271 3278; x_wconf 91' lang='lat' dir='ltr'><strong>est,</strong></span> <span class='ocrx_word' id='word_1_714' title='bbox 3303 3213 3396 3272; x_wconf 89' lang='lat' dir='ltr'><strong>dic</strong></span> 
     </span>
    </p>
   </div>
   <div class='ocr_carea' id='block_1_89' title="bbox 1805 3295 3394 3374">
    <p class='ocr_par' dir='ltr' id='par_1_89' title="bbox 1805 3295 3394 3374">
     <span class='ocr_line' id='line_1_89' title="bbox 1805 3295 3394 3374; baseline 0.006 -25"><span class='ocrx_word' id='word_1_715' title='bbox 1805 3295 1946 3368; x_wconf 91' lang='lat' dir='ltr'><strong>quod</strong></span> <span class='ocrx_word' id='word_1_716' title='bbox 1974 3296 2070 3352; x_wconf 90' lang='lat' dir='ltr'><strong>abs</strong></span> <span class='ocrx_word' id='word_1_717' title='bbox 2096 3305 2149 3352; x_wconf 90' lang='lat' dir='ltr'><strong>te</strong></span> <span class='ocrx_word' id='word_1_718' title='bbox 2172 3311 2374 3368; x_wconf 65' lang='lat' dir='ltr'><strong>quaero,</strong></span> <span class='ocrx_word' id='word_1_719' title='bbox 2405 3295 2457 3352; x_wconf 90' lang='lat' dir='ltr'><strong>id</strong></span> <span class='ocrx_word' id='word_1_720' title='bbox 2477 3306 2559 3352; x_wconf 89' lang='lat' dir='ltr'><strong>est</strong></span> <span class='ocrx_word' id='word_1_721' title='bbox 2582 3308 2760 3354; x_wconf 90' lang='lat' dir='ltr'><strong>utrum</strong></span> <span class='ocrx_word' id='word_1_722' title='bbox 2789 3308 2944 3370; x_wconf 88' lang='lat' dir='ltr'><strong>putes</strong></span> <span class='ocrx_word' id='word_1_723' title='bbox 2974 3301 3136 3357; x_wconf 90' lang='lat' dir='ltr'><strong>ullam</strong></span> <span class='ocrx_word' id='word_1_724' title='bbox 3168 3302 3394 3374; x_wconf 87' lang='lat' dir='ltr'><strong>ﬁguram</strong></span> 
     </span>
    </p>
   </div>
   <div class='ocr_carea' id='block_1_90' title="bbox 1805 3387 3397 3462">
    <p class='ocr_par' dir='ltr' id='par_1_90' title="bbox 1805 3387 3397 3462">
     <span class='ocr_line' id='line_1_90' title="bbox 1805 3387 3397 3462; baseline 0.008 -21"><span class='ocrx_word' id='word_1_725' title='bbox 1805 3387 1919 3442; x_wconf 89' lang='lat' dir='ltr'><strong>ﬁeri</strong></span> <span class='ocrx_word' id='word_1_726' title='bbox 1965 3402 2144 3458; x_wconf 87' lang='lat' dir='ltr'><strong>posse,</strong></span> <span class='ocrx_word' id='word_1_727' title='bbox 2187 3388 2231 3443; x_wconf 90' lang='lat' dir='ltr'><strong>si</strong></span> <span class='ocrx_word' id='word_1_728' title='bbox 2260 3389 2402 3444; x_wconf 88' lang='lat' dir='ltr'><strong>linea</strong></span> <span class='ocrx_word' id='word_1_729' title='bbox 2430 3403 2494 3444; x_wconf 81' lang='lat' dir='ltr'><strong>ex</strong></span> <span class='ocrx_word' id='word_1_730' title='bbox 2537 3397 2759 3460; x_wconf 88' lang='lat' dir='ltr'><strong>utraque</strong></span> <span class='ocrx_word' id='word_1_731' title='bbox 2803 3401 2981 3462; x_wconf 90' lang='lat' dir='ltr'><strong>parte,</strong></span> <span class='ocrx_word' id='word_1_732' title='bbox 3011 3401 3104 3449; x_wconf 92' lang='lat' dir='ltr'><strong>aut</strong></span> <span class='ocrx_word' id='word_1_733' title='bbox 3131 3409 3199 3450; x_wconf 80' lang='lat' dir='ltr'><strong>ex</strong></span> <span class='ocrx_word' id='word_1_734' title='bbox 3226 3396 3397 3454; x_wconf 83' lang='lat' dir='ltr'><strong>altera</strong></span> 
     </span>
    </p>
   </div>
   <div class='ocr_carea' id='block_1_91' title="bbox 1799 3479 3392 3556">
    <p class='ocr_par' dir='ltr' id='par_1_91' title="bbox 1799 3479 3392 3556">
     <span class='ocr_line' id='line_1_91' title="bbox 1799 3479 3392 3556; baseline 0.008 -24"><span class='ocrx_word' id='word_1_735' title='bbox 1799 3493 1897 3550; x_wconf 86' lang='lat' dir='ltr'><strong>per</strong></span> <span class='ocrx_word' id='word_1_736' title='bbox 1937 3479 2198 3534; x_wconf 91' lang='lat' dir='ltr'><strong>inﬁnitum</strong></span> <span class='ocrx_word' id='word_1_737' title='bbox 2242 3479 2503 3534; x_wconf 89' lang='lat' dir='ltr'><strong>ducatur?</strong></span> <span class='ocrx_word' id='word_1_738' title='bbox 2531 3479 2594 3534; x_wconf 91' lang='grc' dir='ltr'><strong>Ε.</strong></span> <span class='ocrx_word' id='word_1_739' title='bbox 2635 3479 2788 3537; x_wconf 79' lang='lat' dir='ltr'><strong>Nullo</strong></span> <span class='ocrx_word' id='word_1_740' title='bbox 2817 3482 2977 3538; x_wconf 90' lang='lat' dir='ltr'><strong>modo</strong></span> <span class='ocrx_word' id='word_1_741' title='bbox 3006 3483 3058 3539; x_wconf 92' lang='lat' dir='ltr'><strong>id</strong></span> <span class='ocrx_word' id='word_1_742' title='bbox 3083 3482 3198 3540; x_wconf 87' lang='lat' dir='ltr'><strong>ﬁeri</strong></span> <span class='ocrx_word' id='word_1_743' title='bbox 3227 3501 3392 3556; x_wconf 84' lang='lat' dir='ltr'><strong>posse</strong></span> 
     </span>
    </p>
   </div>
   <div class='ocr_carea' id='block_1_92' title="bbox 1801 3568 3398 3647">
    <p class='ocr_par' dir='ltr' id='par_1_92' title="bbox 1801 3568 3398 3647">
     <span class='ocr_line' id='line_1_92' title="bbox 1801 3568 3398 3647; baseline 0.006 -23"><span class='ocrx_word' id='word_1_744' title='bbox 1801 3569 2079 3624; x_wconf 89' lang='lat' dir='ltr'><strong>conﬁrmo.</strong></span> <span class='ocrx_word' id='word_1_745' title='bbox 2110 3568 2176 3622; x_wconf 82' lang='grc' dir='ltr'><strong><em>Α.</em></strong></span> <span class='ocrx_word' id='word_1_746' title='bbox 2207 3568 2343 3636; x_wconf 87' lang='lat' dir='ltr'><strong>Quid</strong></span> <span class='ocrx_word' id='word_1_747' title='bbox 2375 3570 2536 3640; x_wconf 87' lang='lat' dir='ltr'><strong>igitur</strong></span> <span class='ocrx_word' id='word_1_748' title='bbox 2575 3571 2836 3641; x_wconf 89' lang='lat' dir='ltr'><strong>agendum</strong></span> <span class='ocrx_word' id='word_1_749' title='bbox 2865 3582 2948 3630; x_wconf 88' lang='lat' dir='ltr'><strong>est</strong></span> <span class='ocrx_word' id='word_1_750' title='bbox 2981 3583 3037 3630; x_wconf 92' lang='lat' dir='ltr'><strong>ut</strong></span> <span class='ocrx_word' id='word_1_751' title='bbox 3066 3574 3288 3647; x_wconf 85' lang='lat' dir='ltr'><strong>ﬁguram</strong></span> <span class='ocrx_word' id='word_1_752' title='bbox 3315 3575 3398 3634; x_wconf 83' lang='lat' dir='ltr'><strong>fa-</strong></span> 
     </span>
    </p>
   </div>
   <div class='ocr_carea' id='block_1_93' title="bbox 1800 3657 3396 3736">
    <p class='ocr_par' dir='ltr' id='par_1_93' title="bbox 1800 3657 3396 3736">
     <span class='ocr_line' id='line_1_93' title="bbox 1800 3657 3396 3736; baseline 0.01 -24"><span class='ocrx_word' id='word_1_753' title='bbox 1800 3658 2036 3714; x_wconf 86' lang='lat' dir='ltr'><strong>ciamus?</strong></span> <span class='ocrx_word' id='word_1_754' title='bbox 2066 3657 2130 3712; x_wconf 89' lang='lat' dir='ltr'><strong>E.</strong></span> <span class='ocrx_word' id='word_1_755' title='bbox 2154 3659 2314 3726; x_wconf 86' lang='lat' dir='ltr'><strong>Quid,</strong></span> <span class='ocrx_word' id='word_1_756' title='bbox 2345 3660 2443 3715; x_wconf 81' lang='lat' dir='ltr'><strong>nisi</strong></span> <span class='ocrx_word' id='word_1_757' title='bbox 2473 3669 2532 3715; x_wconf 90' lang='lat' dir='ltr'><strong>ttt</strong></span> <span class='ocrx_word' id='word_1_758' title='bbox 2564 3661 2650 3716; x_wconf 91' lang='lat' dir='ltr'><strong>illa</strong></span> <span class='ocrx_word' id='word_1_759' title='bbox 2682 3662 2822 3718; x_wconf 89' lang='lat' dir='ltr'><strong>linea</strong></span> <span class='ocrx_word' id='word_1_760' title='bbox 2851 3664 3051 3721; x_wconf 88' lang='lat' dir='ltr'><strong>inﬁnita</strong></span> <span class='ocrx_word' id='word_1_761' title='bbox 3086 3682 3192 3723; x_wconf 90' lang='lat' dir='ltr'><strong>non</strong></span> <span class='ocrx_word' id='word_1_762' title='bbox 3221 3668 3310 3736; x_wconf 89' lang='lat' dir='ltr'><strong>sit,</strong></span> <span class='ocrx_word' id='word_1_763' title='bbox 3334 3679 3396 3728; x_wconf 84' lang='lat' dir='ltr'><strong>et</strong></span> 
     </span>
    </p>
   </div>
   <div class='ocr_carea' id='block_1_94' title="bbox 1800 3748 3393 3830">
    <p class='ocr_par' dir='ltr' id='par_1_94' title="bbox 1800 3748 3393 3830">
     <span class='ocr_line' id='line_1_94' title="bbox 1800 3748 3393 3830; baseline 0.008 -26"><span class='ocrx_word' id='word_1_764' title='bbox 1800 3748 2022 3805; x_wconf 87' lang='lat' dir='ltr'><strong>ducatur</strong></span> <span class='ocrx_word' id='word_1_765' title='bbox 2044 3751 2094 3804; x_wconf 90' lang='lat' dir='ltr'><strong>in</strong></span> <span class='ocrx_word' id='word_1_766' title='bbox 2121 3750 2398 3815; x_wconf 88' lang='lat' dir='ltr'><strong>circulum,</strong></span> <span class='ocrx_word' id='word_1_767' title='bbox 2426 3760 2484 3806; x_wconf 90' lang='lat' dir='ltr'><strong>ut</strong></span> <span class='ocrx_word' id='word_1_768' title='bbox 2509 3767 2574 3808; x_wconf 85' lang='lat' dir='ltr'><strong>ex</strong></span> <span class='ocrx_word' id='word_1_769' title='bbox 2595 3753 2695 3807; x_wconf 91' lang='lat' dir='ltr'><strong>alia</strong></span> <span class='ocrx_word' id='word_1_770' title='bbox 2716 3763 2865 3824; x_wconf 87' lang='lat' dir='ltr'><strong>parte</strong></span> <span class='ocrx_word' id='word_1_771' title='bbox 2880 3757 3261 3830; x_wconf 89' lang='lat' dir='ltr'><strong>secontingat?</strong></span> <span class='ocrx_word' id='word_1_772' title='bbox 3281 3774 3393 3817; x_wconf 88' lang='lat' dir='ltr'><strong>non</strong></span> 
     </span>
    </p>
   </div>
   <div class='ocr_carea' id='block_1_95' title="bbox 1799 3842 3390 3915">
    <p class='ocr_par' dir='ltr' id='par_1_95' title="bbox 1799 3842 3390 3915">
     <span class='ocr_line' id='line_1_95' title="bbox 1799 3842 3390 3915; baseline 0.006 -18"><span class='ocrx_word' id='word_1_773' title='bbox 1799 3843 1940 3897; x_wconf 90' lang='lat' dir='ltr'><strong>enim</strong></span> <span class='ocrx_word' id='word_1_774' title='bbox 1969 3843 2146 3908; x_wconf 92' lang='lat' dir='ltr'><strong>video,</strong></span> <span class='ocrx_word' id='word_1_775' title='bbox 2188 3842 2454 3914; x_wconf 88' lang='lat' dir='ltr'><strong>quomodo</strong></span> <span class='ocrx_word' id='word_1_776' title='bbox 2482 3843 2638 3899; x_wconf 89' lang='lat' dir='ltr'><strong>aliter</strong></span> <span class='ocrx_word' id='word_1_777' title='bbox 2662 3846 2829 3915; x_wconf 88' lang='lat' dir='ltr'><strong>possit</strong></span> <span class='ocrx_word' id='word_1_778' title='bbox 2861 3862 2925 3901; x_wconf 77' lang='lat' dir='ltr'><strong>ex</strong></span> <span class='ocrx_word' id='word_1_779' title='bbox 2956 3862 3058 3902; x_wconf 91' lang='lat' dir='ltr'><strong>una</strong></span> <span class='ocrx_word' id='word_1_780' title='bbox 3084 3848 3225 3905; x_wconf 89' lang='lat' dir='ltr'><strong>linea</strong></span> <span class='ocrx_word' id='word_1_781' title='bbox 3253 3865 3390 3907; x_wconf 89' lang='lat' dir='ltr'><strong>con-</strong></span> 
     </span>
    </p>
   </div>
   <div class='ocr_carea' id='block_1_96' title="bbox 1799 3933 3388 4005">
    <p class='ocr_par' dir='ltr' id='par_1_96' title="bbox 1799 3933 3388 4005">
     <span class='ocr_line' id='line_1_96' title="bbox 1799 3933 3388 4005; baseline 0.007 -17"><span class='ocrx_word' id='word_1_782' title='bbox 1799 3933 1940 3988; x_wconf 90' lang='lat' dir='ltr'><strong>cludi</strong></span> <span class='ocrx_word' id='word_1_783' title='bbox 1971 3933 2185 4004; x_wconf 80' lang='lat' dir='ltr'><strong>aliquod</strong></span> <span class='ocrx_word' id='word_1_784' title='bbox 2213 3935 2472 4005; x_wconf 82' lang='lat' dir='ltr'><strong>spatium;</strong></span> <span class='ocrx_word' id='word_1_785' title='bbox 2501 3936 2641 4005; x_wconf 90' lang='lat' dir='ltr'><strong>quod</strong></span> <span class='ocrx_word' id='word_1_786' title='bbox 2665 3937 2764 3991; x_wconf 88' lang='lat' dir='ltr'><strong>nisi</strong></span> <span class='ocrx_word' id='word_1_787' title='bbox 2793 3938 2902 4005; x_wconf 89' lang='lat' dir='ltr'><strong>ﬁat,</strong></span> <span class='ocrx_word' id='word_1_788' title='bbox 2925 3939 3216 3996; x_wconf 88' lang='lat' dir='ltr'><strong>secundum</strong></span> <span class='ocrx_word' id='word_1_789' title='bbox 3241 3950 3388 3999; x_wconf 87' lang='lat' dir='ltr'><strong>tuam</strong></span> 
     </span>
    </p>
   </div>
   <div class='ocr_carea' id='block_1_97' title="bbox 1797 4023 3388 4096">
    <p class='ocr_par' dir='ltr' id='par_1_97' title="bbox 1797 4023 3388 4096">
     <span class='ocr_line' id='line_1_97' title="bbox 1797 4023 3388 4096; baseline 0.007 -18"><span class='ocrx_word' id='word_1_790' title='bbox 1797 4023 2232 4095; x_wconf 86' lang='lat' dir='ltr'><strong>descriptionem,</strong></span> <span class='ocrx_word' id='word_1_791' title='bbox 2258 4025 2421 4095; x_wconf 89' lang='lat' dir='ltr'><strong>ﬁgura</strong></span> <span class='ocrx_word' id='word_1_792' title='bbox 2441 4040 2547 4081; x_wconf 89' lang='lat' dir='ltr'><strong>non</strong></span> <span class='ocrx_word' id='word_1_793' title='bbox 2570 4027 2691 4080; x_wconf 90' lang='lat' dir='ltr'><strong>erit.</strong></span> <span class='ocrx_word' id='word_1_794' title='bbox 2713 4027 2776 4080; x_wconf 80' lang='grc' dir='ltr'><strong><em>Α.</em></strong></span> <span class='ocrx_word' id='word_1_795' title='bbox 2802 4027 2960 4096; x_wconf 89' lang='lat' dir='ltr'><strong>Quid,</strong></span> <span class='ocrx_word' id='word_1_796' title='bbox 2983 4029 3028 4083; x_wconf 90' lang='lat' dir='ltr'><strong>si</strong></span> <span class='ocrx_word' id='word_1_797' title='bbox 3054 4030 3212 4086; x_wconf 87' lang='lat' dir='ltr'><strong>rectis</strong></span> <span class='ocrx_word' id='word_1_798' title='bbox 3231 4031 3388 4090; x_wconf 82' lang='lat' dir='ltr'><strong>lineis</strong></span> 
     </span>
    </p>
   </div>
   <div class='ocr_carea' id='block_1_98' title="bbox 1799 4115 3384 4191">
    <p class='ocr_par' dir='ltr' id='par_1_98' title="bbox 1799 4115 3384 4191">
     <span class='ocr_line' id='line_1_98' title="bbox 1799 4115 3384 4191; baseline 0.006 -22"><span class='ocrx_word' id='word_1_799' title='bbox 1799 4115 2019 4186; x_wconf 80' lang='lat' dir='ltr'><strong>ﬁguram</strong></span> <span class='ocrx_word' id='word_1_800' title='bbox 2054 4115 2228 4170; x_wconf 90' lang='lat' dir='ltr'><strong>facere</strong></span> <span class='ocrx_word' id='word_1_801' title='bbox 2254 4116 2452 4170; x_wconf 87' lang='lat' dir='ltr'><strong>velim?</strong></span> <span class='ocrx_word' id='word_1_802' title='bbox 2472 4124 2644 4187; x_wconf 89' lang='lat' dir='ltr'><strong>potest</strong></span> <span class='ocrx_word' id='word_1_803' title='bbox 2672 4117 2788 4173; x_wconf 89' lang='lat' dir='ltr'><strong>ﬁeri</strong></span> <span class='ocrx_word' id='word_1_804' title='bbox 2815 4127 2870 4172; x_wconf 93' lang='lat' dir='ltr'><strong>ut</strong></span> <span class='ocrx_word' id='word_1_805' title='bbox 2892 4117 2960 4176; x_wconf 91' lang='lat' dir='ltr'><strong>de</strong></span> <span class='ocrx_word' id='word_1_806' title='bbox 2985 4135 3088 4175; x_wconf 90' lang='lat' dir='ltr'><strong>una</strong></span> <span class='ocrx_word' id='word_1_807' title='bbox 3108 4120 3245 4176; x_wconf 90' lang='lat' dir='ltr'><strong>linea</strong></span> <span class='ocrx_word' id='word_1_808' title='bbox 3270 4122 3384 4191; x_wconf 88' lang='lat' dir='ltr'><strong>ﬁat,</strong></span> 
     </span>
    </p>
   </div>
   <div class='ocr_carea' id='block_1_99' title="bbox 1798 4207 3385 4279">
    <p class='ocr_par' dir='ltr' id='par_1_99' title="bbox 1798 4207 3385 4279">
     <span class='ocr_line' id='line_1_99' title="bbox 1798 4207 3385 4279; baseline 0.008 -18"><span class='ocrx_word' id='word_1_809' title='bbox 1798 4223 1865 4262; x_wconf 92' lang='lat' dir='ltr'><strong>an</strong></span> <span class='ocrx_word' id='word_1_810' title='bbox 1886 4224 1992 4264; x_wconf 91' lang='lat' dir='ltr'><strong>non</strong></span> <span class='ocrx_word' id='word_1_811' title='bbox 2021 4209 2227 4279; x_wconf 89' lang='lat' dir='ltr'><strong>potest?</strong></span> <span class='ocrx_word' id='word_1_812' title='bbox 2256 4208 2322 4263; x_wconf 87' lang='lat' dir='ltr'><strong>E.</strong></span> <span class='ocrx_word' id='word_1_813' title='bbox 2350 4207 2504 4263; x_wconf 90' lang='lat' dir='ltr'><strong>Nullo</strong></span> <span class='ocrx_word' id='word_1_814' title='bbox 2533 4209 2712 4264; x_wconf 89' lang='lat' dir='ltr'><strong>modo.</strong></span> <span class='ocrx_word' id='word_1_815' title='bbox 2751 4209 2815 4263; x_wconf 87' lang='lat' dir='ltr'><strong>A.</strong></span> <span class='ocrx_word' id='word_1_816' title='bbox 2851 4211 3008 4279; x_wconf 89' lang='lat' dir='ltr'><strong>Quid,</strong></span> <span class='ocrx_word' id='word_1_817' title='bbox 3047 4211 3288 4269; x_wconf 87' lang='lat' dir='ltr'><strong>duabus?</strong></span> <span class='ocrx_word' id='word_1_818' title='bbox 3314 4214 3385 4274; x_wconf 85' lang='lat' dir='ltr'><strong>E.</strong></span> 
     </span>
    </p>
   </div>
   <div class='ocr_carea' id='block_1_100' title="bbox 1798 4300 3384 4376">
    <p class='ocr_par' dir='ltr' id='par_1_100' title="bbox 1798 4300 3384 4376">
     <span class='ocr_line' id='line_1_100' title="bbox 1798 4300 3384 4376; baseline 0.006 -20"><span class='ocrx_word' id='word_1_819' title='bbox 1798 4300 1877 4358; x_wconf 84' lang='lat' dir='ltr'><strong>Ne</strong></span> <span class='ocrx_word' id='word_1_820' title='bbox 1906 4303 2009 4358; x_wconf 89' lang='lat' dir='ltr'><strong>hoc</strong></span> <span class='ocrx_word' id='word_1_821' title='bbox 2035 4301 2268 4371; x_wconf 84' lang='lat' dir='ltr'><strong>quidem.</strong></span> <span class='ocrx_word' id='word_1_822' title='bbox 2298 4300 2362 4357; x_wconf 77' lang='grc' dir='ltr'><strong><em>Α.</em></strong></span> <span class='ocrx_word' id='word_1_823' title='bbox 2392 4301 2550 4371; x_wconf 88' lang='lat' dir='ltr'><strong>Quid,</strong></span> <span class='ocrx_word' id='word_1_824' title='bbox 2593 4303 2798 4358; x_wconf 89' lang='lat' dir='ltr'><strong>tribus?</strong></span> <span class='ocrx_word' id='word_1_825' title='bbox 2826 4303 2886 4358; x_wconf 86' lang='lat' dir='ltr'><strong>E.</strong></span> <span class='ocrx_word' id='word_1_826' title='bbox 2918 4304 3083 4360; x_wconf 83' lang='lat' dir='ltr'><strong>Video</strong></span> <span class='ocrx_word' id='word_1_827' title='bbox 3110 4320 3285 4376; x_wconf 89' lang='lat' dir='ltr'><strong>posse.</strong></span> <span class='ocrx_word' id='word_1_828' title='bbox 3316 4307 3384 4365; x_wconf 79' lang='grc' dir='ltr'><strong><em>Α.</em></strong></span> 
     </span>
    </p>
   </div>
   <div class='ocr_carea' id='block_1_101' title="bbox 1799 4393 3385 4465">
    <p class='ocr_par' dir='ltr' id='par_1_101' title="bbox 1799 4393 3385 4465">
     <span class='ocr_line' id='line_1_101' title="bbox 1799 4393 3385 4465; baseline 0.003 -17"><span class='ocrx_word' id='word_1_829' title='bbox 1799 4393 1942 4449; x_wconf 88' lang='lat' dir='ltr'><strong>Bene</strong></span> <span class='ocrx_word' id='word_1_830' title='bbox 1967 4393 2124 4464; x_wconf 88' lang='lat' dir='ltr'><strong>igitur</strong></span> <span class='ocrx_word' id='word_1_831' title='bbox 2144 4395 2282 4450; x_wconf 91' lang='lat' dir='ltr'><strong>nosti</strong></span> <span class='ocrx_word' id='word_1_832' title='bbox 2304 4409 2368 4451; x_wconf 91' lang='lat' dir='ltr'><strong>ac</strong></span> <span class='ocrx_word' id='word_1_833' title='bbox 2387 4403 2694 4456; x_wconf 84' lang='lat' dir='ltr'><strong>tenes,cum</strong></span> <span class='ocrx_word' id='word_1_834' title='bbox 2717 4393 2880 4465; x_wconf 88' lang='lat' dir='ltr'><strong>ﬁgura</strong></span> <span class='ocrx_word' id='word_1_835' title='bbox 2920 4395 3076 4452; x_wconf 90' lang='lat' dir='ltr'><strong>lineis</strong></span> <span class='ocrx_word' id='word_1_836' title='bbox 3116 4397 3276 4452; x_wconf 90' lang='lat' dir='ltr'><strong>rectis</strong></span> <span class='ocrx_word' id='word_1_837' title='bbox 3304 4399 3385 4453; x_wconf 80' lang='lat' dir='ltr'><strong>fa-</strong></span> 
     </span>
    </p>
   </div>
   <div class='ocr_carea' id='block_1_102' title="bbox 1799 4484 3382 4557">
    <p class='ocr_par' dir='ltr' id='par_1_102' title="bbox 1799 4484 3382 4557">
     <span class='ocr_line' id='line_1_102' title="bbox 1799 4484 3382 4557; baseline 0.005 -17"><span class='ocrx_word' id='word_1_838' title='bbox 1799 4484 1985 4540; x_wconf 91' lang='lat' dir='ltr'><strong>cienda</strong></span> <span class='ocrx_word' id='word_1_839' title='bbox 2006 4493 2105 4548; x_wconf 91' lang='lat' dir='ltr'><strong>est,</strong></span> <span class='ocrx_word' id='word_1_840' title='bbox 2130 4485 2305 4540; x_wconf 90' lang='lat' dir='ltr'><strong>minus</strong></span> <span class='ocrx_word' id='word_1_841' title='bbox 2320 4501 2479 4557; x_wconf 88' lang='lat' dir='ltr'><strong>quam</strong></span> <span class='ocrx_word' id='word_1_842' title='bbox 2501 4485 2669 4540; x_wconf 89' lang='lat' dir='ltr'><strong>tribus</strong></span> <span class='ocrx_word' id='word_1_843' title='bbox 2686 4501 2790 4542; x_wconf 93' lang='lat' dir='ltr'><strong>non</strong></span> <span class='ocrx_word' id='word_1_844' title='bbox 2809 4501 2984 4556; x_wconf 86' lang='lat' dir='ltr'><strong>posse.</strong></span> <span class='ocrx_word' id='word_1_845' title='bbox 3003 4491 3083 4543; x_wconf 81' lang='lat' dir='ltr'><strong>An</strong></span> <span class='ocrx_word' id='word_1_846' title='bbox 3100 4489 3145 4544; x_wconf 89' lang='lat' dir='ltr'><strong>si</strong></span> <span class='ocrx_word' id='word_1_847' title='bbox 3164 4489 3270 4545; x_wconf 89' lang='lat' dir='ltr'><strong>ulla</strong></span> <span class='ocrx_word' id='word_1_848' title='bbox 3289 4490 3382 4548; x_wconf 89' lang='lat' dir='ltr'><strong>tibi</strong></span> 
     </span>
    </p>
   </div>
   <div class='ocr_carea' id='block_1_103' title="bbox 1799 4576 3384 4642">
    <p class='ocr_par' dir='ltr' id='par_1_103' title="bbox 1799 4576 3384 4642">
     <span class='ocr_line' id='line_1_103' title="bbox 1799 4576 3384 4642; baseline 0.006 -13"><span class='ocrx_word' id='word_1_849' title='bbox 1799 4576 2106 4631; x_wconf 83' lang='lat' dir='ltr'><strong>adversetur</strong></span> <span class='ocrx_word' id='word_1_850' title='bbox 2119 4578 2272 4642; x_wconf 87' lang='lat' dir='ltr'><strong>ratio,</strong></span> <span class='ocrx_word' id='word_1_851' title='bbox 2285 4577 2351 4631; x_wconf 84' lang='lat' dir='ltr'><strong>de</strong></span> <span class='ocrx_word' id='word_1_852' title='bbox 2363 4577 2460 4632; x_wconf 89' lang='lat' dir='ltr'><strong>hac</strong></span> <span class='ocrx_word' id='word_1_853' title='bbox 2478 4585 2528 4631; x_wconf 90' lang='lat' dir='ltr'><strong>te</strong></span> <span class='ocrx_word' id='word_1_854' title='bbox 2545 4576 2806 4632; x_wconf 85' lang='lat' dir='ltr'><strong>sententia</strong></span> <span class='ocrx_word' id='word_1_855' title='bbox 2820 4577 3133 4634; x_wconf 88' lang='lat' dir='ltr'><strong>devocabit?</strong></span> <span class='ocrx_word' id='word_1_856' title='bbox 3149 4579 3192 4634; x_wconf 88' lang='grc' dir='ltr'><strong>Ε</strong></span> <span class='ocrx_word' id='word_1_857' title='bbox 3197 4580 3384 4639; x_wconf 87' lang='lat' dir='ltr'><strong>.Plane</strong></span> 
     </span>
    </p>
   </div>
   <div class='ocr_carea' id='block_1_104' title="bbox 1800 4667 3385 4737">
    <p class='ocr_par' dir='ltr' id='par_1_104' title="bbox 1800 4667 3385 4737">
     <span class='ocr_line' id='line_1_104' title="bbox 1800 4667 3385 4737; baseline 0.005 -15"><span class='ocrx_word' id='word_1_858' title='bbox 1800 4668 1845 4722; x_wconf 91' lang='lat' dir='ltr'><strong>si</strong></span> <span class='ocrx_word' id='word_1_859' title='bbox 1876 4667 1996 4737; x_wconf 90' lang='lat' dir='ltr'><strong>quis</strong></span> <span class='ocrx_word' id='word_1_860' title='bbox 2020 4667 2146 4722; x_wconf 89' lang='lat' dir='ltr'><strong>mihi</strong></span> <span class='ocrx_word' id='word_1_861' title='bbox 2180 4668 2282 4723; x_wconf 87' lang='lat' dir='ltr'><strong>hoc</strong></span> <span class='ocrx_word' id='word_1_862' title='bbox 2311 4667 2498 4722; x_wconf 85' lang='lat' dir='ltr'><strong>falsum</strong></span> <span class='ocrx_word' id='word_1_863' title='bbox 2527 4683 2648 4724; x_wconf 90' lang='lat' dir='ltr'><strong>esse</strong></span> <span class='ocrx_word' id='word_1_864' title='bbox 2678 4669 3084 4734; x_wconf 66' lang='lat' dir='ltr'><strong>molnstraverit,</strong></span> <span class='ocrx_word' id='word_1_865' title='bbox 3109 4670 3238 4728; x_wconf 90' lang='lat' dir='ltr'><strong>nihil</strong></span> <span class='ocrx_word' id='word_1_866' title='bbox 3279 4674 3385 4730; x_wconf 89' lang='lat' dir='ltr'><strong>erit</strong></span> 
     </span>
    </p>
   </div>
   <div class='ocr_carea' id='block_1_105' title="bbox 1798 4755 3386 4831">
    <p class='ocr_par' dir='ltr' id='par_1_105' title="bbox 1798 4755 3386 4831">
     <span class='ocr_line' id='line_1_105' title="bbox 1798 4755 3386 4831; baseline 0.009 -24"><span class='ocrx_word' id='word_1_867' title='bbox 1798 4755 1937 4826; x_wconf 89' lang='lat' dir='ltr'><strong>quod</strong></span> <span class='ocrx_word' id='word_1_868' title='bbox 1969 4771 2052 4810; x_wconf 91' lang='lat' dir='ltr'><strong>me</strong></span> <span class='ocrx_word' id='word_1_869' title='bbox 2078 4756 2215 4812; x_wconf 89' lang='lat' dir='ltr'><strong>scire</strong></span> <span class='ocrx_word' id='word_1_870' title='bbox 2246 4772 2401 4827; x_wconf 89' lang='lat' dir='ltr'><strong>posse</strong></span> <span class='ocrx_word' id='word_1_871' title='bbox 2425 4757 2707 4814; x_wconf 90' lang='lat' dir='ltr'><strong>conﬁdam.</strong></span> <span class='ocrx_word' id='word_1_872' title='bbox 2735 4758 2802 4813; x_wconf 82' lang='lat' dir='ltr'><strong>A.</strong></span> <span class='ocrx_word' id='word_1_873' title='bbox 2830 4759 2979 4816; x_wconf 85' lang='lat' dir='ltr'><strong>Nunc</strong></span> <span class='ocrx_word' id='word_1_874' title='bbox 2995 4775 3124 4831; x_wconf 85' lang='lat' dir='ltr'><strong>ergo</strong></span> <span class='ocrx_word' id='word_1_875' title='bbox 3149 4762 3277 4820; x_wconf 90' lang='lat' dir='ltr'><strong>illud</strong></span> <span class='ocrx_word' id='word_1_876' title='bbox 3298 4779 3386 4820; x_wconf 88' lang='lat' dir='ltr'><strong>re-</strong></span> 
     </span>
    </p>
   </div>
   <div class='ocr_carea' id='block_1_106' title="bbox 1799 4846 3382 4920">
    <p class='ocr_par' dir='ltr' id='par_1_106' title="bbox 1799 4846 3382 4920">
     <span class='ocr_line' id='line_1_106' title="bbox 1799 4846 3382 4920; baseline 0.008 -20"><span class='ocrx_word' id='word_1_877' title='bbox 1799 4846 2020 4916; x_wconf 90' lang='lat' dir='ltr'><strong>sponde,</strong></span> <span class='ocrx_word' id='word_1_878' title='bbox 2037 4847 2304 4918; x_wconf 91' lang='lat' dir='ltr'><strong>quomodo</strong></span> <span class='ocrx_word' id='word_1_879' title='bbox 2319 4848 2486 4903; x_wconf 89' lang='lat' dir='ltr'><strong>tribus</strong></span> <span class='ocrx_word' id='word_1_880' title='bbox 2503 4848 2654 4905; x_wconf 90' lang='lat' dir='ltr'><strong>lineis</strong></span> <span class='ocrx_word' id='word_1_881' title='bbox 2676 4849 2898 4920; x_wconf 84' lang='lat' dir='ltr'><strong>ﬁguram</strong></span> <span class='ocrx_word' id='word_1_882' title='bbox 2921 4852 3146 4910; x_wconf 86' lang='lat' dir='ltr'><strong>feceris?</strong></span> <span class='ocrx_word' id='word_1_883' title='bbox 3164 4854 3230 4910; x_wconf 89' lang='grc' dir='ltr'><strong>Ε.</strong></span> <span class='ocrx_word' id='word_1_884' title='bbox 3249 4857 3382 4913; x_wconf 79' lang='lat' dir='ltr'><strong>Cum</strong></span> 
     </span>
    </p>
   </div>
   <div class='ocr_carea' id='block_1_107' title="bbox 1798 4935 3383 5014">
    <p class='ocr_par' dir='ltr' id='par_1_107' title="bbox 1798 4935 3383 5014">
     <span class='ocr_line' id='line_1_107' title="bbox 1798 4935 3383 5014; baseline 0.006 -22"><span class='ocrx_word' id='word_1_885' title='bbox 1798 4950 1857 4992; x_wconf 86' lang='lat' dir='ltr'><strong>se</strong></span> <span class='ocrx_word' id='word_1_886' title='bbox 1882 4935 2075 4992; x_wconf 88' lang='lat' dir='ltr'><strong>ﬁnibus</strong></span> <span class='ocrx_word' id='word_1_887' title='bbox 2092 4936 2341 5008; x_wconf 88' lang='lat' dir='ltr'><strong>jungunt.</strong></span> <span class='ocrx_word' id='word_1_888' title='bbox 2371 4938 2434 4993; x_wconf 82' lang='grc' dir='ltr'><strong><em>Α.</em></strong></span> <span class='ocrx_word' id='word_1_889' title='bbox 2458 4939 2629 5007; x_wconf 88' lang='lat' dir='ltr'><strong>Quid?</strong></span> <span class='ocrx_word' id='word_1_890' title='bbox 2650 4940 2739 4996; x_wconf 89' lang='lat' dir='ltr'><strong>ubi</strong></span> <span class='ocrx_word' id='word_1_891' title='bbox 2759 4957 2818 4997; x_wconf 89' lang='lat' dir='ltr'><strong>se</strong></span> <span class='ocrx_word' id='word_1_892' title='bbox 2836 4941 3082 5014; x_wconf 82' lang='lat' dir='ltr'><strong>jungunt,</strong></span> <span class='ocrx_word' id='word_1_893' title='bbox 3108 4961 3285 5003; x_wconf 89' lang='lat' dir='ltr'><strong>nonne</strong></span> <span class='ocrx_word' id='word_1_894' title='bbox 3305 4947 3383 5002; x_wconf 86' lang='lat' dir='ltr'><strong>vi-</strong></span> 
     </span>
    </p>
   </div>
   <div class='ocr_carea' id='block_1_108' title="bbox 1798 5027 3382 5108">
    <p class='ocr_par' dir='ltr' id='par_1_108' title="bbox 1798 5027 3382 5108">
     <span class='ocr_line' id='line_1_108' title="bbox 1798 5027 3382 5108; baseline 0.007 -26"><span class='ocrx_word' id='word_1_895' title='bbox 1798 5027 1952 5083; x_wconf 89' lang='lat' dir='ltr'><strong>detur</strong></span> <span class='ocrx_word' id='word_1_896' title='bbox 1983 5027 2073 5082; x_wconf 88' lang='lat' dir='ltr'><strong>tibi</strong></span> <span class='ocrx_word' id='word_1_897' title='bbox 2098 5030 2327 5099; x_wconf 89' lang='lat' dir='ltr'><strong>angulus</strong></span> <span class='ocrx_word' id='word_1_898' title='bbox 2349 5029 2497 5086; x_wconf 86' lang='lat' dir='ltr'><strong>ﬁeri?</strong></span> <span class='ocrx_word' id='word_1_899' title='bbox 2539 5030 2604 5087; x_wconf 91' lang='grc' dir='ltr'><strong>Ε.</strong></span> <span class='ocrx_word' id='word_1_900' title='bbox 2632 5031 2706 5088; x_wconf 87' lang='lat' dir='ltr'><strong>Ita</strong></span> <span class='ocrx_word' id='word_1_901' title='bbox 2735 5041 2837 5089; x_wconf 91' lang='lat' dir='ltr'><strong>est.</strong></span> <span class='ocrx_word' id='word_1_902' title='bbox 2876 5034 2938 5088; x_wconf 83' lang='grc' dir='ltr'><strong><em>Α.</em></strong></span> <span class='ocrx_word' id='word_1_903' title='bbox 2967 5035 3106 5103; x_wconf 92' lang='lat' dir='ltr'><strong>Quot</strong></span> <span class='ocrx_word' id='word_1_904' title='bbox 3133 5051 3260 5108; x_wconf 90' lang='lat' dir='ltr'><strong>ergo</strong></span> <span class='ocrx_word' id='word_1_905' title='bbox 3286 5052 3382 5093; x_wconf 86' lang='lat' dir='ltr'><strong>an-</strong></span> 
     </span>
    </p>
   </div>
   <div class='ocr_carea' id='block_1_109' title="bbox 1797 5118 3377 5198">
    <p class='ocr_par' dir='ltr' id='par_1_109' title="bbox 1797 5118 3377 5198">
     <span class='ocr_line' id='line_1_109' title="bbox 1797 5118 3377 5198; baseline 0.009 -30"><span class='ocrx_word' id='word_1_906' title='bbox 1797 5118 1935 5189; x_wconf 84' lang='lat' dir='ltr'><strong>gulis</strong></span> <span class='ocrx_word' id='word_1_907' title='bbox 1960 5119 2074 5174; x_wconf 74' lang='lat' dir='ltr'><strong>htec</strong></span> <span class='ocrx_word' id='word_1_908' title='bbox 2102 5118 2269 5191; x_wconf 90' lang='lat' dir='ltr'><strong>ﬁgura</strong></span> <span class='ocrx_word' id='word_1_909' title='bbox 2294 5121 2535 5177; x_wconf 86' lang='lat' dir='ltr'><strong>constat?</strong></span> <span class='ocrx_word' id='word_1_910' title='bbox 2558 5121 2627 5176; x_wconf 87' lang='lat' dir='ltr'><strong>E.</strong></span> <span class='ocrx_word' id='word_1_911' title='bbox 2667 5123 2910 5181; x_wconf 86' lang='lat' dir='ltr'><strong>Totidem</strong></span> <span class='ocrx_word' id='word_1_912' title='bbox 2939 5136 3069 5198; x_wconf 90' lang='lat' dir='ltr'><strong>quot</strong></span> <span class='ocrx_word' id='word_1_913' title='bbox 3107 5127 3281 5183; x_wconf 91' lang='lat' dir='ltr'><strong>lineis.</strong></span> <span class='ocrx_word' id='word_1_914' title='bbox 3309 5127 3377 5183; x_wconf 80' lang='grc' dir='ltr'><strong><em>Α.</em></strong></span> 
     </span>
    </p>
   </div>
   <div class='ocr_carea' id='block_1_110' title="bbox 1798 5209 3377 5288">
    <p class='ocr_par' dir='ltr' id='par_1_110' title="bbox 1798 5209 3377 5288">
     <span class='ocr_line' id='line_1_110' title="bbox 1798 5209 3377 5288; baseline 0.008 -24"><span class='ocrx_word' id='word_1_915' title='bbox 1798 5209 1971 5279; x_wconf 87' lang='lat' dir='ltr'><strong>Quid?</strong></span> <span class='ocrx_word' id='word_1_916' title='bbox 2001 5211 2142 5282; x_wconf 87' lang='lat' dir='ltr'><strong>ipsas</strong></span> <span class='ocrx_word' id='word_1_917' title='bbox 2168 5211 2334 5268; x_wconf 90' lang='lat' dir='ltr'><strong>lineas</strong></span> <span class='ocrx_word' id='word_1_918' title='bbox 2363 5229 2517 5283; x_wconf 86' lang='lat' dir='ltr'><strong>pares</strong></span> <span class='ocrx_word' id='word_1_919' title='bbox 2548 5217 2845 5282; x_wconf 88' lang='lat' dir='ltr'><strong>constituis,</strong></span> <span class='ocrx_word' id='word_1_920' title='bbox 2892 5233 2958 5273; x_wconf 92' lang='lat' dir='ltr'><strong>an</strong></span> <span class='ocrx_word' id='word_1_921' title='bbox 2998 5218 3264 5288; x_wconf 85' lang='lat' dir='ltr'><strong>impares?</strong></span> <span class='ocrx_word' id='word_1_922' title='bbox 3306 5217 3377 5276; x_wconf 84' lang='grc' dir='ltr'><strong>Ε.</strong></span> 
     </span>
    </p>
   </div>
   <div class='ocr_carea' id='block_1_111' title="bbox 1799 5300 3380 5380">
    <p class='ocr_par' dir='ltr' id='par_1_111' title="bbox 1799 5300 3380 5380">
     <span class='ocr_line' id='line_1_111' title="bbox 1799 5300 3380 5380; baseline 0.006 -23"><span class='ocrx_word' id='word_1_923' title='bbox 1799 5302 1981 5359; x_wconf 87' lang='lat' dir='ltr'><strong>Pares.</strong></span> <span class='ocrx_word' id='word_1_924' title='bbox 2008 5300 2071 5356; x_wconf 81' lang='grc' dir='ltr'><strong><em>Α.</em></strong></span> <span class='ocrx_word' id='word_1_925' title='bbox 2100 5304 2271 5372; x_wconf 90' lang='lat' dir='ltr'><strong>Quid?</strong></span> <span class='ocrx_word' id='word_1_926' title='bbox 2300 5306 2475 5376; x_wconf 89' lang='lat' dir='ltr'><strong>anguli</strong></span> <span class='ocrx_word' id='word_1_927' title='bbox 2508 5309 2833 5365; x_wconf 88' lang='lat' dir='ltr'><strong>tantumdem</strong></span> <span class='ocrx_word' id='word_1_928' title='bbox 2859 5323 3045 5364; x_wconf 89' lang='lat' dir='ltr'><strong>omnes</strong></span> <span class='ocrx_word' id='word_1_929' title='bbox 3075 5315 3278 5380; x_wconf 87' lang='lat' dir='ltr'><strong>patent,</strong></span> <span class='ocrx_word' id='word_1_930' title='bbox 3307 5325 3380 5367; x_wconf 87' lang='lat' dir='ltr'><strong>an</strong></span> 
     </span>
    </p>
   </div>
   <div class='ocr_carea' id='block_1_112' title="bbox 1800 5396 3382 5469">
    <p class='ocr_par' dir='ltr' id='par_1_112' title="bbox 1800 5396 3382 5469">
     <span class='ocr_line' id='line_1_112' title="bbox 1800 5396 3382 5469; baseline 0.004 -19"><span class='ocrx_word' id='word_1_931' title='bbox 1800 5403 1882 5450; x_wconf 89' lang='lat' dir='ltr'><strong>est</strong></span> <span class='ocrx_word' id='word_1_932' title='bbox 1905 5396 2038 5450; x_wconf 89' lang='lat' dir='ltr'><strong>alius</strong></span> <span class='ocrx_word' id='word_1_933' title='bbox 2059 5396 2162 5451; x_wconf 88' lang='lat' dir='ltr'><strong>alio</strong></span> <span class='ocrx_word' id='word_1_934' title='bbox 2191 5398 2513 5453; x_wconf 88' lang='lat' dir='ltr'><strong>contractior</strong></span> <span class='ocrx_word' id='word_1_935' title='bbox 2541 5399 2620 5454; x_wconf 85' lang='lat' dir='ltr'><strong>vel</strong></span> <span class='ocrx_word' id='word_1_936' title='bbox 2646 5400 2915 5468; x_wconf 87' lang='lat' dir='ltr'><strong>apertior?</strong></span> <span class='ocrx_word' id='word_1_937' title='bbox 2941 5398 3004 5453; x_wconf 84' lang='lat' dir='ltr'><strong>E.</strong></span> <span class='ocrx_word' id='word_1_938' title='bbox 3035 5397 3207 5452; x_wconf 86' lang='lat' dir='ltr'><strong>Etiam</strong></span> <span class='ocrx_word' id='word_1_939' title='bbox 3231 5397 3382 5469; x_wconf 81' lang='lat' dir='ltr'><strong>ipsos</strong></span> 
     </span>
    </p>
   </div>
   <div class='ocr_carea' id='block_1_113' title="bbox 1733 5487 3398 5581">
    <p class='ocr_par' dir='ltr' id='par_1_113' title="bbox 1733 5487 3398 5581">
     <span class='ocr_line' id='line_1_113' title="bbox 1733 5487 3398 5581; baseline 0.003 -41"><span class='ocrx_word' id='word_1_940' title='bbox 1733 5509 1742 5518; x_wconf 89' lang='lat'><strong>-</strong></span> <span class='ocrx_word' id='word_1_941' title='bbox 1800 5501 1952 5557; x_wconf 90' lang='lat' dir='ltr'><strong>pares</strong></span> <span class='ocrx_word' id='word_1_942' title='bbox 1977 5502 2094 5543; x_wconf 90' lang='lat' dir='ltr'><strong>esse</strong></span> <span class='ocrx_word' id='word_1_943' title='bbox 2122 5489 2296 5544; x_wconf 90' lang='lat' dir='ltr'><strong>video.</strong></span> <span class='ocrx_word' id='word_1_944' title='bbox 2328 5490 2390 5543; x_wconf 85' lang='lat' dir='ltr'><strong>A.</strong></span> <span class='ocrx_word' id='word_1_945' title='bbox 2425 5490 2677 5546; x_wconf 86' lang='lat' dir='ltr'><strong>Potestne</strong></span> <span class='ocrx_word' id='word_1_946' title='bbox 2708 5489 2842 5557; x_wconf 89' lang='lat' dir='ltr'><strong>ﬁeri,</strong></span> <span class='ocrx_word' id='word_1_947' title='bbox 2874 5497 2933 5544; x_wconf 91' lang='lat' dir='ltr'><strong>ut</strong></span> <span class='ocrx_word' id='word_1_948' title='bbox 2968 5489 3020 5544; x_wconf 92' lang='lat' dir='ltr'><strong>in</strong></span> <span class='ocrx_word' id='word_1_949' title='bbox 3045 5487 3232 5556; x_wconf 86' lang='lat' dir='ltr'><strong>ﬁgura,</strong></span> <span class='ocrx_word' id='word_1_950' title='bbox 3259 5504 3398 5581; x_wconf 25' lang='lat' dir='ltr'><strong>quas,</strong></span> 
     </span>
    </p>
   </div>
   <div class='ocr_carea' id='block_1_114' title="bbox 2153 5623 3335 5889">
    <p class='ocr_par' dir='ltr' id='par_1_114' title="bbox 2153 5623 3335 5889">
     <span class='ocr_line' id='line_1_114' title="bbox 2153 5623 3335 5889; baseline 0.006 -5"><span class='ocrx_word' id='word_1_951' title='bbox 2153 5666 2406 5885; x_wconf 81' lang='lat'><strong>/\</strong></span> <span class='ocrx_word' id='word_1_952' title='bbox 2851 5623 3035 5889; x_wconf 67' lang='grc' dir='ltr'>Δ</span> 
     </span>
    </p>
   </div>
   <div class='ocr_carea' id='block_1_115' title="bbox 1867 5943 2892 6010">
    <p class='ocr_par' dir='ltr' id='par_1_115' title="bbox 1867 5943 2892 6010">
     <span class='ocr_line' id='line_1_115' title="bbox 1867 5943 2892 6010; baseline 0.008 -19"><span class='ocrx_word' id='word_1_953' title='bbox 1867 5943 1880 5972; x_wconf 82' lang='grc' dir='ltr'>ί</span> <span class='ocrx_word' id='word_1_954' title='bbox 1916 5949 2044 6004; x_wconf 81' lang='lat' dir='ltr'><strong>Lov.,</strong></span> <span class='ocrx_word' id='word_1_955' title='bbox 2069 5958 2160 6007; x_wconf 82' lang='lat' dir='ltr'><strong>quo</strong></span> <span class='ocrx_word' id='word_1_956' title='bbox 2182 5945 2290 5996; x_wconf 72' lang='grc' dir='ltr'><strong>υυιτ.</strong></span> <span class='ocrx_word' id='word_1_957' title='bbox 2313 5954 2363 5998; x_wconf 82' lang='grc' dir='ltr'><strong>ιιι</strong></span> <span class='ocrx_word' id='word_1_958' title='bbox 2380 5947 2484 5997; x_wconf 87' lang='lat' dir='ltr'><strong>aliis</strong></span> <span class='ocrx_word' id='word_1_959' title='bbox 2505 5945 2636 6010; x_wconf 81' lang='lat' dir='ltr'><strong>cdd,</strong></span> <span class='ocrx_word' id='word_1_960' title='bbox 2661 5959 2755 6008; x_wconf 78' lang='lat' dir='ltr'><strong>qua</strong></span> <span class='ocrx_word' id='word_1_961' title='bbox 2777 5947 2892 6008; x_wconf 70' lang='lat' dir='ltr'><strong>uult.</strong></span> 
     </span>
    </p>
   </div>
  </div>
