3844 6280
438 272 569 330 1047

430 394 591 460 queat
640 390 919 457 penetrare
957 378 1161 437 divisio.
1211 376 1385 446 Quare
1430 372 1769 428 manifestum
1798 378 1910 433 est,
1954 376 2011 422 et

434 476 769 537 latitudinem
813 490 877 531 ex
929 472 1014 528 his
1041 469 1279 542 partibus
1331 466 1501 524 secari
1540 480 1646 520 non
1697 476 1885 534 posse,
1914 474 2011 531 per

430 587 565 646 quas
588 577 889 627 surrectura
918 575 1001 622 est
1026 562 1268 620 altitudo.

502 665 598 721 21.
624 662 688 718 Α.
716 660 975 731 Quoniam
1005 658 1097 714 tibi
1126 656 1306 728 igitur,
1330 655 1375 709 si
1414 667 1527 708 non
1555 650 1735 715 fallor,
1762 657 1818 705 et
1841 646 2013 717 longi-

431 756 595 824 tudo,
625 764 679 811 et
706 750 929 808 latitudo
947 791 963 817 ,
992 757 1046 805 et
1072 744 1295 803 altitudo
1316 752 1437 800 nota
1465 751 1580 808 est;
1608 754 1810 813 qurere,
1834 746 2011 792 utrum

426 851 637 923 possint
660 848 847 904 deesse
870 844 979 901 duo
1010 840 1284 913 superiora
1310 881 1325 905 ,
1354 836 1445 893 ubi
1484 834 1655 891 aderit
1671 830 1912 887 altitudo.
1939 829 2006 883 Ε.

428 944 555 1000 Sine
584 937 909 1011 longitudine
937 934 1151 1007 quidem
1176 930 1334 986 video
1353 942 1475 985 esse
1499 941 1603 982 non
1632 938 1789 996 posse
1827 923 2010 978 altitu-

429 1035 640 1102 dinem,
671 1033 787 1087 sine
808 1028 1084 1085 latitudine
1104 1035 1282 1083 autem
1302 1029 1498 1094 potest.
1520 1020 1585 1072 Α.
1614 1018 1748 1073 Redi
1779 1031 1907 1087 ergo
1942 1013 2009 1069 ad

431 1114 805 1200 cogitationem
835 1121 1163 1186 latitudinis,
1210 1126 1265 1173 et
1300 1119 1345 1171 si
1397 1128 1514 1169 eam
1563 1110 1712 1182 quasi
1738 1109 2009 1179 jacentem

427 1219 609 1275 animo
645 1215 951 1288 liguraveris
973 1254 989 1280 ,
1019 1212 1254 1282 erigatur
1287 1209 1341 1263 in
1379 1204 1649 1277 quodlibet
1676 1202 1816 1257 latus
1838 1242 1853 1267 ,
1886 1210 2007 1256 tan-

426 1329 585 1384 quam
622 1312 665 1368 si
690 1326 809 1366 eam
855 1307 1023 1364 velles
1070 1320 1166 1377 per
1201 1300 1564 1359 tenuissimam
1591 1297 1800 1362 rimam,
1823 1297 1912 1352 ubi
1948 1312 2009 1354 se

358 1400 370 1440 ι’
427 1406 622 1460 clausae
643 1403 821 1474 janua:
847 1400 1111 1469 jungunt,
1153 1395 1400 1453 educere.
1433 1394 1514 1448 An
1549 1391 1782 1447 nondum
1812 1388 2011 1445 intelli-

425 1497 508 1568 gis
534 1494 661 1567 quid
698 1492 903 1548 velim?
934 1490 998 1545 E.
1027 1488 1265 1558 Intelligo
1291 1485 1413 1558 quid
1442 1486 1589 1541 dicas
1612 1526 1626 1551 ,
1654 1483 1747 1540 sed
1772 1482 2008 1538 nondum

430 1588 659 1644 fortasse
683 1584 804 1657 quid
840 1583 994 1641 velis.
1024 1581 1089 1637 Α.
1133 1579 1263 1636 Illud
1299 1579 1503 1634 scilicet
1543 1586 1599 1632 ut
1642 1575 1967 1647 respondeas
1990 1617 2005 1641 ,

428 1687 608 1735 utrum
656 1677 734 1733 sic
776 1684 950 1731 erecta
996 1671 1219 1728 latitudo
1257 1669 1501 1725 videatur
1527 1668 1618 1723 tibi
1653 1668 1912 1737 migrasse
1955 1665 2009 1720 in

427 1768 760 1826 altitudinem
778 1809 793 1833 ,
834 1774 888 1821 et
910 1762 1206 1820 latitudinis
1224 1761 1334 1831 jam
1359 1774 1550 1815 nomen
1572 1756 2012 1827 descriptionem-

428 1877 533 1932 que
556 1858 836 1924 amisisse;
877 1871 945 1911 an
988 1854 1165 1910 adhuc
1214 1859 1427 1905 maneat
1467 1847 1724 1914 latitudo,
1770 1844 2011 1916 quamvis

426 1952 499 2007 ita
527 1951 597 2006 sit
621 1950 902 2006 collocata.
932 1946 997 2001 E.
1034 1945 1254 2001 Videtur
1277 1943 1408 1998 mihi
1452 1940 1679 1996 altitudo
1704 1954 1821 1994 esse
1848 1938 2006 1992 facta.

429 2041 493 2095 Α.
532 2038 918 2097 Recordarisne
941 2079 955 2105 ,
986 2036 1210 2092 obsecro
1233 2076 1248 2101 ,
1294 2031 1739 2105 quemadmodum
1767 2028 2009 2084 altitudi-

428 2147 554 2188 nem
590 2126 1006 2187 deiinieramus?
1042 2126 1107 2181 E.
1161 2123 1435 2181 Recordor
1470 2123 1625 2194 plane
1648 2164 1663 2187 ,
1690 2131 1743 2177 et
1780 2137 1864 2175 me
1899 2120 2009 2188 jam

429 2224 507 2280 sic
541 2222 879 2294 respondisse
922 2219 1105 2293 pudet.
1142 2218 1275 2273 Nam
1316 2218 1477 2274 etiam
1531 2216 1634 2271 hoc
1675 2214 1831 2269 modo
1861 2212 2010 2283 quasi

427 2323 605 2370 erecta
633 2311 856 2368 latitudo
882 2311 1174 2367 sectionem
1197 2324 1293 2380 per
1312 2308 1527 2378 longum
1555 2306 1803 2361 deorsum
1826 2316 2011 2357 versus

428 2420 535 2462 non
562 2404 830 2461 admittit:
859 2418 1025 2474 quare
1055 2401 1199 2456 nulla
1228 2401 1281 2455 in
1306 2414 1368 2454 ea
1396 2406 1620 2469 possunt
1648 2396 1898 2451 interiora
1921 2408 2011 2449 co-

419 2496 613 2567 gitari,
642 2494 883 2565 quamvis
923 2490 1158 2547 medium
1198 2499 1253 2545 et
1279 2496 1517 2543 extrema
1570 2487 1886 2557 cOgitentur.
1918 2485 2012 2539 Se-

427 2591 660 2647 cundum
687 2596 867 2643 autem
910 2584 1245 2657 superiorem
1289 2580 1802 2638 demonstrationem
1830 2576 2011 2631 altitu-

427 2681 589 2745 diuis,
622 2693 786 2751 quam
833 2676 1003 2732 fecisti
1033 2682 1093 2730 ut
1133 2672 1463 2736 recordarer,
1506 2670 1647 2725 nulla
1672 2670 1890 2724 omnino
1931 2676 2014 2722 est

428 2771 673 2839 altitudo,
697 2770 785 2826 ubi
812 2769 943 2825 nihil
964 2768 1107 2823 intus
1132 2765 1349 2837 cogitari
1376 2771 1568 2835 potest.
1592 2762 1654 2816 Α.
1682 2763 1841 2818 ltecte
1856 2761 2009 2822 dicis.

430 2875 484 2921 et
514 2866 591 2920 sic
620 2873 671 2920 te
720 2863 938 2918 omnino
967 2859 1278 2916 meminisse
1324 2858 1622 2928 cupiebam.
1654 2855 2010 2924 Quamobrem

429 2956 558 3013 illud
586 2957 692 3025 jam
722 2954 845 3009 volo
878 2951 1205 3025 respondeas
1227 2993 1243 3018 ,
1283 2962 1461 3005 utrum
1488 2948 1622 3004 falso
1650 2963 1837 3002 verum
1864 2956 2014 3001 ante-

428 3062 616 3119 ponas.
650 3046 715 3101 E.
758 3046 874 3102 Jam
923 3046 1048 3100 hinc
1091 3044 1355 3108 dubitare,
1389 3040 1713 3097 incredibilis
1743 3038 2011 3094 dementia

432 3146 535 3195 est.
568 3138 631 3191 A.
679 3137 775 3192 Dic
802 3151 952 3208 ergo,
981 3148 1165 3206 quaeso
1194 3140 1268 3199 te,
1300 3131 1686 3202 numquidnam
1715 3145 1836 3184 vera
1872 3129 2013 3184 linea

427 3240 531 3295 est,
556 3246 675 3301 quae
702 3243 797 3298 per
820 3227 1033 3297 longum
1060 3225 1228 3280 secari
1251 3232 1456 3293 potest;
1486 3229 1578 3275 aut
1600 3236 1783 3275 verum
1805 3220 2012 3292 signum

428 3320 571 3394 quod
599 3317 901 3385 ullomodo
930 3316 1098 3371 secari
1126 3322 1334 3385 potest;
1361 3321 1452 3368 aut
1475 3328 1598 3368 vera
1619 3312 1863 3378 latitudo,
1895 3329 2014 3384 quae

430 3430 553 3469 cum
585 3418 760 3468 erecta
790 3417 910 3476 est,
946 3417 1004 3462 ut
1027 3407 1258 3463 diximus
1282 3448 1296 3471 ,
1335 3406 1623 3462 sectionem
1673 3421 1768 3474 per
1799 3406 2014 3477 longum

429 3506 680 3562 deorsum
711 3516 897 3557 versus
921 3499 1187 3556 admittit?
1216 3498 1283 3553 E.
1311 3498 1452 3555 Nihil
1477 3498 1670 3554 minus.

432 3597 657 3657 CAPUT
686 3595 819 3653 XIII.
836 3595 1130 3649 —Am’mus
1154 3595 1477 3663 incorporeus
1512 3593 1667 3647 cernit
1695 3594 2011 3664 incorporea.

415 3707 428 3739 τ
630 3763 634 3766 ἱ
995 3688 1206 3743 Animus
1232 3687 1352 3757 quid
1374 3688 1457 3741 sit.

413 3784 426 3854 ,'
502 3784 593 3841 22.
627 3783 691 3838 A.
720 3781 1037 3854 Unquamne
1074 3781 1231 3853 igitur
1253 3779 1422 3835 oculis
1457 3779 1571 3834 istis
1599 3780 1869 3849 corporeis
1888 3821 1902 3845 ,
1932 3780 2015 3834 vel

428 3879 541 3935 tale
567 3887 845 3949 punctum,
869 3875 950 3929 vel
974 3872 1131 3929 talem
1155 3873 1371 3939 lineam,
1399 3872 1481 3927 vel
1505 3871 1659 3927 talem
1681 3872 2015 3927 latitudinem

430 3969 643 4025 vidisti?
689 3966 759 4025 E.
800 3966 1031 4023 Omnino
1074 3979 1363 4035 nunquam.
1406 3962 1524 4019 Non
1566 3962 1709 4018 enim
1753 3973 1876 4017 sunt
1915 3964 2015 4018 ista

432 4075 708 4131 corporea.
752 4058 814 4114 A.
840 4057 999 4128 Atqui
1029 4056 1071 4111 si
1098 4070 1355 4126 corporea
1378 4054 1651 4125 corporeis
1681 4054 1847 4110 oculis
1879 4055 2011 4110 mira

430 4154 660 4229 quadam
709 4168 887 4209 rerum
931 4151 1245 4221 cognatione
1270 4157 1596 4213 cernuntur;
1644 4157 1853 4219 Oportet
1897 4150 2014 4204 ani-

432 4261 576 4302 mum
602 4242 711 4316 quo
734 4244 977 4299 videmus
1015 4242 1103 4296 illa
1135 4241 1485 4310 incorporalia
1510 4282 1524 4306 ,
1557 4254 1870 4309 corporeum
1891 4256 2012 4295 cor-

432 4352 599 4408 pusve
630 4351 734 4392 non
762 4349 899 4390 esse.
928 4333 1009 4388 An
1034 4341 1087 4387 tu
1121 4332 1275 4387 aliter
1300 4332 1607 4386 existimas?
1644 4330 1712 4384 E.
1742 4334 1881 4400 Age,
1903 4331 2013 4401 jam

433 4427 669 4483 concedo
693 4442 886 4497 corpus
916 4441 1019 4480 non
1050 4440 1169 4479 csse
1194 4424 1430 4479 animum
1457 4424 1541 4479 vel
1579 4423 1865 4494 quidquam
1893 4439 2015 4478 eor-

432 4535 690 4591 pureum;
720 4518 843 4588 quid
875 4527 957 4571 est
978 4515 1211 4580 tandem,
1243 4515 1329 4571 dic
1349 4513 1521 4569 mihi?
1549 4513 1612 4567 Α.
1644 4513 1777 4568 Vide
1807 4514 2013 4568 interim

436 4622 613 4667 utrum
630 4610 927 4665 confectum
953 4610 1020 4663 sit
1045 4623 1231 4663 carere
1252 4608 1397 4662 illum
1422 4608 1507 4663 illa
1528 4606 1673 4661 omni
1703 4606 2012 4677 quantitate,

436 4702 505 4757 de
528 4718 631 4774 qua
657 4717 796 4756 nunc
824 4701 1044 4771 qutestio
1070 4707 1189 4756 est:
1223 4715 1343 4754 nam
1372 4698 1497 4770 quid
1530 4698 1598 4754 sit
1623 4698 1852 4760 animus.
1882 4698 2015 4753 obli-

435 4803 547 4848 tum
575 4801 626 4847 te
661 4806 779 4847 esse
805 4791 970 4845 miror
994 4792 1168 4861 priore
1197 4790 1335 4845 inter
1362 4804 1457 4844 nos
1486 4790 1779 4859 quaestione
1806 4789 2017 4844 discus-

435 4900 574 4939 sum.
597 4880 879 4938 Meministi
897 4881 1038 4935 enim
1062 4892 1111 4937 te
1126 4881 1380 4951 quaesisse
1398 4880 1659 4951 primitus,
1687 4881 1830 4936 unde
1843 4891 2013 4937 esset:

436 4976 578 5049 quod
620 4973 829 5029 duobus
871 4974 1043 5029 modis
1071 4988 1101 5027 a
1129 4975 1280 5028 nobis
1316 4983 1593 5029 tractatum
1620 4989 1739 5029 esse
1775 4974 2012 5042 memini,

435 5086 565 5135 uno,
594 5082 701 5139 quo
728 5066 879 5137 quasi
898 5066 964 5121 de
987 5065 1201 5135 regione
1224 5064 1339 5134 ejus
1369 5067 1649 5137 quazsitum
1684 5076 1795 5133 est;
1825 5067 2013 5135 altero,

436 5173 743 5218 utrumnam
765 5174 828 5215 ex
854 5166 1016 5224 term,
1044 5158 1126 5212 vel
1151 5158 1289 5229 igne,
1314 5159 1393 5213 vel
1411 5159 1515 5213 alio
1532 5161 1776 5230 quopiam
1794 5161 2015 5218 istorum

438 5254 826 5312 elementorum
852 5259 1018 5313 esset,
1053 5249 1139 5304 vel
1166 5265 1231 5304 ex
1256 5251 1523 5314 omnibus,
1553 5252 1634 5306 vel
1655 5268 1717 5307 ex
1749 5253 2015 5324 aliquibus

437 5348 649 5404 horum.
668 5347 726 5401 In
748 5361 849 5417 qua
866 5343 1163 5416 qumstione
1184 5342 1422 5398 constitit
1440 5343 1576 5399 inter
1592 5360 1708 5413 nos,
1732 5361 1834 5401 non
1851 5349 2015 5419 magis

438 5441 542 5497 hoc
562 5438 907 5512 qumrendum
925 5452 1044 5493 esse
1069 5452 1228 5508 quam
1255 5435 1394 5493 unde
1414 5437 1482 5491 sit
1510 5445 1671 5506 terra,
1704 5441 1787 5494 vel
1809 5440 1851 5495 si
1874 5440 2015 5511 quod

436 5531 577 5587 aliud
595 5530 979 5587 elementorum
991 5528 1338 5601 singulorum.
1359 5528 1755 5602 intelligendum
1777 5541 1860 5589 est
1873 5534 2014 5589 cnim

439 5637 738 5693 quanquam
763 5623 903 5677 Deus
932 5621 1114 5677 fecerit
1137 5621 1392 5688 animum,
1426 5621 1623 5679 habere
1651 5623 1793 5679 illum
1812 5633 2012 5680 certam

437 5712 807 5781 substantiam,
836 5729 953 5785 qua:
983 5730 1152 5785 neque
1177 5725 1407 5784 terrena,
1440 5732 1609 5789 neque
1636 5717 1808 5788 ignea,
1842 5734 2014 5791 neque

1345 256 1433 314 ne
1470 248 1907 325 nmmum:
1946 220 2205 315 ΔΝΜ,
2245 245 2304 305 s.
2346 247 2709 309 AUGUSTINI

3548 264 3666 326 1M

2118 367 2262 422 aeria
2291 367 2401 433 sit,
2436 384 2608 441 neque
2647 369 2861 427 humida
2890 389 2905 428 :
2933 373 3046 433 nisi
3072 373 3215 431 forte
3239 373 3666 445 arbitraudmnest

2102 458 2285 513 Deum
2316 468 2471 516 terrm
2498 459 2716 519 dedisse
2741 471 2799 518 ut
2830 463 2956 520 nihil
2990 465 3140 521 aliud
3163 466 3234 522 sit
3258 483 3411 537 quam
3434 479 3562 530 terra
3582 517 3596 543 ,
3621 488 3665 534 et

2118 564 2225 605 non
2246 550 2459 609 dedisse
2476 554 2659 609 animo
2685 563 2743 610 ut
2770 556 2901 612 nihil
2926 556 3078 613 aliud
3108 574 3269 629 quam
3293 546 3491 617 animus
3508 567 3586 622 sit.
3621 569 3667 627 Si

2115 650 2290 698 autem
2318 644 2527 701 deliniri
2555 647 2646 703 tibi
2684 647 3069 715 animumvis,
3113 660 3169 706 et
3213 652 3334 707 ideo
3360 658 3542 725 quaeris
3564 665 3668 732 quid

2117 737 2186 792 sit
2210 737 2452 803 animos;
2484 739 2637 795 facile
2665 742 2980 813 respondeo.
3027 743 3171 800 Nam
3196 745 3329 801 mihi
3358 748 3554 806 videtur
3571 768 3668 814 esse

2114 830 2409 887 substantia
2429 833 2670 902 quaedam
2686 838 2907 893 rationis
2920 839 3220 912 particeps,
3243 843 3476 914 regendo
3492 856 3667 921 corpori

2112 925 2531 982 accommodata.

2113 1016 2342 1075 CAPUT
2378 1018 2518 1073 XIV.
2545 1049 2618 1061 —
2655 1021 2867 1077 Animus
2897 1024 3235 1096 incorporeus
3257 1037 3492 1095 quantum
3516 1034 3663 1091 sum.

2185 1108 2275 1164 23.
2304 1106 2484 1181 Itaque
2504 1110 2631 1165 illud
2650 1113 3070 1180 potiusattende,
3086 1117 3233 1173 unde
3246 1118 3521 1191 ambigitur
3536 1139 3663 1195 nunc,

2115 1208 2295 1257 utrum
2316 1203 2583 1273 quantitas
2602 1212 2657 1259 et
2680 1205 2852 1275 quasi,
2879 1214 2937 1260 ut
2956 1207 3030 1262 ita
3059 1208 3259 1275 dicam,
3293 1208 3457 1269 locale
3474 1218 3664 1285 spatium

2113 1295 2293 1350 animo
2317 1295 2481 1351 ullum
2514 1297 2604 1352 sit.
2645 1295 2780 1352 Nam
2807 1299 3049 1368 proiecto
3085 1301 3215 1371 quia
3245 1317 3436 1373 corpus
3462 1320 3555 1362 non
3575 1320 3663 1380 est;

2114 1402 2286 1458 neque
2323 1388 2464 1443 enim
2508 1387 2666 1445 aliter
2699 1389 3009 1460 incorporea
3049 1393 3161 1448 ulla
3193 1393 3211 1424 ¹
3243 1408 3458 1451 cernere
3482 1400 3661 1467 valeret,

2114 1487 2173 1533 ut
2208 1481 2450 1550 superior
2478 1482 2616 1538 ratio
2645 1482 3086 1550 demonstrabat;
3132 1489 3318 1556 procul
3354 1488 3507 1546 dubio
3544 1505 3662 1551 caret

2113 1572 2285 1641 spatio
2309 1588 2415 1642 quo
2437 1566 2661 1644 corpora
2685 1574 2977 1630 metiuntur
3007 1593 3022 1630 :
3057 1584 3117 1631 et
3140 1576 3215 1632 ob
3238 1577 3341 1634 boc
3368 1590 3502 1636 recte
3523 1584 3658 1651 aedi,

2114 1671 2205 1718 aut
2230 1666 2470 1735 cogitari,
2496 1673 2590 1720 aut
2616 1666 2840 1739 intelligi
2871 1666 2991 1724 talis
3018 1668 3145 1737 ejus
3172 1671 3441 1738 quantitas
3465 1688 3557 1725 non
3580 1688 3658 1742 po-

2115 1764 2237 1810 test.
2269 1755 2324 1810 Si
2354 1767 2533 1811 autem
2555 1765 2604 1811 te
2630 1767 2811 1814 movet
2833 1798 2849 1824 ,
2872 1773 2971 1814 cur
2995 1766 3146 1814 tanta
3171 1759 3296 1815 creti
3319 1801 3335 1825 ,
3372 1769 3540 1827 terra,
3568 1779 3659 1818 rna-

2113 1848 2293 1919 risque
2331 1849 2495 1919 Spatia
2522 1850 2779 1905 memoria
2802 1852 3098 1919 contineat,
3131 1867 3256 1907 cum
3286 1852 3357 1908 sit
3375 1855 3479 1923 ipse
3500 1856 3659 1913 nullius

2115 1940 2455 2011 quantitatis;
2485 1941 2616 1996 mira
2644 1942 2887 2012 quaadam
2915 1943 2997 1997 vis
3015 1953 3104 1999 est
3122 1984 3139 2011 ,
3167 1959 3328 2014 quam
3352 1952 3512 2001 tamen
3531 1962 3584 2002 ex
3608 1948 3655 2003 iis

2114 2046 2233 2102 qua:
2259 2046 2289 2087 a
2315 2031 2470 2087 nobis
2508 2042 2779 2101 comperta
2820 2041 2975 2099 sunt,
3017 2043 3285 2105 quantum
3327 2034 3459 2090 inest
3486 2037 3656 2108 ingenio

2116 2133 2207 2179 tuo
2244 2123 2458 2179 luminis
2483 2165 2496 2189 ,
2543 2125 2970 2181 animadvertere
3015 2135 3196 2196 potes.
3246 2126 3303 2182 Si
3336 2127 3468 2183 enim
3501 2143 3655 2199 corpus

2114 2217 2317 2273 nullum
2344 2226 2427 2273 est
2446 2258 2462 2284 ,
2493 2225 2549 2272 ut
2577 2218 2710 2272 ratio
2729 2218 2839 2288 jam
2875 2219 3158 2285 ostendit,
3194 2219 3335 2290 quod
3361 2220 3650 2292 longitudine,

2116 2309 2416 2374 latitudine,
2444 2310 2722 2365 altitudine
2746 2320 2945 2375 careat,
2976 2310 3223 2382 nihilque
3252 2312 3434 2367 horum
3457 2312 3649 2368 nisicnut

2115 2400 2234 2456 aliis
2278 2400 2485 2456 duobus
2522 2416 2641 2457 esse
2680 2401 2733 2456 in
2781 2416 3006 2471 corpore
3042 2410 3261 2472 potest;
3310 2404 3474 2457 animo
3515 2414 3649 2460 tamen

2116 2494 2274 2549 etiam
2303 2493 2472 2549 solam
2501 2495 2693 2549 lineam
2740 2493 2991 2550 interiore
3027 2495 3266 2565 quodam
3304 2496 3480 2561 oculo,
3516 2494 3557 2550 id
3587 2504 3648 2550 cst

2117 2584 2488 2657 intelligentia,
2508 2585 2688 2641 videre
2709 2600 3021 2641 concessum
3042 2595 3133 2641 est
3167 2604 3181 2640 :
3204 2585 3425 2641 arbitror
3446 2600 3529 2640 nos
3549 2600 3643 2639 con-

2117 2676 2311 2731 cedere
2338 2676 2416 2732 sic
2442 2676 2674 2730 animum
2717 2691 2910 2746 corpus
2937 2691 3042 2730 non
3085 2691 3247 2743 esse,
3291 2685 3345 2730 ut
3380 2676 3443 2730 sit
3470 2690 3644 2747 corpore

2116 2768 2327 2824 melior.
2375 2768 2491 2837 Quo
2514 2783 2798 2833 concesso,
2828 2785 2933 2823 non
2961 2770 3158 2841 opinor
3196 2768 3513 2824 dubitandum
3533 2784 3635 2831 esse,

2117 2874 2240 2914 eum
2269 2860 2429 2915 etiam
2458 2859 2592 2914 linea
2620 2875 2741 2915 esse
2786 2860 3059 2916 meliorem
3093 2880 3109 2916 :
3142 2860 3416 2916 ridiculum
3440 2868 3509 2915 est
3529 2859 3635 2913 enim

2117 2967 2237 3006 cum
2283 2951 2381 3008 tria
2420 2952 2509 3007 illa
2549 2952 2710 3006 insint
2746 2952 2958 3023 corpori
2988 2962 3044 3008 ut
3086 2968 3288 3023 corpus
3325 2953 3417 3014 sit.
3455 2966 3534 3005 non
3565 2950 3628 3004 his

2118 3044 2364 3098 omnibus
2392 3059 2513 3099 esse
2538 3044 2815 3100 meliorem
2836 3086 2851 3111 ,
2900 3045 2991 3116 qui
3016 3059 3252 3115 corpore
3279 3053 3358 3099 est
3386 3041 3539 3097 melior.
3571 3040 3622 3093 At

2118 3136 2231 3206 ipsa
2258 3136 2395 3191 linea
2412 3178 2426 3200 ,
2466 3152 2565 3207 qua
2594 3136 2785 3191 melior
2812 3151 2933 3191 esse
2960 3136 3303 3191 convincitur
3324 3128 3624 3195 animus,ideo

2117 3228 2324 3282 ueteris
2359 3227 2567 3282 duobus
2608 3236 2825 3299 praestat
2848 3269 2863 3294 ,
2900 3227 3021 3299 quia
3065 3227 3250 3282 minus
3288 3239 3431 3295 quam
3467 3221 3535 3276 illa
3552 3220 3630 3274 duo

2118 3321 2286 3375 secari
2313 3329 2504 3387 potest.
2542 3320 2711 3375 Porro
2739 3321 2826 3375 illa
2843 3320 2947 3375 duo
2975 3335 3042 3375 eo
3074 3319 3250 3390 magis
3274 3324 3491 3373 secantur
3513 3326 3627 3384 quam

2120 3415 2294 3481 linea,
2326 3419 2453 3485 'quo
2494 3415 2662 3481 magis
2703 3430 2761 3470 se
2805 3415 2857 3469 in
2901 3415 3132 3485 spatium
3182 3410 3505 3467 distendunt:
3530 3405 3631 3459 linea

2116 3523 2246 3563 vero
2272 3508 2495 3577 spatium
2528 3507 2625 3562 nisi
2655 3506 2999 3577 longitudinis
3028 3508 3233 3563 nullum
3252 3504 3415 3568 habet,
3438 3515 3526 3572 quo
3539 3495 3630 3552 sub-

2118 3599 2225 3653 lato
2248 3598 2375 3653 nihil
2393 3598 2611 3652 omnino
2632 3609 2872 3653 remanet
2895 3599 3070 3670 spatii.
3101 3600 3423 3669 Quapropter
3436 3587 3629 3663 quidquid

2120 3689 2257 3744 linea
2304 3688 2493 3744 melius
2537 3698 2658 3756 est,
2702 3704 2919 3744 necesse
2961 3698 3043 3743 cst
3092 3691 3241 3744 nullo
3284 3685 3441 3758 Spatia
3474 3682 3558 3745 sit,
3590 3688 3628 3734 et

2120 3779 2337 3833 omnino
2362 3778 2523 3833 dividi
2551 3779 2824 3850 secarique
2852 3794 2956 3834 non
2986 3781 3171 3850 possit.
3207 3780 3412 3835 Frustra
3433 3776 3571 3845 igitur.
3589 3779 3630 3824 Ill

2119 3870 2310 3941 opinor
2329 3912 2342 3934 ,
2373 3870 2720 3940 quantitatem
2748 3871 2945 3936 animi,
2992 3887 3109 3941 qua:
3139 3872 3278 3926 nulla
3306 3878 3409 3931 est,
3449 3862 3628 3920 invenire

2119 3960 2441 4024 laboramus,
2461 3974 2581 4015 cum
2604 3976 2724 4016 eum
2744 3961 2882 4017 linea
2893 3961 3250 4018 concedamus
3266 3955 3624 4017 essemeliorcm-

2120 4056 2186 4111 Et
2222 4055 2269 4110 si
2306 4054 2592 4125 figurarum
2646 4055 2881 4109 omnium
2932 4056 3205 4126 planarum
3250 4054 3331 4110 illa
3368 4048 3536 4121 optima
3569 4051 3629 4098 est

2119 4164 2238 4221 quae
2262 4149 2461 4205 circulo
2491 4147 2776 4219 effingitur,
2810 4149 2858 4201 in
2881 4163 2985 4219 qua
3012 4148 3147 4203 ratio
3161 4147 3337 4204 docuit
3358 4140 3473 4199 nihil
3486 4135 3627 4194 melius

2121 4255 2239 4295 esse
2283 4249 2478 4311 puncto
2518 4251 2677 4310 atque
2718 4240 3014 4309 potentius,
3055 4239 3197 4310 quod
3235 4237 3373 4294 nullo
3411 4230 3626 4288 dubitante

2123 4334 2363 4404 partibus
2389 4341 2571 4398 caret;
2598 4332 2724 4400 quid
2755 4332 2947 4386 mirum
2976 4331 3021 4386 si
3047 4332 3220 4386 anima
3244 4341 3402 4399 neque
3426 4330 3622 4390 corvom

2121 4427 2207 4491 sit,
2242 4440 2413 4495 neque
2440 4426 2542 4478 ulla
2560 4432 2654 4479 aut
2672 4424 2999 4495 longitudine
3016 4433 3274 4495 porrecta,
3304 4429 3387 4477 aut
3410 4410 3624 4472 latitudine

2123 4518 2334 4584 diﬂ'usa,
2363 4529 2453 4572 aut
2482 4517 2759 4572 altitudine
2796 4517 3049 4585 solidata;
3087 4528 3141 4574 et
3169 4528 3336 4574 tamen
3361 4516 3533 4567 tantum
3552 4515 3619 4556 va-

2120 4610 2229 4666 leat
2255 4610 2305 4665 in
2342 4624 2598 4681 corpore,
2642 4618 2697 4663 ut
2747 4624 2908 4680 penes
2934 4625 3051 4665 eam
3085 4610 3154 4665 sit
3186 4608 3403 4680 regimen
3437 4594 3620 4655 omnium

2119 4702 2500 4768 membrorum,
2528 4709 2583 4755 et
2596 4702 2744 4772 quasi
2762 4701 2922 4756 cardo
2937 4701 3150 4773 quidam
3165 4702 3215 4756 in
3235 4694 3438 4771 agendo,
3452 4692 3616 4746 ωηω·

2119 4810 2238 4851 rum
2268 4794 2623 4866 corporalium
2645 4794 2971 4849 motionum?

2188 4887 2277 4944 24.
2307 4886 2440 4943 Cum
2471 4899 2647 4944 autem
2676 4887 2818 4943 oculi
2845 4888 3098 4955 medium,
3125 4903 3243 4959 qum
3264 4879 3436 4958 pupilla
3453 4866 3613 4931 dicitur.

2121 4980 2251 5036 nihil
2281 4980 2424 5036 aliud
2454 4982 2526 5036 sit
2551 4996 2710 5053 quam
2741 4979 3005 5052 quoddam
3036 4990 3280 5051 punctum
3304 4971 3452 5033 oculi,
3477 4964 3520 5020 in
3539 4969 3617 5053 Illo

2122 5082 2298 5129 tamen
2346 5082 2490 5128 tanta
2520 5049 2601 5128 vis
2635 5082 2716 5128 est
2739 5049 2771 5139 ,ν
2802 5082 2858 5127 ιιι
2886 5088 2954 5128 eo
2980 5049 3255 5128 dimidium
3289 5066 3481 5125 emittm.
3500 5049 3613 5148 cui“?

2122 5165 2388 5221 inetiabilc
2414 5167 2639 5233 Spatium
2673 5174 2753 5221 est
2770 5207 2784 5228 ,
2832 5179 2898 5221 ex
2924 5165 3102 5235 aliquo
3130 5157 3361 5220 eminenti
3387 5155 3484 5210 loco
3503 5152 3611 5200 οοιπι

2088 5252 2528 5328 collustrarique
2572 5257 2769 5327 possit;
2809 5273 2913 5311 n0"
2953 5256 3259 5311 abhomia
3290 5260 3397 5306 "3'0
3427 5236 3605 5328 "in?

2119 5364 2303 5406 carere
2332 5316 2476 5403 omni
2502 5316 2755 5418 corporea
2803 5346 3196 5419 magnitudine,
3245 5355 3347 5416 qua:
3379 5329 3514 5391 tribui
3531 5316 3605 5420 ίιξιθ

2121 5441 2436 5497 ditl‘erentiis
2463 5450 2881 5508 consummatur,
2912 5439 3152 5511 quamvis
3179 5439 3426 5506 corporum

2124 5532 2336 5589 tudines
2375 5533 2635 5604 quaslibet
2678 5500 2952 5603 imagin'ar-i
2995 5538 3171 5603 queat.
3216 5500 3596 5604 sédwud““°‘_‘

2124 5624 2239 5695 ipso
2259 5597 2437 5680 animo
2462 5624 2693 5679 animum
2715 5597 2959 5690 cernere,
2988 5597 3039 5680 id
3069 5632 3151 5682 est
3170 5632 3225 5681 ut
3259 5623 3356 5693 ipse
3371 5624 3419 5668 σο

2187 5729 2203 5760 ί
2239 5726 2372 5787 Edd.,
2394 5723 2481 5779 illa
2500 5739 2712 5778 cernere.
2729 5731 2857 5787 Mss,
2876 5722 2989 5775 ulla.
3066 5724 3069 5731 “
3208 5728 3209 5733 ‘
