3804 6390
103 487 204 551 i053

100 607 196 664 Nam
222 615 310 673 ego
332 597 446 656 novi
471 596 719 653 rusticum
747 591 1026 666 quemdam
1055 589 1388 660 loquentem,
1418 585 1486 642 do
1515 586 1597 641 lo-

102 705 246 768 qucute
273 708 443 754 more,
477 690 606 742 iiiios
629 701 811 739 omnes
841 699 1013 738 mares
1032 691 1188 752 atque
1214 681 1438 736 feminas
1465 693 1598 749 qua-

103 797 189 842 titur
211 785 327 846 lere,
361 791 448 834 aut
472 796 537 834 co
559 779 782 850 amplius
806 777 932 843 (non
961 777 1101 832 enim
1129 775 1260 829 satis
1289 788 1428 828 nunc
1451 787 1601 827 eom-

102 863 283 942 tnemini)
310 857 472 926 mutos
500 861 789 938 surdasque
817 867 1080 938 genuisse.
1112 865 1244 921 Nam
1269 878 1335 940 es
1369 879 1435 919 eo
1459 861 1602 934 quod

101 963 204 1038 liqui
226 965 314 1020 neu
339 970 590 1034 poterant.
622 949 784 1018 muti;
812 975 874 1013 ex
901 973 964 1011 eo
988 965 1163 1012 autent
1195 954 1334 1026 quod
1358 954 1499 1030 nulla
1527 953 1602 1008 si-

101 1061 171 1132 ina
197 1043 279 1112 ui~i
304 1045 463 1108 oculis
491 1045 826 1122 colligebant.
864 1050 1021 1104 etiam
1050 1047 1216 1130 surdi.
1235 1044 1601 1115 intelligchan-

103 1131 175 1206 iur.
207 1133 259 1202 ε.
288 1137 427 1200 illqu
457 1158 584 1197 vero
608 1157 708 1212 ego
739 1131 872 1194 bene
911 1139 1063 1204 novi,
1107 1149 1162 1191 et
1185 1135 1252 1193 de
1278 1136 1394 1190 istis
1423 1135 1602 1190 nescio

103 1231 241 1314 ῃίικιὲ
261 1227 408 1293 credo
435 1236 526 1290 tibi
551 1252 563 1288 :
596 1233 688 1288 Sed
726 1247 976 1302 quorsum
1008 1231 1146 1285 ista?
1173 1230 1235 1283 Α.
1260 1228 1391 1296 Quia
1422 1227 1601 1283 dixisti

104 1333 238 1388 limite
253 1323 396 1395 posse
414 1323 645 1395 cogitare
667 1326 803 1378 inter
829 1324 963 1378 tales
987 1321 1229 1377 homines
1255 1321 1396 1377 nasci
1416 1336 1602 1391 quem-

103 1413 215 1496 βω.
239 1405 293 1476 Β.
322 1405 424 1476 Nec
449 1433 587 1472 nunc
619 1409 760 1470 aliud
791 1413 946 1472 dico:
977 1429 1096 1470 nam
1127 1415 1278 1480 istos,
1310 1414 1408 1468 nisi
1429 1413 1595 1480 fallor,

102 1501 288 1572 iliacos
303 1511 384 1584 Qui
412 1505 773 1580 loquerentur,
799 1519 949 1562 natos
972 1521 1090 1562 esse
1109 1506 1375 1561 concedis.
1398 1505 1461 1560 Α.
1484 1505 1598 1560 Non

103 1589 284 1678 (quidem
320 1599 614 1670 negaverim
640 1617 656 1655 τ
687 1599 779 1654 sui
805 1613 924 1654 cum
962 1595 1071 1668 jam
1101 1597 1238 1652 inter
1269 1611 1367 1651 nos
1394 1606 1602 1652 constet

101 1691 317 1752 Iannullos
351 1686 480 1748 tales
510 1691 753 1746 homines
779 1705 898 1745 esse
939 1703 1124 1760 posse;
1155 1703 1338 1760 qumso
1364 1689 1597 1758 cogites,

102 1771 193 1846 iis:
215 1779 298 1844 ne
320 1778 512 1864 genere
541 1799 656 1839 mas
675 1793 728 1840 et
756 1773 947 1838 femina
967 1783 1335 1854 jungerentur,
1364 1775 1523 1853 atque
1546 1783 1599 1839 in

102 1871 268 1949 Iiiqtia‘ui
297 1877 622 1948 quacumque
649 1891 772 1932 casu
803 1863 963 1930 delati
993 1865 1332 1930 solitudinem
1352 1914 1368 1941 ,
1394 1873 1485 1928 ubi
1517 1883 1599 1928 ta-

105 1955 188 2028 len
211 1961 362 2025 vivere
395 1966 634 2024 valerent
651 2006 668 2034 ,
707 1961 983 2038 gignerent
1010 1967 1173 2022 tilium
1213 1981 1320 2022 non
1346 1965 1559 2021 surdum
1579 2006 1597 2033 ,

105 2043 469 2132 pauidmodum
499 2067 644 2113 esset
669 2074 790 2114 cum
823 2055 1127 2128 parentibus
1154 2056 1254 2111 iste
1291 2053 1599 2110 locuturus?

107 2137 152 2206 ε.
169 2143 580 2220 Quemadmodum
609 2162 818 2210 censes,
847 2139 945 2218 nisi
968 2158 1024 2200 ut
1047 2153 1289 2217 parentes
1309 2145 1355 2200 ei
1381 2145 1596 2215 dabant,

105 2223 154 2296 ii
175 2223 293 2314 festa
325 2241 462 2311 signa
495 2237 868 2296 redditurum?
897 2235 1000 2295 Sed
1039 2248 1211 2294 tamen
1242 2253 1372 2308 puer
1409 2253 1600 2309 parvus

107 2325 236 2387 ubi
251 2329 444 2402 quidem
472 2342 654 2403 posset
679 2350 692 2386 :
723 2341 888 2403 quare
919 2330 1002 2385 illa
1030 2332 1166 2386 ratio
1187 2346 1300 2388 mea
1323 2342 1496 2386 manet
1519 2332 1598 2386 iu-

109 2429 220 2493 gn.
244 2422 359 2490 Quid
389 2424 530 2479 enim
574 2415 737 2477 refert
775 2431 946 2477 utrum
983 2411 1122 2493 loqui
1143 2461 1158 2486 ,
1189 2437 1255 2476 an
1284 2431 1488 2492 gestum
1517 2421 1598 2478 fa-

107 2515 187 2568 m
202 2511 455 2569 Crescendi»
476 2518 812 2583 asseqnatnr,
840 2527 959 2566 cum
982 2509 1046 2565 ad
1067 2511 1296 2566 animam
1319 2521 1599 2584 utrumque

105 2603 308 2674 )trtittdt,
333 2621 484 2678 quam
508 2601 664 2660 fateri
694 2605 940 2659 nolumus
964 2595 1245 2659 crescere?

151 2681 213 2750 Β.
235 2683 285 2748 Α.
309 2693 415 2750 iam
444 2689 578 2749 mihi
609 2683 804 2748 videris
824 2695 981 2748 etiam
1009 2709 1129 2747 cum
1155 2695 1204 2746 in
1235 2683 1353 2747 fune
1379 2691 1598 2764 quisque

107 2773 300 2848 mbulat,
337 2781 649 2854 ampliorem
679 2773 899 2839 credere
926 2783 1063 2838 hunc
1102 2781 1298 2838 habere
1331 2783 1558 2836 animam
1580 2824 1595 2846 ,

108 2867 213 2948 μ
234 2869 311 2930 eos
333 2869 418 2948 qui
449 2871 502 2930 id
541 2861 715 2930 facere
745 2879 1028 2945 nequeunt.
1067 2869 1131 2928 E.
1164 2865 1274 2928 lioc
1301 2867 1442 2926 aliud
1477 2882 1594 2928 est:

108 2953 186 3032 ili
201 2955 314 3019 enim
337 2963 430 3022 hoc
452 2973 562 3020 non
585 2959 760 3021 videat
781 2968 899 3020 eSse
925 2957 1092 3018 artis?
1118 2963 1181 3017 Α.
1206 2961 1331 3029 Cur,
1353 2957 1594 3030 obsecro,

108 3045 283 3110 mstiti
303 3047 414 3127 quia
440 3051 668 3111 didicit?
695 3043 758 3109 ις.
789 3054 859 3109 na
888 3061 1033 3110 vero.
1064 3053 1126 3109 Α.
1155 3055 1328 3122 Quare
1357 3054 1446 3109 tibi
1472 3068 1598 3124 ergo

109 3141 240 3213 ω,
276 3145 313 3204 61
349 3140 484 3205 aliud
531 3150 760 3220 quisque
803 3137 1004 3214 discat,
1048 3163 1150 3202 non
1192 3137 1321 3202 artis
1357 3141 1598 3202 videtur?

111 3227 156 3289 ε.
183 3233 308 3296 Plant!
347 3230 602 3313 quidquid
644 3230 907 3313 disi-itur,»
949 3239 1077 3293 artis
1119 3254 1237 3295 esse
1288 3245 1392 3293 non"
1441 3247 1594 3309 nego.

112 3313 254 3382 Α.ηῶ
275 3311 386 3400 ergo
411 3311 500 3386 ille
527 3324 716 3386 didicit
755 3343 782 3383 τι
817 3311 1122 3399 parentibus
1149 3339 1354 3402 gestum
1388 3323 1597 3386 facere?

114 3411 158 3466 Ε.
177 3415 316 3476 Didicit
342 3425 482 3480 sane.
533 3415 599 3477 Α.
627 3412 848 3492 Oportet
877 3413 1032 3492 igitur
1057 3430 1110 3478 et
1141 3421 1239 3476 hoc
1268 3423 1370 3476 non
1407 3423 1597 3477 anima:

115 3505 320 3564 milia
353 3496 662 3585 amplioris,
700 3507 792 3566 Sed
825 3512 1119 3565 liniunturiac
1155 3513 1427 3577 cujusdam
1468 3509 1598 3568 artis

119 3599 438 3660 “Was.
466 3601 533 3660 E.
562 3593 674 3658 Non
697 3609 910 3674 possunt
929 3601 1026 3659 ltoc
1046 3603 1356 3658 eoncedu-re.
1377 3601 1437 3658 Α.
1461 3603 1599 3674 Ergo

116 3691 326 3752 1⁸⁸0611118
345 3695 478 3766 quod
507 3691 732 3752 discitur
757 3697 888 3752 artis
915 3695 1018 3764 esi,
1047 3695 1186 3770 qunti
1216 3713 1352 3750 nttnc
1378 3703 1599 3750 deuers-

111 3777 231 3836 ουκ.
253 3779 305 3838 Ε.
331 3785 463 3843 Artis
500 3778 744 3843 omnino.
785 3776 846 3841 Α.
874 3773 987 3842 NOII
1015 3793 1142 3856 ergo
1172 3787 1259 3842 ille
1291 3785 1471 3842 didicit
1510 3803 1599 3857 ge-

111 3869 354 3956 μῌίυικι
376 3877 494 3934 item
530 3891 637 3933 non
673 3879 845 3933 minus
880 3873 1122 3933 dederas.
1155 3875 1221 3932 Ε.
1253 3877 1470 3944 Didicit,
1505 3877 1597 3932 sed

115 3953 365 4022 beatiorsi
391 3961 540 4025 artis.
575 3965 639 4023 Α.
671 3967 828 4038 Atqui
856 3976 909 4023 ttt
935 3967 1096 4040 paulo
1116 3979 1239 4023 ante
1263 3967 1439 4022 dixisti
1468 3969 1598 4024 artis

107 4041 318 4138 UE.th
341 4057 580 4116 discitur.
611 4053 675 4115 ε.
711 4060 841 4129 Age,
873 4051 981 4129 iam
1011 4055 1264 4122 collectio.
1293 4069 1344 4114 et
1371 4055 1512 4130 loqui
1546 4067 1601 4114 et

109 4139 254 4210 “alii
282 4147 460 4229 Mere,
502 4151 574 4208 ed
597 4145 737 4221 Quod
762 4158 824 4206 ea
852 4141 1151 4214 didicimus,
1177 4153 1306 4207 artis
1334 4167 1472 4207 esse.
1499 4149 1601 4206 Ta-

109 4229 190 4287 ηι
209 4235 304 4293 Ili!
325 4245 439 4297 sunt
457 4247 626 4308 δῆθε,
653 4251 786 4310 quas
810 4283 826 4309 ,
857 4235 982 4297 dum
1010 4239 1062 4297 in
1089 4243 1219 4298 alios
1247 4243 1596 4311 intendimus,

93 4313 320 4391 “iam:
359 4317 507 4400 sum,
555 4327 674 4403 qua
702 4349 730 4386 a
781 4333 1045 4403 magistris
1088 4334 1392 4389 inseruntur
1423 4336 1594 4390 nobis.

109 4409 276 4484 λσθωὲ
309 4422 510 4481 tandem
541 4423 760 4481 ist-trum
792 4433 944 4494 putas
971 4423 1197 4480 animam
1218 4469 1232 4491 .
1270 4441 1334 4481 ex
1365 4441 1430 4481 co
1458 4427 1598 4497 quod

107 4505 272 4576 Ilii!"
296 4514 403 4580 liat,
435 4513 695 4585 adipisci?
731 4527 870 4568 anne
894 4513 1118 4569 omnes?
1153 4509 1220 4568 Ε.
1250 4511 1366 4570 Non
1413 4527 1599 4571 Omnes

107 4599 212 4662 κισ.
233 4603 314 4658 ted
349 4604 458 4662 illas
490 4607 814 4677 superiores.
860 4607 920 4660 Α.
949 4605 1132 4662 Nonne
1162 4608 1252 4661 tibi
1288 4623 1352 4662 ex
1381 4606 1482 4663 boc
1505 4623 1598 4676 ge-

107 4683 396 4754 ”Vltletnr
422 4701 473 4755 tu
502 4698 628 4755 fune
654 4693 968 4755 ambulare?
996 4707 1118 4754 nam
1140 4707 1193 4753 et
1219 4699 1317 4754 liOC
1346 4695 1594 4768 videndo,

109 4781 368 4855 unum,
387 4793 470 4862 qui
492 4793 543 4847 id
567 4789 763 4847 faciunt
790 4797 1164 4861 assequuntur.
1208 4792 1269 4845 Ε.
1300 4789 1371 4846 ita
1400 4791 1557 4848 credo
1583 4811 1597 4848 :

107 4867 337 4933 καίωσι
376 4887 478 4937 una
516 4874 703 4937 milites
747 4881 834 4950 qui
882 4879 996 4937 haec
1031 4883 1271 4951 spectant
1312 4890 1367 4937 et
1410 4893 1600 4952 magno

109 4957 240 5019 α*
264 4967 530 5039 ltlluent'ur,
558 4971 772 5043 assequi
802 4981 1020 5042 possunt
1037 5013 1050 5036 ,
1095 4971 1190 5028 sed
1215 4973 1302 5044 qui
1342 4973 1497 5042 hujus
1521 4975 1597 5029 rei

109 5053 326 5122 III-ma
347 5064 626 5131 patiamur.
658 5064 722 5118 Α.
753 5063 900 5118 Bene
922 5073 1051 5119 sane
1076 5063 1238 5128 dicis;
1267 5079 1387 5118 nam
1413 5075 1465 5120 et
1498 5050 1600 5120 hoc

107 5133 180 5223 α
205 5146 342 5205 Otila
387 5151 458 5208 de
499 5149 763 5209 locutione
806 5153 1213 5223 respOnderim:
1260 5153 1410 5209 multi
1456 5155 1598 5210 enim

107 5219 236 5324 ψ
255 5247 302 5296 st
330 5235 467 5302 iiiud
500 5253 668 5318 genus
710 5219 908 5317 linguai
929 5247 1164 5302 crebrius
1189 5259 1288 5302 nos
1327 5245 1600 5318 loquentes

101 5321 464 5405 ’Μικυλίιὶ
490 5339 850 5394 tunambttlum‘
874 5343 1143 5408 spectant;
1175 5339 1264 5408 qui
1291 5339 1346 5392 nt
1373 5340 1599 5408 linguam

99 5415 294 5477 καί
322 5422 545 5497 discant,
582 5423 1022 5500 quemadmodum
1063 5437 1162 5484 nos
1199 5437 1319 5484 cum
1368 5430 1599 5499 ipsorum

101 5507 498 5598 arma,
531 5523 682 5590 ttch
699 5520 965 5591 magistris
989 5517 1282 5574 traduntur.
1327 5519 1455 5586 Quae
1478 5525 1597 5574 cum

111 5587 294 5672 5U;
313 5609 470 5666 Ilit'ot’
487 5615 583 5667 cur
606 5587 810 5667 initan
828 5612 1168 5668 incrementis
1206 5612 1443 5667 tribuere
1472 5613 1600 5667 velis

111 5685 217 5773 μοι
237 5690 495 5765 loquuntur
521 5703 795 5768 homines;
827 5703 964 5773 quod
985 5713 1158 5758 autem
1184 5703 1235 5756 in
1259 5701 1383 5756 fune
1416 5702 1600 5758 ambu-

416 5789 481 5847 Ε.
501 5791 689 5848 Nescio
713 5763 977 5864 queritodo
1006 5795 1100 5848 ista
1130 5791 1409 5849 confutatis
1433 5813 1446 5850 :
1478 5809 1601 5850 nam

115 5871 180 5927 ηε
198 5878 246 5923 ιιι
263 5871 472 5946 lit-gnam
496 5891 728 5936 nostram
753 5884 941 5948 discat,
969 5884 1218 5955 magistro
1243 5885 1480 5950 traditur,
1509 5899 1603 5940 no-

1439 466 1638 526 ΗΒεῆ
1676 467 1874 526 UNUS.

3141 481 3280 542 {05‘

1706 585 1778 639 vit
1797 586 1953 640 aliam
1971 589 2250 658 quamdam
2274 605 2445 659 suam,
2467 605 2622 662 quam
2644 605 2787 658 eum,
2809 591 2948 662 quod
2968 591 3084 659 ejus
3102 593 3276 648 anima

1705 683 1963 744 creverit,
2004 692 2129 751 puto
2167 683 2444 749 didicisse;
2480 699 2598 739 cum
2629 695 2804 739 autem
2829 686 2981 740 discit
3011 687 3234 740 alienam
3255 726 3271 752 ,

1706 787 1810 826 non
1837 773 2078 842 ampliori
2104 774 2292 829 anima:
2312 816 2328 840 ,
2363 775 2455 830 sed
2490 777 2586 830 arti
2629 777 2820 850 tribuo.
2848 775 2912 830 Α.
2943 777 3080 844 Quid
3109 777 3152 832 si
3185 777 3272 834 ille

1705 865 1793 936 qui
1821 867 1956 918 inter
1981 876 2154 919 mutos
2180 878 2333 921 natus
2358 876 2515 937 atque
2536 867 2674 921 altus
2700 877 2802 934 est,
2832 881 2952 921 sero
2975 882 3038 923 ac
3061 868 3170 936 jam
3187 868 3274 936 ju-

1704 956 1854 1012 venis
1882 958 1931 1010 in
1961 957 2094 1012 alios
2119 956 2359 1011 homines
2393 958 2626 1012 incidens
2655 958 2796 1030 loqui
2822 958 3120 1014 didicisset.
3151 973 3271 1014 cum

1703 1047 1857 1102 aliam
1904 1047 2132 1118 linguam
2178 1047 2373 1100 nullam
2418 1047 2634 1104 nosset?
2679 1063 2744 1103 eo
2786 1057 3025 1117 tempore
3061 1060 3274 1116 putares

1704 1137 1932 1190 animam
1958 1135 2071 1205 ejus
2107 1136 2338 1190 crevisse
2357 1175 2371 1198 ,
2411 1151 2515 1206 quo
2541 1135 2682 1205 loqui
2715 1135 3002 1191 didicerat?
3031 1135 3094 1192 Ε.
3123 1135 3270 1192 Nun-

1703 1244 1860 1299 quam
1888 1227 2061 1282 istlme
2083 1228 2256 1282 ausim
2280 1213 2458 1282 dicere
2480 1243 2497 1289 ;
2529 1235 2582 1282 et
2620 1227 2727 1295 jam
2753 1227 2884 1282 cedo
2910 1227 3097 1283 rationi
3121 1270 3134 1292 ,
3173 1243 3272 1284 nec

1705 1330 1832 1391 puto
1857 1320 2129 1390 amplioris
2166 1307 2356 1374 anima:
2385 1329 2750 1388 argumentum
2787 1335 2905 1374 esse
2933 1320 3071 1390 quod
3103 1321 3272 1394 loqui-

1705 1426 1843 1477 mur,
1874 1425 1942 1465 ne
1977 1413 2031 1464 et
2058 1409 2188 1464 alias
2215 1422 2403 1464 omnes
2442 1421 2584 1464 artes
2615 1423 2775 1478 cogar
2799 1395 2946 1464 fateri
2987 1412 3272 1466 crescendo

1703 1503 1932 1554 animam
1973 1509 2312 1554 consecutam
2342 1517 2354 1553 :
2383 1487 2522 1570 quod
2553 1498 2597 1554 si
2637 1499 2842 1564 dixero,
2872 1496 2997 1554 illud
3025 1511 3272 1571 sequetur

1703 1592 2026 1660 absurdum,
2072 1591 2382 1648 decrescere
2426 1592 2660 1647 animam
2704 1608 2824 1647 cum
2867 1591 3098 1664 quidque
3141 1594 3274 1651 obli-

1702 1686 1938 1741 viscitur.
1973 1703 1976 1706 ’

1702 1771 1925 1833 CAPUT
1961 1767 2102 1831 XIX.
2124 1805 2196 1817 —
2211 1773 2393 1830 Anima
2430 1762 2679 1848 quomodo
2699 1779 2919 1831 crescere
2947 1775 3164 1831 minuive
3185 1765 3268 1831 di-

1832 1910 1834 1912 ,
2414 1869 2564 1922 citur.

1771 1950 1861 2016 33.
1892 1957 1954 2014 Α.
2002 1955 2143 2015 Bene
2172 1957 2436 2030 intelligis,
2480 1966 2534 2014 et
2568 1949 2752 2014 verum
2786 1967 2844 2014 ut
2884 1958 3088 2027 audias,
3130 1967 3276 2016 recte

1701 2043 1893 2104 dicitur
1917 2047 2091 2104 anima
2126 2037 2378 2103 discendo
2405 2045 2554 2118 quasi
2588 2039 2850 2114 crescere,
2877 2057 2932 2104 et
2955 2055 3140 2104 contra
3175 2043 3276 2106 mi-

1701 2140 1790 2197 nui
1837 2131 2196 2206 dedisceudo,
2241 2129 2335 2196 sed
2383 2141 2635 2196 translato
2679 2140 2872 2205 verbo,
2924 2152 2982 2196 ut
3030 2145 3274 2214 superius

1701 2230 2046 2288 ostendimus.
2075 2219 2272 2286 Tamen
2309 2225 2434 2286 illud
2453 2219 2746 2288 cavendum
2772 2240 2872 2296 est,
2897 2247 2964 2288 ne
2983 2239 3129 2302 quasi
3151 2249 3274 2302 spa-

1703 2323 1830 2378 tium
1858 2315 1954 2378 ioci
1984 2322 2150 2391 majus
2179 2338 2440 2402 occupare
2479 2323 2736 2387 videatur,
2779 2323 2902 2377 dum
2931 2324 3125 2380 dicitur
3154 2339 3272 2379 creo

1702 2431 1885 2480 scere;
1915 2409 2006 2470 sed
2032 2407 2282 2486 majorem
2308 2405 2588 2485 quamdam
2617 2415 2720 2470 vim
2749 2415 2965 2484 peritior
2987 2431 3140 2486 quam
3173 2406 3272 2472 im-

1701 2509 1922 2578 peritior
1969 2497 2165 2563 habere
2215 2501 2284 2562 ad
2329 2505 2609 2578 agentium.
2660 2493 2829 2577 Magni
2885 2515 3057 2561 tamen
3109 2507 3273 2564 refert

1699 2600 1872 2670 qualia
1906 2599 2013 2654 sint
2041 2599 2125 2653 illa
2156 2599 2268 2669 ipsa
2305 2615 2423 2670 qua:
2449 2598 2626 2664 discit,
2667 2599 2858 2669 quibus
2881 2591 3272 2670 quodammodo

1699 2679 1908 2745 videtur
1932 2681 2131 2761 augeri.
2181 2683 2314 2746 Nam
2367 2699 2423 2746 ut
2449 2691 2500 2746 in
2526 2707 2749 2763 corpore
2792 2693 2890 2748 tria
2919 2703 3042 2748 sunt
3074 2682 3270 2765 genera

1700 2782 2182 2852 incrementorum,
2225 2799 2386 2838 unum
2436 2785 2816 2852 necessarium,
2868 2800 2973 2855 quo
3019 2787 3272 2844 naturalis

1701 2872 2066 2929 cenvenientia
2111 2871 2358 2944 impletur
2384 2874 2435 2929 in
2479 2865 2771 2939 membris;
2817 2874 3042 2930 alterum
3084 2891 3271 2947 super-

1701 2947 1882 3030 iiu'um,
1909 2969 2016 3035 quo
2043 2979 2071 3018 a
2098 2965 2305 3020 czeteris
2330 2963 2579 3019 membris
2609 2965 2807 3035 integra
2836 2963 3137 3022 valetudine
3169 2956 3268 3022 au-

1699 3053 1873 3129 gelido
1897 3053 2090 3125 aliquid
2118 3049 2402 3125 diserepat,
2435 3053 2528 3124 per
2555 3053 2696 3131 quod
2723 3045 2983 3110 interdum
3013 3057 3190 3112 evenit
3215 3067 3274 3112 ut

1701 3149 1843 3204 senis
1867 3143 2044 3219 digitis
2070 3153 2350 3203 nascantur
2376 3143 2634 3214 homines,
2657 3156 2709 3203 et
2736 3143 2984 3220 pleraque
3007 3147 3132 3216 alia,
3154 3164 3273 3221 qua:

1701 3245 1820 3296 cum
1863 3243 2057 3310 praeter
2089 3236 2522 3297 consuetudinem
2552 3241 2712 3298 nimia
2750 3251 2893 3311 stmt,
2937 3253 3272 3300 monstruosa

1702 3331 2070 3396 nominantur;
2100 3329 2313 3386 tertium
2359 3331 2593 3395 noxium,
2622 3325 2762 3401 quod
2800 3325 2920 3387 cum
2949 3329 3159 3393 accidit,
3187 3343 3273 3387 tu-

1702 3429 1819 3478 mor"
1845 3423 2094 3487 vocatur;
2127 3438 2246 3477 nam
2272 3421 2428 3477 etiam
2452 3421 2530 3478 sic
2555 3421 2793 3477 membra
2819 3431 3060 3478 crescere
3081 3415 3266 3478 dicun-

1703 3515 1806 3578 tur,
1837 3519 1889 3569 et
1918 3517 2097 3570 revera
2135 3515 2308 3570 locum
2346 3524 2602 3587 occupant
2633 3513 2966 3584 ampliorem,
2993 3513 3088 3570 sed
3110 3529 3275 3586 expu-

1701 3611 1855 3676 gnata
1905 3605 2047 3662 bona
2081 3604 2379 3660 valetudine
2405 3624 2416 3658 :
2447 3607 2513 3660 ita
2543 3603 2593 3660 in
2633 3607 2812 3660 animo
2853 3603 3091 3679 qna-dam
3125 3607 3274 3676 quasi

1702 3695 1955 3754 naturain
1987 3697 2304 3752 incrementa
2342 3699 2482 3762 Sillii,
2513 3699 2634 3752 cum
2679 3689 2915 3751 honestis
2955 3706 3009 3752 et
3049 3689 3114 3752 ad
3143 3687 3277 3753 bene

1703 3783 1959 3860 beateque
2002 3779 2282 3843 vivendum
2311 3785 2720 3843 accmntnodatis
2762 3777 3054 3858 disciplinis
3094 3787 3275 3858 augeri

1703 3879 1912 3937 dicitur.
1945 3879 2077 3935 Cum
2100 3893 2226 3934 vero
2250 3887 2312 3932 ea
2335 3869 2606 3944 disCimus,
2633 3894 2752 3948 qure
2771 3877 3086 3932 mirabiliora
3113 3893 3272 3946 quam

1705 3975 1911 4027 utiliora
1938 3975 2098 4038 sunt;
2139 3981 2435 4042 quanquam
2474 3961 2740 4026 nonnullis
2778 3969 2933 4024 rebus
2970 3963 3274 4038 plerumque

1703 4067 2015 4134 Opportuna,
2061 4067 2450 4131 supervaCanea
2495 4061 2668 4115 tatiieii
2714 4067 2766 4114 et
2807 4049 2875 4115 de
2918 4055 3006 4113 illo
3039 4056 3275 4114 secundo

1702 4155 1900 4222 genere
1929 4148 2252 4206 numeranda
2283 4157 2423 4204 sunt.
2451 4143 2563 4204 Non
2585 4143 2727 4205 enim
2753 4147 2795 4203 si
2822 4143 3033 4218 quidam
3057 4143 3272 4217 tibicen,

1708 4247 1765 4296 ut
1792 4235 1957 4296 Varro
1999 4249 2184 4295 auctor
2219 4249 2319 4304 εει,
2349 4239 2418 4305 ita
2467 4232 2715 4310 populum
2759 4227 3040 4296 delectavit
3081 4235 3137 4296 ut
3179 4255 3275 4299 rex

1705 4333 1876 4400 iteret,
1918 4331 2038 4389 ideo
2066 4332 2296 4388 animum
2335 4341 2576 4387 nostrum
2603 4325 2692 4389 iilo
2716 4331 2939 4389 artiﬁcio
2977 4333 3272 4405 augendum

1705 4439 1890 4498 putare
1936 4427 2234 4482 debemus:
2271 4425 2391 4495 quia
2445 4433 2542 4479 nec
2585 4425 2813 4494 majores
2857 4433 3012 4495 quam
3059 4421 3275 4481 humani

1704 4529 1845 4582 sunt,
1871 4519 2059 4573 dentes
2097 4515 2291 4572 habere
2319 4513 2594 4581 vellemus,
2622 4515 2665 4569 si
2704 4516 3053 4583 audissemus,
3079 4533 3108 4571 a
3135 4533 3272 4590 quo-

1705 4612 1867 4684 piam,
1911 4609 2051 4680 quod
2084 4611 2214 4665 tales
2257 4599 2514 4672 italmetit,
2557 4619 2734 4662 morsu
2775 4601 2983 4662 hostem
3014 4621 3274 4665 necatum.

1707 4699 1928 4758 Notium
1962 4715 2086 4754 vero
2113 4697 2237 4756 illud
2266 4707 2348 4754 est
2372 4707 2535 4769 genus
2571 4697 2783 4761 artium,
2813 4713 2918 4768 quo
2943 4698 3105 4756 attitni
3131 4695 3277 4757 valc-

1707 4790 1834 4847 tudo
1866 4791 2132 4846 sauciatur
2159 4807 2172 4844 :
2200 4803 2320 4844 nam
2348 4791 2401 4844 ct
2428 4787 2594 4844 odore
2617 4797 2678 4842 ac
2705 4795 2892 4858 sapore
2921 4789 3052 4845 mire
3081 4789 3280 4860 dijudi-

1704 4885 1828 4938 care
1860 4881 2152 4951 pulmenta,
2183 4890 2235 4934 et
2257 4893 2361 4949 quo
2382 4881 2497 4933 lacu
2527 4871 2683 4948 Mscis
2706 4889 2890 4952 captus
2915 4875 3001 4942 sit.
3033 4871 3115 4938 vel
3143 4894 3280 4954 quo-

1704 4981 1862 5034 tenne
1877 4973 2055 5029 vinum
2075 4971 2161 5035 sit,
2186 4971 2344 5028 nosse
2366 4970 2541 5026 dicere
2569 4965 2607 5037 ‘,
2628 4961 2866 5042 qita'dam
2888 4975 2970 5029 est
2989 4969 3283 5030 miseranda

1705 5055 1890 5140 peritia
1916 5081 1931 5131 ;
1957 5073 2012 5120 et
2035 5064 2116 5119 bis"
2136 5059 2336 5143 artibus
2360 5075 2480 5118 cum
2509 5060 2656 5132 quasi
2677 5057 2909 5119 crevisse
2935 5054 3110 5120 anima
3134 5064 3282 5121 video
3356 5054 3364 5062 ’

1705 5163 1816 5227 tur,-
1836 5175 1952 5230 qua!
1974 5159 2209 5227 neglecta
2240 5157 2417 5212 tuente
2436 5151 2654 5210 detlnxlt
2675 5155 2723 5210 lu
2755 5152 2963 5222 sensus,
2989 5155 3116 5211 nihil
3141 5143 3283 5212 aliud

1705 5262 1862 5324 quam
1885 5250 2139 5305 tumuisse
2164 5248 2247 5304 vel
2273 5241 2432 5303 etiam
2452 5243 2786 5303 contabuisise
2809 5241 3085 5319 iudicanda
3110 5257 3213 5302 est.

1841 5342 2068 5399 CAPUT
2105 5340 2225 5398 XX.
2244 5367 2317 5382 --
2341 5339 2522 5395 Anima
2544 5351 2664 5394 num
2690 5339 2810 5411 quid
2833 5351 2896 5394 ea:
2915 5337 2970 5394 se
2997 5337 3140 5390 sciat.

1779 5437 1868 5496 84.
1909 5433 1976 5492 Ε.
2022 5435 2240 5508 Accipio
2269 5436 2365 5490 ista
2397 5441 2448 5492 et
2479 5433 2760 5494 assentior,
2791 5441 2891 5487 nec
2935 5435 3108 5482 tamen
3151 5423 3282 5481 nihil

1707 5533 1876 5600 angor
1912 5541 1977 5582 ex
2005 5535 2073 5583 eo
2117 5525 2257 5596 quod
2307 5525 2548 5596 imperita
2577 5521 2810 5577 omnium
2847 5529 3022 5573 rerum
3049 5515 3102 5567 et
3127 5513 3279 5569 bruta

1707 5617 1792 5677 Est
1818 5620 2014 5684 animo,
2055 5623 2217 5688 titiam
2237 5617 2290 5671 in
2319 5621 2484 5686 puero
2507 5611 2695 5670 recens
2719 5611 2842 5662 nam
2867 5602 3119 5674 q‘u‘autum
3153 5601 3275 5658 licet

1707 5711 2036 5782 inspiciatus.
2074 5706 2182 5763 Cur
2206 5709 2349 5763 enim
2375 5706 2569 5761 nullam
2591 5701 2764 5756 artem‘
2803 5695 2978 5751 secum
3004 5690 3200 5756 attulit,
3233 5691 3279 5747 si

1771 5892 1790 5926 ι
1825 5889 2038 5946 Discere,
2057 5889 2193 5950 juxta
2216 5892 2318 5936 Par.
2373 5863 2429 5932 It.
