3804 6394
604 496 737 557 1055

594 628 790 675 mterna
834 613 957 669 est?
986 612 1048 667 Α.
1095 609 1333 681 Magnam
1376 603 1614 666 omnino.
1663 616 1930 670 magnam,
1975 606 2030 653 et
2073 610 2176 667 qua

591 709 775 767 nescio
800 716 976 760 utrum
998 699 1281 774 quidquam
1304 696 1474 767 majus
1488 696 1575 761 sit,
1603 692 1951 766 quaestionem
1971 702 2173 753 moves,

593 803 647 858 in
670 816 769 871 qua
799 807 1001 852 tantum
1029 801 1226 848 nostra:
1254 790 1469 844 sibimet
1504 786 1780 857 Opiniones
1804 783 2173 843 adversantur,

591 904 649 948 ut
675 891 765 947 tibi
791 888 966 943 anima
1008 885 1224 945 nullam,
1254 883 1382 938 mihi
1405 889 1585 937 contra
1613 893 1798 933 omnes
1823 883 1967 931 artes
1993 888 2174 929 secum

588 985 829 1041 attulisse
862 980 1137 1044 videatur;
1170 992 1267 1032 nec
1297 974 1439 1029 aliud
1476 972 1760 1043 quidquam
1787 985 1905 1025 esse
1952 968 2002 1024 id
2032 967 2173 1039 quod

586 1077 780 1133 dicitur
796 1075 1018 1135 discere,
1032 1086 1189 1144 quam
1206 1068 1474 1124 reminisci
1490 1075 1544 1122 et
1567 1064 1833 1122 recordari
1849 1064 1943 1133 (a).
1971 1062 2075 1118 Sed
2098 1062 2174 1117 vi-

588 1172 754 1224 desne
792 1182 948 1238 quam
982 1166 1137 1232 hujus
1175 1162 1428 1233 temporis
1456 1176 1558 1215 non
1598 1160 1687 1223 sit,
1727 1168 1901 1212 utrum
1941 1156 2036 1211 ista
2073 1154 2170 1208 ha-

588 1262 747 1317 beant
778 1259 845 1312 ita
873 1272 1011 1322 sese,
1029 1253 1337 1326 requirere?
1362 1250 1512 1307 Nunc
1535 1250 1677 1307 enim
1704 1249 1908 1319 agimus
1927 1257 1981 1301 ut
2006 1263 2170 1317 appa-

586 1362 720 1417 reat,
754 1352 798 1405 si
828 1358 1021 1421 potest,
1054 1363 1157 1402 non
1180 1362 1297 1401 eam
1319 1344 1609 1399 secundum
1632 1343 1733 1397 loci
1760 1341 1929 1411 spatia
1956 1354 2170 1411 parvam

584 1457 897 1514 magnatnve
927 1440 1184 1497 nominari
1210 1455 1224 1504 ;
1251 1438 1600 1493 aeternitatem
1645 1444 1821 1490 autem
1851 1433 1967 1503 ejus
1996 1433 2037 1487 si
2067 1432 2170 1487 ulla

584 1546 686 1601 est,
714 1542 1016 1604 Opportune
1041 1530 1399 1587 scrutabimur
1432 1542 1554 1583 cum
1587 1526 1713 1581 illud
1753 1524 1894 1596 quod
1924 1534 2168 1595 quartum

588 1625 830 1699 posuisti.
886 1625 994 1679 Cur
1033 1622 1241 1692 corpori
1293 1621 1449 1676 fuerit
1493 1619 1638 1685 data,
1684 1627 1937 1688 quantum
1982 1614 2061 1669 fas
2088 1623 2171 1671 est

586 1727 814 1774 tractare
847 1716 1188 1786 coeperimus.
1229 1712 1367 1781 Quid
1395 1712 1537 1768 enim
1564 1710 1630 1765 ad
1670 1710 1831 1765 talem
1859 1709 1975 1778 ejus
2003 1725 2170 1779 quan-

584 1811 787 1864 titatem
816 1807 1021 1873 attinet,
1050 1820 1331 1876 semperne
1355 1820 1423 1859 an
1452 1819 1556 1859 non
1577 1818 1791 1874 semper
1820 1802 1995 1864 fuerit,
2023 1800 2168 1856 futu-

582 1916 712 1957 rave
726 1901 815 1967 sit,
838 1909 928 1954 aut
952 1898 1091 1969 quod
1116 1913 1255 1953 nunc
1275 1896 1519 1967 imperita
1549 1911 1692 1950 nunc
1711 1895 1879 1967 perita
1898 1904 1980 1949 est
2000 1909 2016 1961 ;
2043 1909 2167 1949 cum

581 2002 639 2049 et
668 1993 881 2063 longum
906 2001 1132 2062 tempus,
1163 2006 1229 2047 ne
1257 1990 1571 2060 corporibus
1597 1988 1813 2060 quidem
1842 1989 2033 2044 aﬂ‘erre
2056 2004 2165 2043 ma-

581 2083 870 2155 gnitudinis
906 2098 1142 2149 causam,
1190 2081 1433 2153 superius
1476 2082 1907 2151 probaverimus;
1939 2090 1993 2137 et
2024 2082 2167 2152 peri-

581 2176 706 2231 tiam
734 2175 1064 2230 notissimum
1085 2175 1153 2229 sit
1174 2189 1330 2244 posse
1350 2174 1545 2229 nullam
1569 2173 1758 2229 adesse
1782 2173 2165 2239 crescentibus.

578 2282 641 2322 ac
656 2281 799 2339 smpe
819 2265 1221 2321 senescentibus
1236 2275 1589 2335 opportunam
1603 2280 1721 2319 esse
1736 2280 1751 2330 ;
1778 2266 2047 2336 multaque
2062 2266 2165 2321 alia

577 2359 718 2419 dicta
761 2361 869 2415 sint
896 2360 1046 2426 satis,
1092 2366 1148 2413 ut
1196 2358 1408 2427 opinor,
1440 2357 1508 2413 ad
1550 2357 2023 2413 demonstrandum
2058 2373 2165 2414 non

576 2469 697 2511 cum
728 2452 1087 2525 magnitudine
1124 2451 1383 2520 corporis,
1426 2465 1585 2520 quam
1634 2458 1764 2504 aetas
1789 2449 1974 2519 all'ert,
2004 2452 2166 2508 etiam

576 2544 808 2599 animam
840 2542 952 2598 ﬁeri
985 2540 1321 2611 ampliorem.

576 2634 803 2691 CAPUT
844 2632 984 2688 XXI.
1009 2663 1079 2672 —
1113 2630 1254 2685 Vires
1282 2631 1335 2685 in
1376 2632 1558 2704 majori
1607 2640 1756 2687 relate
1801 2633 2016 2705 majores
2063 2650 2165 2689 non

860 2732 975 2778 sunt
1003 2731 1353 2795 argumentum
1379 2723 1643 2777 crescentis
1675 2725 1877 2779 (minue.

646 2818 735 2874 35.
768 2816 941 2886 Quare
967 2815 1263 2884 videamus,
1285 2816 1330 2871 si
1355 2815 1550 2887 placet.
1580 2816 1708 2873 illud
1741 2818 1965 2875 alterum
2008 2833 2166 2891 argu-

574 2918 812 2967 mentum
859 2918 1004 2965 tuum
1053 2910 1211 2982 quale
1262 2908 1352 2977 sit,
1394 2909 1534 2982 quod
1585 2925 1682 2981 per
1724 2919 1889 2967 totum
1933 2912 2163 2983 spatium

572 3002 811 3073 corporis
837 3009 1006 3056 tactus
1028 3002 1254 3056 sentitur
1277 3002 1345 3057 ab
1370 3002 1567 3064 anima.
1594 3018 1755 3073 quam
1783 3002 1938 3074 spatii
1968 3003 2164 3061 nullius

573 3109 691 3150 esse
725 3094 989 3149 volumus.
1019 3093 1084 3148 E.
1138 3093 1379 3151 Sinerem
1406 3094 1516 3164 jam
1545 3094 1611 3149 ad
1642 3095 1768 3150 illud
1796 3096 2031 3163 transiri,
2062 3098 2164 3156 nisi

572 3184 639 3240 de
666 3184 868 3239 viribus
892 3184 1175 3239 dicendum
1197 3184 1393 3255 aliquid
1416 3185 1723 3241 arbitrarer.
1757 3185 1892 3253 Quid
1912 3195 1995 3242 est
2018 3188 2162 3244 enim

573 3276 695 3338 hoc.
724 3276 861 3346 quod
893 3276 1127 3331 auctiora
1158 3290 1255 3347 per
1279 3286 1487 3331 aetatem
1510 3291 1736 3345 corpora
1761 3278 1902 3333 vires
1927 3279 2163 3348 pra-bent

575 3368 767 3422 anima:
797 3367 1102 3436 ampliores,
1135 3366 1179 3420 si
1211 3381 1330 3420 cum
1360 3367 1441 3420 his
1478 3368 1707 3436 amplior
1736 3384 1841 3423 non
1870 3368 1925 3423 lit
1948 3372 2162 3427 anima?

574 3456 886 3526 Quanquam
914 3456 1055 3510 enim
1098 3456 1266 3511 virtus
1293 3458 1505 3523 animm,
1538 3459 1679 3514 vires
1717 3472 1894 3516 autem
1922 3464 2161 3534 corporis

574 3551 748 3622 putari
779 3551 985 3607 soleant
1010 3568 1024 3617 ;
1057 3567 1323 3623 nunquam
1348 3562 1522 3609 tamen
1544 3555 1610 3611 ab
1632 3557 1806 3611 anima
1834 3572 1926 3613 eas
1949 3558 2160 3629 abjudi-

573 3642 828 3709 cavcrim,
872 3657 991 3697 cum
1024 3644 1228 3699 videam
1272 3644 1325 3700 in
1365 3646 1623 3702 exanimis
1650 3648 1962 3718 corporibus
1991 3650 2160 3706 nullas

574 3749 714 3791 esse.
745 3735 847 3791 Per
868 3751 1063 3807 corpus
1092 3737 1303 3808 quidem
1334 3740 1552 3804 viribus,
1594 3742 1745 3796 sicuti
1785 3743 2050 3808 sensibus,
2084 3745 2159 3800 uti

572 3828 805 3883 animam
836 3843 940 3883 non
958 3830 1255 3898 negandum
1284 3842 1404 3897 est;
1433 3841 1610 3888 tamen
1625 3834 1876 3904 quoniam
1906 3836 2003 3891 ista
2034 3847 2159 3892 sunt

572 3922 798 3978 viventis
819 3920 1015 3990 ofﬁcia,
1033 3924 1152 3995 quis
1172 3923 1286 3980 haec
1304 3924 1622 3982 dubitaverit
1641 3924 1707 3982 ad
1730 3926 1959 3983 animam
1979 3930 2158 4001 potius

570 4014 871 4088 pertinere?
897 4012 1030 4070 Cum
1059 4014 1218 4087 igitur
1258 4016 1487 4085 majores
1525 4019 1667 4073 vires
1703 4017 1757 4073 in
1794 4020 1971 4089 pueris
1999 4036 2158 4090 gran-

572 4109 826 4165 diusculis
845 4124 1003 4179 quam
1031 4108 1082 4163 in
1114 4108 1401 4166 infantibus
1422 4125 1542 4167 esse
1565 4110 1859 4178 videamus,
1882 4126 1943 4166 ac
1959 4113 2157 4169 deinde

573 4202 941 4259 adolescentes
963 4243 980 4269 ,
1023 4202 1351 4275 juvenesque
1386 4204 1440 4259 in
1474 4203 1589 4259 dies
1632 4204 1834 4261 viribus
1862 4215 2115 4277 praestent
2138 4250 2153 4275 ,

572 4293 742 4350 donec
756 4310 944 4351 rursus
957 4310 1182 4366 corpore
1203 4306 1514 4353 senescente
1529 4298 1833 4353 minuantur
1852 4316 1866 4364 ;
1896 4315 1997 4355 non
2017 4301 2153 4369 leve,

571 4398 823 4458 quantum
852 4386 983 4442 mihi
1021 4386 1261 4452 videtur,
1311 4388 1598 4443 crescentis
1628 4405 1748 4444 cum
1790 4403 2047 4460 corpore,
2092 4407 2157 4447 ac

570 4477 762 4533 deinde
790 4479 1119 4534 senescentis
1142 4478 1333 4534 anima:
1356 4478 1604 4534 indicium
1627 4488 1729 4536 est.

643 4569 732 4625 36.
763 4569 827 4623 A.
861 4568 977 4625 Non
1010 4585 1387 4642 usquequaque
1408 4570 1695 4627 absurdum
1726 4581 1806 4629 est
1826 4573 1966 4645 quod
1987 4573 2151 4635 dicis:

573 4658 667 4713 sed
694 4675 792 4729 ego
818 4660 956 4716 vires
980 4678 1084 4717 non
1110 4663 1277 4733 magis
1304 4663 1357 4718 in
1383 4664 1730 4735 amplitudine
1755 4669 1995 4737 corporis
2023 4677 2155 4725 seta-

579 4750 753 4819 tisque
792 4753 1152 4821 incrementis,
1179 4772 1339 4827 quam
1362 4756 1414 4812 in
1449 4758 1828 4815 exercitatione
1855 4759 2081 4831 quadam
2102 4770 2156 4817 et

575 4841 995 4901 conformatione
1023 4848 1039 4878 ¹
1077 4848 1435 4905 membrorum
1487 4865 1607 4907 esse
1656 4852 1802 4909 soleo
1844 4862 2073 4923 putare:
2102 4855 2154 4910 id

572 4933 713 4989 adeo
757 4946 813 4989 ut
843 4937 935 4992 tibi
967 4939 1208 5009 probem,
1248 4958 1431 5013 quaero
1454 4943 1552 5000 abs
1578 4954 1629 5002 te
1658 4957 1833 5003 utrum
1859 4948 2019 5004 alium
2050 4949 2155 5007 alio

573 5026 894 5099 pertinacius
932 5031 1206 5088 ambulare
1250 5050 1312 5113 ac
1344 5036 1519 5091 minus
1560 5037 1855 5112 defatigari,
1895 5042 2153 5113 majorum

575 5118 766 5173 virium
803 5133 925 5174 esse
960 5112 1297 5179 arbitreris?‘
1322 5126 1387 5180 E.
1438 5128 1511 5182 Ita
1544 5131 1733 5185 sentio.
1782 5133 1846 5187 Α.
1894 5112 2002 5188 Cur
2028 5149 2155 5205 ergo

575 5228 707 5282 puer
730 5212 895 5267 multo
919 5213 1146 5284 amplius
1172 5216 1375 5273 itineris
1402 5220 1745 5279 conﬁciebam
1771 5226 1885 5280 sine
1923 5226 2151 5296 defectu,

575 5320 697 5359 cum
724 5304 1022 5374 aucupandi
1049 5306 1224 5361 studio
1250 5308 1302 5362 in
1332 5310 1651 5368 ambulando
1674 5330 1970 5379 exercerer.
1997 5333 2155 5386 quam

575 5398 888 5454 adulescens
909 5414 1029 5453 cum
1055 5414 1142 5455 me
1163 5400 1229 5457 ad
1256 5400 1359 5456 alia
1384 5403 1574 5469 studia,
1605 5406 1795 5475 quibus
1822 5407 2012 5463 sedere
2046 5424 2158 5463 ma-

575 5492 657 5561 gis
694 5494 941 5563 cogebar,
984 5494 1369 5561 contulissem;
1401 5495 1445 5550 si
1483 5497 1755 5553 accedenti
1785 5500 1946 5568 aetati,
1975 5511 2028 5555 et
2063 5517 2159 5573 per

578 5583 713 5641 hanc
730 5588 920 5643 animae
940 5590 961 5620 '
975 5590 1237 5645 creswiti
1253 5589 1392 5647 vires
1406 5591 1690 5663 ampliores
1707 5593 1998 5651 tribuendas
2012 5596 2159 5652 sunt?

579 5677 778 5735 Deinde
807 5680 861 5736 in
895 5681 1023 5752 ipsis
1044 5682 1361 5739 laetaturum
1389 5685 1700 5755 corporibus
1725 5687 2023 5760 palaestritae
2051 5704 2158 5746 non

638 5814 658 5885 ξ
689 5814 765 5885 §ic
780 5823 885 5885 Mss.
911 5816 1512 5885 At

637 5874 658 5945 ξ
689 5852 1582 5945 ᾗζᾚῶὦιῗλίιῖνῶἷὲἕξυ

634 5931 710 5998 (α)
733 5931 835 5986 vid.
857 5939 879 5987 l
909 5946 1109 5992 και-θοι.
1133 5931 1239 6007 cap.
1261 5931 1457 6008 8,379.:

1530 482 1619 539 DE
1654 476 2097 551 QUANTITATE
2132 472 2385 545 ΑΝΙΜᾸΒ,
2423 475 2481 536 S.
2523 477 2889 539 AUGUSTINI
2926 488 2927 491 “

3668 501 3774 563 1058

2290 592 2485 649 molem
2509 611 2571 652 ac
2593 601 3022 670 magnitudinem,
3050 596 3144 662 sed
3166 595 3333 665 nodosi
3348 614 3579 684 quosdam
3600 617 3774 681 lacerto.

2286 699 2422 752 rum,
2454 696 2507 743 et
2535 690 2816 748 destrictus
2846 704 3009 763 toros,
3043 697 3361 770 figuramque
3382 719 3573 764 omnem
3590 720 3773 785 corporis

2285 779 2384 835 sibi
2423 797 2803 855 congruentem
2837 790 3153 858 peritissime
3181 795 3469 866 inSpiciunt,
3494 811 3543 856 et
3574 779 3680 863 hinc
3707 828 3774 880 po-

2284 872 2388 927 tius
2416 888 2724 945 argumenta
2754 879 2941 935 virium
2980 883 3248 954 colligunt.
3288 887 3410 957 Qute
3450 898 3605 951 tamen
3641 872 3767 959 omnia

2283 983 2469 1039 parum
2497 971 2690 1037 valent,
2738 973 2836 1027 nisi
2867 975 2946 1029 vis
2970 977 3178 1033 artis‘et
3201 982 3570 1043 exercitationis
3589 996 3765 1051 accedat.

2278 1060 2434 1135 Smpe
2458 1063 2616 1118 etiam
2644 1065 2812 1122 visunt
2841 1078 2941 1136 est,
2973 1070 3198 1141 ingentis
3224 1079 3453 1146 corporis
3477 1080 3599 1137 viros
3620 1088 3673 1141 ab
3690 1090 3766 1145 eiic

2279 1152 2398 1222 guis
2447 1153 2798 1226 brevibusque
2838 1162 3097 1229 superari,
3142 1162 3226 1219 vel
3266 1165 3314 1221 in
3343 1171 3606 1236 movendis.
3640 1179 3700 1232 vel
3732 1182 3765 1237 in

2280 1244 2513 1300 ferendis
2538 1248 2878 1317 ponderibus,
2904 1254 2983 1307 vel
3007 1254 3056 1309 in
3083 1256 3198 1325 ipso
3215 1259 3369 1313 etiam
3392 1261 3654 1323 luctamine.
3674 1270 3765 1329 Nam

2278 1337 2688 1408 olympionicum
2715 1343 3004 1411 quemlibet
3024 1345 3208 1401 lassari
3238 1349 3290 1403 in
3307 1349 3484 1410 itinere
3503 1355 3633 1413 citius
3652 1377 3763 1431 quam

2278 1428 2753 1487 circumforaneum
2784 1434 2800 1464 ¹
2828 1434 3058 1504 aliquem
3085 1446 3448 1507 mercatorem,
3473 1445 3550 1513 qui
3567 1462 3652 1502 uno
3666 1428 3765 1507 illius

2277 1517 2440 1589 digito
2465 1520 2641 1575 collidi
2671 1524 2855 1592 possit,
2897 1526 2979 1580 cui
3010 1535 3094 1581 est
3127 1527 3475 1600 incognitum?
3510 1535 3652 1603 Quare
3676 1541 3708 1594 si
3728 1553 3765 1597 et

2278 1610 2421 1682 ipsas
2469 1614 2606 1669 vires
2652 1631 2755 1669 non
2800 1632 3045 1689 peraeque
3073 1635 3280 1689 omnes,
3319 1624 3409 1680 sed
3434 1627 3550 1682 alias
3579 1631 3631 1684 ad
3664 1633 3763 1689 aliud

2275 1702 2384 1772 apti
2410 1718 2511 1758 res
2553 1720 2770 1777 magnas
2808 1723 3095 1777 vocamus;
3142 1722 3196 1768 et
3222 1728 3488 1785 corporum
3524 1719 3761 1779 lineamenta

2275 1795 2443 1864 magis
2463 1806 2517 1851 et
2534 1796 2715 1867 figura:
2737 1816 2895 1871 quam
2922 1805 3313 1874 magnitudines
3342 1809 3503 1866 valent
3523 1814 3759 1882 plurimum;

2275 1896 2329 1941 et
2365 1890 2406 1942 si
2436 1891 2841 1948 exercitationes
2884 1904 3088 1951 tantum
3127 1897 3372 1968 affcrunt,
3410 1910 3463 1957 ut
3498 1904 3760 1963 celeberrime

2273 1979 2533 2035 creditum
2563 1982 2651 2045 sit,
2686 1982 2951 2039 hominem
2982 1987 3217 2042 tollendo
3237 1992 3459 2060 quotidie
3482 1994 3661 2051 vitulum
3678 2015 3758 2067 par-

2273 2085 2418 2137 vum,
2446 2072 2617 2143 egisse
2640 2084 2696 2129 ut
2729 2091 2849 2130 eum
2880 2078 3039 2132 etiam
3082 2088 3290 2135 taurum
3317 2084 3426 2138 sine
3448 2100 3583 2140 sensu
3606 2090 3757 2159 majoris

2272 2161 2471 2226 oneris,
2511 2164 2653 2235 quod
2681 2167 2930 2235 paulatim
2955 2168 3270 2238 addebatur,
3298 2174 3473 2231 tollere
3493 2191 3548 2231 ac
3567 2180 3756 2235 sustinere

2272 2261 2453 2321 posset
2484 2271 2497 2307 :
2526 2269 2856 2326 nequaquam
2894 2260 3172 2330 amplioris
3217 2264 3384 2319 inlatis
3418 2265 3538 2323 vires
3562 2283 3657 2325 cum
3676 2287 3755 2325 cor-

2272 2360 2402 2415 pore
2419 2346 2649 2402 animam
2675 2350 2908 2405 crevisse
2935 2350 3255 2422 signiﬁcant.

2375 2439 2602 2498 CAPUT
2638 2440 2803 2497 XXII.
2830 2474 2902 2484 —
2933 2443 3085 2501 Unde
3112 2448 3242 2502 vires
3268 2451 3476 2520 corporis
3498 2454 3680 2525 majores.

2238 2519 2251 2549 ”
2341 2533 2430 2589 37.
2458 2533 2609 2601 Quod
2634 2536 2677 2589 si
2704 2537 2932 2608 amplius
2952 2538 3155 2610 aliquid
3185 2519 3475 2599 animalium
3498 2519 3656 2614 majora
3672 2562 3753 2602 cor—

2267 2641 2419 2699 pora,
2450 2643 2515 2684 eo
2555 2629 2669 2700 ipso
2712 2645 2817 2701 quo
2855 2631 3060 2702 majora
3101 2645 3247 2700 sunt,
3293 2636 3475 2693 habent
3498 2640 3749 2705 virium;illa

2267 2731 2427 2774 causa
2450 2729 2554 2786 est,
2582 2721 2723 2791 quod
2770 2722 2886 2793 lege
2922 2732 3129 2781 naturae
3154 2724 3348 2782 cedunt
3386 2728 3585 2800 pondera
3603 2730 3748 2785 minora

2268 2808 2578 2879 majoribus,
2612 2827 2715 2866 non
2750 2813 2908 2868 modo
2927 2830 3051 2871 cum
3079 2816 3147 2871 ad
3175 2819 3431 2889 proprium
3451 2820 3593 2875 locum
3614 2832 3749 2891 suopte

2269 2908 2400 2955 nutu
2429 2900 2689 2969 feruntur,
2720 2914 2776 2958 ut
2804 2904 3020 2961 humida
3055 2916 3112 2962 et
3134 2917 3341 2967 terrena
3361 2926 3549 2981 corpora
3571 2912 3613 2967 in
3630 2913 3748 2983 ipsius

2268 2993 2452 3049 mundi
2473 2995 2705 3050 medium
2730 2997 2903 3053 locum
2932 2999 3024 3069 qui
3055 3008 3141 3055 est
3165 3001 3393 3069 intimus,
3416 3018 3567 3058 rursus
3584 3005 3690 3059 aeria
3709 3013 3749 3059 et

2268 3089 2422 3159 ignea
2448 3104 2657 3147 sursum
2679 3106 2900 3158 versus;
2932 3094 3027 3149 sed
3058 3096 3220 3151 etiam
3246 3113 3364 3153 cum
3385 3100 3528 3170 aliquo
3544 3107 3746 3153 tormento

2268 3189 2359 3235 aut
2373 3181 2517 3251 jactu
2545 3191 2633 3236 aut
2670 3185 2900 3253 impulsu
2926 3193 3020 3240 aut
3046 3190 3287 3258 repulsu,
3314 3207 3377 3248 eo
3398 3206 3481 3263 quo
3499 3205 3581 3246 non
3598 3198 3744 3259 sponte

2267 3271 2551 3340 ferrentur,
2583 3274 2631 3327 vi
2676 3276 2847 3331 aliena
2878 3277 2953 3333 ire
2982 3290 3269 3351 coguntur.
3311 3283 3429 3339 Nam
3448 3284 3486 3339 si
3510 3298 3561 3338 ex
3582 3282 3665 3338 alto
3686 3281 3747 3335 di-

2267 3362 2499 3430 miseris,
2527 3380 2825 3437 quanquam
2850 3368 3030 3437 simul,
3063 3371 3201 3428 duos
3221 3374 3414 3444 lapides
3428 3373 3745 3445 disparisquan-

2267 3453 2453 3522 titatis,
2484 3456 2641 3511 citius
2683 3457 2895 3527 quidem
2924 3460 3097 3531 major
3125 3462 3194 3518 ad
3225 3472 3409 3519 terram
3434 3463 3650 3535 pervenit;
3678 3460 3745 3515 sed

2268 3544 2313 3600 si
2343 3545 2391 3599 ei
2413 3546 2587 3600 minor
2605 3546 2932 3617 subjiciatur,
2955 3566 3130 3622 eoque
3151 3553 3500 3609 inevitabiliter
3515 3560 3742 3620 occupetur.

2268 3636 2409 3691 cedit
2434 3637 2689 3706 profecto,
2720 3639 2982 3711 simulque
3008 3642 3063 3697 in
3103 3644 3274 3700 solum
3313 3644 3575 3703 deducitur.
3605 3643 3700 3698 Item
3714 3641 3744 3696 si

2267 3726 2511 3797 dejicitur
2549 3729 2776 3801 desuper
2801 3733 2991 3803 major,
3030 3735 3208 3791 minor
3231 3748 3398 3793 autem
3422 3748 3576 3792 contra
3594 3749 3743 3791 sursum

2265 3835 2450 3876 versus
2470 3822 2699 3891 jacitur;
2728 3823 2815 3878 ubi
2847 3826 3058 3880 obviam
3100 3831 3355 3895 venerint,
3383 3826 3656 3899 repercussio
3672 3824 3743 3878 mi-

2264 3914 2410 3969 noris
2438 3923 2491 3968 et
2536 3917 2855 3971 retrocessio
2886 3918 2977 3973 liat
3026 3935 3248 3977 necesse
3292 3931 3390 3977 est.
3427 3920 3557 3988 Quod
3590 3933 3641 3974 ne
3661 3915 3746 3970 ideo

2261 4004 2505 4060 accidere
2540 4016 2712 4076 putes,
2741 4008 2882 4077 quod
2912 4010 3089 4066 minor
3132 4022 3313 4067 contra
3337 4020 3551 4068 naturam
3571 4010 3612 4064 in
3633 4005 3746 4062 subli-

2261 4096 2367 4152 mia
2407 4096 2485 4152 ire
2511 4098 2818 4169 cogebatur,
2868 4100 3005 4155 alter
3043 4116 3172 4159 vero
3201 4103 3397 4173 majore
3435 4104 3603 4172 impetu
3625 4098 3745 4152 locum

2262 4205 2415 4246 suum
2458 4190 2697 4260 petebat;
2730 4190 2886 4247 tacito
2920 4202 2978 4248 ut
3006 4194 3177 4264 major
3205 4196 3255 4249 in
3285 4208 3493 4266 superna
3525 4190 3745 4262 jaculeturi

2256 4280 2317 4337 et
2342 4282 2531 4337 minori
2557 4292 2800 4338 occurrat
2841 4284 2892 4339 in
2937 4293 3107 4340 terras
3145 4285 3350 4355 dejecto
3376 4301 3388 4338 :
3419 4284 3594 4340 videbis
3611 4279 3745 4336 nihilo-

2261 4375 2438 4431 minus
2464 4377 2733 4447 repulsum
2774 4377 3031 4434 minorem
3074 4379 3127 4433 in
3154 4379 3343 4435 etelum
3372 4379 3496 4450 cogi,
3521 4375 3598 4431 sed
3619 4386 3745 4441 repet.
3772 4372 3773 4407 ‘

2265 4481 2425 4521 cussu
2453 4468 2569 4537 ipso
2596 4467 2787 4524 cadere
2826 4469 2876 4523 in
2903 4470 3059 4524 aliam
3082 4481 3305 4540 partem,
3334 4478 3393 4525 ut
3408 4484 3499 4540 qua
3520 4464 3745 4534 expeditum

2262 4567 2362 4621 est,
2402 4559 2454 4613 in
2494 4560 2595 4613 ima
2640 4558 2931 4616 deferatur.
2973 4562 3105 4617 Item
3131 4563 3173 4617 si
3200 4562 3354 4617 ambo
3377 4574 3473 4615 non
3497 4566 3614 4612 motu
3637 4560 3773 4609 notua

2262 4650 2383 4717 rali,
2413 4651 2505 4706 sed
2531 4667 2562 4706 a
2588 4651 2794 4709 duobus
2819 4654 2967 4725 quasi
2995 4655 3048 4710 in
3074 4670 3262 4727 campo
3282 4649 3597 4726 pugnantibus
3609 4645 3729 4699 adre:

2262 4756 2352 4798 sus
2396 4742 2619 4799 invicem
2644 4745 2793 4816 jacti,
2835 4748 3050 4804 sibimet
3092 4749 3145 4804 in
3186 4748 3358 4805 medio
3395 4745 3545 4818 spatio
3564 4735 3743 4806 complu-

2260 4836 2451 4893 dantur
2475 4856 2489 4904 ;
2513 4839 2631 4910 quis
2662 4839 2979 4896 dubitaverit
3016 4841 3274 4897 minorem
3307 4838 3725 4909 majoriessecessu

2262 4948 2402 4999 rum,
2436 4932 2487 4986 in
2512 4948 2630 4987 eam
2653 4942 2854 5002 partem
2877 4933 3014 4988 unde
3029 4933 3142 5004 ipse
3160 4942 3212 4991 et
3232 4948 3332 5003 quo
3347 4931 3431 4987 ille
3443 4926 3688 4985 ferelnntur
3708 4918 3742 4962 ‘3

2261 5027 2390 5095 ane
2421 5042 2541 5082 cum
2572 5008 2640 5081 ita
2671 5027 2795 5093 sint,
2824 5027 2877 5082 id
2911 5036 2993 5083 cst
3015 5042 3134 5083 cum
3169 5027 3389 5091 minora,
3414 5031 3466 5078 ut
3485 5020 3647 5076 dictum
3671 5015 3740 5065 θιιο

2262 5117 2497 5188 pondera
2560 5119 2847 5189 majoribus
2905 5118 3127 5185 cedant;
3177 5117 3390 5173 multum
3443 5123 3592 5167 tamen
3628 5104 3773 5161 referti

2264 5202 2462 5281 quanto
2487 5211 2541 5265 in
2568 5226 2687 5265 sese
2705 5220 2925 5281 agantur
2945 5210 3141 5280 impetu
3166 5228 3177 5262 :
3205 5223 3323 5264 nam
3342 5206 3385 5261 si
3404 5204 3577 5297 majore
3595 5199 3737 5294 ἱωΡξίη
3772 5202 3773 5297 l

2261 5304 2456 5369 minor,
2503 5304 2649 5358 velut
2677 5302 2976 5358 vehementi
3000 5303 3174 5373 aliquo
3203 5307 3450 5357 tormento
3473 5292 3661 5350 emissus
3680 5292 3735 5338 ω’
3772 5292 3773 5349 l

2261 5398 2470 5469 lligatur
2511 5400 2695 5469 majori
2734 5398 2818 5453 vel
2866 5398 3033 5453 laxius
3068 5396 3309 5469 jaculato,
3344 5391 3421 5447 vel
3453 5390 3548 5459 jam
3576 5384 3733 5449 taum-
3772 5374 3773 5449 l

2262 5491 2428 5545 sceuti
2446 5490 2791 5561 ;quamvisab
2808 5489 2995 5545 eodem
3012 5489 3227 5553 resiliat,
3243 5483 3455 5542 retardat
3470 5480 3592 5534 illum

2264 5592 2357 5639 aut
2388 5557 2549 5640 etiam
2579 5592 2721 5638 retro
2752 5582 2860 5653 agit
2889 5596 2984 5652 pro
3021 5579 3175 5637 modo
3212 5580 3397 5634 ictuum
3424 5580 3561 5640 atque
3585 5557 3729 5635 ponde-

2263 5691 2381 5731 rum
2390 5716 2402 5729 .

2336 5770 2422 5825 38.
2467 5767 2559 5823 llis
2600 5766 2861 5839 przejactis
2902 5776 3058 5838 atque
3081 5762 3365 5827 intellectis,
3400 5760 3611 5829 quantum
3631 5753 3726 5815 P'i“

2335 5884 2874 6003 meum?
3342 5938 3425 5996 σω
3441 5922 3510 5977 σαι
3525 5912 3719 5985 ίσιθατετ·
