3844 6280
125 215 254 276 ςυστ

125 343 244 387 setis
279 328 550 400 negotium
580 331 830 402 postulat,
874 331 992 387 vide
1018 345 1160 387 nunc
1183 345 1277 389 eas
1303 346 1423 402 qua:
1449 331 1698 388 dicuntur

127 422 188 476 in
220 419 533 476 animalibus
559 421 724 489 vires,
764 431 938 478 utrum
978 424 1168 480 rationi
1213 424 1336 480 huic
1359 438 1652 497 congruant
1680 445 1696 484 :

129 528 241 570 nam
262 528 488 584 corpora
513 515 751 569 omnium
777 516 1081 570 animalium
1107 516 1227 588 quis
1254 527 1408 589 negat
1433 533 1532 573 suo
1561 535 1698 590 ροη-

123 605 248 662 dere
271 604 530 675 ιπωὰἱηῖ
555 605 710 674 Quod
739 606 946 677 pondus
971 619 1102 664 nutu
1129 610 1320 666 anima:
1345 623 1543 680 actum,
1589 618 1698 684 quo

127 696 467 759 inclinaverit,
497 697 724 752 multum
761 698 900 755 valet
942 701 1303 771 magnitudine
1329 703 1561 774 propria.
1591 702 1696 761 Sed

131 795 274 842 Intus
298 784 493 842 anima:
529 789 599 843 ad
624 788 943 845 movendum
981 791 1220 862 corporis
1257 793 1483 864 pondus,
1519 795 1697 851 nervis

123 879 263 949 quasi
294 880 575 936 tormentis
600 881 766 938 utitur
792 900 806 936 :
835 899 1030 940 nervos
1050 894 1229 941 autem
1272 896 1481 958 vegetat
1519 887 1693 944 mobi-

127 973 377 1044 lioresque
414 971 582 1030 efﬁcit
620 974 832 1031 siccitas
869 976 1121 1048 calorque
1146 979 1482 1049 moderatus;
1509 991 1696 1039 contra

126 1079 213 1119 eos
232 1064 372 1120 laxat
389 1074 549 1135 atque
569 1065 804 1122 inﬁrmat
823 1067 1070 1124 humidus
1085 1071 1248 1141 rigor.
1279 1071 1460 1144 Itaque
1482 1089 1691 1142 somno,

126 1157 236 1224 quia
265 1171 386 1210 eum
407 1155 660 1227 frigidum
687 1167 742 1214 et
767 1158 1040 1215 humidum
1066 1159 1252 1216 dicunt
1274 1163 1466 1219 medici
1492 1175 1546 1220 et
1571 1181 1697 1236 pro-

127 1245 260 1309 bant,
291 1244 531 1302 membra
569 1247 948 1319 languescunt;
979 1259 1139 1322 atque
1164 1252 1278 1322 ipse
1297 1256 1695 1327 expergefactu-

133 1352 234 1392 roiu
259 1348 481 1393 eiulatus
506 1339 674 1394 multo
692 1349 776 1396 est
799 1340 1041 1406 debilior,
1070 1343 1296 1415 ideoque
1321 1346 1452 1402 nihil
1481 1357 1563 1403 est
1589 1348 1695 1404 fra-

137 1429 314 1484 ctiuset
331 1430 582 1485 euervius
601 1429 925 1502 lethargicis.
958 1434 1028 1488 At
1050 1435 1307 1505 quosdam
1333 1438 1688 1509 phreneticos,

32 1499 46 1596 ξ
137 1521 301 1589 utilius
327 1520 520 1592 vigiliae
543 1529 601 1576 et
624 1520 736 1577 vini
765 1499 801 1554 ί
813 1523 894 1579 vis
915 1533 970 1579 et
996 1499 1165 1581 acutte
1198 1499 1395 1596 febres,
1427 1530 1477 1586 id
1501 1541 1584 1587 est
1613 1543 1694 1589 tot

133 1609 279 1663 calida
321 1611 437 1681 plus
466 1612 632 1668 nimio
662 1628 856 1669 nervos
896 1615 1115 1672 tendunt
1142 1626 1303 1689 atque
1329 1621 1543 1688 durant,
1577 1640 1690 1680 ma-

128 1705 312 1776 joribus
336 1703 540 1760 viribus
576 1721 738 1776 quam
777 1707 978 1779 integra
1021 1681 1323 1769 valetudine
1361 1681 1607 1772 reluctari
1637 1729 1692 1774 et

127 1799 274 1856 nulla
303 1796 478 1854 facere
519 1797 859 1856 manifestum
887 1811 992 1867 est,
1034 1818 1158 1860 cum
1192 1821 1376 1862 eorum
1401 1822 1594 1879 corpus
1622 1811 1691 1866 sit

28 1865 40 1876 δ
125 1890 420 1964 aegritudine
459 1891 788 1948 attenuatius
812 1902 866 1948 et
906 1865 1118 1950 exilius.
1163 1895 1220 1950 Si
1264 1897 1422 1968 igitur
1461 1908 1516 1955 et
1559 1910 1687 1957 nutu

20 2001 24 2008 ·
123 1982 313 2047 animae,
339 1990 396 2037 et
419 1997 706 2038 nervorum
733 1985 962 2056 quodam
993 1987 1438 2058 machinamento,
1469 2001 1523 2046 et
1559 2009 1690 2063 pon-

121 2072 238 2129 dere
271 2075 515 2144 corporis
559 2076 797 2129 conﬁunt
835 2074 918 2130 hae
957 2092 1076 2146 quae
1104 2077 1245 2134 vires
1271 2091 1564 2148 vocantur;
1595 2098 1688 2138 vo—

119 2161 273 2220 lautas
298 2174 485 2220 nutum
514 2165 752 2232 exhibet,
782 2168 870 2238 qui
895 2168 1110 2238 pronior
1136 2171 1193 2224 lit
1216 2185 1313 2241 spe
1337 2172 1418 2226 vel
1443 2172 1683 2243 audacia,

22 2267 28 2274 '
115 2254 396 2311 retunditur
436 2265 618 2312 autem
649 2257 862 2327 timore,
893 2259 988 2315 sed
1030 2261 1199 2316 multo
1240 2262 1408 2333 magis
1436 2264 1688 2335 despera-

119 2343 242 2400 tione
267 2345 287 2416 (
297 2361 422 2400 nam
445 2345 501 2400 in
531 2357 677 2402 metu
692 2362 814 2404 cum
834 2350 1006 2420 aliqua
1027 2367 1150 2423 spes
1174 2353 1378 2422 subest,
1401 2357 1686 2415 vehemen-

14 2431 20 2508 ξ
118 2437 411 2495 tioresvires
428 2453 694 2510 apparere
712 2442 998 2515 assolent);
1027 2445 1508 2505 machinamentum
1527 2452 1686 2507 conﬁ-

16 2525 20 2562 ῖ
115 2529 295 2598 guratio
307 2530 562 2600 quedam
583 2533 822 2603 corporis
837 2545 1067 2604 coaptat,
1090 2541 1402 2610 temperatio
1416 2543 1686 2600 modiﬁcat

111 2621 409 2676 valetudinis
433 2624 483 2689 ⁸,
506 2623 790 2680 continuat
808 2629 1208 2686 exercitationis
1232 2631 1525 2700 industria;
1561 2652 1683 2707 pon—

109 2708 187 2766 tltl
205 2712 299 2768 dat
323 2715 503 2770 moles
528 2717 909 2787 membrorum,
942 2735 1099 2790 quam
1124 2733 1254 2777 retas
1278 2733 1332 2780 et
1357 2727 1680 2784 nutrimenta

107 2815 421 2878 inpar-ant,
486 2807 784 2866 instaurant
834 2819 1009 2868 autem
1051 2815 1161 2869 sola
1205 2819 1544 2878 nutrimenta.
1588 2823 1680 2880 llis

14 2909 16 2912 '
107 2899 330 2955 militis
373 2901 470 2972 qni
498 2901 780 2972 :equaliter
817 2906 1100 2975 praevalet,
1132 2910 1404 2968 mimndus
1431 2924 1514 2970 est
1556 2917 1681 2972 viri-

103 2987 190 3058 bus,
217 3001 277 3047 et
299 3001 462 3047 tanto
480 3001 567 3048 est
590 2993 725 3049 alius
751 2995 858 3051 alio
879 2998 1174 3068 invalidior,
1200 3016 1396 3072 quanto
1421 3007 1536 3076 plus
1556 3025 1676 3063 eum

100 3080 175 3136 ista
193 3082 488 3138 deﬁciunt.
531 3083 721 3155 Fitque
749 3102 892 3158 saepe
917 3099 974 3142 ut
997 3093 1254 3161 pertinaci
1285 3104 1433 3161 nutu,
1459 3100 1678 3153 meliore.

97 3177 521 3233 madninamento
549 3179 702 3247 alius,
730 3183 971 3252 quamvis
1009 3199 1226 3254 parvum
1256 3190 1460 3259 pondus
1488 3208 1678 3261 corpo-

95 3269 148 3322 ris
174 3271 371 3340 egerit,
404 3269 572 3325 alium
604 3271 805 3341 majore
833 3273 974 3329 mole
1005 3277 1282 3345 praeditum
1313 3282 1506 3336 vincat.
1541 3283 1677 3338 Itur-

95 3375 278 3430 susque
320 3378 709 3436 nonnunquam
742 3375 884 3421 tanta
916 3354 1084 3425 moles
1111 3380 1212 3433 est.
1246 3381 1302 3427 ut
1330 3374 1534 3431 etiamsi
1576 3379 1675 3432 im-

95 3449 358 3508 becilliore
378 3453 498 3510 uisu
513 3465 722 3526 agatur,
745 3458 1014 3528 opprimat
1040 3471 1214 3518 tamen
1237 3479 1455 3534 parvum
1481 3469 1672 3524 adver-

97 3541 296 3598 sarium
321 3546 476 3602 multo
491 3549 863 3605 vehementius
884 3551 1215 3609 innitentem.
1257 3556 1388 3612 Cum
1416 3575 1539 3614 vero
1566 3576 1671 3615 non

95 3635 298 3704 modus
321 3641 581 3711 corporis,
611 3656 712 3697 nec
735 3642 1028 3700 moderatio
1054 3661 1362 3714 nervorum,
1395 3652 1487 3705 sed
1515 3662 1672 3710 nutus

95 3729 214 3795 ignee,
263 3730 317 3786 id
360 3741 444 3788 est
484 3734 698 3789 animus
739 3735 898 3803 cedit,
949 3748 1003 3792 ut
1046 3741 1263 3794 omnino
1306 3743 1562 3798 valentior
1605 3745 1672 3802 ab

96 3821 390 3877 enutimodo
420 3824 751 3892 invalidiore,
797 3827 891 3882 sed
928 3837 1106 3885 tamen
1147 3831 1378 3887 timidior
1415 3834 1482 3888 ab
1508 3835 1671 3890 auda-

97 3910 222 3966 ciore
263 3923 590 3983 superetur;
623 3918 802 3973 nescio
840 3929 1017 3974 utrum
1049 3920 1245 3976 viribus
1273 3925 1668 3983 attribuendum

96 4001 164 4055 sit.
191 4001 306 4058 Nisi
330 4005 452 4076 quis
466 4005 607 4061 dicat
627 4006 825 4065 habere
839 4011 1092 4082 quasdam
1114 4028 1238 4070 suas
1256 4018 1395 4072 vires
1413 4020 1664 4092 animam,

97 4093 271 4162 quibus
314 4096 365 4151 ei
409 4099 583 4168 major
621 4101 858 4168 audacia,
899 4105 982 4160 vel
1011 4105 1200 4162 ﬁducia
1240 4112 1474 4180 pariatur
1504 4131 1516 4166 :
1548 4131 1666 4185 qure

99 4199 201 4239 ut
247 4186 402 4243 alteri
446 4188 674 4258 adsunt,
724 4194 872 4250 alteri
917 4195 1142 4265 desunt,
1195 4209 1318 4257 tunc
1361 4205 1666 4278 intelligitur

99 4286 331 4346 quantum
359 4281 576 4338 animus
599 4288 809 4356 corpori
852 4306 981 4358 suo,
1028 4293 1185 4349 etiam
1217 4296 1268 4351 in
1298 4314 1362 4353 eo
1390 4301 1530 4371 quod
1569 4318 1666 4374 per

98 4379 273 4438 corpus
297 4373 492 4444 agitur,
523 4379 822 4434 antecellat.

157 4459 238 4517 39.
262 4461 619 4531 Quamobrem
645 4484 766 4524 eum
793 4472 972 4529 infanti
1000 4493 1162 4545 puero
1187 4481 1330 4536 solus
1356 4482 1422 4538 ad
1449 4485 1662 4542 trahen-

95 4548 212 4604 dutu
239 4552 434 4625 aliquid
457 4557 544 4612 vel
573 4559 937 4630 repellendum
967 4578 1127 4624 nutus
1153 4571 1219 4624 sit
1245 4572 1484 4644 integer;
1515 4579 1658 4634 nervi

95 4649 258 4698 autem
284 4653 339 4701 et
367 4657 587 4719 propter
614 4663 881 4709 recentem
913 4657 1188 4730 minusque
1219 4664 1505 4732 perfectam
1532 4685 1660 4726 con-

93 4731 444 4796 humationem
485 4740 782 4811 inhabiles,
808 4759 860 4802 et
898 4762 1113 4823 propter
1148 4731 1420 4814 luunorem
1451 4763 1538 4831 qui
1582 4764 1658 4819 illi

90 4832 224 4882 a-tati
258 4831 515 4890 exuberat
553 4838 794 4900 marcidi,
824 4850 877 4896 ct
916 4855 1133 4914 propter
1157 4848 1353 4904 nullam
1394 4858 1654 4911 exercita-

91 4921 275 4976 tionem
317 4924 586 4997 languidi;
627 4931 831 5001 pondus
873 4950 1000 4990 vero
1032 4937 1166 4993 adeo
1201 4942 1270 4996 sit
1307 4945 1572 5015 exiguum,
1602 4960 1658 5005 ut

91 5011 240 5067 ticali
273 5015 376 5071 alio
407 5019 622 5088 quidem
656 5023 937 5094 impactum
975 5033 1209 5100 graviter
1235 5011 1434 5109 urgeat,
1465 5055 1655 5110 oppor-

93 5101 453 5178 tuniusque'sit
487 5113 554 5168 ad
594 5116 988 5186 accipiendam,
1025 5140 1183 5194 quam
1219 5127 1282 5181 ad
1300 5101 1650 5192 inferendam

92 5193 369 5256 molestiam
395 5221 410 5257 :
439 5204 559 5274 quis
581 5209 780 5278 estqui
803 5225 922 5265 cum
948 5193 1062 5268 hinc
1088 5217 1262 5273 omnia
1293 5236 1411 5290 qua:
1438 5223 1647 5296 desunt,

88 5291 358 5349 contulisse
384 5310 552 5354 annos
591 5299 806 5371 viderit,
838 5305 1085 5378 viresque
1123 5326 1217 5380 per
1252 5328 1346 5369 eos
1374 5315 1522 5374 datas
1557 5291 1650 5378 co;

87 5379 342 5450 straverit;
370 5381 603 5445 crevisse
637 5391 898 5460 animam,
927 5413 1045 5468 quae
1075 5379 1156 5453 his
1184 5402 1234 5457 in
1271 5403 1385 5461 dies
1422 5411 1648 5480 amplio-

85 5471 220 5529 ribas
261 5484 457 5547 utatur,
495 5490 641 5536 recte
685 5499 751 5540 ac
792 5488 1079 5556 prudenter
1121 5496 1430 5556 existimet?
1470 5471 1649 5562 Potest

124 5583 473 5654 {mum
495 5600 596 5644 Par.
659 5603 714 5647 ω.

117 5652 144 5684 ⁹
169 5650 248 5703 Sic
397 5661 454 5707 At
468 5655 606 5720 Edd.,
625 5655 935 5717 valetudines.

1531 214 1736 273 LIBER
1775 216 1984 281 UNUS.

3251 239 3410 304 {058-

1805 331 1945 387 enim
1976 333 2095 399 iste,
2127 336 2173 393 si
2198 337 2266 394 ab
2294 339 2476 414 aliquo
2504 344 2722 416 juvene,
2750 362 2908 421 quem
2936 353 3195 413 velamine
3223 360 3389 416 inter-

1803 428 1981 498 posito
2005 445 2111 486 non
2138 436 2457 505 conspiciat,
2487 454 2679 510 parvos
2705 457 2770 500 ac
2810 445 2956 503 leves
2983 450 3236 520 calamos,
3268 455 3389 514 laxo

1803 534 1933 577 arcu
1960 532 2215 592 quantum
2243 537 2416 597 potest
2441 530 2721 599 jaculatos,
2750 535 2940 594 viderit
2969 554 3077 596 non
3103 543 3258 615 longe
3287 546 3385 612 ire,

1803 629 2033 686 moxque
2083 617 2358 686 recidere;
2407 637 2471 678 ac
2515 635 2634 694 post
2691 629 2961 697 paululum
3010 636 3228 706 sagittas
3278 639 3386 708 jam

1801 702 1944 757 ferro
1985 720 2205 776 graves,
2235 711 2477 778 pennulis
2520 726 2730 785 vegetas
2758 721 2796 783 ⁸,
2830 737 2999 778 nervo
3033 725 3388 785 intentissimo

1801 794 2048 862 emissas,
2074 797 2267 852 etelum
2299 802 2710 861 remotissimum
2739 819 2955 880 petere;
2989 813 3226 888 ﬁdesque
3252 817 3386 875 facta

1801 881 1978 950 fuerit,
2021 891 2133 956 pari
2175 900 2366 947 conatu
2408 893 2636 952 hominis
2675 909 2957 974 utrumque
2993 920 3113 963 esse
3150 909 3383 978 factum;

1801 976 2036 1032 crevisse
2062 977 2210 1034 illum
2244 982 2445 1038 tantillo
2467 994 2732 1058 tempore,
2759 1002 2916 1062 atque
2943 1005 3158 1054 auctum
3185 1000 3386 1058 viribus

1801 1063 2070 1122 arbitrari.
2095 1069 2213 1136 Quo
2233 1071 2361 1142 quid
2387 1074 2491 1130 dici
2521 1087 2695 1145 potest
2724 1086 3066 1150 perversius?

1871 1157 1962 1212 40.
2003 1159 2204 1217 Deinde
2251 1164 2424 1220 anima
2453 1167 2500 1222 si
2529 1171 2741 1238 crescit,
2780 1174 2898 1230 vide
2934 1192 3090 1247 quam
3115 1181 3184 1238 sit
3225 1183 3384 1241 insci-

1801 1255 1935 1315 tum,
1965 1250 2287 1310 incremeuta
2316 1256 2432 1326 ejus
2453 1256 2522 1314 de
2549 1261 2750 1318 viribus
2776 1269 3014 1336 corporis
3037 1273 3287 1343 credere;
3315 1276 3383 1333 de

1799 1340 1952 1408 copia
1989 1341 2348 1401 doctrinarum
2379 1364 2482 1404 non
2511 1351 2769 1421 credere;
2810 1371 2929 1413 cum
2959 1361 3060 1417 illis
3093 1367 3265 1422 solum
3294 1385 3384 1426 ac-

1799 1432 2105 1488 commodet
2135 1444 2343 1504 nutum,
2375 1437 2475 1495 hoc
2501 1442 2614 1496 sola
2643 1445 2931 1515 possideat.
2965 1452 3032 1506 At
3060 1454 3106 1507 si
3141 1471 3382 1518 crescere

1798 1519 2028 1576 animam
2071 1534 2335 1594 putamus,
2373 1543 2495 1584 cum
2535 1535 2747 1590 additur
2787 1537 3022 1607 viribus;
3071 1545 3235 1601 minui
3280 1565 3380 1618 pn-

1798 1611 1956 1667 tanda
1989 1622 2103 1681 est,
2140 1631 2261 1673 cum
2299 1618 2547 1677 demitur.
2578 1624 2819 1683 Demitur
2845 1641 3022 1688 autem
3053 1634 3108 1689 in
3144 1611 3378 1709 senecta,

1795 1701 2030 1760 demitur
2056 1707 2109 1762 in
2147 1708 2327 1766 labore
2364 1714 2662 1771 studiorum
2687 1735 2702 1784 ;
2732 1729 2890 1792 atque
2931 1723 3013 1780 his
3053 1701 3383 1799 temporibus

1795 1793 2051 1853 doctrinae
2094 1805 2333 1872 aggerari
2371 1814 2531 1876 atque
2572 1813 2772 1866 exstrui
2813 1815 3026 1884 solent;
3064 1836 3237 1891 neque
3270 1824 3383 1880 ullo

1793 1886 1955 1941 modo
1982 1889 2168 1945 eodem
2201 1901 2437 1964 tempore
2475 1897 2631 1952 simul
2672 1904 2850 1972 augeri
2879 1886 3165 1978 quidquam
3195 1920 3248 1966 ct
3272 1913 3377 1969 mi-

1793 1977 1882 2031 nui
1906 1989 2095 2048 potest.
2126 1981 2334 2038 Nullum
2376 1987 2532 2056 igitur
2557 1994 2849 2048 crescentis
2871 1977 3064 2054 anima:
3091 2017 3378 2072 argumen-

1793 2076 1904 2123 tum
1935 2079 2051 2135 est,
2083 2073 2223 2130 vires
2266 2075 2316 2128 in
2363 2077 2548 2148 majori
2591 2092 2748 2138 aetate
2789 2087 3037 2156 majores.
3068 2091 3229 2149 Multa
3271 2097 3375 2152 alia

1791 2157 1894 2213 dici
1919 2173 2176 2230 possunt;
2204 2163 2298 2220 sed
2327 2165 2374 2220 si
2393 2167 2501 2236 jam
2535 2169 2626 2224 tibi
2651 2173 2975 2231 satisfactum
3000 2189 3112 2247 est,
3158 2185 3376 2243 modum

1791 2250 2038 2317 adhibeo,
2082 2263 2137 2308 ut
2173 2255 2239 2310 ad
2279 2256 2380 2311 alia
2427 2267 2775 2317 transeamus.
2809 2263 2876 2319 E.
2906 2266 3032 2324 Mihi
3074 2287 3204 2327 vero
3243 2277 3375 2334 satis

1791 2356 2102 2412 persuasum
2133 2354 2252 2415 est,
2284 2349 2512 2420 majores
2538 2353 2678 2409 vires
2716 2371 2820 2412 non
2860 2375 2926 2414 ex
2964 2377 3029 2416 eo
3071 2377 3191 2420 esse
3231 2368 3374 2437 quod

1788 2435 1963 2491 anima
2031 2441 2292 2495 creverit:
2319 2457 2476 2510 nam,
2519 2454 2576 2498 ut
2619 2448 2720 2502 alia
2763 2451 3001 2508 omittam
3039 2471 3158 2524 quae
3194 2435 3291 2514 abs
3319 2469 3374 2517 te

1788 2525 2054 2582 subtiliter
2090 2528 2230 2585 dicta
2255 2541 2413 2596 sunt,
2443 2534 2646 2591 insania
2676 2547 2730 2592 et
2758 2540 2947 2596 morbo
2982 2547 3221 2616 corporis
3258 2551 3374 2606 ani-

1787 2630 1928 2670 mam
1953 2633 2227 2685 crescere,
2257 2636 2378 2676 cum
2407 2623 2578 2693 ipsum
2620 2641 2813 2699 corpus
2850 2633 3133 2704 minuatur,
3164 2653 3232 2693 ne
3259 2639 3373 2710 ipse

1787 2709 1999 2779 quidem
2023 2710 2360 2780 phreneticus
2378 2715 2588 2782 dixerit,
2607 2721 2690 2774 cui
2713 2721 2852 2779 vires
2873 2725 3042 2781 multo
3064 2709 3368 2802 ampliores,

1784 2813 1944 2869 quam
1996 2815 2129 2856 sano
2173 2817 2293 2860 esse
2343 2806 2537 2875 solent,
2588 2825 2746 2866 nemo
2803 2815 2988 2871 nesxit.
3040 2818 3189 2876 Unde
3239 2825 3370 2880 mihi

1784 2893 2016 2947 maxime
2056 2894 2265 2950 videtur
2290 2897 2342 2950 iu
2375 2900 2552 2954 nervis
2577 2916 2696 2958 esse
2723 2917 2882 2961 omne
2919 2910 3060 2978 quod
3090 2913 3365 2985 miramur,

1782 2997 1902 3038 cum
1957 2995 2147 3054 praeter
2195 3003 2344 3057 spem
2397 2991 2536 3046 vires
2586 2993 2640 3048 in
2689 2998 2935 3066 quoliiam
2967 3007 3364 3073 reperiuntur:

1781 3088 1972 3141 quare,
2003 3089 2118 3140 oro,
2156 3079 2448 3148 aggredere
2483 3083 2593 3150 jam
2634 3085 2760 3140 illud
2805 3090 2888 3143 cui
2929 3099 3069 3147 totus
3110 3097 3364 3159 intendo:

1780 3179 1877 3219 cur
1917 3167 2177 3232 anima,si
2225 3185 2331 3225 non
2379 3174 2507 3228 tanti
2551 3177 2711 3247 spatii
2755 3182 3165 3250 magnitudinem
3209 3190 3370 3250 habet

1779 3258 1960 3325 quanti
1983 3273 2175 3328 corpus
2196 3270 2297 3326 est,
2325 3263 2517 3335 ubique
2546 3267 2685 3323 illius
2712 3271 2733 3302 '
2759 3275 2917 3328 sentit
2947 3291 3066 3332 cum
3098 3285 3323 3354 tangitur
3341 3287 3368 3342 l

1848 3441 2014 3504 sentit,
2039 3435 2138 3496 non
2158 3445 2344 3532 ida-3'er
2370 3459 2442 3531 est
2466 3466 2594 3532 funt
2619 3435 2828 3526 corpore

1845 3527 1931 3564 sus
1955 3523 2003 3564 et
2028 3518 2279 3582 quomodo
2304 3518 2362 3587 ﬁt
2387 3520 2529 3574 visio.

1846 3602 1935 3657 41.
1974 3602 2038 3657 Α.
2067 3605 2179 3676 Age
2205 3623 2354 3676 vero,
2381 3613 2753 3682 aggrediamur
2780 3622 2919 3691 quod
2949 3625 3046 3690 vis,
3075 3630 3168 3686 sed
3196 3636 3364 3694 multo

1778 3701 1828 3749 te
1862 3693 1991 3749 mihi
2027 3699 2310 3755 attentiore
2335 3717 2471 3771 opus
2508 3716 2619 3771 est,
2647 3724 2805 3778 quam
2847 3721 2898 3768 te
2927 3713 3152 3776 ﬁirtusse
3180 3693 3365 3782 existi-

1775 3798 1891 3840 mas
1912 3800 2031 3841 esse
2057 3786 2268 3845 debere.
2295 3791 2472 3859 Quare
2497 3794 2656 3852 facito
2681 3809 2737 3854 ut
2761 3816 2919 3872 quam
2941 3811 3169 3867 maxime
3192 3814 3356 3885 adsis,

1773 3888 1837 3928 ac
1865 3877 2189 3947 respondeas
2225 3881 2378 3949 mihi,
2404 3885 2654 3954 quidnam
2702 3891 2794 3946 tibi
2834 3895 3073 3954 videatur
3097 3902 3194 3958 iste
3237 3877 3358 3964 esse

1773 3979 1965 4022 sensus
2001 3985 2107 4039 quo
2131 3973 2306 4026 anima
2350 3989 2445 4043 per
2482 3991 2676 4048 corpus
2715 3983 2913 4040 utitur:
2946 4003 3066 4043 nam
3109 3992 3220 4061 ipse
3242 3996 3356 4064 jam

1773 4061 1988 4116 nomine
2016 4065 2234 4134 proprio
2262 4081 2452 4122 sensus
2486 4070 2697 4127 dicitur.
2723 4073 2790 4128 E.
2820 4077 3019 4138 Sensus
3047 4099 3166 4141 esse
3192 4061 3352 4158 quino

1771 4165 1874 4222 que
1914 4154 2096 4210 audire
2135 4157 2301 4222 soleo,
2340 4159 2569 4226 videndi,
2612 4165 2881 4233 audiendi,
2920 4154 3226 4244 uinciendi,
3253 4196 3354 4251 gu-

1770 4245 1943 4298 standi
1969 4254 2128 4316 atque
2157 4249 2403 4318 tangendi
2429 4268 2442 4304 :
2471 4252 2588 4322 plus
2613 4255 2738 4324 quid
2765 4260 3116 4329 respondeam
3147 4245 3348 4327 nescio.

1767 4334 1833 4389 Α.
1859 4335 2080 4393 Partitio
2103 4337 2203 4393 ista
2227 4343 2580 4398 vetustissima
2603 4354 2706 4413 est,
2725 4355 2781 4403 et
2798 4345 2911 4405 fere
2937 4353 2988 4406 in
3009 4357 3352 4420 concionibus

1766 4428 2057 4486 celebrata.
2093 4430 2296 4487 Vellem
2322 4444 2500 4490 autem
2525 4437 2735 4494 deﬁniri
2761 4441 2888 4497 mihi
2915 4443 3012 4500 abs
3037 4457 3108 4513 te,
3131 4453 3256 4521 quid
3281 4456 3352 4510 sit

1767 4518 1881 4589 ipse
1909 4535 2119 4588 sensus,
2147 4531 2206 4578 ut
2231 4524 2418 4581 eadem
2449 4527 2758 4586 dellnitione
2793 4535 2970 4589 ouniia
2999 4536 3085 4593 illa
3115 4518 3350 4602 include-

1766 4620 1966 4677 rentur,
1996 4629 2168 4684 neque
2187 4615 2330 4670 aliud
2354 4618 2637 4689 quidquam
2662 4623 2804 4692 quod
2833 4641 3024 4686 sensus
3048 4647 3152 4688 non
3178 4648 3342 4707 esset,

1764 4703 1819 4759 in
1844 4720 1906 4758 ea
1929 4705 2344 4776 intelligeretur:
2374 4709 2466 4764 sed
2491 4711 2535 4764 si
2562 4711 2614 4766 id
2641 4728 2744 4769 non
2777 4726 2973 4788 potest,
3002 4722 3133 4779 nihil
3165 4703 3345 4798 urgeo.

1765 4793 1894 4850 illud
1919 4797 2060 4852 enim
2083 4799 2222 4869 quod
2251 4801 2380 4854 satis
2402 4811 2504 4868 est,
2530 4813 2676 4862 certe
2703 4818 2856 4877 potes
2879 4828 3051 4869 meam
3082 4793 3350 4878 deﬁnitio-

1762 4904 1883 4944 nem
1927 4890 2008 4945 vel
2039 4890 2284 4949 refellere
2309 4895 2388 4950 vel
2417 4895 2661 4966 probare.
2691 4899 2758 4954 E.
2790 4903 2900 4960 lloc
2925 4907 3084 4962 modo
3115 4911 3204 4966 tibi
3235 4915 3347 4970 for-

1761 4988 1902 5036 tasse
1941 4997 2045 5036 non
2084 4981 2246 5038 deero
2269 5025 2284 5048 ,
2325 4997 2577 5056 quantum
2622 4991 2807 5048 valeo:
2837 5012 2942 5052 non
2973 5002 3113 5056 enim
3147 5017 3201 5059 et
3243 5005 3347 5062 hoc

1758 5088 1971 5145 semper
1995 5085 2078 5129 est
2102 5074 2274 5132 facile.
2302 5078 2366 5130 Α.
2394 5081 2622 5136 Attende
2645 5099 2771 5155 ergo
2795 5104 2808 5140 :
2835 5105 2954 5146 nam
2979 5108 3192 5150 sensum
3220 5109 3347 5167 puto

1757 5178 1901 5228 esse,
1923 5181 2028 5219 non
2058 5165 2223 5222 latere
2251 5168 2482 5224 animam
2509 5172 2650 5242 quod
2680 5177 2875 5245 patitur
2899 5195 3111 5252 corpus.
3135 5183 3201 5238 Ε.
3222 5165 3344 5243 l’la-

1758 5265 1846 5311 cet
1872 5255 2000 5312 mihi
2038 5257 2152 5314 huic
2176 5258 2431 5316 deﬁnitio.
2459 5262 2525 5316 Α.
2555 5265 2755 5323 Adesto
2782 5285 2910 5338 ergo
2943 5274 3066 5328 huic
3093 5283 3336 5344 tanquam

1757 5357 1881 5415 tuae,
1912 5365 1975 5406 ac
2018 5360 2166 5408 tuere
2195 5353 2360 5421 illam,
2401 5355 2527 5412 dum
2569 5373 2599 5414 a
2637 5377 2726 5415 me
2760 5364 3026 5433 paulisper
3056 5366 3334 5426 refellitur.

1755 5440 1824 5496 E.
1865 5443 2078 5500 Tuebor
2105 5461 2278 5512 sane,
2318 5447 2362 5504 si
2395 5457 2452 5504 tu
2483 5450 2787 5521 adjuveris;
2827 5456 2907 5509 sin
2932 5457 3180 5525 minime,
3224 5461 3336 5531 jam

1819 5560 2786 5646 ξψιξνναηξμιίεξεεεω·.ἒξξεη.είεαςξειξο
3195 5635 3206 5646 .

1815 5621 1837 5652 ²
1875 5621 2055 5701 Ubique
2093 5624 2210 5687 illa,
2236 5627 2376 5691 juxta
2419 5634 2519 5676 Par.
2550 5621 2792 5680 'r:r.'ven.
2837 5627 3017 5696 Ubique
3037 5630 3162 5685 ictus
3189 5635 3332 5701 juxta

1657 5661 1662 5666 ’
1753 5661 2004 5738 ιογΪἯξ
