3804 6416
572 329 713 391 1063

570 462 721 512 esse,
749 460 872 502 cum
896 440 1225 509 convertitur
1246 478 1263 507 ,
1288 449 1490 492 veram.
1522 432 1771 489 Fortasse
1797 430 1938 486 enim
1969 440 2151 482 verum

569 549 680 601 est,
709 536 884 592 omnis
916 548 1105 590 sensus
1125 530 1301 604 passio
1329 526 1568 598 corporis
1591 534 1673 581 est
1700 525 1929 579 animam
1946 535 2054 575 non
2082 519 2158 573 la-

572 640 720 695 tens;
754 638 810 684 ut
835 641 1021 684 verum
1042 633 1153 689 est,
1184 620 1359 678 omnis
1384 618 1546 673 homo
1568 614 1763 673 animal
1793 611 2017 670 mortale
2040 619 2151 666 est:

570 735 621 779 at
668 732 725 777 ut
764 720 953 777 falsum
1006 727 1118 783 est,
1150 727 1309 770 omne
1336 709 1531 766 animal
1573 705 1800 764 mortale
1849 705 2009 759 homo
2045 711 2154 763 est,

570 817 689 888 quia
724 813 775 870 id
804 822 885 868 est
925 820 981 867 et
1013 809 1214 874 bestia;
1259 807 1329 861 ita
1367 802 1556 859 falsum
1604 808 1724 864 est,
1763 797 1941 855 omnis
1982 793 2158 866 passio

572 908 814 979 corporis
853 920 959 961 non
999 903 1169 959 latens
1196 898 1427 955 animam
1448 936 1463 962 ,
1496 906 1685 949 sensus
1725 900 1835 955 est;
1868 888 1987 960 quia
2019 898 2159 941 nunc

572 978 724 1056 nobis
766 1012 967 1069 ungues
991 1002 1267 1061 crescunt,
1312 1006 1413 1047 nec
1450 988 1681 1043 animam
1729 984 1889 1049 latet,
1921 980 1973 1036 id
2016 978 2159 1035 enim

571 1095 789 1151 scimus;
810 1105 981 1162 neque
998 1088 1049 1144 id
1070 1088 1349 1151 sentimus,
1374 1082 1468 1139 sed
1485 1077 1872 1151 conjectatione
1886 1072 2162 1145 cognosci-

572 1201 711 1240 mus.
726 1182 1181 1252 Quemadmodum
1196 1192 1323 1250 ergo
1336 1176 1407 1232 illi
1427 1173 1719 1231 deﬁnitioni
1738 1168 1963 1225 hominis
1977 1176 2033 1222 ut
2049 1181 2161 1238 per-

575 1278 843 1341 liceretur,
858 1273 1092 1328 additum
1106 1269 1477 1340 est,rationale,
1490 1282 1595 1338 quo
1610 1263 1809 1328 addito,
1825 1261 2026 1327 bestiae,
2041 1274 2159 1330 qua:

577 1367 736 1422 simul
763 1365 1208 1427 continebantur,
1236 1361 1472 1416 exclusa:
1502 1367 1654 1422 sunt,
1689 1355 1927 1423 nihilque
1957 1361 2151 1423 prmter

577 1458 845 1513 hominem
864 1464 1022 1525 atque
1048 1468 1261 1508 omnem
1281 1450 1549 1505 hominem
1579 1446 1665 1502 tali
1685 1444 1992 1501 deﬁnitione
2014 1458 2162 1498 com-

576 1550 953 1622 prehendimus
975 1564 989 1611 ;
1010 1563 1186 1601 nonne
1206 1558 1397 1599 censes
1413 1540 1609 1612 aliquid
1632 1540 1793 1595 etiam
1815 1537 1939 1593 huic
1956 1534 2158 1591 adden-

576 1643 701 1698 dqu
722 1656 862 1702 esse.
886 1656 991 1710 quo
1008 1640 1129 1693 inde
1147 1636 1455 1708 sejungatur
1469 1632 1609 1703 quod
1630 1641 1774 1687 tenet
1789 1630 2043 1695 alienum,
2065 1642 2161 1681 nec

575 1734 860 1804 quidquam
892 1732 945 1787 in
970 1747 1032 1785 ea
1059 1730 1159 1784 [lini
1201 1742 1393 1784 sensus
1414 1766 1429 1793 ,
1460 1733 1517 1780 et
1541 1724 1716 1778 omnis
1755 1735 1945 1777 sensus
1972 1718 2164 1773 intelli—

577 1826 768 1896 gatur?
793 1824 857 1878 Ε.
885 1822 1093 1879 Censeo
1108 1820 1344 1892 quidem,
1365 1817 1459 1873 sed
1479 1815 1603 1886 quid
1624 1814 1744 1869 addi
1774 1812 1938 1884 possit
1955 1811 2158 1881 ignoro.

575 1920 621 1974 Α
671 1918 870 1974 Sensus
899 1925 980 1971 est
1006 1924 1149 1969 certe
1178 1912 1355 1967 omnis
1382 1909 1557 1980 passio
1584 1905 1823 1976 corporis
1854 1918 1957 1958 nou
1989 1902 2160 1956 latens

576 2014 805 2067 animam
840 2026 853 2063 :
885 2008 979 2064 sed
1021 2006 1259 2063 converti
1300 2018 1405 2057 non
1448 2008 1622 2073 potest
1668 1998 1786 2053 haec
1829 1994 2156 2058 εηιιιιιῙιιιιο,

577 2116 793 2178 propter
821 2104 1117 2175 passionem
1145 2099 1285 2155 illam
1312 2095 1554 2167 corporis
1574 2136 1589 2159 ,
1617 2107 1723 2164 qua
1750 2090 1834 2147 vel
1861 2088 2053 2144 crescit
2079 2086 2163 2141 vel

576 2196 838 2254 decrescit
862 2193 1156 2250 scientibus
1181 2188 1337 2245 nobis
1363 2230 1377 2252 ,
1409 2187 1459 2242 id
1487 2195 1565 2241 est
1594 2226 1608 2250 ,
1640 2192 1698 2238 ut
1725 2198 1829 2237 non
1857 2181 2019 2235 lateat
2045 2178 2162 2232 ani-

577 2306 737 2346 mam.
769 2287 834 2343 E.
866 2288 937 2340 lta
976 2297 1080 2340 est.
1124 2285 1186 2337 Α.
1218 2281 1393 2349 Quid?
1437 2280 1552 2334 haec
1602 2276 1776 2347 passio
1807 2289 1900 2346 per
1935 2273 2163 2342 seipsam

578 2399 683 2436 non
716 2380 843 2435 latet
867 2378 1097 2433 animam
1118 2417 1133 2441 ,
1162 2391 1228 2428 an
1259 2388 1351 2443 per
1376 2368 1558 2426 aliud?
1589 2368 1657 2422 E.
1686 2368 1787 2423 Per
1806 2363 1945 2420 aliud
1975 2364 2159 2433 plane:

574 2471 717 2529 aliud
747 2481 828 2525 est
856 2469 996 2525 enim
1042 2465 1221 2519 videre
1270 2476 1472 2534 uigur-s
1516 2459 1779 2529 majores,
1828 2455 1971 2511 aliud
2018 2454 2161 2509 scire

576 2564 716 2637 quod
751 2568 1011 2616 creScant.
1044 2556 1106 2609 A.
1138 2555 1270 2610 Cum
1301 2570 1427 2623 ergo
1453 2565 1694 2607 crescere
1730 2550 1900 2619 ipsum
1943 2547 2013 2600 sit
2041 2561 2164 2616 pas-

578 2657 659 2709 sio
680 2695 695 2718 ,
727 2668 886 2722 quam
914 2648 1057 2703 nullo
1087 2662 1246 2700 sensu
1287 2643 1626 2713 attingimus,
1660 2638 1965 2710 magnitudo
1986 2646 2165 2691 autem

579 2748 667 2803 illa
696 2761 855 2817 quam
896 2744 1158 2799 sentimus
1179 2782 1194 2805 ,
1227 2738 1413 2793 eadem
1460 2735 1705 2806 passione
1735 2736 1869 2787 facta
1917 2732 2026 2794 sit,
2059 2745 2165 2785 non

579 2840 693 2913 ipsa
723 2838 790 2893 sit
820 2836 1022 2909 passio;
1052 2830 1391 2890 manifestum
1418 2838 1501 2884 est
1526 2828 1685 2882 talem
1728 2826 2030 2897 passionem
2060 2838 2166 2877 non

581 2948 677 3004 per
702 2931 929 2999 seipsam
961 2927 1099 2983 scire
1127 2939 1245 2988 nos,
1270 2922 1364 2979 sed
1396 2937 1489 2992 per
1516 2918 1680 2974 aliud.
1701 2917 1757 2973 Si
1787 2932 1913 2993 ergo
1940 2931 2043 2969 non
2075 2930 2168 2984 per

582 3021 727 3081 aliud
756 3022 986 3076 animam
1028 3034 1135 3072 non
1180 3016 1402 3076 lateret,
1453 3026 1629 3065 nonne
1678 3008 1964 3064 sentiretur
1994 3006 2167 3076 potius

580 3129 738 3185 quam
763 3108 1152 3182 conjiceretur?
1178 3105 1244 3160 Ε.
1271 3104 1531 3173 intelligo.
1559 3101 1626 3156 Α.
1652 3099 1760 3156 Cur
1783 3114 1910 3171 ergo
1934 3098 2164 3165 dubitas,

582 3206 708 3277 quid
749 3204 825 3258 illi
864 3197 1164 3257 deﬁnitioni
1192 3196 1263 3251 sit
1286 3194 1627 3250 addendum?
1668 3189 1735 3245 E.
1763 3190 1882 3246 Jam
1910 3190 2062 3244 video
2091 3188 2169 3243 sic

583 3310 704 3352 esse
727 3289 1118 3353 deﬁniendum,
1162 3298 1219 3341 ut
1248 3298 1439 3340 sensus
1479 3282 1548 3337 sit
1578 3283 1751 3352 passio
1792 3281 2033 3349 corporis
2076 3295 2169 3348 per

584 3385 817 3454 seipsam
848 3398 951 3436 non
983 3379 1153 3432 latens
1191 3376 1421 3428 animam
1454 3391 1466 3426 :
1500 3387 1622 3427 nam
1667 3379 1722 3425 et
1763 3370 1935 3425 omnis
1980 3383 2168 3425 sensus

586 3474 690 3531 hoc
717 3483 827 3539 est,
858 3480 913 3525 et
930 3483 1089 3524 omne
1118 3466 1250 3530 hoc,
1275 3473 1333 3519 ut
1356 3464 1575 3534 opinor,
1605 3476 1794 3517 sensus
1818 3470 1917 3517 est.

660 3564 749 3620 £9.
780 3564 842 3616 Α.
881 3560 939 3617 Si
974 3560 1075 3614 hoc
1106 3559 1175 3613 ita
1196 3566 1299 3623 est,
1332 3554 1499 3609 fateor
1526 3553 1890 3609 deﬁnitionem
1910 3568 2169 3623 esseper-

588 3657 798 3711 i’ectam.
825 3652 930 3709 Sed
967 3660 1232 3706 teutcmus
1257 3662 1374 3702 eam
1395 3688 1412 3713 ,
1449 3646 1497 3701 si
1525 3646 1724 3715 placet,
1758 3655 1933 3699 utrum
1961 3643 2051 3698 illo
2078 3658 2162 3698 se-

588 3744 763 3802 cundo
797 3744 921 3798 uno
948 3758 1051 3797 non
1081 3740 1326 3804 vacillet,
1358 3754 1463 3808 quo
1492 3738 1575 3791 illa
1606 3736 1857 3802 hominis,
1888 3738 1972 3792 cui
1994 3752 2169 3808 gram-

590 3838 841 3895 maticum
879 3844 962 3891 est
1001 3831 1277 3887 addilunt.’
1306 3828 1439 3884 Nam
1481 3830 1785 3883 meminisse
1829 3838 1881 3884 te
1923 3838 2164 3898 oportet,

586 3930 726 4003 quod
756 3943 873 3983 esse
896 3926 1165 3982 hominem
1193 3923 1388 3977 dictum
1409 3931 1495 3977 est
1522 3921 1714 3975 animal
1741 3921 1997 3975 rationale
2027 3934 2169 3975 mor-

590 4027 694 4080 tale
730 4020 1169 4095 grammaticum;
1212 4031 1384 4088 eoque
1431 4030 1653 4086 peccare
1701 4016 1855 4069 istam
1902 4013 2165 4069 deﬁnitio-

591 4134 745 4183 nem,
776 4114 916 4186 quod
944 4110 1291 4167 conversione
1332 4124 1454 4164 vera
1485 4116 1601 4171 est,
1643 4121 1763 4161 cum
1806 4105 2167 4176 primaenun-

594 4212 812 4266 tiatione
836 4207 903 4262 sit
934 4208 1081 4259 falsa.
1114 4203 1351 4273 Namque
1397 4201 1583 4255 falsum
1629 4208 1738 4261 est.
1788 4198 1961 4253 omnis
2008 4198 2168 4253 homo

589 4302 783 4360 animal
809 4298 1067 4357 rationale
1098 4296 1317 4351 mortale
1347 4292 1751 4364 grammaticum
1778 4300 1860 4346 est
1884 4332 1899 4357 ,
1927 4291 2166 4361 quamvis

590 4409 771 4452 verum
800 4393 903 4457 sit,
926 4403 1086 4444 omne
1108 4386 1301 4443 animal
1334 4384 1592 4441 rationale
1616 4383 1841 4437 mortale
1863 4383 2167 4453 grammati-

588 4504 710 4543 cum
740 4486 899 4540 homo
924 4490 1025 4537 est.
1056 4480 1195 4549 Ergo
1222 4478 1342 4533 ideo
1374 4477 1563 4531 vitiosa
1603 4484 1686 4530 est
1725 4473 1839 4528 haec
1888 4472 2127 4528 deﬁnitio
2151 4513 2165 4538 ,

587 4577 726 4649 quod
756 4574 884 4631 nihil
913 4570 1125 4645 quidem
1155 4578 1346 4640 przeter
1366 4566 1634 4622 hominem
1654 4605 1670 4631 ,
1702 4564 1794 4619 sed
1823 4580 1927 4619 non
1953 4579 2165 4619 omnem

592 4668 862 4724 hominem
909 4672 1051 4720 tenet
1081 4681 1093 4712 :
1122 4670 1177 4716 et
1217 4659 1331 4715 ha'c
1375 4658 1599 4713 fortasse
1644 4656 1763 4711 talis
1792 4664 1911 4723 est,
1956 4655 2024 4711 de
2065 4671 2167 4727 qna

595 4758 737 4812 velut
790 4755 1021 4827 perfecta
1074 4752 1385 4823 gloriamur.
1438 4749 1749 4819 Quanquam
1800 4747 1941 4803 enim
1995 4749 2166 4803 omnis

596 4848 773 4918 passio
804 4845 1043 4915 corporis
1081 4860 1175 4913 per
1211 4844 1439 4913 seipsam
1468 4856 1573 4896 non
1601 4840 1769 4896 latens
1794 4839 2023 4895 animam
2045 4854 2168 4895 sen-

596 4953 688 4993 sus
716 4938 810 5003 sit,
848 4952 955 4992 non
994 4944 1168 4990 tamen
1194 4934 1368 4990 omnis
1391 4947 1581 4989 sensus
1618 4931 1757 4988 istud
1784 4942 1883 4988 est.
1914 4932 2065 5001 Quod
2091 4932 2169 4988 sic

596 5028 860 5097 intelligas
905 5027 1070 5091 licet;
1120 5026 1303 5081 bestia:
1356 5040 1547 5095 nempe
1595 5026 1866 5089 sentiunt,
1921 5038 1984 5079 ac
2034 5040 2169 5095 pene

593 5134 782 5179 omnes
805 5118 1037 5190 quinque
1058 5118 1160 5171 illis
1180 5118 1425 5173 sensibus
1453 5118 1659 5189 vigent,
1692 5126 1943 5187 quantum
1979 5119 2169 5190 cuique

595 5221 783 5271 natura
832 5208 1087 5265 tributum
1132 5217 1232 5263 est.
1283 5210 1367 5263 An
1403 5214 1461 5263 tu
1510 5207 1561 5263 id
1612 5209 1871 5280 negabis?
1913 5210 1981 5264 Ε.
2028 5211 2169 5267 Nihil

593 5316 788 5363 nunus.
1236 5366 1239 5369 _

638 5391 865 5451 CAPUT
903 5388 1093 5448 XXVl.
1121 5418 1191 5430 --
1217 5388 1440 5444 Scientia
1467 5400 1515 5445 et
1540 5393 1671 5447 ratio
1699 5410 1819 5447 num
1846 5394 1899 5449 in
1925 5395 2111 5453 bestiis.
2141 5381 2152 5387 ’

596 5480 597 5485 “
672 5488 737 5544 Δ.
776 5484 952 5556 Quid?
976 5484 1077 5539 hoc
1100 5497 1277 5539 nonne
1294 5482 1540 5538 concedis
1556 5525 1573 5547 ,
1595 5488 1867 5542 scientiam
1897 5504 2001 5544 non
2031 5502 2169 5558 esse,

600 5582 702 5640 nisi
727 5597 849 5637 cum
879 5594 967 5636 res
994 5578 1168 5649 aliqua
1197 5576 1348 5631 ﬁrma
1377 5576 1582 5633 ratione
1607 5590 1852 5649 percepta
1884 5590 1937 5636 et
1964 5585 2169 5652 cognita

598 5672 720 5729 est?
757 5670 827 5727 Ε.
856 5668 1124 5727 Concedo.
1170 5668 1233 5722 Α.
1279 5668 1349 5723 Αι
1393 5666 1557 5721 bestia
1606 5669 1810 5724 ratione
1846 5686 1950 5725 non
1988 5674 2169 5729 utitur.

600 5764 670 5837 Ε.
701 5764 769 5822 Et
802 5763 903 5820 hoc
940 5761 1195 5820 concedo.
1241 5762 1302 5818 Α.
1333 5759 1448 5818 Non
1490 5761 1645 5834 igitur
1681 5761 1900 5823 scientia
1937 5764 2079 5823 cadit
2119 5765 2172 5827 in

1464 318 1551 377 ne
1589 313 2029 390 QUANTITATE
2068 308 2327 379 autem.
2367 310 2425 370 s.
2467 309 2834 371 AUGUSTINI

3646 326 3757 387 1064

2263 424 2506 481 bestiam.
2537 424 2670 481 Cum
2695 436 2874 483 autem
2897 440 2999 482 non
3020 427 3148 483 latet
3173 424 3360 500 aliquid
3377 473 3391 497 ,
3417 433 3579 504 utique
3594 439 3754 507 scitur;

2262 533 2369 573 non
2398 519 2556 591 igitur
2584 520 2822 577 sentiunt
2860 519 3040 576 bestia
3059 560 3076 587 ,
3112 520 3158 576 si
3189 522 3355 578 omnis
3384 539 3552 580 sensus
3576 539 3645 583 est
3664 545 3757 587 cum

2265 612 2441 682 passio
2479 613 2718 683 corporis
2747 628 2841 682 per
2866 613 3092 684 seipsam
3120 628 3221 669 non
3249 614 3369 670 latet
3401 617 3640 677 animam:
3662 638 3756 677 sen-

2264 705 2403 759 tiunt
2429 716 2606 760 autem
2627 747 2643 771 ,
2675 715 2732 761 ut
2755 706 2912 778 paulo
2938 716 3059 761 ante
3081 721 3385 762 concessum
3406 720 3511 763 est:
3530 714 3637 782 quid
3662 729 3757 785 ergo

2264 795 2567 852 dubitamus
2587 796 2727 851 illam
2747 796 3109 853 deﬁnitionem
3132 799 3420 870 improbare
3434 843 3448 866 ,
3469 818 3573 872 qua:
3593 820 3757 862 omnem

2265 906 2483 947 sensum
2502 891 2863 962 circumplecti
2894 892 3112 949 minime
3138 894 3322 964 potuit,
3350 894 3587 965 siquidem
3611 897 3757 954 bestia.

2264 997 2383 1037 rum
2412 997 2602 1037 sensus
2620 982 2868 1038 exclusus
2887 984 3004 1040 est?

2338 1076 2429 1133 50.
2469 1074 2537 1131 E.
2577 1076 2771 1133 Fateor
2816 1092 2903 1133 me
2944 1077 3255 1149 deceptum,
3298 1091 3414 1134 cum
3453 1079 3539 1135 tibi
3573 1087 3755 1139 concessi

2266 1168 2543 1224 scientiam
2582 1176 2707 1224 tunc
2741 1183 2862 1224 esse
2888 1183 3010 1224 cum
3040 1167 3237 1239 aliquid
3262 1168 3404 1223 ﬁrma
3434 1170 3611 1229 ratione
3634 1176 3757 1242 perci-

2265 1259 2426 1330 pitur.
2454 1258 2608 1315 Solos
2636 1260 2779 1315 enim
2805 1258 3074 1328 homines,
3100 1273 3220 1313 cum
3252 1258 3348 1314 hoc
3375 1261 3604 1331 rogabas,
3629 1264 3755 1320 intue-

2266 1351 2399 1407 bar:
2429 1368 2551 1408 nam
2588 1368 2760 1424 neque
2808 1368 3023 1423 possum
3060 1352 3240 1409 dicere
3276 1352 3469 1408 ratione
3490 1355 3558 1409 uti
3583 1354 3753 1423 chliJS,

2266 1461 2365 1502 nec
2393 1447 2472 1502 eis
2493 1462 2708 1517 possum
2734 1448 3011 1503 scientiam
3038 1446 3323 1519 denegare.
3349 1446 3542 1503 Sciebat
3561 1450 3694 1515 enim,
3717 1461 3756 1504 ut

2264 1541 2474 1609 opinor,
2503 1541 2778 1596 dominum
2805 1556 2959 1596 suum
2984 1541 3133 1597 canis
3151 1581 3168 1606 ,
3206 1524 3360 1611 quem
3384 1551 3495 1612 post
3523 1544 3669 1612 viginti
3687 1560 3754 1596 au-

2265 1647 2365 1687 nos
2396 1632 2770 1703 recognovisse
2807 1631 3116 1703 perhibetur
3140 1631 3353 1703 (Odyss.
3376 1657 3431 1704 ρ,
3452 1632 3538 1688 991
3568 1650 3639 1701 sqq
3662 1636 3692 1702 ),
3715 1647 3756 1689 ut

2266 1731 2467 1778 taceam
2495 1722 2563 1777 de.
2582 1724 2793 1779 czeteris
2825 1722 3320 1780 innumerabilibus.
3348 1722 3411 1777 Δ.
3437 1723 3520 1779 Dic
3544 1724 3666 1789 mihi,
3686 1740 3754 1781 oro

2269 1827 2352 1879 lc,
2384 1816 2430 1873 si
2468 1816 2587 1872 dum
2624 1815 2869 1889 quzedam
2909 1830 3000 1872 res
3057 1815 3152 1870 tibi
3194 1824 3561 1886 proponantur,
3595 1830 3674 1870 una
3707 1816 3753 1869 ad

2266 1926 2424 1982 quam
2463 1908 2882 1982 perveniendum
2926 1909 3029 1974 sit,
3074 1908 3241 1963 altera
3269 1922 3362 1978 per
3387 1923 3528 1979 quam
3546 1908 3753 1978 pervenire

2267 2006 2470 2076 possis;
2496 2020 2655 2075 quam
2678 2004 2899 2059 istarum
2922 2002 3091 2073 pluris
3114 2000 3322 2073 pendis,
3347 2010 3400 2056 et
3424 2016 3560 2070 quam
3580 2002 3647 2055 cui
3666 2015 3753 2069 pne

2269 2096 2456 2167 ponis?
2497 2095 2566 2152 E.
2612 2096 2755 2164 Quis‘
2782 2095 2989 2151 dubitat
3029 2110 3152 2151 eam
3196 2101 3443 2165 praestare
3476 2091 3536 2148 ad
3566 2108 3686 2165 quam
3707 2093 3753 2147 sit

2269 2186 2724 2261 perveniendum?
2765 2187 2831 2241 A.
2875 2185 3017 2257 Ergo
3053 2201 3184 2241 cum
3218 2185 3324 2241 sint
3343 2184 3453 2240 dua:
3476 2197 3551 2239 res
3574 2183 3750 2253 qua-dam

2268 2282 2485 2339 scientia
2514 2290 2571 2337 et
2593 2280 2730 2337 ratio
2747 2320 2763 2342 .
2808 2295 2905 2351 per
2932 2280 3215 2337 scientiam
3241 2278 3550 2350 pervenimus
3567 2276 3621 2331 ad
3642 2277 3751 2331 ratio-

2269 2390 2392 2431 nem
2416 2414 2433 2441 ,
2470 2388 2539 2429 an
2567 2388 2662 2443 per
2685 2373 2948 2427 rationem
2975 2370 3043 2426 ad
3076 2370 3387 2427 scientiam?
3410 2367 3472 2423 Ε.
3494 2368 3677 2437 Utraque
3692 2381 3751 2420 res

2269 2464 2484 2521 sibimet
2518 2472 2772 2535 quantum
2800 2462 3064 2527 arbitror,
3100 2462 3173 2517 ita
3202 2478 3332 2517 nexa
3355 2468 3450 2524 est,
3474 2467 3523 2513 ut
3544 2474 3619 2528 per
3635 2457 3749 2512 alier-

2270 2568 2443 2611 utram
2468 2554 2535 2610 ad
2560 2555 2782 2611 alteram
2812 2553 3085 2623 perveniri
3118 2552 3303 2624 possit.
3330 2550 3542 2622 Namque
3562 2549 3614 2604 ad
3631 2550 3747 2617 ipsam

2269 2648 2529 2703 rationem
2555 2660 2659 2701 non
2692 2645 3134 2716 perveniremus,
3169 2644 3269 2700 nisi
3297 2643 3362 2698 ad
3383 2658 3488 2698 eam
3515 2642 3746 2712 pervenien-

2270 2740 2397 2795 dum
2425 2753 2545 2794 esse
2570 2738 2850 2794 sciremus.
2906 2736 3195 2792 Przecessit
3229 2751 3352 2807 ergo
3388 2735 3601 2798 scicntia,
3632 2741 3673 2786 ut
3701 2729 3747 2784 ad

2271 2830 2532 2885 rationem
2564 2844 2659 2900 per
2695 2843 2814 2884 eam
2859 2828 3289 2899 perveniremus.
3313 2827 3375 2881 Δ.
3399 2824 3745 2894 Quidtadipsam

2271 2924 2547 2979 scientiam
2582 2937 2743 2992 quam
2775 2920 2909 2976 dicis
2936 2919 3275 2991 praecedere,
3300 2920 3408 2975 sine
3425 2918 3592 2974 ratione
3610 2928 3744 2986 perte-

2274 3014 2453 3069 nitur?
2477 3012 2546 3067 Ε.
2570 3012 2851 3084 Nunquam
2877 3012 2979 3067 hoc
3003 3012 3238 3067 dixerim
3268 3030 3282 3067 :
3306 3027 3420 3066 nam
3437 3019 3506 3065 est
3524 3010 3580 3063 ita
3596 3019 3748 3062 summa

2274 3104 2565 3160 temeritas.
2605 3102 2672 3159 Α.
2710 3102 2813 3159 Per
2851 3103 3120 3158 rationem
3155 3102 3352 3173 igitur?
3387 3099 3444 3156 E.
3475 3098 3563 3156 Non
3591 3098 3643 3151 ita
3666 3104 3743 3150 est.

2271 3197 2334 3250 Α.
2393 3196 2532 3266 Ergo
2579 3210 2675 3265 per
2723 3193 3128 3249 temeritatem?
3179 3193 3247 3249 E.
3299 3193 3414 3261 Quis
3454 3190 3532 3245 hoc
3568 3184 3745 3242 dixerit?

2272 3288 2335 3341 Α.
2360 3287 2461 3343 Per
2480 3286 2605 3358 quid
2626 3286 2816 3357 igitur?
2844 3284 2913 3339 Ε.
2938 3285 3040 3341 Per
3083 3284 3215 3341 nihil
3238 3325 3256 3353 ,
3294 3285 3408 3356 quia
3434 3280 3604 3338 scientia
3626 3277 3743 3333 insita

2272 3387 2354 3434 est
2381 3378 2554 3433 nobis.

2342 3470 2431 3526 51.
2472 3470 2535 3523 Δ.
2576 3468 2783 3524 Oblitus
2818 3469 2947 3524 mihi
2989 3468 3224 3537 videris,
3253 3468 3374 3541 quid
3398 3467 3514 3523 inter
3537 3479 3612 3519 nos
3632 3476 3743 3531 sepe.

2272 3560 2385 3614 rius
2417 3559 2761 3627 convenerit,
2808 3573 2930 3615 cum
2978 3574 3257 3630 rogassem
3298 3569 3559 3613 utrumnam
3589 3560 3741 3622 putaret

2274 3661 2401 3707 tunc
2445 3666 2566 3707 esse
2608 3651 2923 3717 scientiam,
2970 3665 3095 3705 cum
3139 3667 3227 3707 res
3261 3651 3426 3720 aliqua
3461 3649 3582 3702 lirma
3598 3644 3741 3698 mitione

2278 3742 2591 3813 percipitur.
2621 3741 2754 3797 Nam
2784 3741 3140 3811 reSpondisti,
3173 3752 3231 3798 ut
3257 3742 3451 3811 opinor,
3478 3740 3585 3793 hanc
3605 3734 3671 3787 tibi
3692 3731 3741 3783 vi-

2272 3835 2389 3892 deri
2432 3835 2715 3890 humanam
2755 3834 3032 3889 scientiam
3060 3852 3073 3887 :
3103 3849 3247 3891 nunc
3271 3849 3391 3888 vero
3409 3832 3524 3888 dicis
3542 3840 3659 3898 pose
3676 3823 3741 3877 h0-

2273 3927 2470 3981 miuem
2517 3926 2715 3982 habere
2754 3926 2986 3997 aliquam
3031 3927 3339 3992 scientiam,
3383 3941 3490 3980 cum
3531 3937 3615 3976 rem
3644 3919 3741 3971 nulla

2272 4022 2477 4076 ratione
2512 4020 2831 4090 perceperit.
2874 4020 3005 4087 Quis
3041 4029 3218 4075 autem
3256 4034 3359 4074 non
3394 4005 3740 4072 videatnihilsilii

2272 4112 2545 4168 adversius
2585 4126 2740 4179 esse,
2790 4126 2949 4182 quam
2997 4113 3096 4167 ista
3143 4111 3251 4167 duo
3292 4117 3514 4165 sunt:et
3549 4118 3627 4158 uou
3661 4114 3740 4153 esse

2274 4204 2551 4259 scientiam
2572 4244 2590 4271 ,
2620 4202 2723 4259 nisi
2750 4218 2873 4259 cum
2905 4216 2992 4258 res
3019 4203 3195 4273 aliqua
3221 4202 3364 4256 ﬁrma
3390 4199 3566 4255 ratione
3585 4188 3741 4263 ptﬁilti’

2276 4304 2398 4358 tur;
2428 4304 2484 4347 et
2524 4309 2644 4349 esse
2691 4292 2967 4361 cujusdam
3013 4293 3093 4347 rei
3139 4292 3404 4347 scientiam
3447 4287 3565 4341 nulla
3602 4282 3741 4336 ntitme

2275 4392 2560 4455 perceptte.
2608 4383 2788 4455 Itaque
2817 4398 2975 4439 nosse
2999 4382 3193 4452 cupio,
3223 4390 3390 4436 utrum
3420 4380 3578 4431 horum
3600 4372 3740 4438 eligas:

2273 4492 2393 4532 nam
2426 4486 2707 4545 utrumque
2732 4489 2913 4531 verum
2936 4489 3058 4531 esse
3080 4474 3223 4530 nullo
3246 4482 3390 4543 pacto
3410 4478 3570 4541 potest.
3597 4462 3741 4517 15.1106

2272 4570 2409 4641 eligo
2433 4568 2573 4639 quod
2602 4569 2759 4639 paqu
2779 4577 2901 4622 ante
2924 4566 3032 4622 dixi
3058 4584 3071 4620 :
3095 4582 3216 4621 nam
3234 4564 3358 4619 illud
3378 4559 3587 4628 sum-ius
3604 4562 3742 4608 teuuw

2272 4675 2358 4715 me
2376 4658 2586 4715 dedisse
2609 4659 2885 4713 conﬁteor.
2912 4656 3045 4713 Cum
3071 4658 3212 4711 enim
3240 4657 3435 4711 ratione
3460 4653 3576 4705 inter
3597 4658 3670 4700 nus
3686 4655 3741 4689 ve-

2274 4767 2392 4807 rum
2432 4765 2762 4823 quaeramus,
2789 4748 2946 4820 idque
2971 4749 3063 4805 ﬁat
3091 4747 3323 4820 rogando
3345 4755 3397 4802 et
3423 4735 3738 4813 respondend":

2272 4822 2540 4916 quomodo
2561 4851 2739 4912 posset
2766 4840 2832 4895 ad
2855 4856 3112 4895 summam
3141 4839 3408 4911 pervenire
3432 4851 3523 4906 qua
3545 4822 3739 4916 concludi:

2273 4912 2361 4991 tur
2402 4936 2573 5000 ratio,
2617 4934 2719 4989 nisi
2757 4934 2907 5004 prius
2943 4932 3139 5004 aliquid
3168 4912 3740 5004 wncedenturwoncedi

2274 5038 2454 5082 autem
2482 5034 2626 5081 recte
2649 5024 2737 5096 qui
2762 5002 2945 5095 posSet
2966 5002 3109 5095 quod
3138 5019 3452 5078 nesciretur?
3469 5014 3534 5071 Ita
3554 5016 3629 5068 ista
3649 5002 3741 5061 ηίίο

2274 5119 2376 5174 nisi
2417 5117 2677 5173 inveniret
2702 5116 2755 5171 in
2780 5130 2867 5171 me
2889 5114 3087 5185 aliquid
3128 5112 3417 5183 cognitum,
3454 5120 3548 5177 quo
3576 5098 3740 5156 innitens

2275 5212 2343 5267 ad
2372 5210 2695 5281 incognitum
2718 5207 2971 5274 duceret;
3001 5206 3130 5261 nihil
3155 5204 3365 5259 omnino
3388 5215 3474 5271 per
3489 5196 3607 5252 illam
3620 5188 3738 5244 disce'

2275 5321 2391 5362 rem
2410 5345 2425 5369 .
2454 5318 2554 5359 nec
2578 5316 2697 5358 eam
2726 5314 2947 5373 prorsus
2979 5299 3235 5355 rationem
3265 5294 3577 5351 nominarem.
3596 5281 3735 5348 Οωω·

2277 5397 2461 5453 obrem
2487 5394 2680 5449 frustra
2718 5390 2848 5447 mihi
2887 5405 2993 5446 non
3026 5386 3291 5445 assentiris
3310 5391 3426 5439 ante
3443 5378 3654 5436 rationem
3671 5377 3733 5420 κ’

2278 5486 2511 5543 cessario
2546 5499 2666 5541 esse
2694 5483 2748 5537 in
2786 5482 2939 5538 nobis
2970 5481 3193 5552 aliquam
3222 5474 3505 5533 scientiam.
3531 5457 3733 5525 undam“

2281 5579 2417 5637 ratio
2450 5584 2626 5633 sumat
2660 5573 2957 5631 exordium.
2992 5572 3055 5627 Α.
3088 5570 3275 5626 Geram
3311 5565 3395 5620 tibi
3427 5570 3625 5618 morm,
3647 5554 3735 5604 ειιε

2276 5672 2490 5746 quidem
2511 5681 2570 5727 ut
2593 5668 2814 5734 institui,
2827 5667 3032 5738 quoties
3050 5661 3261 5731 alicujus
3275 5657 3374 5713 dati
3392 5650 3598 5746 penitet:

2281 5737 2409 5826 dare
2429 5762 2731 5840 permittam
2751 5778 2764 5817 :
2787 5737 2880 5819 sed
2902 5773 2988 5831 ue,
3011 5769 3209 5830 quaeso,
3229 5747 3442 5809 abutaris
3460 5745 3545 5801 ista
3561 5737 3736 5795 licentia.
