3804 6390
165 424 284 492 ίωδ

169 553 216 601 et
250 543 610 615 negligenter,
640 556 762 598 cum
792 541 1064 615 interrogo
1082 584 1098 610 ,
1119 540 1389 608 attendas;
1421 556 1490 596 ne
1515 540 1727 597 assidue

170 635 292 694 male
324 649 579 691 concessa
600 676 616 703 ,
658 636 816 691 etiam
846 635 914 690 de
938 635 1002 690 iis
1028 651 1147 705 qua:
1172 635 1308 690 bene
1332 633 1730 700 conceduntur,

172 729 391 786 dubitare
413 738 466 784 te
489 737 699 800 cogant.
728 726 795 784 Ε.
823 729 990 800 Perge
1012 728 1187 800 potius
1206 728 1273 782 ad
1295 737 1489 783 caetera
1514 744 1528 781 :
1555 741 1734 796 quani-

171 838 240 878 νη
277 823 413 878 enim
452 821 649 878 addam
699 821 983 892 vigilantia:
1027 837 1159 876 mem
1211 819 1467 891 quidquid
1516 834 1733 890 possum

172 915 300 986 (nam
336 923 392 971 et
432 928 520 970 me
558 913 721 984 pudet
747 912 814 968 de
839 913 1103 968 sententia
1131 911 1322 968 cadere
1351 911 1555 981 toties),
1597 926 1734 966 nun-

173 1020 309 1077 quam
337 1013 514 1060 tamen
543 1003 818 1061 deterrear
844 1001 1028 1073 pudori
1061 1001 1184 1058 huic
1208 1002 1402 1067 reniti,
1443 1011 1498 1058 et
1526 1001 1730 1071 lapsum

171 1113 328 1154 nte-tm
348 1139 361 1159 .
394 1105 447 1153 te
468 1096 764 1169 praesertim
787 1111 1003 1152 manum
1020 1094 1182 1151 dante
1199 1137 1214 1162 ,
1238 1096 1526 1167 corrigere.
1551 1093 1734 1166 Neque

170 1190 295 1245 enim
324 1196 408 1245 est
439 1188 564 1246 ideo
598 1186 937 1259 suscipienda
973 1186 1291 1259 pertinacia,
1339 1187 1462 1258 quia
1501 1184 1731 1257 optanda

169 1280 469 1337 constantia.

352 1370 583 1429 CAPUT
608 1369 821 1427 XXVII.
841 1401 917 1414 —
937 1370 1091 1427 Ratio
1113 1381 1162 1427 et
1189 1371 1526 1428 ratiocinatio.

227 1464 311 1521 52.
349 1463 415 1520 Δ.
446 1463 732 1519 Proveniat
753 1464 846 1518 tibi
867 1464 1024 1536 plane
1045 1465 1143 1518 ista
1158 1464 1453 1520 constantia
1473 1479 1630 1534 quam
1651 1464 1732 1520 ci-

166 1557 354 1614 tissime
375 1565 584 1628 potest:
601 1557 672 1612 ita
693 1555 820 1612 mihi
845 1556 1089 1627 placitam
1105 1556 1424 1613 sententiam
1446 1556 1730 1627 protulisti.

64 1653 68 1698 ξ
168 1649 262 1707 Sed
287 1664 424 1706 nunc
450 1649 543 1705 Ilto
569 1665 728 1721 quam
757 1650 1206 1720 praesentissimus
1229 1649 1294 1704 ad
1319 1650 1416 1706 ista
1443 1666 1563 1720 qua:
1593 1649 1731 1705 volo.

71 1767 74 1770 ~
169 1741 343 1810 Quaero
370 1741 514 1796 enim
539 1741 638 1798 abs
659 1753 712 1798 te
731 1785 747 1809 ,
777 1741 904 1812 quid
927 1742 1022 1797 tibi
1048 1744 1309 1799 interesse
1329 1741 1574 1799 videatur
1595 1743 1736 1799 inter

168 1834 406 1891 rationem
431 1842 490 1889 et
515 1833 995 1888 ratiocinationem.
1036 1831 1102 1887 E.
1144 1831 1260 1888 Non
1299 1834 1429 1888 satis
1454 1833 1606 1888 valeo
1633 1832 1733 1888 ista

71 1925 74 1997 ζ
171 1925 480 1984 discutere.
510 1927 576 1982 Α.
606 1925 718 1981 Hoc
744 1941 874 1997 ergo
900 1926 1123 1989 intuere,
1154 1936 1326 1981 tttrum
1347 1925 1618 1982 existimes
1638 1925 1737 1982 ho-

169 2019 282 2076 mini
295 2020 404 2090 jam
431 2018 757 2075 adolescenti
777 2060 792 2082 ,
822 2019 908 2073 vel
935 2019 1069 2080 viro.
1093 2030 1184 2074 aut
1209 2021 1292 2088 (ut
1317 2034 1530 2076 omnem
1552 2019 1735 2075 amba-

175 2125 276 2183 ge-
311 2110 580 2180 anferam)
624 2110 852 2180 sapienti
881 2111 998 2165 sine
1028 2110 1417 2166 intermissione
1447 2110 1623 2166 inesse
1650 2125 1735 2166 ra-

173 2203 380 2266 tionem.
417 2202 548 2258 dum
589 2211 768 2258 mente
792 2216 956 2258 sanos
984 2211 1099 2264 est,
1129 2201 1268 2258 sicut
1299 2203 1491 2258 bonam
1523 2202 1733 2258 valetu-

173 2293 326 2352 dinem
355 2294 603 2365 corpori,
647 2293 774 2348 dum
817 2304 965 2364 peste
1001 2309 1064 2348 ac
1101 2293 1407 2348 vulneribus
1445 2302 1624 2358 caret;
1664 2307 1733 2348 an

175 2387 291 2444 sicut
325 2385 636 2451 ambulare,
687 2383 907 2448 sedere,
951 2383 1114 2454 loqui,
1148 2383 1308 2438 modo
1335 2384 1545 2448 inesse,
1574 2383 1735 2439 modo

179 2475 356 2533 insse.
377 2474 444 2531 E.
480 2475 638 2532 Same
665 2476 828 2530 menti
857 2489 1069 2545 semper
1093 2486 1222 2545 puto
1246 2475 1422 2531 inesse
1447 2475 1728 2530 rationem.

182 2566 233 2622 Δ.
253 2566 378 2636 Quid
403 2567 548 2623 hoc?
575 2567 702 2622 dum
733 2581 828 2636 per
855 2581 918 2622 ea
949 2581 1068 2637 quae
1089 2567 1455 2622 conceduntur
1472 2582 1536 2622 ac
1559 2567 1730 2622 mani-

181 2655 286 2715 Iusta
314 2668 468 2723 sunt,
499 2658 583 2714 vel
619 2657 997 2730 interrogando
1019 2658 1180 2713 alium
1205 2700 1220 2724 ,
1251 2659 1335 2715 vel
1365 2659 1733 2716 connectendo

183 2747 295 2813 al,
327 2749 671 2820 perducimus
701 2764 800 2804 nos
839 2749 904 2802 ad
950 2747 1174 2818 alicujus
1216 2750 1292 2804 rei
1333 2751 1729 2821 cognitionem;

179 2839 422 2898 videutrne
451 2841 547 2897 tibi
566 2851 659 2896 aut
686 2854 783 2896 nos
801 2881 818 2909 ,
846 2853 935 2896 aut
975 2841 1148 2912 quivis
1167 2842 1387 2912 sapiens
1410 2859 1621 2913 semper
1649 2844 1731 2899 fa-

180 2934 396 2992 (ατε.
421 2935 539 2992 Non
569 2949 817 3006 semper:
845 2949 950 2990 non
980 2935 1125 2990 enim
1167 2949 1382 3006 semper
1414 2937 1576 2991 homo
1615 2937 1733 3007 qui-

87 3025 94 3071 r’
181 3025 382 3083 libetant
405 3029 654 3099 sapiens,
678 3036 932 3099 quantum
953 3028 1164 3100 opinor,
1190 3029 1273 3084 vel
1293 3043 1475 3083 secum
1501 3029 1587 3085 vel
1608 3044 1730 3086 cum

185 3118 266 3173 alio
287 3121 476 3190 quaerit
503 3120 702 3192 aliquid
729 3119 1082 3176 disserendo:
1106 3136 1229 3176 nam
1250 3121 1338 3191 qui
1364 3121 1574 3192 quaerit,
1599 3136 1732 3177 non-

181 3206 280 3265 ius
301 3211 535 3278 invenit;
565 3211 635 3267 ita
669 3211 715 3266 si
743 3226 960 3282 semper
994 3212 1214 3283 qua'rit,
1265 3228 1532 3283 nunquam
1581 3215 1730 3269 inve-

182 3301 491 3370 Iit.3apiens
519 3314 700 3359 autem
722 3304 832 3375 jam
863 3304 1097 3371 invenit,
1125 3313 1182 3360 ut
1211 3304 1338 3358 nihil
1362 3305 1505 3360 aliud
1531 3305 1727 3374 dicam,

181 3393 250 3448 vel
271 3395 423 3466 ipsam
450 3397 801 3466 sapientiam,
831 3412 990 3467 quam
1009 3438 1025 3460 ,
1053 3411 1176 3452 cum
1199 3407 1342 3452 esset
1359 3397 1549 3452 stultus
1571 3438 1588 3464 ,
1619 3397 1732 3453 dis-

187 3487 374 3543 Μ
398 3488 649 3550 fortasse,
677 3497 769 3542 aut
795 3503 1010 3560 quoquo
1037 3489 1196 3544 modo
1226 3489 1334 3543 alio
1370 3499 1610 3560 poterat,
1641 3505 1731 3545 reo

190 3575 408 3646 quirem.
446 3581 514 3635 Α.
565 3580 734 3636 Recte
768 3580 937 3636 dicis:
960 3596 1126 3653 quare
1170 3580 1434 3651 intelligas
1466 3583 1587 3636 volo
1624 3596 1730 3638 non

187 3677 292 3723 esse
316 3668 453 3725 illam
493 3672 760 3727 rationem
781 3713 798 3739 ,
829 3671 955 3726 dum
986 3688 1083 3741 per
1119 3687 1181 3727 ea
1220 3686 1340 3742 quae
1363 3672 1732 3728 conceduntur

177 3763 524 3830 Incognita
554 3769 699 3828 sunt,
733 3761 802 3817 ad
837 3761 1037 3832 aliquid
1084 3761 1407 3831 incognitum
1445 3761 1728 3818 ducimur:

173 3847 262 3908 hoc
289 3854 428 3910 enim
470 3870 579 3910 non
625 3869 872 3925 semper,
918 3864 977 3910 ut
1007 3853 1119 3924 jam
1157 3854 1560 3922 consensimus,
1591 3854 1732 3912 inest

171 3944 312 4000 lenti
335 3960 513 4012 sanae;
544 3946 681 4001 ratio
703 3953 881 4000 autem
908 3959 1142 4014 semper.

224 4032 306 4091 π.
344 4034 411 4091 ε.
443 4035 725 4108 Intelligo;
753 4035 848 4092 sed
872 4051 1126 4107 quorsum
1153 4036 1295 4093 ista?
1322 4038 1385 4092 Α.
1416 4035 1549 4104 Quia
1573 4037 1730 4108 paulo

164 4126 462 4183 Indixisti
477 4167 494 4194 ,
522 4136 806 4198 propterea
835 4142 924 4183 me
947 4127 1040 4183 tibi
1063 4127 1262 4185 debere
1287 4128 1536 4185 assentiri
1563 4128 1732 4184 scien-

163 4213 274 4272 tiam
296 4231 396 4273 nos
419 4217 626 4274 habere
647 4225 772 4274 ante
798 4217 1058 4273 rationem
1074 4257 1090 4285 ,
1116 4219 1260 4290 quod
1299 4219 1512 4288 cognito
1551 4219 1730 4291 aliquo

159 4306 346 4375 nititur,
371 4308 500 4365 dum
527 4323 630 4365 nos
653 4309 790 4365 ratio
813 4308 880 4364 ad
907 4309 1230 4381 incognitum
1258 4310 1441 4366 ducit:
1475 4324 1615 4365 nunc
1635 4325 1730 4365 au-

157 4401 254 4454 lam
275 4400 576 4457 invenimus
593 4415 701 4456 non
723 4401 984 4457 rationem
1005 4401 1296 4457 voeandam
1324 4415 1446 4458 esse
1470 4401 1598 4456 dum
1626 4400 1730 4457 hoc

157 4488 343 4559 nitur;
379 4508 486 4548 non
530 4491 678 4547 enim
716 4505 846 4546 sana
887 4505 1041 4548 mens
1064 4493 1172 4565 agit
1200 4492 1302 4548 hoc
1327 4507 1541 4562 semper
1560 4534 1576 4556 ,
1603 4507 1726 4548 cum

171 4587 358 4652 “per
388 4582 587 4640 habeat
625 4583 923 4652 rationem;
966 4585 1060 4641 sed
1087 4595 1233 4640 recte
1261 4585 1360 4640 ista
1387 4586 1610 4641 fortasse
1641 4599 1727 4639 ra-

171 4665 414 4730 Μηῆο
461 4674 805 4741 nominatur;
863 4684 920 4730 ut
966 4675 1102 4730 ratio
1145 4675 1218 4730 sit
1266 4674 1479 4746 quidam
1535 4676 1730 4732 mentis

168 4769 426 4835 ιιμαω,
477 4766 815 4822 ratiocinatio
852 4776 1032 4823 autem
1076 4767 1297 4822 rationis
1339 4767 1642 4839 inquisitio,
1675 4769 1727 4824 id

169 4863 270 4923 ett,-
307 4870 554 4930 mpeetus
596 4857 771 4927 illius,
817 4873 917 4930 per
960 4873 1023 4915 ea
1070 4874 1190 4930 qua:
1228 4858 1531 4930 aspicienda
1569 4869 1725 4926 sunt,

85 4984 88 5023 ἶ
169 4947 338 5005 lotio.
372 4952 551 5022 Quare
597 4951 698 5008 ista
749 4965 886 5023 opus
920 4960 1003 5008 est
1021 4950 1088 5006 ad
1123 4951 1467 5022 qumrendnm
1490 4993 1506 5020 ,
1545 4952 1633 5006 illa
1661 4952 1728 5008 ad

173 5038 450 5100 Mum.
495 5045 679 5116 Itaque
722 5061 845 5102 cum
885 5046 974 5102 ille
1011 5046 1204 5101 mentis
1243 5057 1524 5118 aspectus,
1569 5063 1727 5117 quem

171 5132 408 5192 itionem
448 5151 739 5204 vocamus,
772 5137 1042 5208 conjectus
1073 5137 1124 5192 in
1153 5151 1266 5192 rem
1294 5137 1553 5208 aliquam,
1585 5138 1732 5194 videt

91 5243 94 5294 ;
149 5217 332 5294 Ian,
373 5229 597 5286 scicntia
639 5229 944 5285 nominatur
983 5248 998 5284 :
1043 5244 1164 5285 cum
1208 5237 1386 5284 autem
1435 5245 1540 5286 non
1586 5231 1730 5288 videt

87 5323 96 5395 ί
171 5321 338 5390 leas,
359 5321 609 5394 quamvis
632 5321 872 5378 intendat
898 5330 1204 5392 aspectum;
1237 5321 1442 5378 inscitia
1467 5323 1551 5379 vel
1579 5323 1730 5395 igno-

167 5409 322 5466 ω
361 5412 578 5469 dicitur.
621 5410 738 5468 Non
765 5413 906 5467 enim
944 5421 997 5468 et
1040 5412 1125 5468 his
1169 5413 1536 5482 corporalibus
1562 5415 1731 5472 oculis

131 5519 134 5522 ’
171 5503 328 5562 Illis
367 5507 461 5578 qui
505 5505 726 5576 aspicit,
754 5505 934 5571 videt;
973 5507 1115 5578 quod
1145 5508 1197 5562 in
1222 5508 1459 5563 tenebris
1475 5487 1731 5566 facillime

125 5605 132 5612 ‘
173 5593 640 5653 hindvertimus.
675 5597 751 5652 Ex
781 5612 887 5668 quo
914 5598 1095 5667 liquet,
1127 5609 1182 5654 ut
1207 5599 1418 5668 opinor,
1441 5599 1584 5653 aliud
1609 5617 1731 5658 esse

167 5691 424 5758 innatum
443 5729 459 5751 ,
501 5687 647 5742 aliud
673 5687 930 5743 visionem
955 5705 971 5754 ;
1003 5706 1120 5760 quae
1144 5690 1250 5744 duo
1280 5689 1332 5744 in
1363 5700 1541 5745 mente
1566 5692 1724 5747 ratio-

169 5785 278 5833 ,ιω
300 5786 354 5834 et
379 5778 658 5835 scientiam
702 5781 1055 5835 nominamus.
1101 5780 1211 5836 Nisi
1241 5781 1364 5852 quid
1398 5789 1448 5836 te
1475 5781 1729 5838 διάγω-μηδ

159 5860 270 5929 lac
292 5880 468 5928 movet
487 5913 502 5936 ,
534 5878 626 5924 aut
655 5885 841 5938 parum
863 5869 1094 5926 dilucide
1116 5873 1214 5929 ista
1233 5873 1481 5930 distincta
1502 5874 1728 5931 arbitra-

425 5962 654 6031 Sutor.
698 5962 980 6026 Ancon.
1009 5957 1066 6026 Ι.

1567 425 1767 484 LIBER
1803 416 2004 486 UNUS.

3283 436 3420 504 £065

1839 540 1933 596 ris.
1980 539 2044 594 E.
2072 539 2176 597 Per
2208 537 2335 599 mihi
2380 544 2494 601 [nec
2535 545 2808 607 distinctio
2850 553 3080 623 placet‘,
3111 565 3165 612 et
3191 557 3416 621 libenter

1836 634 2116 688 assentior.
2146 634 2211 688 Α.
2244 635 2378 694 Vide
2419 655 2546 710 ergo
2587 659 2764 710 nunc,
2817 656 2991 702 utrum
3036 665 3133 705 nos
3172 654 3415 722 aspicere

1841 735 2034 794 putes,
2093 735 2148 781 ut
2194 727 2513 798 videamus;
2569 750 2636 789 an
2686 736 2899 800 videre,
2961 751 3018 794 ut
3075 742 3415 812 aSpiciamus.

1837 817 1906 873 Ε.
1949 819 2082 876 Hinc
2111 838 2238 878 vero
2267 841 2333 880 ne
2358 841 2531 880 ca-cus
2561 829 2772 896 quidem
2816 847 3094 902 quisquam
3139 835 3418 892 dubitave-

1838 910 1934 976 rit,
1990 923 2260 984 aspectum
2290 930 2407 971 esse
2435 927 2648 986 propter
2695 922 2982 989 visionem,
3027 939 3132 980 non
3163 926 3420 982 visionem

1838 1012 2056 1073 pr0pter
2091 1016 2386 1076 aspectum.
2417 1009 2480 1062 Α.
2515 1007 2806 1067 Fatendum
2837 1014 2994 1084 igitur
3014 1015 3268 1072 visionem
3303 1017 3420 1088 pluo

1837 1094 1912 1149 ris
1941 1111 2098 1167 quam
2145 1109 2417 1168 aspectum
2462 1114 2580 1156 esse
2621 1102 2971 1171 pendendam.
3027 1105 3093 1160 Ε.
3124 1105 3419 1165 Fatendum

1836 1187 2073 1242 omnino.
2103 1189 2166 1243 A.
2201 1188 2343 1260 Ergo
2373 1199 2425 1245 et
2455 1192 2728 1247 scientiam
2762 1194 2924 1262 pluris
2948 1213 3105 1266 quam
3136 1201 3421 1256 rationem.

1836 1276 1904 1332 E.
1953 1276 2300 1352 Consequens
2340 1281 2515 1337 video.
2555 1284 2618 1337 Α.
2651 1285 2900 1342 Placetne
2932 1288 3023 1342 tibi
3055 1291 3298 1347 meliores
3328 1303 3420 1347 aut

1838 1370 2108 1429 feliciores
2151 1389 2272 1429 esse
2315 1375 2619 1430 hominibus
2657 1377 2894 1433 bestias?
2942 1377 3005 1433 E.
3038 1381 3249 1437 Avertat
3283 1384 3422 1440 Deus

1836 1472 1946 1518 tam
1976 1465 2261 1521 immanem
2287 1467 2595 1522 amentiam.
2625 1466 2688 1520 Α.
2718 1467 2880 1524 Recte
2906 1484 3036 1526 sane
3063 1473 3416 1541 exhorruisti;

1838 1554 1932 1609 sed
1957 1555 2025 1609 ad
2057 1555 2106 1611 id
2153 1571 2250 1612 nos
2295 1558 2438 1628 cogit
2475 1559 2736 1612 sententia
2769 1569 2854 1613 tua
2882 1577 2896 1613 :
2922 1559 3100 1615 dixisti
3143 1564 3283 1618 enim
3327 1580 3420 1621 eas

1838 1644 2037 1701 habere
2060 1647 2336 1704 scientiam
2354 1690 2370 1713 ,
2399 1658 2453 1703 et
2475 1664 2582 1706 non
2609 1649 2810 1706 habere
2839 1652 3116 1708 rationem.
3145 1653 3422 1712 Rationem

1837 1748 2016 1794 autem
2053 1739 2211 1794 habet
2254 1740 2441 1805 homo,
2487 1757 2582 1810 per
2613 1757 2768 1811 quam
2790 1741 2877 1796 vix
2903 1743 2968 1797 ad
2999 1744 3275 1800 scientiam
3301 1763 3423 1817 pcr-

1839 1829 2067 1883 venitur.
2099 1828 2204 1885 Sed
2237 1841 2294 1885 ut
2320 1830 2612 1886 concedam
2652 1831 2806 1888 facile
2843 1837 3146 1903 perveniri;
3173 1837 3296 1907 quid
3327 1853 3424 1896 nos

1839 1920 2107 1990 adjuvabit
2133 1922 2288 1986 ratio,
2319 1932 2374 1977 ut
2399 1922 2583 1977 bestiis
2606 1939 2703 1978 nos
2729 1925 3134 1994 anteponendos
3154 1939 3422 1998 putemus,

1838 2029 1959 2070 cum
1991 2014 2094 2069 illa:
2123 2013 2351 2070 habeant
2370 2015 2645 2070 scientiam
2663 2059 2678 2082 ,
2711 2027 2764 2071 et
2793 2017 2930 2071 hanc
2952 2018 3114 2088 pluris
3143 2035 3304 2090 quam
3332 2036 3422 2076 ra-

1840 2107 2036 2162 tionem
2069 2107 2399 2175 pendendum
2425 2123 2545 2163 esse
2569 2119 2902 2178 compertum
2929 2109 3031 2163 sit?

1839 2198 2065 2257 CAPUT
2092 2199 2330 2256 XXVIII.
2356 2231 2430 2242 —
2452 2199 2640 2256 Bestia:
2667 2202 2764 2255 vim
2797 2203 3046 2257 sentiendi
3070 2205 3286 2275 habent,
3313 2224 3419 2264 non

2487 2296 2742 2350 scientiam
2755 2336 2765 2349 .

1911 2387 1998 2441 54.
2045 2387 2108 2441 Ε.
2151 2388 2326 2458 Cogor
2369 2389 2620 2453 omnino,
2670 2396 2761 2443 aut
2803 2387 3075 2443 scientiam
3102 2389 3287 2444 bestiis
3314 2408 3423 2449 non

1839 2476 2156 2542 concedere,
2188 2488 2279 2532 aut
2303 2477 2436 2532 nihil
2461 2493 2731 2544 recusare,
2759 2478 2884 2548 quin
2908 2478 3034 2532 mihi
3062 2481 3252 2535 merito
3273 2491 3422 2537 ante-

1837 2580 2126 2639 ponantur.
2149 2570 2278 2637 Sed,
2312 2586 2526 2640 quaeso,
2553 2571 2758 2640 explica
2808 2568 2964 2628 illud,
3014 2570 3152 2639 quod
3187 2571 3255 2626 de
3290 2586 3423 2628 cane

1841 2659 2048 2732 Ulyssis
2088 2663 2541 2727 commemoravi,
2588 2662 2868 2732 qualenatn
2899 2662 3006 2720 sit:
3037 2680 3154 2716 nam
3183 2667 3300 2734 ejus
3326 2663 3422 2719 ad-

1841 2753 2122 2808 miratione
2159 2766 2458 2810 Commotus
2496 2764 2600 2808 tam
2648 2755 2875 2809 inaniter
2922 2755 3130 2810 latravi.
3183 2757 3244 2811 Α.
3283 2755 3422 2822 Quid

1838 2855 2016 2899 autem
2047 2844 2148 2900 hoc
2176 2853 2329 2915 putas
2353 2860 2492 2912 esse,
2527 2843 2629 2898 nisi
2655 2846 2760 2899 vim
2798 2846 3079 2915 quamdam
3121 2845 3421 2912 sentiendi,

1841 2951 1946 2991 non
1968 2935 2208 2991 sciendi?
2233 2936 2405 2992 Sensu
2434 2937 2574 2990 enim
2603 2951 2698 2990 nos
2729 2936 2911 2992 beatis:
2939 2939 3118 2993 multa:
3147 2949 3418 3008 superant,

1838 3029 1989 3099 cujus
2026 3030 2105 3085 rei
2144 3045 2358 3085 causam
2404 3046 2508 3084 non
2555 3029 2640 3084 hic
2683 3029 2828 3085 locus
2862 3041 2943 3086 est
2982 3041 3036 3084 nt
3085 3047 3420 3100 qna-ramus,

1838 3129 2018 3176 mente
2047 3131 2248 3187 autem,
2280 3121 2506 3188 ratione,
2533 3120 2774 3188 scientia,
2804 3137 2900 3175 nos
2927 3121 3028 3175 illis
3055 3121 3192 3176 Deus
3217 3137 3422 3192 praepo-

1837 3213 1963 3267 suit.
2003 3212 2107 3268 Sed
2140 3213 2228 3268 ille
2255 3227 2443 3268 sensus
2463 3227 2526 3267 ea
2551 3213 2742 3283 quibus
2759 3212 2904 3284 tales
2932 3212 3122 3266 animm
3148 3212 3422 3268 delectan—

1841 3313 1959 3370 tur,
2011 3302 2298 3359 accedente
2339 3303 2723 3358 consuetudine
2763 3301 2916 3373 cujus
2957 3318 3143 3374 magna
3184 3304 3262 3359 vis
3303 3314 3420 3370 est,

1838 3403 2015 3466 potest
2039 3395 2372 3458 discernere;
2401 3405 2558 3465 atque
2579 3411 2644 3449 eo
2673 3394 2876 3450 facilius
2897 3437 2911 3460 ,
2945 3396 3084 3465 quod
3111 3397 3288 3451 anima
3316 3396 3425 3452 hel-

1839 3487 2045 3542 luarum
2069 3486 2235 3557 magis
2260 3486 2470 3556 corpori
2491 3485 2646 3541 affixa
2674 3496 2790 3550 est,
2819 3487 2970 3557 cujus
2995 3489 3064 3542 illi
3089 3499 3214 3543 sunt
3235 3504 3424 3545 sensus

1838 3579 2029 3651 quibus
2073 3580 2239 3634 utitur
2277 3577 2346 3634 ad
2397 3578 2595 3632 victum
2644 3579 3111 3650 voluptatemque,
3154 3597 3312 3652 quam
3351 3598 3420 3637 ex

1835 3669 2026 3727 eodem
2071 3669 2162 3724 illo
2205 3684 2430 3739 corpore
2467 3670 2626 3740 capit.
2677 3669 2918 3724 llumana
2961 3687 3086 3725 vero
3125 3673 3299 3726 anima
3327 3688 3424 3743 per

1838 3762 2101 3816 rationem
2147 3772 2307 3829 atque
2346 3759 2657 3823 scientiam,
2701 3760 2767 3815 de
2807 3761 2997 3828 quibus
3027 3761 3250 3830 agimus,
3281 3762 3425 3832 quod

1837 3861 1963 3908 sunt
1989 3853 2086 3908 ista
2116 3853 2271 3924 longe
2302 3851 2669 3921 praestantiora
2696 3852 2974 3917 sensibus,
3009 3853 3288 3922 suspendit
3311 3869 3367 3908 se
3392 3870 3424 3906 a

1837 3959 2066 4016 corpore
2094 3952 2350 4015 quantum
2382 3951 2574 4012 potest,
2606 3952 2660 3995 et
2687 3958 2749 3996 ea
2779 3957 2897 4011 quae
2938 3946 3076 3995 intus
3110 3952 3218 4008 est,
3250 3943 3419 3998 liben-

1837 4037 1944 4091 tius
1973 4034 2170 4089 fruitur
2194 4035 2492 4103 voluptate;
2529 4041 2835 4102 quantoque
2862 4031 2912 4086 in
2944 4047 3132 4085 sensus
3156 4031 3419 4101 declinat,

1840 4135 1991 4184 tanto
2013 4128 2181 4199 magis
2208 4126 2518 4182 similiorem
2538 4124 2805 4179 hominem
2831 4125 3004 4193 pecori
3037 4125 3176 4178 facit.
3198 4125 3324 4180 Inde
3340 4133 3423 4180 est

1837 4220 1980 4291 quod
2023 4219 2183 4275 etiam
2215 4220 2360 4289 pueri
2403 4217 2702 4287 vagientes,
2734 4223 2933 4286 quanto
2962 4217 3248 4272 alieniores
3274 4233 3303 4272 a
3331 4232 3421 4272 ra-

1838 4313 1984 4367 tione
2022 4318 2186 4373 sunt,
2241 4317 2388 4363 tanto
2441 4307 2650 4364 facilius
2705 4307 3009 4362 discernunt
3064 4322 3222 4364 sensu
3261 4309 3424 4363 etiam

1837 4410 2147 4458 contactum
2186 4399 2721 4471 conjunctionetnque
2751 4399 3013 4452 nutricum
3033 4440 3048 4462 ,
3082 4413 3181 4453 nec
3201 4399 3424 4454 odorem

1836 4497 2062 4552 aliarum
2099 4503 2322 4566 possunt
2357 4494 2622 4550 sustinere
2645 4534 2660 4558 ,
2701 4507 2823 4547 cum
2851 4508 2921 4562 qu
2946 4491 3419 4550 bus'consuetudo

1835 4589 2082 4646 nonfuit.
2665 4675 2677 4683 .
2770 4675 2805 4683 ﬂ
2863 4675 2876 4683 -
3039 4675 3050 4683 .
3438 4573 3449 4683 ἐ

1908 4682 1999 4737 55.
2041 4679 2400 4747 Quamobrem
2425 4719 2440 4746 ,
2469 4675 2709 4748 quamvis
2737 4675 2878 4730 aliud
2907 4690 2970 4731 ex
3003 4675 3109 4730 alio
3139 4676 3421 4745 inciderit,

1834 4773 2063 4828 libenter
2082 4779 2256 4825 tamen
2275 4773 2326 4824 in
2351 4784 2417 4825 eo
2432 4783 2676 4824 sermone
2691 4767 2958 4830 demoror,
2984 4785 3089 4838 quo
3106 4769 3427 4827 admonetur

1835 4866 2042 4932 anima,
2073 4880 2140 4919 ne
2167 4879 2226 4918 se
2255 4863 2389 4917 ultra
2416 4876 2573 4931 quam
2602 4861 2892 4916 necessitas
2909 4859 3071 4931 cogit,
3100 4860 3342 4918 refundat
3369 4863 3426 4918 in

1835 4947 2056 5022 Sensus;
2077 4955 2170 5012 sed
2187 4956 2254 5010 ab
2273 4954 2354 5009 bis
2371 4954 2542 5024 potius
2568 4953 2632 5006 ad
2654 4954 2882 5023 seipsam
2907 4953 3138 5024 eollgat,
3157 4965 3212 5010 et
3235 4972 3427 5027 repue-

1835 5058 2013 5106 rascat
2035 5051 2171 5103 Deo:
2191 5046 2329 5117 quod
2347 5054 2428 5101 est
2449 5061 2641 5099 novum
2662 5046 2930 5102 hominem
2949 5047 3083 5106 fieri.
3106 5058 3282 5104 vetere
3298 5065 3429 5104 exu-

1835 5149 1925 5206 to;
1958 5157 1988 5194 a
2021 5155 2127 5210 qtto
2156 5139 2388 5208 incipere
2410 5146 2622 5207 propter
2652 5139 2944 5207 neglectam
2967 5137 3055 5191 Dei
3085 5138 3252 5206 legem
3280 5148 3426 5192 certa

1835 5241 1921 5288 est
1950 5229 2257 5292 necessitas,
2283 5243 2390 5300 quo
2419 5244 2590 5298 neque
2606 5230 2781 5283 verius
2808 5243 2979 5298 neque
2999 5229 3252 5284 secretius
3275 5228 3432 5297 quid-

1837 5341 1996 5397 quam
2025 5322 2315 5394 Scripturis
2334 5321 2528 5376 divinis
2550 5322 2870 5377 continetur.
2896 5319 3097 5375 Vellem
3125 5319 3246 5371 hinc
3274 5319 3428 5387 plura
3499 5393 3513 5396 _

1837 5416 2038 5481 dicere,
2057 5430 2120 5470 ac
2139 5414 2397 5484 meipsum
2414 5414 2802 5482 constringere,
2816 5411 2940 5464 dum
2966 5409 3112 5479 quasi
3131 5407 3221 5462 tibi
3239 5408 3428 5475 praeci-
3489 5483 3516 5490 Η

1841 5509 1949 5578 pio,
1969 5505 2170 5561 utnibil
2190 5505 2331 5559 aliud
2356 5521 2567 5576 agerem
2589 5519 2745 5575 quam
2775 5501 3032 5555 redderer
3057 5497 3307 5561 mihi,cui
3335 5513 3425 5554 me

1843 5600 2073 5654 maxime
2110 5598 2284 5653 debeo
2325 5600 2375 5668 (l
2400 5597 2643 5661 Relract.,
2666 5610 2780 5663 cap.
2821 5592 2887 5656 8,
2929 5607 2982 5643 n.
3008 5589 3078 5654 5)
3105 5606 3120 5643 τ
3146 5596 3302 5655 ίιιιιιιε
3346 5591 3425 5648 ίῑι

1843 5690 1956 5746 Deo
1981 5691 2091 5747 fieri
2114 5734 2128 5756 ,
2160 5691 2300 5762 quod
2330 5691 2404 5743 ait
2429 5689 2675 5745 Iloratins
2695 5727 2709 5751 ,
2740 5683 2965 5737 Anticum
2994 5678 3295 5750 mancipium
3326 5679 3424 5732 do-

1901 5823 1918 5855 ί
1952 5823 2026 5872 sic
2046 5833 2218 5883 omnes
2233 5817 2586 5883 quaslegimns
2608 5814 2872 5883 editiones;
2899 5823 3060 5883 nonne
3089 5807 3267 5882 melius
3284 5804 3434 5878 leg...

1833 5891 2003 5937 retur:
2021 5893 2138 5936 una:
2160 5872 2402 5934 dist'irwtio
2422 5872 2545 5929 ῦιὲιὶ
2565 5874 2803 5941 perplacet
2818 5872 2844 5924 ?
2906 5880 2960 5922 st.

2526 5963 2749 6043 (Trent
2757 5961 3113 6044 εοᾳιιαενε.)
