3804 6406
335 477 394 542 ii

411 419 548 490 1067

406 537 542 590 mina
575 535 599 605 (
621 533 791 592 Serm.
821 529 912 588 lib.
955 529 1014 593 2.-
1042 529 1200 584 satira
1236 528 1291 595 ‘l,
1320 545 1366 582 tt.
1394 525 1450 590 2,
1474 525 1575 596 δι).
1601 521 1754 594 Quod
1775 519 1993 576 omnino

406 626 520 683 ﬁeri
555 642 657 681 non
686 634 894 696 potest,
927 623 1024 677 nisi
1055 623 1119 675 ad
1151 622 1268 692 ejus
1291 620 1641 675 refortnemur
1668 613 1948 684 imaginem
1975 653 1991 676 ,

408 737 568 791 qttam
609 719 763 773 nobis
800 729 853 771 ιιι
887 713 1326 784 pretiosissimum
1370 709 1620 780 quiddam
1657 716 1712 763 et
1746 703 1994 760 charissi-

407 828 554 868 mtttn
585 807 989 865 custodiendam
1021 805 1186 865 dedit.
1220 805 1344 859 dum
1381 817 1480 858 nos
1509 804 1651 871 ipsos
1681 797 1831 853 nobis
1862 795 1994 852 tales

341 887 343 890 ﬁ
407 887 591 967 dedit,
624 900 868 970 qualibus
898 897 1029 952 nihil
1071 897 1240 968 possit
1283 903 1473 964 praeter
1514 893 1686 962 ipsum
1719 885 1989 955 anteponi.

406 993 518 1049 Hac
542 1002 720 1046 autem
763 990 971 1044 actione
1013 986 1149 1043 nihil
1193 985 1322 1040 mihi
1354 984 1564 1040 videtur
1607 979 1914 1052 operosius,
1941 987 1995 1032 et

405 1081 540 1154 nihil
565 1093 646 1140 est
671 1081 956 1138 cessationi
981 1080 1205 1136 similius
1236 1095 1249 1131 :
1283 1092 1456 1148 neque
1487 1086 1660 1131 tamen
1682 1088 1798 1129 eam
1823 1070 1991 1126 susci-

406 1164 534 1245 pere
559 1185 647 1228 aut
673 1173 892 1242 implere
920 1170 1128 1224 animus
1149 1175 1343 1238 potest,
1371 1165 1472 1221 nisi
1494 1179 1560 1220 eo
1581 1164 1696 1234 ipso
1712 1159 1994 1230 adjttvante

405 1265 493 1320 cui
525 1263 782 1320 redditur.
825 1261 975 1320 Unde
1014 1262 1073 1315 lit
1101 1268 1159 1315 ut
1182 1257 1346 1314 homo
1375 1257 1499 1325 ejus
1514 1251 1793 1312 clementia
1823 1251 1992 1307 refor-

407 1357 636 1413 mandus
660 1356 763 1422 sit,
794 1353 948 1423 cujus
972 1353 1206 1407 bonitate
1230 1366 1292 1404 ac
1318 1356 1578 1418 potestate
1608 1343 1866 1400 formatus
1888 1352 1991 1398 est.

480 1447 569 1502 56.
609 1445 712 1502 Sed
737 1446 802 1500 ad
835 1444 1163 1514 propositum
1191 1441 1365 1497 redire
1391 1439 1649 1509 cogimur.
1679 1438 1855 1504 Quare
1875 1433 1995 1489 vide

408 1547 585 1594 utrum
613 1537 702 1590 tibi
719 1537 828 1606 jam
861 1534 1141 1605 probatum
1167 1532 1266 1598 sit,
1299 1529 1437 1586 feras
1467 1544 1573 1586 non
1603 1527 1798 1584 habere
1822 1526 1994 1580 scicn-

408 1631 558 1706 tiam,
589 1639 857 1696 totamque
889 1627 1028 1681 illam
1060 1628 1202 1680 velut
1229 1623 1514 1692 imaginem
1545 1620 1805 1685 scientias,
1833 1632 1994 1688 quam

408 1722 699 1781 miramur,
731 1720 836 1772 vim
867 1733 984 1772 esse
1010 1713 1292 1770 sentiendi.
1334 1710 1403 1769 Ε.
1445 1706 1728 1767 Probatnm
1756 1723 1914 1771 sane;
1943 1715 1997 1761 et

407 1814 452 1869 si
471 1813 592 1884 quid
611 1812 676 1867 de
696 1812 794 1866 hoc
811 1807 1114 1880 diligentius
1131 1806 1476 1878 quaerendum
1498 1813 1600 1868 est,
1623 1803 1763 1856 alitnl
1787 1813 1994 1870 tempus

406 1906 711 1975 aucupabor
737 1919 752 1957 :
786 1917 925 1957 nunc
951 1915 1108 1955 nosse
1129 1898 1285 1969 cupio
1311 1897 1436 1967 quid
1465 1896 1590 1952 hinc
1615 1893 1886 1950 conﬁcias.

443 1989 669 2052 CAPUT
711 1992 904 2049 XXIX.
927 2023 998 2034 —
1019 1991 1245 2051 Su'enlia
1274 2001 1320 2045 et
1352 2005 1527 2044 sensus
1553 1986 1674 2058 quid
1699 1984 1955 2050 (li/lerant.

480 2088 545 2141 Α.
585 2085 721 2154 Quid
741 2084 882 2138 aliud
910 2092 1084 2153 putas,
1112 2081 1212 2136 nisi
1235 2079 1599 2136 deﬁnitionem
1624 2076 1765 2130 illam
1785 2089 1991 2140 sensus,

407 2191 469 2237 ut
492 2189 646 2234 antea
677 2175 816 2246 quod
857 2175 1039 2230 nescio
1083 2173 1214 2243 quid
1240 2172 1359 2241 plus
1385 2186 1542 2241 quam
1575 2183 1792 2224 sensum
1829 2165 1997 2220 inclu-

409 2273 605 2335 debat,
636 2268 706 2323 ita
745 2282 888 2321 nunc
915 2266 1185 2321 contrario
1223 2263 1354 2317 vitio
1391 2261 1640 2315 vacillare
1665 2299 1680 2326 ,
1721 2259 1859 2329 quod
1891 2273 1996 2312 non

409 2379 624 2420 omnem
663 2376 876 2418 sensum
915 2359 1084 2431 potuit
1119 2354 1433 2411 includere?
1463 2354 1666 2406 Ilaheot
1701 2352 1842 2406 enim
1873 2349 2004 2405 fera:

409 2471 625 2512 sensum
648 2496 662 2521 ,
693 2467 792 2509 nec
821 2451 1021 2505 habent
1049 2447 1322 2503 scientiam
1355 2464 1366 2499 :
1397 2443 1652 2514 quidquid
1679 2451 1853 2496 autem
1892 2457 1997 2496 non

409 2545 562 2614 latet,
591 2545 790 2608 scitur;
823 2551 876 2597 et
903 2556 1061 2596 omne
1085 2538 1226 2610 quod
1255 2538 1451 2601 scitur,
1480 2534 1546 2589 ad
1570 2531 1842 2589 scientiam
1870 2548 1995 2602 pro-

409 2637 552 2694 fecto
581 2633 832 2705 pertinet.
867 2633 942 2687 De
985 2630 1177 2701 quibus
1217 2628 1462 2683 omnibus
1502 2625 1611 2698 jatn
1653 2625 1780 2678 mihi
1824 2635 1996 2678 tecum

412 2726 681 2783 convenit.
712 2727 816 2780 Ant
847 2724 1002 2796 igitur
1027 2737 1131 2776 non
1159 2730 1241 2775 est
1264 2735 1468 2784 verum,
1499 2733 1712 2773 sensum
1735 2730 1853 2772 esse
1883 2730 2001 2784 pas-

413 2820 620 2874 sionem
660 2815 902 2885 corporis
924 2830 1029 2868 non
1053 2813 1306 2867 latentem
1323 2813 1586 2873 animam;
1608 2818 1698 2863 aut
1720 2824 1785 2862 eo
1818 2816 2000 2862 carent

410 2910 616 2967 besﬁae.
633 2905 752 2979 quia
771 2906 988 2961 scicntia
1006 2911 1217 2960 carent:
1234 2918 1446 2958 sensum
1463 2911 1638 2956 antctn
1659 2898 2001 2954 concedimus

411 3002 636 3056 bestiis:
664 2999 906 3055 deﬁnitio
935 3013 1060 3067 ergo
1091 2997 1178 3051 illa
1208 2995 1398 3051 vitiosa
1431 3004 1531 3050 est.
1562 2992 1626 3047 Ε.
1653 2989 1848 3048 Fateor
1869 2991 1998 3049 nihil

411 3109 500 3149 me
520 3093 758 3147 invenire
782 3107 888 3161 quo
916 3081 1178 3145 resistam.

483 3183 572 3238 57.
600 3183 663 3236 A.
681 3181 875 3250 Accipe
899 3177 1038 3232 aliud
1065 3189 1171 3247 quo
1190 3175 1356 3247 magis
1379 3192 1474 3228 nos
1500 3173 1658 3241 hujus
1678 3171 2000 3226 definitionis

413 3275 628 3347 pudeat.
655 3273 785 3328 Nam
809 3269 1116 3335 meministi,
1144 3277 1199 3321 ιιι
1216 3268 1422 3337 opinor,
1449 3266 1656 3318 tertium
1679 3262 2001 3315 deﬁnitionis

414 3369 600 3422 vitium
620 3365 711 3418 tibi
728 3364 1172 3425 demonstratum,
1186 3375 1288 3428 quo
1308 3374 1520 3428 prorsus
1536 3357 1663 3410 nihil
1678 3368 1757 3411 est
1773 3356 1997 3424 turpius;

416 3474 540 3515 cum
569 3472 634 3511 ex
665 3465 851 3509 neutra
877 3463 1023 3521 parte
1051 3466 1172 3504 vera
1199 3459 1298 3510 est,
1330 3448 1500 3518 qualis
1526 3457 1609 3501 est
1638 3447 1719 3499 illa
1747 3444 1997 3513 hominis,

415 3552 579 3609 homo
600 3560 686 3605 est
709 3545 903 3601 animal
925 3543 1228 3616 quadrupes
1262 3561 1274 3596 :
1305 3557 1424 3594 nam
1461 3541 1571 3594 sive
1597 3581 1609 3602 ,
1643 3540 1816 3592 omnis
1843 3539 2001 3592 homo

415 3646 612 3701 animal
638 3651 720 3698 est
745 3639 1045 3710 quadrupes
1069 3656 1083 3702 ;
1113 3635 1224 3691 sive
1248 3677 1262 3698 ,
1291 3651 1446 3689 omne
1476 3632 1670 3686 animal
1701 3629 2002 3702 quadrupes

417 3735 581 3794 homo
606 3743 687 3788 est
711 3775 725 3798 ,
755 3734 844 3802 qui
872 3732 1182 3819 dicit“:thth
1213 3729 1440 3781 al'tirtnat
1465 3768 1478 3787 ,
1509 3727 1698 3780 insanit
1733 3725 2002 3793 profecto,

416 3827 464 3885 si
504 3841 608 3880 non
647 3825 879 3894 jncatnr.
921 3811 1215 3874 KVc-rum
1253 3819 1403 3871 dicis.
1434 3816 1496 3870 Α.
1539 3816 1708 3884 Quid?
1737 3816 1777 3868 si
1821 3817 1868 3868 in
1902 3813 2002 3870 hoc

415 3917 575 3974 etiam
605 3916 731 3970 vitio
773 3916 869 3967 ista
907 3923 1087 3966 nostra
1133 3910 1571 3979 deprehenditur,
1602 3919 1823 3978 put-isne
1851 3907 2003 3978 quid-

417 4025 574 4081 quam
607 4009 773 4079 magis
799 4021 918 4061 esse
942 4002 1082 4078 quod
1109 4002 1178 4057 sit
1215 4001 1603 4072 cxplndendutn
1634 4010 1792 4070 atque
1819 4011 2001 4054 exter-

415 4099 726 4156 minandutn
749 4099 814 4152 de
830 4095 1044 4152 anima?
1071 4091 1139 4148 Ε.
1171 4093 1300 4161 Quis
1322 4094 1370 4146 id
1392 4094 1633 4148 I'ccttscl?
1653 4092 1756 4146 Sed
1781 4092 1998 4159 nollem,

417 4195 461 4250 si
490 4195 600 4249 ﬁeri
632 4200 825 4262 potest,
854 4193 1012 4245 etiam
1041 4189 1130 4244 hic
1156 4189 1354 4243 tamdiu
1378 4187 1626 4254 detineri,
1654 4199 1811 4257 atque
1839 4187 2004 4242 inter-

417 4270 799 4357 rogatiunculis
837 4283 1043 4354 agitari.
1077 4282 1141 4336 Α.
1170 4280 1308 4336 Νιιιιι
1336 4289 1418 4334 est
1456 4280 1597 4350 quod
1628 4289 1830 4334 metuas
1852 4319 1866 4340 .
1890 4279 2001 4348 jam

419 4380 561 4435 enim
586 4377 882 4434 confectum
924 4385 1008 4432 cst
1034 4374 1298 4445 negotium
1335 4389 1442 4426 :an
1472 4372 1559 4427 tibi
1600 4374 1833 4428 nandum
1874 4389 2001 4444 per-

418 4486 634 4528 suasum
660 4480 741 4525 est
765 4512 780 4535 ,
811 4483 934 4524 cum
962 4467 1028 4522 de
1055 4464 1351 4521 diﬁ‘ct-entia
1393 4463 1622 4517 ferarum
1649 4475 1702 4518 et
1729 4464 1999 4520 hominum

417 4549 686 4636 ageretur,
708 4564 852 4620 aliud
872 4577 993 4618 esse
1021 4561 1219 4617 sentire
1236 4600 1252 4626 ,
1280 4558 1422 4612 aliud
1450 4559 1626 4613 seire?
1652 4555 1717 4610 E.
1754 4559 1863 4611 Itno
1891 4572 2004 4614 ma-

419 4657 662 4713 xime.A.
681 4656 833 4711 Aliud
851 4670 980 4726 ergo
995 4668 1205 4717 sensus.
1220 4651 1361 4707 aliud
1381 4651 1620 4706 scientia.
1644 4649 1705 4704 E.
1732 4651 1804 4705 Ita
1817 4659 1918 4706 est.
1934 4652 1998 4704 Α.

418 4747 536 4804 Non
558 4757 731 4802 autetn
758 4747 1016 4803 sentimus
1041 4747 1266 4810 ratione,
1295 4743 1388 4800 sed
1409 4753 1500 4799 aut
1521 4745 1656 4807 visu,
1682 4752 1773 4798 aut
1799 4743 2004 4812 auditu,

417 4849 512 4896 aut
535 4837 729 4893 olfactu
752 4879 772 4902 ,
796 4849 884 4892 aut
912 4846 1120 4909 gustatu
1140 4880 1158 4903 ,
1184 4845 1276 4890 aut
1304 4845 1467 4892 tactu.
1498 4833 1563 4889 E.
1599 4835 1896 4890 Assentior.
1931 4836 1996 4890 A.

419 4931 488 4988 Et
514 4946 673 4984 omne
699 4931 837 4998 quod
863 4931 1090 4998 scimus,
1118 4933 1324 4986 ratione
1365 4933 1564 4986 scimus
1594 4946 1610 4985 :
1642 4929 1818 4984 nullus
1846 4929 2002 5000 igitur

421 5037 614 5079 sensus
656 5021 873 5076 scientia
913 5031 1016 5076 est.
1059 5021 1324 5090 Quidquid
1367 5031 1544 5075 autem
1593 5037 1696 5075 non
1737 5021 1903 5085 latet,
1934 5020 2000 5076 ad

419 5116 699 5173 scientiam
727 5113 996 5184 pertinet:
1023 5112 1092 5166 ad
1130 5112 1330 5166 nullum
1366 5127 1494 5182 ergo
1533 5125 1745 5167 sensum
1775 5112 2002 5181 pertinet

417 5222 525 5262 non
548 5206 734 5272 latere,
758 5214 810 5260 ut
830 5204 1005 5258 nullus
1030 5203 1190 5258 homo
1206 5203 1505 5273 quadrupes
1526 5213 1666 5259 recte
1683 5204 1784 5258 dici
1805 5212 1998 5274 potest.

419 5297 776 5368 Quamobrem
815 5297 912 5351 ista
953 5306 1130 5350 nostra
1171 5294 1410 5349 deﬁnitio
1455 5305 1698 5362 suscepta
1739 5307 1823 5350 ttta
1848 5337 1866 5362 ,
1895 5313 2002 5352 non

418 5395 594 5449 solum
622 5393 822 5450 alienos
868 5390 1126 5445 tet-minos
1167 5388 1423 5442 invasisse
1443 5429 1457 5451 ,
1495 5403 1666 5456 neque
1696 5389 1890 5458 aliquid
1920 5390 2002 5444 sui

415 5484 549 5554 juris
578 5485 886 5554 reliquisse,
917 5480 1012 5537 sed
1041 5479 1170 5535 nihil
1194 5479 1410 5533 omnino
1437 5478 1683 5535 habuisse
1709 5480 1998 5550 proprium,

419 5587 699 5648 totumque
743 5577 985 5636 alienant,
1021 5588 1309 5646 occupasse
1347 5574 1585 5630 convicta
1633 5582 1733 5628 est.
1769 5573 1832 5628 Ε.
1865 5574 2004 5642 Quid

421 5683 552 5738 ergo
585 5656 846 5739 agemus?
876 5668 1167 5724 Patierisne
1208 5667 1351 5722 illam
1390 5666 1456 5722 de
1491 5665 1691 5736 judicio
1731 5667 1798 5722 ita
1828 5667 2000 5728 disce-

421 5758 584 5815 dere?
608 5759 920 5829 Quanquam
962 5759 1106 5814 enim
1150 5774 1250 5830 ego
1290 5759 1340 5814 ei
1387 5745 1760 5814 defensionem
1793 5760 2001 5830 qu:ilem

423 5849 930 5920 ponti-praebeam,
955 5859 1009 5905 tu
1033 5859 1213 5912 tamen
1237 5851 1408 5925 ipsam
1431 5851 1539 5908 litis
1561 5851 1860 5919 formulam,
1883 5865 2000 5924 qua:

1328 405 1415 471 DE
1454 403 1896 480 QUANTITATE
1933 402 2190 472 -ΔΝΙΜΑἚ,
2231 406 2289 463 St
2321 402 2693 462 ~AUGUSTlNl

3503 419 3674 487 ως·

2102 531 2200 576 nos
2219 518 2450 588 decepit,
2474 517 2838 588 composuisti.
2869 515 3070 590 Etcgo.
3083 518 3285 593 quidem
3306 529 3494 590 tametsi
3509 532 3624 590 emi.

2099 624 2230 688 nere
2256 626 2361 666 non
2384 610 2568 682 potui,
2593 609 2726 664 bona
2750 609 2854 664 ﬁde
2877 608 3020 664 adl‘ui
3040 651 3057 676 ,
3081 612 3218 683 quod
3240 614 3359 669 mihi
3383 618 3504 674 satis
3522 633 3626 678 est:

2101 710 2156 756 tu
2176 717 2302 766 vero
2321 703 2364 757 si
2389 703 2841 773 prmvaricationis
2859 703 3095 773 arguat-is
3113 744 3140 774 ,ν
3156 706 3276 774 quid
3299 706 3464 776 [διεῖδε.
3490 729 3518 764 a
3538 729 3628 784 quo

2099 802 2155 849 et
2179 795 2428 864 producta
2451 804 2536 852 est
2563 803 2620 848 ut
2637 794 2872 864 jurgarct
2899 795 3156 851 audenter
3174 835 3198 864 ν
3219 808 3280 854 et.
3297 813 3566 871 oppugnata
3585 817 3634 860 ut

2102 886 2328 954 turpiter
2353 885 2605 942 cederet?
2648 886 2710 940 Α.
2741 885 3124 956 Numquidnam
3162 899 3244 943 est
3279 890 3359 946 hic
3380 894 3632 964 quisquam

2093 977 2296 1048 judcx,
2329 994 2364 1033 a
2389 994 2494 1052 (νιο
2539 976 2663 1034 huic
2687 978 2766 1033 vel
2800 977 2929 1032 mihi
2970 978 3306 1035 metuendum
3344 983 3445 1037 sit?
3471 984 3634 1054 Egon

2100 1071 2352 1141 privatim
2393 1071 2557 1141 quasi.
2586 1069 2852 1126 adhibitus
2893 1070 3334 1142 iurisconsultus,
3381 1077 3638 1135 instruendi

2099 1179 2257 1220 causa
2275 1163 2517 1220 refellere
2534 1163 2696 1239 volui,
2712 1172 2771 1218 ut
2782 1179 2903 1219 (tum
2921 1163 3258 1235 aid-judicium
3267 1177 3467 1235 ventum
3483 1169 3635 1242 fuerit.

2099 1265 2319 1326 paratus
2345 1257 2587 1311 assistas.
3431 1315 3441 1324 η

2171 1350 2259 1406 58.
2303 1349 2369 1404 Ε.
2411 1349 2511 1406 Est
2551 1363 2679 1421 ergo
2716 1348 2914 1419 alirpsid
2951 1350 3093 1421 quod
3117 1367 3242 1421 ’νην
3265 1352 3366 1408 ista
3400 1354 3633 1426 proferas,

2099 1458 2259 1514 quam
2290 1442 2418 1498 mibi
2467 1441 2848 1498 iri-validissimo
2877 1451 3080 1498 tantm
3105 1443 3471 1508 defendendam
3509 1457 3636 1510 tuea-

2099 1535 2328 1607 damque
2353 1534 2742 1592 commendas?
2769 1534 2832 1588 Α.
2866 1533 2963 1590 Est
2988 1547 3152 1592 certe.

2101 1626 2328 1703 CAPUT
2367 1627 2538 1684 XXX.
2557 1655 2630 1669 -—
2648 1627 2965 1698 Anima-qum
2983 1629 3164 1698 ubique
3182 1630 3354 1684 sentiat
3377 1629 3430 1684 in
3444 1646 3638 1702 corpore,

2314 1735 2413 1772 non
2439 1718 2625 1772 idcirco
2653 1728 2725 1772 est
2755 1734 2843 1788 per
2872 1728 3030 1772 totum
3056 1735 3239 1789 corpus
3265 1719 3460 1787 dimisit.

2171 1805 2239 1864 E.
2279 1809 2544 1878 Quidnam
2582 1808 2632 1862 id
2676 1820 2786 1876 est,
2818 1809 3088 1866 obsecro?
3129 1809 3192 1865 Δ.
3227 1812 3353 1880 Quia
3381 1829 3645 1883 quanquam;

2101 1899 2172 1954 sit
2191 1900 2332 1965 aliud
2361 1914 2572 1963 sensus,
2601 1900 2741 1956 aliud
2771 1902 3014 1968 scicntia,
3040 1902 3172 1958 illud
3193 1915 3363 1960 tamen
3387 1907 3644 1972 nim-latere

2102 1992 2312 2064 utrique
2337 2007 2621 2048 commune
2637 2002 2750 2060 est;
2778 2002 2836 2047 ut
2856 1994 2953 2062 ipsi
2975 1992 3180 2049 homini
3205 2005 3259 2052 et
3277 1997 3468 2064 bestiae,
3487 2015 3638 2069 quam-

2101 2088 2182 2140 vis
2209 2084 2488 2154 plurimum
2518 2084 2804 2152 diﬂ‘crant,
2829 2087 3024 2142 animal
3065 2099 3242 2144 tamen
3267 2104 3380 2146 esse
3400 2105 3642 2152 commune

2103 2186 2206 2232 est.
2229 2175 2344 2232 Non
2377 2176 2506 2233 latet
2529 2178 2671 2234 enim
2697 2178 2950 2249 quidquid
2971 2179 3167 2236 anima:
3187 2193 3417 2252 apparet,
3441 2183 3539 2238 sive
3564 2197 3638 2252 per

2105 2268 2542 2337 temperationctn
2572 2269 2816 2338 corporis
2847 2270 2863 2300 ί
2885 2310 2903 2336 ,
2932 2270 3046 2327 sive
3083 2286 3181 2340 per
3206 2273 3534 2342 intelligentiae
3557 2289 3638 2345 pu-

2103 2359 2344 2424 ritatem;
2373 2371 2532 2432 atque
2560 2360 2687 2416 illud
2720 2362 2947 2431 primum
2977 2377 3170 2417 sensus
3187 2403 3207 2428 ,
3234 2362 3333 2426 hoc
3354 2373 3512 2418 autem
3533 2364 3639 2422 alto-

2104 2466 2224 2506 rum
2249 2452 2469 2507 scientia
2495 2454 2594 2508 sibi
2639 2454 2942 2510 vindicavit.
2987 2454 3048 2509 Ε.
3093 2455 3270 2510 Manet
3293 2472 3414 2525 ergo
3436 2457 3511 2509 illa
3533 2455 3635 2511 deli-

2105 2545 2238 2606 nitio
2282 2554 2392 2600 tuta
2437 2555 2494 2602 et
2539 2546 2797 2617 probam?
2841 2547 2906 2600 Α.
2956 2547 3137 2603 Manet
3175 2563 3320 2604 vero.
3357 2547 3416 2602 ε.
3456 2548 3633 2604 Ubinam
3685 2600 3688 2604 .

2105 2650 2236 2705 ergo
2255 2635 2510 2705 deceptus
2534 2637 2686 2692 sum?
2716 2637 2780 2692 Α.
2814 2636 2913 2693 Ubi
2942 2638 3148 2707 rogavi,
3180 2648 3349 2694 utrum
3371 2637 3642 2708 ontneqttutl.

2106 2741 2214 2780 non
2255 2724 2414 2789 latet.
2448 2727 2646 2782 sciatur
2679 2745 2692 2780 :
2725 2735 2780 2782 ιιι
2828 2729 2970 2783 enim
3015 2727 3146 2783 huic
3186 2729 3431 2798 rogationi
3472 2738 3638 2784 temere

2106 2831 2355 2873 assensus
2369 2833 2449 2873 es.
2478 2815 2544 2872 E.
2573 2817 2704 2874 Nam
2725 2819 2850 2889 qttid
2870 2821 3033 2875 velles
3055 2820 3325 2876 dicerent?
3341 2821 3401 2874 Α.
3419 2819 3518 2876 Non
3531 2835 3632 2878 00l-

2107 2908 2254 2963 tinuo
2280 2924 2398 2965 esse
2426 2910 2704 2966 scientiam
2733 2913 2776 2966 si
2816 2912 2941 2982 quid
2971 2928 3081 2968 nun
3107 2913 3264 2978 latet,
3291 2915 3375 2969 sed
3400 2914 3439 2968 si
3464 2927 3634 2983 pern-

2107 3001 2306 3056 tioncm
2346 3017 2450 3056 non
2491 3001 2621 3058 latet
2649 3019 2661 3053 :
2690 3017 2812 3058 cum
2842 3012 3018 3058 autem
3050 3020 3149 3073 per
3176 3020 3476 3075 corpusnen
3498 3004 3626 3072 latet,

2106 3105 2322 3146 sensum
2337 3092 2536 3156 vocari,
2551 3093 2592 3146 si
2611 3109 2705 3163 per
2716 3095 2943 3163 seipsatn
2959 3110 3064 3149 non
3079 3093 3618 3166 lawatcorporispsssio.

2108 3183 2191 3235 An
2214 3182 2424 3252 ignoras
2457 3183 2770 3253 quihusdam
2805 3183 3140 3256 pltilOsophis
3159 3196 3214 3243 et
3237 3190 3465 3256 pet-aeutis
3487 3185 3616 3240 t'irlin

2107 3288 2250 3340 esse,
2274 3291 2338 3328 tte
2356 3275 2580 3344 idipsnm
2603 3276 2812 3345 quidem
2835 3277 2975 3347 quod
3005 3288 3189 3334 mente
3207 3277 3620 3348 comprehenditur,

2108 3365 2173 3418 ad
2198 3380 2388 3420 nomen
2416 3368 2653 3435 aspirare
2683 3369 2920 3425 scienti:e
2939 3409 2956 3436 ,
2997 3370 3098 3424 nisi
3143 3381 3246 3425 tam
3271 3372 3406 3425 ﬁrma
3432 3382 3624 3439 compre-

2109 3454 2297 3511 hensio
2315 3457 2384 3512 sit
2399 3500 2418 3524 ,
2440 3469 2494 3512 ut
2517 3459 2584 3513 ab
2599 3475 2660 3513 ea
2679 3477 2828 3514 mens
2845 3461 2985 3516 nulla
3003 3463 3210 3518 ratione
3221 3474 3371 3534 queat
3391 3460 3627 3518 dimoveri!

2179 3549 2270 3606 59.
2310 3549 2379 3604 E.
2421 3553 2640 3619 Accipio
2652 3552 2752 3608 ista
2777 3555 3111 3622 gratissime:
3133 3556 3226 3612 sed
3245 3571 3415 3627 qua‘so
3431 3555 3629 3623 quoniam

2108 3640 2232 3710 quid
2259 3641 2327 3698 sit
2353 3657 2574 3710 sensus,
2603 3643 2948 3701 subtilissime
2979 3660 3239 3717 quantum
3273 3649 3479 3703 arbitror
3499 3644 3630 3716 expli-

2108 3742 2288 3792 catum
2313 3745 2398 3791 est
2413 3776 2430 3802 ,
2458 3736 2751 3792 referamus
2769 3751 2869 3792 nos
2892 3738 2958 3792 ad
2997 3739 3149 3794 illam
3170 3739 3489 3810 quas-tionem
3504 3751 3629 3806 ,ικα-

2109 3834 2230 3894 pter
2248 3841 2404 3898 quam
2431 3827 2800 3898 explicandum
2829 3827 2930 3884 hoc
2953 3844 3373 3902 susceperatnns.
3391 3827 3632 3896 Attulerat!

2110 3916 2253 3969 enim
2277 3931 2375 3985 ego
2390 3927 2784 3987 argumentum,
2807 3934 2911 3989 quo
2940 3929 3142 3974 tantam
3165 3921 3427 3990 probarem
3445 3919 3630 3974 anitum

2108 4022 2230 4066 esse
2251 4049 2268 4074 ,
2301 4020 2554 4079 quantum
2579 4009 2694 4080 ejus
2719 4020 2802 4065 est
2824 4027 3018 4082 corpus
3035 4051 3052 4076 ,
3078 4027 3146 4067 eo
3170 4012 3309 4083 quod
3336 4017 3590 4080 tangentem
3604 4017 3644 4062 1.

2109 4102 2282 4170 capite
2308 4118 2476 4172 usque
2502 4103 2567 4158 ad
2596 4104 2748 4174 pedis
2776 4114 3070 4160 extremum
3102 4105 3344 4174 pollicem
3366 4103 3506 4164 sentit
3527 4113 3631 4170 qua-
3687 4120 3695 4149 τ

2109 4208 2212 4263 qua
2221 4209 2428 4250 versum
2448 4197 2714 4268 tetigeris;
2730 4205 2887 4266 atque
2905 4195 3029 4252 inde
3042 4196 3114 4251 ad
3127 4210 3318 4252 sensus
3326 4192 3632 4250 deﬁnitionem

2111 4300 2382 4341 morarum
2425 4287 2826 4359 plenissimam,
2866 4288 2962 4344 sed
3008 4289 3143 4344 forte
3185 4287 3470 4344 necessario
3505 4281 3637 4338 delati

2111 4390 2314 4433 sumus.
2341 4377 2519 4449 Itaque
2535 4378 2709 4448 ipsum
2733 4378 2964 4434 fructum
2983 4381 3114 4436 tanti
3135 4379 3422 4449 operisjam
3433 4371 3632 4435 om“.
3693 4387 3696 4390 ’

2109 4468 2154 4523 si
2175 4470 2366 4539 placet.
2384 4469 2450 4525 Α.
2472 4471 2568 4526 Est
2580 4472 2818 4536 omnino,
2840 4481 3004 4542 atque
3021 4471 3352 4538 uberrimus;
3370 4487 3478 4526 nant
3496 4476 3634 4522 totius
3696 4487 3698 4489 ν

2087 4561 2250 4644 ,‘lu0d
2279 4565 2683 4633 quaerebamus.
2711 4563 2965 4622 (allectum
2989 4574 3092 4621 est.
3137 4566 3192 4621 Si
3221 4565 3358 4622 enim
3384 4575 3548 4620 sensus
3569 4566 3638 4618 ειι

2108 4654 2349 4725 corporis
2376 4655 2552 4726 passio
2579 4672 2670 4726 per
2694 4659 2924 4728 seipsam
2951 4675 3054 4712 tton
3079 4659 3250 4714 latens
3269 4656 3504 4720 animum,
3520 4646 3643 4721 quod
3695 4681 3697 4686 -

2111 4755 2170 4801 ιιι
2195 4748 2496 4804 ﬁrmissime
2527 4759 2852 4814 teneremus,
2878 4750 3077 4806 diutius
3102 4765 3260 4820 quam
3284 4749 3438 4806 velles
3461 4755 3630 4800 sem

2109 4841 2270 4896 cinati
2295 4856 2514 4909 smnus;
2541 4843 2901 4898 meministine
2921 4842 3133 4898 tandem
3157 4858 3255 4902 nos
3269 4837 3562 4909 comperisse
3575 4830 3630 4886 ibi

2110 4933 2311 4988 sentire
2338 4935 2523 4989 oculos
2550 4933 2636 4989 ubi
2663 4949 2772 4988 non
2797 4942 2952 5000 sunt,
2998 4936 3080 4990 vel
3113 4935 3282 5002 potius
3319 4931 3385 4988 ibi
3414 4926 3541 5000 pati?
3578 4921 3628 4978 Β.

2109 5023 2344 5080 Memini.
2375 5025 2437 5079 Α.
2475 5026 2642 5080 Etiam
2675 5025 2800 5081 illud
2828 5025 3041 5093 dedisti,
3070 5025 3174 5082 nisi
3199 5025 3363 5090 (alter,
3390 5037 3477 5076 nec
3503 5013 3632 5074 modo

2109 5119 2320 5174 dubitas
2345 5117 2578 5174 dandum
2609 5116 2807 5186 fuisse,
2850 5120 3081 5174 animam
3120 5118 3286 5174 multo
3313 5129 3459 5186 quato
3492 5117 3632 5166 totum

2109 5227 2304 5283 corpus
2331 5221 2444 5276 cst,
2485 5226 2606 5267 esse
2635 5213 2904 5268 meliorem
2933 5226 3002 5267 ac
3033 5210 3394 5283 potentiorem.
3428 5203 3487 5259 Ε.
3522 5200 3638 5256 Hine.

2110 5319 2239 5367 vero
2254 5304 2498 5360 dubitare
2523 5303 2781 5359 nefarium
2806 5314 2956 5373 puto.
2983 5304 3047 5359 Δ.
3075 5305 3206 5374 Age,
3235 5301 3279 5357 si
3295 5311 3471 5367 caput
3489 5296 3632 5363 ποιαί

2112 5396 2182 5450 ibi
2211 5398 2320 5468 pati
2356 5396 2556 5467 aliquid
2594 5395 2685 5452 ubi
2726 5411 2834 5459 non
2869 5405 2988 5463 est,
3017 5404 3226 5465 propter
3249 5389 3504 5464 quamdam
3527 5391 3627 5439 cum

2110 5489 2289 5544 anima
2327 5488 2904 5559 contemperationem,
2946 5486 3089 5558 quod
3126 5485 3290 5544 oculis
3321 5485 3372 5537 in
3401 5472 3626 5535 cernendo
3685 5488 3691 5500 '-

2110 5580 2356 5638 accidere
2383 5580 2656 5638 inventum
2700 5591 2816 5644 est;
2846 5580 3047 5639 adeone
3087 5581 3308 5636 animam
3345 5579 3552 5631 crassam
3577 5573 3626 5622 οι

2112 5672 2315 5744 pigram
2338 5683 2602 5744 manus,
2627 5689 2723 5745 per
2747 5689 2904 5746 quam
2932 5675 3031 5745 ipsi
3057 5671 3198 5729 oeuli
3215 5666 3618 5735 ιιιιιιωιιτροειυιιρ

2174 5799 2337 5865 ξω.
2361 5804 2434 5848 Er.
2461 5804 2514 5850 et
2541 5806 2676 5862 tam,
2712 5809 2806 5865 per
2827 5795 3188 5865 temperatam
3215 5801 3424 5858 corporis.
3454 5791 3500 5836 ιιι
3530 5787 3608 5831 III:

2110 5860 2244 5912 nullo
2263 5861 2602 5927 fascemque
2837 5858 2932 5928 μετ’
2944 5858 3330 5926 eum

2352 5976 2387 5992 ρ
