3804 6390
175 563 224 607 ιιι
243 553 352 603 ears
379 546 530 600 lateat
553 545 798 612 corporis
826 537 1001 612 passio
1022 582 1038 606 ,
1069 538 1118 598 sl
1161 555 1272 596 scen
1297 537 1366 594 ibi
1393 540 1570 610 jaceat
1588 579 1606 606 ,
1634 537 1727 596 ubi

175 641 328 714 passio
350 641 456 708 ipsa
482 634 778 706 contingit?
1094 681 1099 686 .

225 734 306 790 6'0-
354 731 417 786 Β.
464 729 686 786 Multum
730 743 816 784 me
859 733 1037 784 movet
1079 727 1176 782 ista
1206 726 1513 792 conclusio,
1557 733 1614 783 et
1651 727 1722 780 ita

171 826 365 882 multum
391 833 447 877 ut
473 823 695 877 ettutiuo
721 828 998 890 stupeam,
1039 827 1097 873 et
1141 833 1248 872 non
1277 818 1450 873 solum
1477 817 1604 888 quid
1634 834 1723 873 re-

171 917 466 988 Sptllltlm,
491 914 586 970 sed
615 928 830 981 prorsus
863 911 954 966 ubi
987 911 1090 966 sim
1129 927 1238 964 non
1270 911 1556 966 inveniam.
1586 909 1722 977 Quid

168 1012 284 1067 enim
311 1006 518 1062 dicunt?
539 1019 759 1060 sensum
799 1020 904 1057 non
934 1020 1085 1070 ease,
1117 1019 1236 1058 cum
1279 1003 1521 1072 corporis
1548 1003 1726 1072 passio

170 1101 478 1171 pdseipuam
506 1113 614 1154 non
639 1097 769 1152 latet
788 1095 1053 1150 Illllllttﬂl?
1075 1095 1206 1165 quid
1229 1095 1334 1150 erit
1359 1094 1522 1160 aliud,
1553 1094 1600 1151 9i
1623 1093 1730 1150 hoc

169 1211 257 1248 non
276 1193 385 1248 est?
413 1189 613 1248 Oculos
639 1189 768 1245 nihil
799 1190 902 1257 pati
939 1203 1062 1243 cum
1090 1188 1370 1244 videmus?
1396 1187 1722 1243 absurdissi—

165 1301 288 1341 mum
319 1294 419 1340 est.
464 1284 576 1340 Eos
604 1283 678 1338 ibi
714 1284 822 1352 pati
857 1283 946 1338 ubi
983 1280 1146 1336 sunt?
1177 1293 1232 1336 at
1271 1280 1474 1350 seipsos
1510 1294 1620 1334 non
1643 1279 1724 1335 vi-

166 1377 267 1432 deut
284 1377 322 1443 ⁸,
335 1375 536 1431 necubi
551 1382 679 1430 sunt
689 1373 978 1443 quidquam
987 1381 1068 1428 est
1087 1381 1277 1441 pneter
1292 1372 1454 1442 ipsos.
1472 1369 1585 1424 Non
1602 1385 1724 1426 esse

165 1470 306 1526 oculis
328 1468 564 1526 striatam
593 1468 980 1536 potentiorem,
1011 1479 1132 1522 culti
1163 1464 1350 1522 eadem
1387 1464 1460 1521 sit
1497 1466 1722 1526 istorum

166 1561 399 1634 potentia?
420 1561 557 1618 nihil
583 1571 668 1617 est
689 1560 1012 1617 dementius.-
1045 1562 1124 1614 An“
1173 1559 1272 1618 hoc
1305 1557 1586 1614 dicendum
1615 1567 1718 1625 est,

165 1659 393 1730 pnlrnlius
417 1672 542 1713 esse
571 1657 798 1727 ibipati,
826 1656 912 1712 ubi
940 1655 1174 1725 quidque
1196 1655 1285 1720 sit,
1314 1668 1473 1723 quam
1503 1652 1598 1708 ubi
1615 1667 1718 1706 non

166 1754 247 1808 siti
281 1752 369 1808 sed
415 1752 464 1806 si
515 1750 618 1804 hoc
657 1761 840 1803 verum
878 1760 1162 1812 essetmon
1202 1756 1348 1804 esset
1388 1746 1721 1814 prastantior

165 1848 280 1901 visus
300 1844 508 1900 caeteris
529 1843 796 1898 settsilius.
829 1841 892 1894 Α.
923 1840 1058 1906 Quid
1089 1839 1229 1909 quod
1263 1841 1421 1894 ictum
1448 1839 1675 1908 aliquem
1702 1880 1716 1902 ,

165 1937 229 1992 rel
258 1935 490 1990 incidens
516 1933 785 2004 quidpiam
806 1972 820 1994 ,
851 1933 936 1986 vel
981 1930 1220 1986 humoris
1268 1931 1718 1998 perturbatitmetn

165 2043 259 2083 cum
285 2025 348 2081 ibi
378 2026 652 2095 patiantur
678 2023 816 2077 oculi
847 2022 932 2075 ubi
965 2030 1121 2084 sunt;
1150 2036 1321 2091 neque
1359 2020 1459 2074 hoc
1488 2020 1718 2073 animam

165 2118 295 2183 latet,
322 2131 418 2172 nec
458 2117 562 2170 ista
609 2115 784 2183 passio
809 2113 990 2175 visus,
1039 2113 1134 2167 sed
1172 2122 1339 2165 luctus
1369 2119 1624 2164 voratur:
1665 2120 1721 2165 et

166 2220 306 2266 tamen
332 2210 448 2264 talia
493 2206 600 2277 pati
629 2206 817 2260 oculus
849 2213 1028 2274 posset
1056 2205 1215 2260 etiam
1245 2205 1297 2257 in
1329 2203 1577 2257 exanimo
1602 2215 1721 2255 cor-

165 2316 295 2370 pore,
323 2299 568 2367 quamvis
596 2297 806 2352 deesset
834 2295 1007 2349 anima
1035 2337 1048 2358 ,
1085 2311 1241 2364 quam
1288 2292 1466 2362 passio
1496 2307 1601 2346 non
1646 2291 1720 2344 la-

168 2402 306 2456 teret;
331 2390 459 2446 illud
491 2386 836 2459 autemquod
876 2388 978 2455 pati
1020 2402 1123 2439 non
1156 2395 1328 2454 potest
1365 2384 1585 2449 oculus,
1617 2382 1719 2438 nisi

169 2484 496 2548 adsitanima,
527 2483 580 2536 id
609 2491 690 2537 est
731 2483 870 2551 quod
902 2479 1129 2534 videndo
1163 2481 1387 2548 patitur,
1422 2478 1521 2531 hoc
1548 2476 1718 2531 solum

169 2575 222 2630 ibi
247 2577 454 2644 patitur.
493 2575 582 2630 ubi
629 2589 732 2628 lion
764 2570 879 2626 est?
922 2570 1004 2624 Ex
1036 2586 1140 2640 quo
1178 2572 1261 2623 cui
1311 2587 1413 2624 non
1447 2569 1717 2633 videatur,

169 2669 282 2724 nullo
304 2670 412 2723 loco
441 2669 686 2721 animam
711 2661 1013 2719 eontinerii
1041 2660 1313 2733 Siquidem
1345 2663 1547 2725 oculus,
1578 2660 1717 2730 quod

170 2768 436 2832 estcorpus,
472 2757 526 2814 id
555 2765 755 2812 tantum
784 2770 889 2810 non
913 2753 1031 2808 loco
1058 2768 1155 2809 suo
1181 2753 1398 2823 patitur,
1425 2751 1565 2822 quod
1586 2766 1721 2806 nun-

170 2867 292 2922 quam
317 2854 428 2915 sine
456 2851 638 2916 anima
670 2856 958 2917 pateretur.

213 2945 296 3005 ,6-l.
333 2944 394 2996 Ε.
424 2941 569 3008 Quid
602 2940 760 3010 igitur
787 2936 1015 3001 faciam,
1044 2952 1227 3006 qtueso
1268 2935 1356 2992 te?
1391 2935 1578 2991 Nonne
1608 2935 1722 2988 istis

172 3035 417 3103 rationibus
441 3033 640 3087 conﬁci
667 3039 873 3099 potest,
902 3027 1107 3082 animas
1151 3036 1359 3080 nostras
1385 3043 1488 3082 nou
1520 3041 1640 3081 esse
1667 3024 1718 3079 in

175 3124 646 3198 corporibusiquod
683 3122 728 3178 si
773 3122 843 3175 ita
886 3130 996 3185 est,
1033 3133 1212 3174 nonne
1243 3119 1325 3171 ubi
1368 3119 1466 3172 sim
1505 3115 1722 3171 nescio?

175 3220 273 3285 Quis
295 3221 423 3275 enim
465 3217 593 3272 mihi
621 3215 799 3287 eripit,
824 3213 964 3284 quod
990 3229 1088 3284 ego
1121 3213 1236 3281 ipse
1261 3213 1434 3264 anima
1466 3208 1617 3263 smn?
1654 3209 1716 3262 Α.

177 3307 233 3375 Ne
256 3311 576 3379 perturbere.
614 3322 677 3362 ac
706 3306 873 3376 magis
911 3305 1048 3358 bono
1083 3303 1264 3358 animo
1299 3302 1455 3356 facito
1494 3303 1585 3355 sis.
1619 3299 1721 3354 lata

182 3402 286 3456 enim
317 3400 566 3472 cogitatio
609 3409 663 3454 et
709 3398 1066 3456 consideratio
1106 3395 1174 3449 ad
1228 3395 1584 3462 nosmetipsos
1623 3409 1722 3446 nos

185 3491 337 3560 ituitat,
354 3505 407 3548 ιιι
425 3503 690 3563 quantum
717 3491 838 3544 licet.
855 3485 1037 3542 avellit
1053 3501 1085 3541 a
1103 3503 1348 3556 corpore.
1373 3484 1520 3553 ρυηά
1546 3498 1721 3538 autem

194 3582 259 3639 tibi
275 3586 416 3640 risum
445 3593 564 3646 est,
599 3599 701 3636 non
732 3597 851 3635 esse
889 3579 1122 3635 animam
1154 3581 1204 3632 in
1250 3594 1472 3648 eorpzrc
1503 3578 1596 3628 \"ir.
1621 3577 1723 3628 ntis

191 3674 410 3730 animatis
434 3717 450 3742 ,
479 3689 782 3750 quauqnapi
811 3671 1048 3725 videatur
1078 3668 1380 3731 absurdum,
1414 3684 1516 3719 non
1547 3678 1720 3720 latneu

185 3763 421 3847 doctissimi
453 3766 701 3820 homines
723 3807 734 3822 .
767 3764 958 3833 quibus
991 3764 1039 3816 id
1071 3763 1354 3832 pl.-.cuerit,
1401 3757 1680 3813 defuerunt
1705 3801 1719 3826 ,

182 3869 315 3927 neque
341 3874 472 3912 nunc
511 3856 745 3911 arbitror
778 3854 968 3909 deesse
997 3869 1010 3906 :
1046 3853 1170 3917 sed,
1209 3863 1264 3906 ut
1298 3853 1408 3922 ipse
1440 3850 1720 3919 intelligis,

181 3960 335 4024 resest
369 3949 711 4004 subtilissima
739 3989 752 4011 ,
783 3956 836 4002 et
879 3943 941 4001 ad
981 3963 1138 4017 quam
1179 3945 1497 4001 crrncndam
1532 3946 1723 3999 utentis

179 4039 292 4104 acies
325 4044 446 4097 satis
491 4043 763 4113 purganda
802 4049 901 4093 est.
938 4037 1088 4094 Nunc
1125 4039 1339 4093 attende
1386 4036 1559 4106 potius
1599 4038 1722 4107 quid

179 4130 289 4198 aliud
311 4132 532 4200 afferas,
561 4148 667 4202 quo
706 4131 988 4186 convincas
1031 4131 1260 4184 animam
1293 4130 1374 4183 vel
1409 4132 1613 4200 longam
1643 4129 1722 4184 vel

179 4219 305 4300 latam
324 4241 459 4294 esse,
484 4226 567 4281 vel
591 4225 715 4293 quid
741 4224 997 4298 ejusmodi
1025 4241 1038 4276 :
1066 4239 1183 4275 naut
1209 4223 1332 4276 illud
1355 4230 1722 4291 argumentum

179 4323 296 4383 luunt
331 4315 392 4372 de
423 4317 669 4389 tangendi
713 4331 870 4370 sensu
893 4358 906 4380 ,
940 4315 1104 4368 sentis
1147 4331 1249 4367 non
1291 4314 1550 4383 attingere
1583 4312 1720 4367 veri-

182 4412 342 4482 tatem,
372 4426 467 4466 nec
493 4411 674 4465 \‘ltlel'e
715 4408 910 4478 aliquid
935 4451 948 4474 ,
983 4417 1037 4461 ut
1062 4424 1176 4462 eam
1211 4422 1303 4477 per
1335 4415 1498 4462 totum
1530 4417 1723 4476 corpus

181 4501 389 4582 tanquam
408 4505 714 4572 sar-guinem
733 4501 970 4552 (Iill'nsam
989 4516 1107 4553 esse
1125 4501 1401 4552 convincat
1418 4516 1430 4550 :
1449 4506 1538 4552 aut.
1556 4499 1596 4552 si
1613 4500 1721 4568 jam

181 4590 292 4674 quia]
320 4591 498 4646 all'eras
523 4583 666 4645 nihil
687 4591 869 4653 habes,
904 4591 1169 4643 rideamus
1196 4605 1313 4660 qnzc
1345 4593 1561 4644 restant.

182 4675 369 4749 CAPUT
397 4682 671 4737 XXXI.—
703 4681 970 4736 Vermiculi
986 4682 1102 4735 secti
1133 4693 1298 4752 partes
1327 4690 1602 4735 uterentur.
1644 4682 1722 4735 An

206 4831 212 4842 _
241 4789 564 4845 argumentum
591 4780 652 4829 sit
683 4777 864 4830 animo:
891 4793 978 4845 per
1005 4786 1158 4828 totum
1187 4790 1371 4842 corpus
1400 4779 1634 4827 exiens-rc.

207 4931 216 4940 _
237 4863 393 4921 62.13.
413 4865 547 4925 Nihil
573 4870 821 4924 haberem
848 4868 1091 4930 fortasse,
1109 4869 1207 4921 nisi
1232 4868 1539 4921 recordarer
1558 4881 1724 4938 quan-

186 4963 270 5020 “.lm
286 4964 420 5029 pueri
440 4963 613 5018 mirari
632 4963 924 5019 soleremus
944 4961 1255 5030 palpitantes
1274 4959 1584 5015 laccrtarmn
1606 4979 1724 5015 cau-

183 5044 260 5103 das
289 5064 566 5123 amputatas
594 5071 622 5108 a
654 5064 849 5108 caetero
887 5066 1138 5122 corpore;
1171 5067 1325 5122 quem
1369 5065 1567 5107 motum
1607 5055 1727 5109 sine

183 5138 330 5199 anim
354 5145 458 5202 ﬁeri
487 5147 633 5203 nullo
659 5146 818 5201 modo
844 5146 973 5201 mihi
1003 5129 1324 5217 persuadere
1352 5161 1600 5217 possum:
1630 5162 1722 5203 ne-

185 5242 266 5299 que
282 5249 375 5304 quo
396 5249 540 5306 pacto
563 5241 673 5306 tiat,
696 5247 750 5293 ut
769 5238 966 5292 nttllum
987 5238 1055 5292 sit
1074 5238 1263 5292 anima!
1285 5240 1531 5306 Spatium,
1551 5255 1722 5308 quan-

185 5313 239 5372 do
264 5327 453 5392 put-ridi
492 5334 647 5386 etiam
689 5346 808 5383 cum
850 5344 1071 5398 corpore
1122 5337 1322 5398 potest,
1352 5331 1604 5402 intelligo.
1654 5331 1718 5386 Α.

188 5409 370 5494 Possem
389 5423 698 5496 respondere
724 5439 902 5479 aerem
927 5435 976 5478 et
1001 5423 1194 5492 ignem,
1221 5439 1337 5494 qua!
1362 5425 1469 5478 duo
1495 5442 1585 5492 per
1610 5426 1724 5479 atti-

187 5518 269 5560 mze
296 5518 876 5576 pncwntiam'tenentur
899 5517 948 5569 in
976 5530 1200 5585 corpore
1231 5525 1440 5570 terreno
1466 5529 1514 5571 et
1547 5519 1721 5572 humi-

188 5594 341 5698 (ξαρ-ιιι
364 5611 582 5664 muniunt
608 5621 834 5682 quatuor
855 5612 944 5665 tiat
974 5611 1393 5680 eontctnpcratio
1412 5653 1425 5675 ,
1446 5611 1571 5666 dum
1607 5609 1743 5682 p'ost‘

211 5759 577 5856 Δὶιειςιιξηιις
599 5787 780 5856 editis:
805 5786 1209 5839 Alma-dissimum
1237 5792 1309 5836 ert
1330 5798 1409 5856 eos
1429 5784 1499 5837 ibi
1519 5786 1621 5856 pati
1640 5785 1725 5840 ulti

673 5849 895 5924 rideam;
915 5858 1122 5924 excepto
1139 5859 1298 5924 tamen
1319 5849 1445 5909 nad.,
1464 5843 1548 5914 qui
1569 5863 1722 5916 prope

551 5901 988 5977 Ῑέθίίθιλθωνίὶίωω
1009 5901 1087 5963 hic
1109 5901 1444 5964 restituimusf
1480 5901 1499 5914 ⁸
1569 5901 1585 5914 ³
1655 5901 1674 5916 ⁵
1703 5901 1720 5946 “.

1561 425 1769 483 LIBER
1803 425 2000 486 BMJS.

3287 441 3426 499 1070

1831 543 2070 612 ejusdem
2109 545 2302 602 animae
2339 547 2646 604 abscessum
2686 548 2756 608 ad
2794 564 3024 622 superna
3060 556 3294 612 evadunt
3315 598 3332 623 ,
3362 574 3424 614 ac

1831 647 1952 689 sese
1977 638 2296 704 expediunt,
2326 656 2542 696 movere
2577 643 2665 698 illa
2693 647 3006 714 corpuscula
3051 657 3197 703 tanto
3230 651 3418 706 conci-

1829 727 2026 794 tatius,
2046 741 2246 800 quanto
2274 733 2422 804 plaga
2454 737 2755 792 recentiore
2778 738 2956 795 sutiito
2974 751 3266 810 erumpunt
3283 761 3302 800 :-
3323 744 3420 800 de-

1829 820 1954 877 inde
1986 839 2148 892 porro
2171 835 2375 882 motum
2414 828 2756 899 languescere
2776 873 2793 898 ,
2839 841 3110 902 postremo
3147 835 3416 898 desinere,

1828 913 1954 968 dum
1976 918 2154 971 minus
2173 920 2451 991 minusque
2474 921 2530 976 lit
2553 924 2700 992 quod
2718 925 2918 996 effugit,
2941 941 3006 982 ac
3027 927 3225 985 deinde
3247 939 3418 986 totum

1827 1007 2022 1062 evolat.
2053 1008 2157 1064 Sed
2183 1009 2252 1064 ab
2288 1009 2392 1066 hoc
2417 1028 2508 1067 me
2530 1023 2742 1070 revocari
2766 1017 2907 1085 mind
2951 1017 3033 1073 his
3071 1019 3221 1075 hausi
3246 1023 3416 1079 oculis

1829 1115 1968 1170 pene
1991 1102 2163 1156 ser-ius
2189 1117 2350 1172 quam
2389 1104 2534 1160 credi
2565 1115 2777 1175 potest;
2807 1108 2904 1164 sed
2929 1119 3074 1168 certe
3097 1127 3210 1168 non
3242 1115 3418 1172 seritis

1827 1206 1986 1262 quam
2009 1192 2282 1249 deberem.
2309 1196 2443 1250 Cum
2470 1198 2620 1252 enim:
2639 1213 2809 1268 nuper
2829 1201 2882 1255 in
2907 1216 3044 1272 agro
3059 1218 3302 1264 essenon
3323 1206 3412 1265 Ll-e

1826 1283 2013 1353 ειη-ἰαὶ,
2049 1287 2216 1340 nostri
2245 1287 2324 1341 illi
2350 1288 2721 1346 adolescentes
2743 1293 2832 1362 qui
2859 1300 2988 1350 tunc
3011 1305 3222 1360 mecum
3256 1310 3414 1358 eram

1827 1373 2125 1430 studiorum
2169 1390 2390 1433 suorum
2417 1379 2586 1449 gratia
2603 1420 2620 1446 ,
2645 1381 3131 1446 animadverterunt
3157 1387 3302 1448 humi

1825 1476 2008 1522 centes
2033 1467 2085 1522 in
2113 1481 2282 1537 opaco
2325 1469 2482 1536 loco,
2511 1479 2808 1540 reptantem
2845 1474 3121 1532 bestiolsm
3160 1481 3409 1552 multille-

1824 1561 1968 1624 dem,
1997 1563 2208 1631 longum
2229 1562 2354 1619 dico
2376 1562 2662 1632 quemdam
2685 1567 3028 1626 vermiculout
3049 1589 3061 1623 :
3080 1572 3236 1641 vulgo
3256 1585 3418 1632 mus

1825 1663 1926 1717 est,
1955 1653 2058 1710 hoc
2101 1665 2282 1710 tamen
2307 1655 2452 1726 quod
2479 1656 2650 1712 dicam
2683 1674 2948 1728 nunquam
2981 1661 3032 1714 in
3062 1676 3132 1716 eo
3164 1674 3414 1732 expertus

1824 1761 1993 1802 eram.
2032 1747 2207 1803 Versa
2234 1765 2460 1820 namque
2499 1751 2622 1804 stilo
2664 1766 2826 1820 quem
2860 1750 3000 1808 forte
3029 1755 3253 1810 habebat
3281 1774 3420 1814 unos-

1825 1840 2060 1904 illorum,
2093 1842 2284 1895 animal
2317 1842 2552 1896 medium
2582 1843 2876 1910 percussit:
2902 1852 3010 1898 tum
3039 1845 3208 1902 ambae
3239 1857 3419 1916 partes

1824 1947 1933 1998 cori
1957 1935 2066 1987 oris
2083 1935 2152 1988 ab
2175 1934 2268 1987 illo
2289 1934 2507 1990 vulnere
2524 1937 2574 1989 in
2593 1936 2855 1990 contraria
2877 1936 3256 2002 discesserunt,
3271 1951 3416 1998 tanta

1826 2025 2017 2094 pedum
2045 2025 2338 2090 celeritate,
2368 2042 2431 2080 ac
2459 2026 2624 2081 nihilo
2655 2029 3000 2084 imbecilliore
3031 2032 3170 2096 nisu,
3193 2046 3348 2103 quam
3369 2035 3418 2090 si

1823 2115 1930 2169 duo
1961 2115 2330 2184 hujuscemodi
2353 2119 2641 2172 animantia
2670 2119 2862 2174 forent.
2887 2119 3004 2187 Quo
3038 2124 3292 2179 miraculo
3323 2143 3417 2182 ex-

1824 2209 2014 2272 territi,
2034 2223 2314 2278 causaeque
2333 2210 2550 2274 curiosi,
2575 2209 2639 2262 ad
2668 2225 2786 2270 nos,
2807 2211 2898 2264 ubi
2919 2211 3076 2266 simul
3102 2229 3202 2283 ego
3220 2226 3276 2270 et
3290 2217 3418 2288 Aly.

1825 2301 1944 2368 pius
1971 2300 2414 2367 considebantus,
2442 2300 2689 2354 alacriter
2729 2300 2958 2356 viventia
2993 2305 3158 2358 frusta
3202 2305 3292 2361 illa
3316 2308 3414 2362 de-

1825 2392 2077 2445 tulerunt.
2129 2390 2309 2461 Neque
2354 2406 2452 2445 nos
2487 2407 2672 2460 parum
2705 2394 2979 2459 commoti,
3005 2410 3067 2448 ea
3114 2410 3334 2452 currere
3360 2400 3414 2455 in

1826 2483 2002 2539 tabula
2058 2498 2477 2552 quaquaversum
2537 2491 2802 2551 poterant,
2827 2487 3177 2541 (aemula-nius
3209 2506 3222 2540 :
3253 2500 3416 2560 atque

1827 2592 1991 2630 unum
2022 2575 2257 2644 ipsorum
2280 2575 2407 2629 stilo
2435 2585 2653 2638 tactum,
2680 2579 3066 2646 cultorquehat
3089 2596 3145 2631 se
3169 2582 3239 2634 ad
3262 2582 3413 2636 tlulo-

1824 2669 1900 2722 ris
1917 2669 2110 2731 locum,
2132 2667 2263 2722 nihil
2284 2669 2545 2724 sentiente
2565 2669 2688 2730 alio.
2704 2686 2766 2723 ac
2785 2685 2911 2724 suos
2940 2672 3063 2726 alibi
3099 2687 3274 2728 motus
3297 2691 3412 2744 per-

1824 2772 2032 2829 agente.
2049 2759 2183 2827 Quid
2208 2760 2396 2828 plura?
2422 2759 2763 2814 Tentavimus
2783 2805 2798 2827 ,
2821 2774 3084 2833 quatenus
3109 2765 3158 2820 id
3183 2768 3411 2834 valeret;

1767 2917 1769 2920 p
1826 2864 1984 2924 atque
2012 2854 2379 2919 vermiculout,
2404 2855 2514 2908 imo
2531 2857 2637 2924 jam
2659 2859 2979 2913 vermiculos
2999 2860 3052 2920 in
3079 2862 3274 2918 multas
3291 2878 3408 2932 par-

1827 2954 1909 3000 tes
1933 2946 2266 3000 c0ocidimus
2285 2963 2301 3000 :
2321 2946 2388 2999 ita
2411 2961 2598 3001 omnes
2612 2951 2978 3017 movebantur,
3003 2961 3059 3008 ut
3085 2955 3183 3007 nisi
3210 2971 3238 3006 a
3259 2955 3412 3009 nobis

1827 3036 1960 3091 illud
1993 3035 2188 3091 factum
2223 3045 2386 3102 esset,
2412 3045 2466 3092 et
2502 3048 2871 3107 comparerent
2903 3043 3118 3097 vulnera
3155 3047 3412 3110 recentia,

1827 3130 2046 3183 totidem
2069 3128 2188 3183 illos
2203 3128 2486 3198 separatim
2513 3139 2686 3197 nauis,
2704 3146 2770 3185 ac
2793 3130 2892 3186 sibi
2927 3149 3196 3204 quemque
3220 3137 3418 3192 risisse

1825 3221 2186 3277 crederemus.

1899 3313 1988 3366 63.
2020 3312 2126 3369 Sed
2151 3324 2274 3368 tunc
2298 3328 2396 3383 ego
2416 3314 2557 3382 quod
2580 3313 2686 3369 illis
2706 3314 3133 3372 adolescentibus
3147 3319 3276 3386 dixi,
3296 3335 3414 3376 cum

1830 3404 2014 3459 intenti
2046 3419 2130 3457 me
2161 3406 2522 3469 intuerentur,
2555 3405 2646 3458 tibi
2677 3421 2814 3459 nunc
2841 3406 3018 3462 dicere
3045 3423 3234 3463 Vereor
3268 3428 3281 3462 :
3305 3411 3418 3480 jam

1829 3500 1970 3553 enim
1996 3507 2198 3552 tantum
2223 3498 2594 3565 processimus,
2622 3505 2675 3549 ut
2692 3497 2790 3550 nisi
2815 3498 3072 3553 tibialiter
3092 3502 3420 3569 respondero

1828 3592 1967 3663 quod
1995 3592 2282 3646 secandum
2308 3605 2477 3645 nteant
2497 3606 2708 3643 causam
2736 3590 3078 3659 probabiliter
3100 3594 3252 3659 \‘itldl,
3271 3601 3419 3652 tanta

1830 3693 2007 3738 nostra
2042 3682 2264 3736 intentio
2289 3697 2382 3750 per
2407 3690 2511 3735 tam
2536 3682 2746 3749 iungunt
2775 3682 2974 3736 ntunita
3005 3699 3327 3750 sermonem,
3349 3686 3419 3740 ab

1829 3790 1937 3830 uno
1953 3772 2240 3828 vermiculo
2260 3780 2533 3841 penetrata
2557 3771 2899 3826 succubuisse
2916 3772 3170 3826 videatur.
3195 3773 3234 3828 ll
3258 3775 3302 3829 is
3322 3791 3416 3830 att-

1830 3879 1936 3921 tem
1965 3881 2341 3935 prmrept'ratn,
2373 3873 2428 3917 ut
2457 3863 2507 3916 itt
2531 3863 2737 3928 studiis,
2765 3863 2917 3918 sicuti
2943 3875 3235 3932 coeperant,
3259 3882 3413 3921 suum

1830 3974 2044 4014 cursum
2094 3965 2370 4018 tenerent;
2413 3955 2482 4008 ita
2513 3971 2606 4008 eos
2642 3953 2989 4022 opportunius
3027 3954 3306 4024 aliquando
3348 3958 3413 4010 ad

1828 4049 2110 4122 quaerenda
2141 4058 2195 4104 et
2220 4048 2470 4102 discenda
2497 4046 2613 4107 isti,
2645 4045 2685 4098 si
2719 4059 2802 4099 res
2839 4054 3078 4100 moneret
3097 4084 3114 4109 ,
3142 4061 3260 4100 esse.
3289 4063 3416 4102 ren-

1831 4151 1994 4196 turos.
2037 4139 2140 4194 Sed
2167 4153 2285 4208 qua:
2312 4136 2412 4190 illis
2440 4133 2832 4190 discedentibus
2855 4151 2974 4188 cum
2996 4135 3185 4205 Alypio
3204 4151 3412 4192 sermo-

1827 4231 2036 4287 cinatus
2063 4247 2213 4292 smn,
2241 4243 2360 4281 cum
2392 4234 2611 4295 uterque
2652 4236 2890 4278 nostrum
2927 4240 3020 4293 pro
3061 4240 3158 4280 suo
3192 4233 3415 4298 quiSque

1829 4323 2047 4392 modulo
2076 4320 2442 4377 recordamur
2463 4329 2513 4372 et
2534 4317 2857 4386 coniectaret
2876 4325 2928 4370 et
2947 4327 3227 4386 quturrret,
3247 4321 3289 4373 si
3317 4335 3412 4374 ex-

1829 4430 2029 4486 ponere
2055 4413 2254 4476 velitn;
2287 4413 2443 4480 longe
2468 4410 2617 4480 plura
2646 4409 2798 4462 nobis
2825 4407 3047 4462 dicenda
3077 4418 3216 4472 sunt,
3253 4426 3414 4480 quam

1828 4509 1895 4570 ab
1926 4510 2040 4579 ipso
2067 4506 2326 4577 principio
2357 4505 2516 4558 tantis
2554 4501 2863 4570 ambagibus
2904 4511 3062 4570 atque
3090 4501 3414 4559 ant-auibus

1829 4603 1970 4658 dicta
2011 4610 2133 4655 sunt
2164 4616 2176 4653 :
2209 4615 2312 4652 non
2353 4596 2491 4665 apud
2535 4604 2584 4649 te
2622 4606 2794 4648 tamen
2827 4595 3012 4649 tacebo
3040 4596 3178 4664 quod
3219 4597 3410 4650 sentio.

1828 4693 1939 4749 Nisi
1970 4691 2098 4746 mibi
2129 4699 2252 4745 tunc
2294 4688 2454 4742 multa
2485 4687 2594 4755 jam
2624 4695 2742 4740 nota
2780 4696 2955 4740 essent
2985 4686 3052 4741 de
3077 4701 3323 4756 corpore,
3346 4687 3416 4744 de

1829 4786 2007 4856 Specie
2027 4801 2144 4854 qua:
2163 4783 2300 4836 inest
2317 4779 2549 4849 corpori,
2573 4777 2639 4831 de
2671 4777 2805 4841 loco,
2829 4776 2896 4832 de
2918 4787 3177 4848 tempore,
3207 4778 3275 4833 de
3299 4794 3416 4833 mo-

1830 4889 1906 4940 tu,
1933 4892 2053 4946 qua:
2077 4871 2420 4929 subtilissime
2447 4878 2606 4938 atque
2626 4868 3017 4924 alistrusissime
3039 4879 3254 4939 propter
3279 4869 3417 4926 hanc

1829 4971 1996 5040 ipsam
2035 4966 2380 5037 quastionem
2409 4963 2772 5024 disseruntur;
2805 4959 2875 5015 ad
2912 4959 3139 5016 dandam
3184 4961 3416 5032 palmam

1829 5066 1913 5130 iis,
1944 5061 2032 5133 qui
2061 5075 2252 5130 corpus
2278 5072 2398 5113 esse
2423 5056 2656 5111 adiutam
2680 5055 2883 5121 dicunt,
2912 5055 3249 5113 declinarem.
3274 5061 3418 5122 Qua-

1830 5163 2047 5228 prOpter
2072 5165 2142 5217 te,
2175 5160 2232 5206 ut
2260 5165 2500 5220 possum,
2527 5149 2685 5204 etiam
2712 5155 2872 5216 atque
2899 5147 3058 5204 etiam
3089 5161 3276 5200 iuoneo
3304 5185 3316 5208 ,
3343 5161 3412 5200 ne

1829 5260 2032 5306 temere
2055 5255 2146 5302 aut
2186 5244 2240 5302 in
2278 5243 2444 5299 libros
2479 5250 2572 5297 aut
2605 5241 2656 5297 in
2698 5239 3080 5309 disputationes
3107 5237 3416 5306 loquacissi-

1829 5357 2040 5398 morum
2076 5339 2383 5400 hominum,
2415 5336 2741 5406 nimiumque
2765 5332 3009 5388 sensibus
3049 5330 3134 5384 his
3171 5331 3412 5395 corporis

1829 5435 2156 5492 credentium
2202 5439 2255 5487 te
2293 5429 2591 5502 praecipites
2613 5469 2629 5494 ,
2652 5427 2822 5481 donec
2854 5422 3086 5489 corrigas
3125 5417 3412 5487 firmesque

1829 5529 2068 5599 vestigia,
2095 5541 2212 5596 qnzc
2243 5537 2412 5594 usque
2437 5521 2504 5576 ad
2531 5521 2704 5591 ipsum
2732 5517 2894 5570 Deum
2917 5513 3144 5565 animum
3167 5507 3366 5562 ducunt
3391 5529 3406 5562 :

1831 5639 1897 5677 ne
1921 5597 1989 5676 ab
2016 5620 2106 5676 illo
2135 5617 2492 5674 secretissima
2512 5622 2562 5666 et
2586 5603 3017 5675 tranquillissima
3037 5599 3227 5654 metuis
3248 5597 3410 5654 habi-

1831 5715 2024 5779 tacula,
2054 5728 2082 5763 a
2123 5724 2228 5781 quo
2255 5721 2415 5769 nunc,
2446 5703 2570 5758 dum
2609 5699 2724 5754 haec
2752 5694 2968 5756 incolit,
2998 5688 3267 5781 peregrina
3297 5698 3406 5756 est,

1829 5777 2018 5861 studiis
2047 5777 2252 5856 fari—lius
2276 5807 2330 5864 et
2359 5792 2647 5856 laboribus,
2677 5799 2836 5855 quam
2865 5782 3051 5836 inertia
3093 5777 3407 5848 desidiaun

1826 5897 2108 5958 avertatis}
2343 5954 2382 5969 η
