3844 6280
363 406 490 479 ιοῑι

430 532 519 586 64.
560 526 710 583 Nunc
736 531 912 577 autem
941 518 1122 586 accipe
1148 521 1330 570 contra
1360 509 1485 567 illud
1512 524 1637 579 quo,
1670 517 1725 562 ut
1749 502 1942 567 sentio,

361 621 584 677 multum
628 615 885 673 moveris,
915 626 1020 667 non
1052 606 1193 679 quod
1227 604 1493 658 robustius
1512 600 1580 657 de
1610 599 1822 659 multis,
1854 595 1949 651 sed

360 711 501 783 quod
532 710 774 769 brevius;
798 719 967 776 neque
992 700 1132 772 quod
1164 698 1290 753 mihi
1320 693 1645 767 probabilius
1668 705 1825 762 quam
1847 704 1952 744 ca:-

362 814 498 868 tera,
527 801 618 855 sed
643 797 780 869 quod
804 796 895 850 tibi
922 794 1093 864 aptius
1113 791 1308 860 eligere
1332 786 1497 857 potui.
1531 783 1597 839 Ε.
1627 783 1740 843 Dic,
1758 798 1854 835 oro
1877 790 1948 842 te,

362 910 521 967 quam
538 891 793 948 citissime
815 898 966 959 potes
1004 886 1067 940 Α.
1091 884 1324 938 Primum
1349 878 1475 935 illud
1498 878 1638 939 dico,
1657 876 1700 931 si
1724 874 1953 930 maxime

361 1001 520 1042 causa
548 984 727 1048 lateat,
753 995 849 1036 cur
878 979 930 1032 in
960 975 1267 1032 concisione
1289 969 1640 1042 quorumdam
1670 979 1951 1035 corporum

362 1079 450 1134 illa
479 1077 809 1146 contingant,
842 1088 946 1127 non
971 1070 1226 1126 continuo
1256 1081 1355 1121 nos
1381 1065 1484 1120 hoc
1511 1078 1614 1118 uno
1640 1062 1709 1116 ita
1741 1072 1953 1132 pertur-

362 1172 476 1227 bari
498 1179 766 1242 oportere,
787 1177 844 1221 ut
865 1174 970 1220 tam
996 1164 1158 1219 multa
1179 1178 1296 1227 quae
1318 1158 1563 1229 superius
1588 1156 1708 1210 luce
1727 1153 1951 1209 clariora

361 1264 456 1319 tibi
478 1263 587 1317 visa
607 1271 753 1326 sunt,
778 1258 907 1314 falsa
937 1271 1057 1312 esse
1082 1254 1421 1309 arbitremur.
1452 1249 1593 1304 Fieri
1614 1247 1755 1303 enim
1778 1253 1953 1315 potest

364 1366 423 1413 ut
447 1357 603 1425 lmjus
631 1356 707 1409 rei
736 1367 894 1409 causa
919 1366 1015 1405 nos
1036 1348 1216 1409 lateat,
1240 1361 1358 1416 qua:
1380 1344 1459 1397 vel
1484 1342 1727 1395 humanm
1750 1349 1952 1393 natura:

362 1452 620 1507 occultata
634 1457 746 1513 est;
768 1446 853 1501 vel
870 1444 937 1501 sit
951 1443 1103 1497 alicui
1124 1438 1321 1495 homini
1338 1438 1567 1506 cognita,
1592 1450 1690 1491 nec
1706 1435 1847 1489 istea
1865 1447 1956 1487 no-

364 1542 446 1596 bis
468 1537 777 1609 interrogari
799 1535 993 1607 possit;
1012 1533 1275 1587 autetiam
1298 1531 1397 1583 hoc
1415 1527 1623 1597 ingenio
1642 1525 1739 1595 ipsi
1760 1528 1949 1591 simus,

366 1642 425 1689 ut
449 1630 757 1687 satisfacere
778 1628 930 1684 nobis
946 1629 1298 1694 interrogatus
1318 1638 1421 1676 non
1447 1620 1629 1689 possit.
1665 1616 1955 1687 Numquid-

366 1740 489 1780 nam
518 1739 583 1778 ex
609 1737 675 1778 eo
700 1718 952 1792 quidquid
980 1733 1045 1772 ex
1071 1714 1334 1771 contraria
1364 1721 1515 1785 parte
1546 1710 1846 1766 firmissime
1867 1708 1953 1763 di-

365 1817 627 1878 dicimus,
655 1829 720 1869 ae
754 1809 1089 1867 verissimum
1131 1822 1251 1862 csse
1287 1804 1641 1869 confitemur,
1672 1801 1774 1857 labi
1803 1800 1954 1856 nobis

365 1919 525 1979 atque
542 1905 846 1977 extorqueri
874 1901 1065 1959 decet?
1092 1902 1246 1969 Atqui
1272 1899 1316 1953 si
1346 1898 1433 1952 illa
1460 1906 1705 1953 maneant
1728 1897 1952 1965 integra,

366 2014 486 2070 qua:
520 1999 872 2067 interrogatus
898 2004 1041 2049 certa
1085 2000 1139 2045 et
1185 1988 1401 2044 indubia
1430 2003 1549 2041 esse
1592 1985 1950 2055 respondisti;

369 2089 498 2145 nihil
521 2098 603 2144 est
627 2087 764 2158 quod
788 2086 945 2140 isnun
967 2080 1311 2137 vermiculum
1336 2078 1609 2148 pueriliter
1629 2088 1951 2141 metuamus,

366 2193 669 2250 quanquam
710 2174 1001 2230 vivacitatis
1044 2183 1097 2227 et
1145 2168 1542 2226 numerositatis
1585 2168 1701 2238 ejus
1740 2183 1954 2222 causam

366 2286 473 2327 non
499 2269 767 2324 valeamus
786 2265 996 2320 all'erre.
1029 2262 1085 2318 Si
1108 2261 1247 2317 cnim
1269 2260 1408 2330 apud
1432 2271 1483 2315 te
1509 2259 1578 2314 de
1600 2260 1776 2329 aliquo
1794 2258 1955 2313 ﬁxum

366 2365 749 2429 immotumque
770 2365 1059 2419 constaret,
1084 2352 1223 2423 quod
1247 2362 1389 2407 esset
1410 2354 1490 2406 vir
1514 2351 1706 2417 bonus,
1728 2366 1957 2421 eumque

366 2455 422 2509 in
451 2454 714 2507 latronum
743 2448 987 2504 convivio
1016 2459 1151 2515 quos
1180 2457 1559 2513 persequerere
1583 2440 1951 2511 deprehende-

366 2558 455 2599 res
478 2584 494 2609 ,
520 2551 681 2612 atque
718 2539 895 2608 aliquo
919 2551 1047 2591 casu
1067 2577 1079 2593 .
1108 2543 1392 2603 antequam
1423 2532 1517 2587 abs
1547 2540 1599 2586 te
1644 2531 1958 2601 interrogari

365 2643 581 2705 posset,
604 2641 941 2693 moreretur;
967 2626 1259 2699 quamlibet
1294 2640 1508 2680 causam
1540 2635 1755 2694 putares
1782 2624 1960 2693 potius

366 2730 513 2783 illius
562 2741 683 2782 cum
736 2722 1011 2779 sceleratis
1054 2716 1446 2788 conjunctionis
1495 2724 1653 2785 atque
1705 2715 1953 2780 convi\ii,

367 2820 576 2879 etiamsi
595 2830 648 2876 te
668 2833 880 2888 semper
907 2816 1115 2880 lateret,
1134 2828 1290 2883 quam
1318 2810 1491 2865 scelus
1511 2818 1565 2864 et
1583 2809 1895 2865 societatem
1915 2807 1954 2863 ί.

369 2914 476 2971 Cur
503 2928 631 2985 ergo
660 2927 762 2967 non
783 2952 798 2977 ,
827 2924 947 2963 cum
992 2916 1098 2961 tam
1140 2905 1321 2960 multis
1348 2902 1675 2972 argumentis
1714 2901 1960 2970 superius

370 3009 550 3069 editis,
578 3014 736 3075 atque
772 3003 867 3058 abs
898 3008 949 3056 te
977 2998 1280 3054 ﬁrmissime
1317 2994 1675 3066 comprobatis
1696 3036 1710 3060 ,
1744 2994 1957 3064 planum

370 3099 467 3154 tibi
508 3096 705 3152 factum
740 3095 810 3148 sit
840 3107 945 3148 non
976 3092 1092 3145 loco
1120 3090 1351 3143 animam
1391 3087 1676 3153 contineri,
1704 3096 1863 3156 atque
1891 3086 1963 3142 ob

372 3191 475 3247 hoc
497 3190 694 3245 nullius
719 3187 836 3240 talis
855 3199 975 3239 esse
995 3181 1325 3252 quantitatis,
1345 3180 1554 3249 qualem
1575 3179 1628 3233 in
1648 3179 1963 3248 corporibus

374 3280 645 3337 cernimus
663 3319 678 3343 ,
707 3277 933 3345 aliquam
965 3271 1251 3341 suspicaris
1276 3284 1396 3325 esse
1420 3284 1631 3323 causam
1655 3309 1670 3332 ,
1702 3284 1797 3323 cur
1826 3284 1962 3323 non-

374 3372 578 3428 nullum
608 3368 800 3424 animal
846 3364 1117 3421 Concisum
1149 3362 1202 3415 in
1232 3361 1481 3416 omnibus
1524 3359 1759 3428 partibus
1790 3360 1962 3427 vivat;

377 3481 485 3521 non
510 3479 629 3519 cam
661 3470 834 3515 tamen
862 3456 1001 3527 quod
1034 3469 1152 3508 cum
1183 3467 1405 3523 corpore
1430 3452 1605 3505 anima
1635 3451 1839 3506 concidi
1873 3466 1967 3521 po-

378 3556 576 3613 tuerit?
609 3554 777 3621 Quam
825 3550 869 3604 si
909 3547 1141 3618 reperire
1177 3561 1283 3599 non
1330 3558 1640 3614 possumus,
1680 3541 1967 3614 qua-renda

379 3666 555 3707 nonne
577 3658 657 3703 est
688 3644 859 3714 potius
886 3656 1025 3704 vera,
1051 3656 1207 3711 quam
1235 3637 1361 3692 falsa
1383 3635 1686 3691 credenda?

381 3738 605 3796 CAPUT
634 3734 852 3791 XXXII.
868 3731 1175 3786 —Dissecto
1192 3745 1401 3799 corpore
1426 3727 1594 3781 animo
1618 3743 1719 3782 non
1746 3740 1966 3785 secatur.

455 3829 644 3885 Frusto
684 3826 883 3881 dissecti
922 3821 1145 3891 corporis
1167 3821 1325 3874 vivere
1370 3828 1613 3889 possunt,
1641 3836 1754 3873 cum
1799 3821 1972 3876 animo

450 3931 583 3979 secto
624 3938 723 3975 non
750 3918 831 3975 sit.
867 3916 1118 3984 Deinceps
1146 3913 1208 3968 de
1235 3913 1417 3968 animo:
1434 3912 1746 3984 quantitate,
1776 3915 1972 3969 ratione

451 4015 649 4070 virtutis
676 4030 737 4067 ac
761 4012 1015 4084 potentia.

453 4109 542 4165 65.
586 4105 785 4163 Deinde
830 4117 1014 4175 quaero
1056 4101 1151 4157 abs
1183 4110 1267 4165 te,
1295 4109 1473 4155 utrum
1516 4110 1669 4172 putes
1711 4102 1767 4158 in
1791 4101 1972 4160 verbis

384 4202 582 4261 nostris
600 4199 739 4255 aliud
765 4213 885 4254 esse
905 4199 1076 4270 ipsum
1099 4210 1311 4260 sonum,
1330 4194 1470 4249 aliud
1492 4196 1633 4264 quod
1658 4210 1790 4251 sono
1806 4199 1971 4269 signi-

387 4298 592 4352 licatur.
614 4293 661 4347 Ε
668 4336 680 4349 .
702 4293 811 4362 Ego
832 4302 1114 4359 utrumque
1141 4287 1279 4342 idem
1307 4296 1452 4356 puto.
1472 4287 1535 4341 Α.
1560 4287 1653 4343 Dic
1672 4289 1799 4343 mihi
1822 4308 1971 4363 ergo,

388 4403 551 4443 sonus
581 4387 692 4456 ipse
724 4384 864 4439 unde
891 4379 1141 4452 procedat
1171 4395 1291 4434 cum
1324 4379 1573 4449 loqueris.
1624 4379 1691 4435 E.
1719 4383 1848 4449 Quis
1872 4384 1974 4439 du-

389 4481 521 4534 bitet
563 4496 591 4532 a
622 4492 706 4532 me
742 4471 1071 4546 procedere?
1114 4470 1179 4526 A.
1220 4470 1330 4525 Abs
1369 4479 1420 4525 te
1448 4486 1575 4543 ergo
1603 4472 1681 4526 sol
1713 4475 1973 4544 procedit,

389 4571 516 4625 dum
544 4570 784 4623 nominas
809 4565 1013 4621 solem?
1039 4561 1106 4617 E.
1142 4562 1215 4617 De
1245 4578 1377 4616 sono
1404 4577 1489 4617 me
1508 4603 1523 4627 ,
1552 4578 1657 4617 non
1687 4563 1754 4618 de
1782 4582 1838 4620 re
1863 4565 1975 4635 ipsa

391 4661 748 4730 interrogasti.
788 4656 851 4710 A.
881 4653 1038 4710 Aliud
1064 4668 1193 4725 ergo
1221 4668 1384 4707 sonus
1410 4664 1512 4717 est,
1536 4655 1676 4709 aliud
1703 4671 1789 4711 res
1817 4672 1977 4727 quam

394 4750 652 4821 signiﬁcat
680 4764 840 4802 Sutilis
865 4764 877 4799 :
908 4757 960 4799 tu
984 4754 1161 4801 autem
1200 4752 1481 4815 utrumque
1507 4746 1644 4800 idem
1673 4761 1795 4803 esse
1825 4748 1979 4805 dixe-

398 4859 506 4899 ras.
540 4841 604 4895 E.
628 4843 754 4909 Age,
782 4840 889 4908 jam
918 4836 1154 4892 concedo
1179 4836 1319 4890 aliud
1344 4852 1464 4892 esse
1483 4837 1864 4908 signiﬁcantem
1886 4856 1978 4896 so-

397 4951 546 4998 nmn,
576 4932 718 4986 aliud
741 4946 851 4985 rem
872 4943 991 4998 qua:
1020 4925 1362 4998 signiﬁcatur.
1402 4929 1465 4982 A.
1500 4929 1593 4985 Dic
1618 4946 1768 5002 ergo,
1800 4942 1980 4989 utrum

398 5042 580 5098 posses
600 5037 796 5096 gnarus
824 5023 997 5077 latinze
1020 5021 1204 5091 linguae
1227 5021 1502 5078 nominare
1526 5023 1578 5078 in
1606 5025 1871 5096 loquendo
1893 5044 1985 5084 so-

398 5121 498 5177 lem
525 5163 539 5185 ,
580 5119 626 5173 si
676 5133 779 5171 non
813 5115 1109 5171 intellectus
1142 5112 1269 5167 solis
1311 5116 1636 5185 prmcederet
1668 5136 1876 5174 sonum.
1910 5118 1978 5175 E.

368 5272 371 5273 ν
399 5210 553 5265 Nullo
576 5208 734 5264 modo
757 5221 990 5278 possem.
1014 5206 1077 5261 Α.
1100 5206 1234 5274 Quid
1252 5208 1274 5261 ?
1291 5220 1572 5277 antequam
1597 5209 1766 5279 ipsum
1789 5227 1983 5269 nomen

356 5309 369 5333 -'
399 5302 464 5356 de
492 5315 587 5356 ore
616 5298 899 5371 procedat,
928 5298 973 5353 si
1007 5299 1191 5353 volens
1219 5299 1271 5354 id
1298 5298 1577 5355 enuntiare
1602 5300 1900 5371 aliquandiu
1932 5313 1985 5358 te

364 5468 365 5471 η
400 5395 450 5446 in
479 5392 693 5448 silentio
738 5401 953 5452 teneas;
985 5404 1161 5445 n0nne
1208 5390 1259 5442 in
1301 5399 1387 5443 tua
1428 5391 1745 5459 cogitatione
1784 5402 1983 5458 manet,

399 5483 536 5552 quod
569 5498 822 5553 expre~sa
851 5497 980 5536 voce
1009 5482 1144 5534 alius
1185 5479 1459 5533 auditurus
1487 5480 1606 5535 est?
1635 5479 1700 5534 E.
1738 5481 1987 5537 Manifes-

403 5587 511 5631 tum
543 5585 643 5632 est.
675 5576 739 5629 Α.
771 5574 943 5641 Quid?
970 5588 1091 5626 eum
1117 5572 1229 5639 ipse
1266 5571 1344 5625 sol
1378 5580 1534 5625 tanta:
1571 5574 1639 5627 sit
1667 5573 1988 5644 magnitudi-

402 5670 508 5734 nis,
538 5685 663 5724 num
696 5670 780 5723 illa
803 5668 948 5721 notio
971 5667 1108 5735 ejus,
1131 5680 1287 5735 quam
1307 5665 1626 5735 cogitatione
1652 5680 1775 5722 ante
1806 5684 1988 5726 vocem

468 5782 486 5813 ⁸
502 5787 606 5849 ttss.
624 5778 842 5839 Pieriae,
860 5790 1014 5849 quant.
1026 5774 1219 5830 sceleris
1240 5781 1286 5849 ᾳ
1302 5774 1557 5849 societatis.
1582 5785 1799 5836 Fortasse
1821 5782 1902 5837 hic
1920 5784 1962 5849 ie

2095 5765 2213 5820 qua:
2238 5748 2539 5804 sentiuntur
2560 5749 2904 5811 occupantur,
2936 5737 3014 5789 vel

408 5840 652 5923 gendum:
674 5837 1037 5903 Qrtam'scclcris
1058 5851 1159 5891 esse
1176 5837 1459 5894 societatem.

1310 398 1398 455 DE
1437 389 1880 467 QUANTITATE
1919 383 2184 454 ANIME,
2224 384 2283 443 s.
2326 374 2691 443 AUGUSTINl

3481 381 3604 451 ιοιι

2056 512 2207 560 tenes
2224 544 2240 566 .
2266 514 2359 560 aut
2386 505 2539 577 longa
2564 547 2582 573 ,
2606 516 2698 562 aut
2728 505 2865 574 lata,
2895 516 2988 564 aut
3023 507 3149 580 quld
3185 505 3435 580 ejusmodi
3458 508 3605 571 rideri

2056 598 2273 671 potest?
2298 596 2364 653 E.
2395 597 2550 654 Nullo
2576 598 2754 655 modo.

2127 692 2215 748 66.
2257 692 2320 746 A.
2361 693 2505 765 Age,
2526 693 2635 762 jam
2672 692 2760 749 die
2784 692 2911 749 mihi
2937 711 2952 749 :
2974 709 3099 751 cum
3122 709 3220 753 ore
3246 695 3409 768 ipsum
3437 711 3609 759 nomen

2057 787 2283 856 ermupit
2314 796 2426 853 tuo,
2450 797 2609 857 atque
2638 786 2689 841 id
2713 802 2811 858 ego
2835 787 3055 845 audiens
3079 788 3247 846 solent
3271 790 3459 861 cogito.
3470 806 3612 862 qnem

2060 890 2115 935 tu
2143 890 2266 936 ante
2290 895 2473 936 vocem
2502 890 2556 936 et
2580 895 2701 935 cum
2725 880 2834 950 ipsa
2864 896 2995 937 voce
3017 881 3353 953 cogitasti,et
3370 897 3502 938 nunc
3524 883 3594 941 lor

2059 984 2199 1030 tasse
2230 973 2390 1028 ambo
2414 974 2740 1043 cogitamus;
2770 990 2946 1029 nonne
2974 974 3067 1029 tibi
3102 972 3311 1030 videtur
3342 988 3523 1031 nomen
3549 977 3615 1047 ip-

2059 1081 2175 1121 sum
2206 1064 2363 1121 veluti
2394 1065 2663 1135 accepisse
2688 1065 2785 1120 abs
2814 1074 2865 1120 te
2892 1065 3365 1137 signiﬁcationem,
3388 1081 3536 1137 quam
3559 1068 3617 1125 ad

2058 1172 2146 1213 me
2176 1171 2271 1228 per
2312 1172 2468 1211 aures
2509 1155 2856 1227 deportaret?
2884 1154 2951 1210 E.
2981 1156 3219 1212 Videtur.
3254 1158 3319 1212 Α.
3355 1158 3483 1213 Cum
3508 1173 3619 1231 ergo

2059 1264 2253 1305 nomen
2283 1250 2455 1319 ipsum
2479 1263 2611 1301 sono
2633 1258 2684 1301 et
2706 1246 3091 1317 signiﬁcatione
3110 1257 3342 1313 constet,
3368 1264 3523 1305 sonus
3540 1265 3619 1305 auo

2059 1348 2165 1397 tein
2192 1341 2258 1396 ad
2280 1356 2456 1405 aures,
2480 1340 2794 1411 signiﬁcatio
2812 1340 2878 1395 ad
2902 1350 3134 1397 mentem
3161 1341 3449 1411 pertineat;
3465 1358 3620 1401 nonne

2058 1434 2330 1490 arbitraris
2356 1435 2407 1488 in
2436 1433 2669 1497 nomine,
2699 1434 2842 1488 velut
2866 1433 2922 1488 in
2944 1434 3125 1505 aliquo
3148 1435 3436 1498 animante,
3450 1450 3618 1493 sonum

2059 1541 2179 1582 esse
2207 1542 2424 1596 corpus,
2452 1525 2891 1598 signiﬁcationem
2919 1535 3100 1582 autem
3122 1527 3278 1598 quasi
3304 1528 3521 1583 animam
3543 1545 3622 1585 so-

2060 1623 2150 1677 ni?
2188 1622 2255 1676 Ε.
2285 1621 2425 1678 Nihil
2452 1620 2581 1677 mihi
2611 1621 2821 1676 videtur
2844 1620 3092 1676 similius.
3132 1621 3200 1677 Α.
3232 1622 3457 1678 Attende
3480 1637 3619 1692 nunc,

2060 1728 2234 1772 utrum
2278 1717 2509 1772 nominis
2535 1730 2700 1773 sonus
2725 1730 2824 1788 per
2853 1716 3055 1772 liltet'as
3092 1716 3259 1772 dividi
3302 1718 3491 1787 possit,
3516 1733 3620 1773 cum

2060 1816 2234 1870 anima
2261 1815 2399 1884 ejus,
2432 1814 2483 1869 id
2524 1824 2605 1870 est
2644 1813 2984 1885 signiﬁcatio,
3013 1828 3120 1869 non
3153 1812 3344 1883 possit.
3379 1812 3621 1883 Siquidem

2062 1909 2173 1977 ipsa
2196 1918 2276 1962 est
2305 1922 2462 1978 quam
2486 1908 2641 1977 paulo
2665 1917 2791 1961 ante
2816 1907 2868 1961 in
2896 1916 3038 1961 uost:
3056 1920 3078 1958 ι
3099 1904 3421 1975 cogitatione
3446 1920 3535 1961 nec
3556 1906 3621 1961 la-

2064 2011 2167 2055 tam
2199 2017 2297 2055 nec
2338 2002 2547 2071 longam
2590 2000 2910 2073 respondisti
2956 1998 3049 2054 tibi
3090 1997 3283 2055 videri.
3322 1996 3388 2052 Ε.
3430 1998 3623 2053 Prorsus

2062 2094 2324 2150 assentior
2366 2093 2431 2147 A.
2458 2093 2617 2159 Quid,
2635 2108 2758 2148 cum
2787 2108 2880 2163 per
2906 2092 3107 2145 litteras
3126 2090 3367 2162 singulas
3385 2104 3532 2145 sonus
3549 2089 3623 2147 ille

2061 2189 2333 2255 dividitur,
2368 2187 2575 2242 videtur
2601 2187 2696 2242 tibi
2727 2186 3169 2253 signdicationem
3217 2186 3359 2240 illam
3389 2183 3622 2239 retinere?

2062 2280 2129 2335 E.
2162 2280 2441 2350 Quomodo
2465 2290 2681 2350 possunt
2711 2277 2937 2349 singulae
2959 2278 3151 2333 littene
3171 2276 3484 2346 significare,
3502 2274 3621 2345 quod

2062 2388 2255 2428 nomen
2277 2370 2417 2442 quod
2441 2387 2504 2426 ex
2528 2372 2608 2426 his
2632 2368 2817 2435 cotiﬁt,
2845 2369 3101 2440 significat
3125 2367 3150 2422 2
3182 2367 3252 2423 Α.
3279 2369 3347 2421 At
3371 2382 3501 2432 cum,
3525 2379 3621 2434 per-

2063 2466 2169 2520 dita
2192 2463 2473 2535 signiﬁcati
2496 2476 2587 2517 me.
2618 2462 2913 2532 Jlisccrptus
2932 2462 2984 2516 in
3007 2460 3202 2515 litteris
3218 2473 3379 2513 sonus
3395 2466 3500 2523 est;
3515 2470 3618 2510 nunt

2064 2557 2206 2612 aliud
2237 2568 2390 2628 putas
2415 2571 2533 2610 esse
2571 2556 2793 2620 luctum,
2813 2568 2975 2624 quam
3001 2551 3263 2606 dilaniata
3298 2563 3508 2619 corpore
3527 2545 3619 2601 dis-

2065 2653 2291 2706 cessisse
2318 2650 2570 2715 animum,
2588 2657 2643 2704 et
2676 2662 2827 2718 quas:
2864 2655 3089 2701 mortem
3114 2643 3404 2715 quamdam
3424 2636 3618 2703 nominis

2066 2743 2392 2815 contigis~e?
2430 2741 2499 2796 Ε.
2532 2740 2645 2796 Non
2674 2740 2845 2795 Sulltlll
2871 2737 3158 2801 assentior,
3186 2736 3285 2791 sed
3315 2735 3383 2789 ita
3410 2733 3616 2797 libenter,

2068 2846 2125 2891 ut
2154 2836 2281 2890 nihil
2306 2849 2391 2889 me
2418 2833 2583 2902 magis
2611 2834 2664 2887 in
2694 2831 2797 2886 hoc
2818 2844 3066 2885 sermone
3092 2827 3458 2884 delectaverit.

2137 2927 2225 2982 67.
2257 2925 2323 2980 Α.
2348 2925 2403 2979 Si
2430 2940 2557 2994 ergo
2581 2923 2707 2977 satis
2736 2919 3053 2992 perspexisti
3084 2922 3136 2975 in
3164 2918 3270 2974 hac
3299 2916 3611 2984 similitudine,

2067 3020 2336 3093 quomodo
2367 3022 2533 3089 possit
2575 3016 2809 3072 disseeto
2835 3028 3061 3085 corpore
3087 3013 3270 3069 anima
3311 3027 3413 3067 non
3444 3008 3608 3073 scari;

2068 3116 2248 3183 accipe
2277 3126 2419 3168 nunc
2448 3110 2715 3183 quomodo
2742 3109 2908 3164 frusta
2935 3108 3047 3179 ipsa
3081 3107 3331 3178 corporis
3349 3146 3367 3173 ,
3394 3121 3492 3161 cunt
3509 3103 3601 3158 ani-

2068 3224 2155 3264 ma
2177 3218 2322 3263 set-ta
2345 3222 2447 3261 non
2472 3207 2561 3270 sit,
2580 3205 2757 3260 vivere
2776 3204 2995 3275 possint.
3027 3200 3144 3256 Jam
3165 3202 3319 3257 enim

2070 3307 2126 3354 et
2153 3308 2317 3362 recte,
2348 3306 2405 3352 ut
2432 3296 2623 3367 opinor
2646 3336 2662 3360 ,
2689 3294 3129 3365 signiﬁcationem
3155 3308 3281 3363 qua:
3310 3290 3451 3363 quasi
3470 3287 3606 3344 auitas

2070 3394 2187 3449 soni
2215 3404 2313 3457 est,
2342 3392 2469 3447 dum
2498 3402 2691 3444 nomen
2719 3388 2928 3453 editur,
2955 3402 3050 3458 per
3070 3388 3313 3458 seipam
3340 3384 3468 3440 nullo
3488 3388 3611 3452 pacto

2070 3484 2237 3541 dividi
2268 3497 2443 3554 posse,
2469 3497 2589 3537 cum
2632 3481 2746 3552 ipse
2769 3494 2954 3547 sonus,
2983 3477 3127 3549 quod
3158 3478 3305 3533 velut
3331 3489 3503 3545 corpus
3522 3470 3615 3541 ejus

2072 3590 2177 3647 est,
2211 3578 2394 3648 possit.
2423 3575 2526 3632 Sed
2558 3575 2611 3630 in
2638 3574 2767 3629 solis
2803 3573 3016 3628 nomin;
3044 3570 3116 3626 ita
3156 3570 3275 3627 soni
3308 3577 3384 3625 est
3412 3566 3528 3622 facta
3549 3561 3615 3618 di-

2074 3674 2230 3737 visio,
2265 3682 2321 3727 ut
2349 3670 2492 3727 nulla
2524 3686 2646 3741 pars
2669 3668 2785 3738 ejus
2809 3663 3246 3737 signiﬁcationem
3277 3660 3489 3732 aliquam
3513 3654 3616 3711 reti-

2075 3776 2249 3823 neret.
2280 3765 2460 3835 Itaque
2484 3763 2601 3819 illas
2623 3763 2847 3826 litteras,
2860 3760 3150 3815 dilacerate
3167 3770 3390 3826 corpore
3407 3748 3613 3814 nominis,

2078 3872 2326 3931 tauquam
2368 3857 2611 3912 exanima
2642 3855 2879 3911 inetnbra
2901 3894 2917 3921 ,
2947 3852 2998 3907 id
3026 3861 3139 3916 est,
3167 3847 3527 3922 significatione
3548 3856 3618 3897 ca-

2075 3953 2267 4016 rentia,
2282 3948 2770 4006 considerabamus.
2794 3944 3154 4014 Quamobrem
3175 3943 3221 3997 si
3239 3939 3441 4014 aliquod
3460 3949 3616 3993 nomen

2079 4046 2460 4107 invenerimus,
2479 4043 2623 4116 quod
2646 4041 2873 4096 divisum
2897 4047 3057 4108 queat
3075 4036 3237 4092 etiam
3262 4032 3470 4105 singulis
3488 4027 3617 4101 partio

2077 4142 2177 4197 bus
2202 4138 2469 4212 quidpiam
2487 4135 2815 4206 signitimre;
2838 4129 3103 4187 concedas
3121 4136 3350 4198 oportet,
3365 4139 3463 4180 non
3480 4118 3621 4175 omni-

2080 4235 2295 4291 modam
2311 4232 2471 4288 veluti
2495 4238 2719 4285 mortem
2738 4226 2829 4283 tali
2848 4225 3159 4296 przccisioue
3179 4222 3367 4278 factam
3381 4232 3506 4282 esse,
3520 4226 3617 4269 cutl

2081 4328 2178 4384 tibi
2207 4327 2444 4383 membra
2474 4322 2757 4394 separatim
2796 4320 3128 4376 considerata
3157 4316 3419 4386 quodlibet
3453 4305 3619 4381 signiﬁ-

2081 4419 2253 4475 cantia
2274 4428 2327 4473 et
2343 4416 2493 4489 quasi
2515 4414 2766 4486 spirantia
2789 4412 3118 4467 videbuntur.
3147 4406 3214 4463 E.
3235 4406 3511 4464 Concedam
3528 4414 3621 4455 om-

2084 4512 2229 4577 nino,
2259 4522 2310 4565 et
2334 4509 2512 4580 utjam
2536 4507 2762 4578 idipsum
2784 4519 2962 4568 sones,
2986 4501 3186 4571 ﬂagito.
3215 4501 3280 4554 Α.
3303 4497 3615 4566 Accipeznsn

2083 4606 2209 4661 dum
2234 4603 2476 4659 viciniam
2504 4601 2633 4655 solis
2660 4596 2897 4663 attendo,
2921 4595 2991 4651 de
3014 4594 3167 4665 cujus
3187 4592 3393 4647 nomine
3418 4583 3619 4656 superius

2085 4700 2312 4771 egimus,
2344 4694 2555 4752 Lucifer
2582 4693 2711 4749 mihi
2740 4692 3006 4752 occurrit;
3035 4687 3127 4759 qui
3156 4703 3230 4757 ιιι-ι
3253 4684 3385 4740 lecto
3410 4681 3530 4735 inter
3548 4689 3637 4741 ser

2086 4795 2312 4851 cundum
2353 4804 2407 4849 et
2448 4792 2655 4848 tertiam
2703 4788 2961 4862 syllabam
2992 4786 3191 4841 scissus
3230 4778 3452 4838 nonnihil
3478 4773 3617 4846 primo

2086 4900 2237 4962 parte
2253 4887 2532 4961 signiﬁcnt,
2552 4901 2671 4942 cum
2693 4885 2939 4945 dicimus,
2955 4880 3105 4945 Luci,
3122 4890 3177 4936 et
3204 4880 3320 4934 ideo
3337 4876 3383 4929 in
3402 4874 3489 4926 hoc
3506 4866 3636 4962 plut

2086 4958 2245 5051 quam
2284 4958 2505 5035 dimidio
2542 4992 2766 5049 corpore
2802 4974 3031 5029 nominis
3058 4973 3202 5027 vivit.
3236 4968 3465 5025 Extrema
3486 4958 3616 5051 etiam

2091 5047 2215 5143 pars
2240 5073 2400 5126 habet
2426 5047 2657 5125 animam
2683 5087 2698 5125 :
2721 5083 2842 5122 nam
2869 5081 2989 5121 eum
3032 5065 3172 5120 ferre
3211 5055 3405 5130 aliquid
3443 5047 3627 5143 iubenti.

2089 5136 2228 5222 hanc
2253 5166 2426 5221 audis.
2452 5164 2552 5232 Qui
2573 5164 2715 5219 enim
2733 5176 2917 5233 posses
2944 5158 3337 5229 obtemperare,
3360 5149 3413 5208 si
3437 5144 3538 5217 quis
3560 5136 3632 5233 tibi

2089 5263 2312 5328 diceret,
2344 5226 2750 5325 Fer-codicem,-
2769 5259 2811 5312 si
2848 5253 2978 5309 nihil
3018 5226 3338 5323 signiﬁcaret
3361 5226 3624 5306 Feriquod

2092 5372 2215 5413 cum
2246 5356 2458 5411 additur
2480 5354 2631 5418 Luci,
2659 5350 2869 5407 Lucifer
2886 5356 3059 5409 sonat,
3084 5354 3139 5401 et
3152 5344 3395 5416 signiﬁcat
3411 5330 3611 5418 stellam;

2091 5466 2214 5507 cum
2235 5459 2409 5505 autem
2426 5414 2675 5511 demitur,
2691 5442 2930 5501 nonnihil
2944 5414 3226 5512 signiﬁcat,
3241 5447 3295 5492 et
3312 5434 3372 5487 ob
3388 5429 3475 5483 hoc
3491 5414 3615 5493 (ιιιιίί

2092 5549 2284 5606 rctinet
2310 5547 2493 5601 vitam.

2166 5656 2255 5712 68.
2286 5655 2421 5709 Cum
2451 5660 2625 5705 autem
2653 5648 2801 5702 locus
2834 5653 2889 5699 et
2918 5654 3126 5710 tempus
3158 5636 3248 5702 sit,
3275 5629 3444 5703 quibus
3465 5612 3609 5676 omnia

3042 5732 3217 5804 potius
3241 5741 3347 5796 qua'
3363 5713 3603 5785 θιάιβυίῖ

2097 5811 2238 5916 quod
2266 5842 2431 5915 oculis
2461 5836 2735 5903 sentimus,
2765 5850 2859 5908 per
2894 5832 3103 5895 locum;
3132 5820 3269 5898 quod
3303 5811 3507 5877 antibus.
3528 5811 3600 5881 να
