3804 6398
208 448 333 510 1075

203 576 400 637 tetrum
426 562 701 621 dividitur.
725 563 794 623 Ut
811 563 956 621 enim
976 565 1298 622 vermiculus
1317 565 1407 623 ille
1429 564 1548 638 plus
1566 564 1667 621 loci
1695 573 1778 618 to-

203 670 299 724 tus,
321 674 478 731 quam
508 673 636 730 pars
653 659 770 728 ejus
790 660 1118 731 occupabat:
1143 665 1211 716 ita
1239 659 1494 731 majorem
1522 657 1778 728 temporis

203 765 391 810 moram
421 759 596 817 tenet,
621 766 741 806 cum
766 749 982 809 Lucifer
1003 751 1220 820 dicitur,
1250 767 1411 825 qitam
1431 751 1476 806 si
1507 749 1634 806 Luci
1656 764 1778 806 tan-

202 841 462 900 tummodo
484 841 773 899 diceretur.
801 842 977 912 Quare
1002 845 1047 900 si
1089 845 1191 900 hoc
1221 843 1608 916 signiﬁcatione
1649 842 1779 898 vivit

199 937 248 994 in
272 950 328 992 ea
353 933 712 992 diminutione
738 937 1014 1007 temporis,
1035 952 1154 1008 qua:
1172 936 1344 992 diviso
1366 936 1458 991 illo
1481 950 1616 992 sono
1641 937 1776 992 facta

195 1040 287 1094 est,
312 1043 434 1084 cum
463 1028 658 1084 eadem
688 1029 1008 1100 signiﬁcatio
1034 1029 1200 1083 divisa
1225 1043 1328 1084 non
1360 1031 1430 1084 sit
1461 1031 1602 1099 (non
1631 1027 1773 1083 enim

195 1124 293 1195 ipsa
322 1137 415 1193 per
439 1132 657 1194 tempus
681 1123 1104 1188 distendebatur,
1126 1123 1220 1179 sed
1241 1125 1461 1190 mnus);
1494 1123 1564 1176 ita
1593 1121 1776 1177 existi-

193 1213 428 1272 mandum
454 1224 541 1270 est
560 1255 577 1278 ,
608 1223 758 1271 secto
800 1215 1073 1271 vermiculi
1101 1229 1359 1285 corpore,
1390 1227 1690 1285 quanquam
1717 1212 1772 1268 in

193 1307 378 1365 mitiore
418 1307 543 1364 loco
574 1323 697 1378 pars
732 1322 800 1364 eo
825 1308 940 1378 ipso
966 1323 1071 1378 quo
1110 1321 1232 1378 pars
1269 1317 1386 1362 erat
1415 1307 1631 1370 viveret,
1664 1321 1772 1361 non

193 1399 389 1456 cumino
413 1399 652 1456 animum
694 1410 931 1465 sectam,
975 1415 1075 1456 nec
1113 1399 1231 1455 loco
1274 1399 1483 1454 minore
1509 1412 1768 1453 uunoretn

193 1507 296 1547 esse
321 1491 538 1555 factam,
584 1491 708 1546 licet
751 1491 939 1562 integri
981 1491 1269 1546 animantis
1312 1489 1548 1545 membra
1588 1492 1769 1543 omnia

192 1599 275 1656 per
299 1583 556 1653 majorem
605 1585 777 1639 locum
822 1592 1063 1654 porrecta
1103 1582 1262 1638 simul
1297 1581 1612 1652 possederit.
1650 1579 1766 1635 Non

191 1677 314 1733 enim
338 1677 513 1732 locum
533 1675 673 1748 ipsa,
693 1676 787 1732 sed
807 1691 1001 1747 corpus
1019 1676 1160 1746 quod
1189 1675 1258 1729 ab
1276 1674 1462 1729 eadem
1491 1673 1766 1744 agebatur,

194 1768 418 1824 tenebat:
443 1776 591 1823 sscut
624 1767 710 1822 illa
742 1767 1058 1838 signiﬁcatio
1099 1783 1202 1821 non
1229 1766 1456 1820 distenta
1503 1781 1597 1835 per
1625 1774 1764 1820 tem-

191 1876 292 1933 pus,
329 1877 521 1917 cantites
573 1871 750 1916 tamen
796 1860 1029 1916 tmntinis
1069 1859 1275 1916 litteras
1309 1874 1435 1914 suas
1482 1873 1662 1914 moras
1701 1871 1765 1912 ac

193 1963 405 2023 lenitum
437 1953 801 2022 possidentes,
826 1952 969 2008 velut
986 1952 1315 2006 animaverat
1341 1959 1500 2021 atque
1526 1951 1764 2019 comple-

191 2053 338 2100 verat.
371 2044 481 2100 llac
506 2045 860 2100 similitudine
909 2044 1122 2099 inierim
1173 2050 1455 2098 contentus
1495 2043 1572 2097 sis
1615 2053 1761 2112 peto,

191 2153 275 2209 qua
304 2148 353 2193 te
374 2137 558 2194 sentio
582 2137 926 2194 delectatimi.
954 2138 1084 2205 Qum
1117 2145 1294 2191 autem
1321 2135 1668 2190 subtilissime
1696 2135 1766 2191 de

190 2229 274 2285 hoc
295 2229 558 2302 disputari
588 2237 832 2302 possunt,
862 2229 932 2284 ita
963 2235 1024 2282 ut
1049 2244 1152 2283 non
1181 2226 1618 2283 similitudinibus
1643 2239 1764 2296 qua:

193 2324 482 2394 plerumque
531 2322 746 2388 fallunt,
794 2321 889 2377 sed
935 2323 1096 2377 rebus
1137 2321 1266 2392 ipsis
1305 2320 1435 2374 satis
1472 2321 1582 2384 liat,
1612 2335 1678 2374 ne
1708 2319 1764 2374 in

194 2415 443 2483 prae-otia
492 2423 783 2485 exspectes
811 2431 826 2468 :
857 2429 978 2468 nam
1007 2421 1064 2468 et
1098 2410 1495 2468 concludendus
1533 2419 1618 2466 est
1653 2419 1762 2466 tam

193 2503 358 2576 longus
381 2521 592 2572 sentio,
610 2513 665 2560 et
682 2506 865 2560 multis
887 2504 1006 2558 aliis
1033 2519 1152 2575 qua:
1183 2503 1276 2558 tibi
1303 2503 1520 2569 desunt,
1549 2502 1762 2557 aniums

191 2599 246 2652 ad
287 2599 395 2654 hac
437 2597 697 2654 intuenda
725 2608 780 2654 et
818 2597 1147 2670 dispicienda
1173 2595 1542 2668 praecidendus
1571 2605 1672 2662 est,
1707 2603 1764 2650 ut

194 2690 339 2760 possis
353 2690 660 2760 intelligere
675 2689 1042 2760 liquidissime,
1060 2697 1234 2743 utrum
1249 2686 1388 2757 quod
1404 2702 1434 2740 a
1448 2687 1761 2756 quibusdam

193 2780 490 2838 doctissimis
521 2783 656 2837 viris
673 2781 886 2844 dicitur,
926 2781 994 2835 ita
1019 2795 1139 2835 sese
1167 2779 1386 2841 habeat,
1413 2779 1642 2832 animam
1666 2792 1763 2848 per

192 2876 392 2946 scipsam
407 2877 563 2931 nullo
573 2874 756 2940 modo,
770 2873 863 2929 sed
879 2884 1055 2929 tamen
1069 2888 1164 2944 per
1177 2886 1373 2941 corpus
1387 2885 1542 2942 posse
1555 2870 1757 2942 partiri.

244 2969 323 3026 69.
361 2969 523 3025 Nunc
551 2971 739 3038 accipe
766 2984 795 3020 a
837 2983 946 3035 me,
978 2968 1024 3023 si
1061 2967 1228 3031 voles,
1261 2965 1344 3020 vel
1396 2965 1570 3036 potius
1611 2979 1761 3020 reco-

189 3073 356 3130 gnosce
390 3077 500 3132 per
541 3075 650 3123 me,
677 3069 874 3130 quanta
900 3059 971 3114 sit
997 3059 1174 3112 anima
1203 3073 1309 3113 non
1340 3055 1513 3127 spatio
1552 3055 1653 3110 loci
1695 3072 1758 3112 ac

190 3155 432 3225 temporis,
476 3153 570 3209 sed
598 3152 650 3207 vi
692 3167 757 3208 ac
797 3151 1063 3222 potentia:
1101 3165 1224 3205 nam
1259 3148 1329 3204 ita
1359 3149 1405 3204 si
1443 3147 1753 3215 meministi,

191 3251 496 3317 [Impositum
527 3261 592 3301 ac
615 3245 955 3301 distributum
981 3243 1184 3314 jamdiu
1211 3242 1368 3298 nobis
1409 3251 1510 3298 est.
1548 3241 1626 3297 De
1654 3257 1756 3296 titt-

196 3351 467 3398 Ierovero
489 3341 812 3404 animarum,
863 3337 1044 3393 nescio
1086 3336 1210 3407 quid
1257 3335 1352 3391 tibi
1381 3333 1755 3406 respondeam,

198 3443 293 3484 cum
317 3430 411 3487 hoc
456 3430 527 3486 ad
562 3430 719 3485 istam
751 3429 1100 3500 quaestionem
1141 3428 1410 3498 pertinere
1441 3427 1711 3497 putaveris
1742 3444 1758 3482 :

204 3520 323 3576 titius
355 3524 508 3578 enim
547 3519 775 3576 dixerim
819 3535 926 3575 non
961 3533 1082 3575 esse
1127 3519 1348 3573 omnino
1387 3517 1759 3589 quaerendum,

210 3621 278 3666 aut
294 3623 423 3672 certe
459 3612 553 3668 tibi
591 3627 733 3667 nunc
756 3610 1138 3677 dill'erendum,
1167 3625 1325 3680 quam
1367 3608 1450 3664 vel
1481 3623 1758 3664 numerum

203 3716 250 3757 ac
279 3705 663 3762 multitudinem
710 3719 815 3759 non
851 3704 1118 3774 pertinere
1154 3703 1220 3757 ad
1269 3703 1636 3774 quantitatem,
1665 3703 1754 3758 vel

201 3801 285 3850 tam
307 3797 594 3856 involutam
624 3797 972 3867 quazstionem
1003 3793 1163 3850 modo
1187 3812 1215 3848 a
1239 3809 1324 3850 me
1352 3793 1444 3850 tibi
1476 3809 1630 3864 posse
1654 3809 1752 3850 ex-

198 3889 352 3956 pediri.
379 3891 440 3948 Si
467 3889 612 3946 ettim
640 3888 826 3943 dixero
855 3903 1149 3942 unamesse
1179 3887 1434 3950 animam,
1461 3886 1754 3942 conturba-

196 3976 330 4048 beris,
357 3981 499 4053 quod
527 3981 580 4036 in
606 3981 778 4037 altero
804 3979 956 4036 beata
977 3989 1078 4045 est,
1107 3979 1159 4034 in
1196 3979 1366 4034 altero
1397 3980 1620 4044 misera;
1653 3993 1754 4035 nec

196 4082 278 4124 una
301 4088 381 4129 res
407 4073 570 4129 simul
596 4082 652 4129 et
680 4073 833 4127 beata
857 4081 912 4126 et
939 4071 1130 4126 misera
1151 4079 1324 4141 potest
1347 4086 1486 4126 esse.
1507 4069 1561 4126 Si
1591 4085 1751 4126 unam

195 4162 326 4220 simul
351 4176 406 4222 et
429 4166 627 4221 multas
653 4164 827 4220 dicam
857 4178 999 4230 esse,
1028 4163 1255 4228 ridebis;
1289 4177 1388 4217 nec
1416 4162 1544 4216 mihi
1570 4161 1748 4229 facile,

195 4255 310 4312 unde
331 4266 476 4313 tuum
515 4257 682 4312 risum
721 4255 1092 4327 comprimam,
1135 4253 1387 4325 suppetit.
1419 4253 1512 4309 Sin
1560 4253 1754 4309 omitas

193 4347 532 4405 tantummodo
553 4362 677 4403 esse
695 4345 901 4410 dixero,
935 4347 1048 4416 ipse
1094 4361 1180 4401 me
1221 4343 1428 4408 ridebo,
1471 4344 1752 4415 miimsque

195 4451 266 4492 nte
285 4441 406 4495 mihi
429 4439 826 4511 displicentem,
845 4455 1001 4510 quam
1021 4439 1134 4500 tibi,
1152 4439 1437 4510 perferam.
1461 4437 1597 4492 Audi
1625 4453 1753 4510 ergo

194 4529 311 4600 quod
332 4548 396 4589 ex
421 4547 509 4589 me
528 4533 663 4588 bene
693 4541 747 4587 te
769 4530 956 4585 audire
986 4544 1142 4599 posse
1159 4529 1438 4600 polliceor;
1465 4528 1607 4598 quod
1627 4543 1752 4586 vero

196 4631 270 4678 aut
291 4625 562 4691 ambobus,
590 4632 684 4678 aut
707 4623 861 4678 alteri
891 4630 1130 4676 nostrqu
1160 4622 1229 4676 ita
1260 4635 1546 4677 onerosum
1568 4631 1670 4685 est,
1695 4631 1752 4678 ttt

197 4713 390 4773 inruisse
407 4716 692 4787 opprimat,
711 4731 777 4769 ne
793 4713 973 4769 subire
988 4722 1080 4767 aut
1099 4713 1375 4784 imponere
1395 4714 1546 4768 velis.
1568 4712 1634 4767 Ε.
1653 4713 1752 4769 Ce-

199 4801 490 4875 doprorsus,
510 4815 566 4863 et
580 4806 719 4876 quod
739 4807 832 4861 tibi
848 4813 1203 4877 congruenter
1223 4819 1430 4859 mecum
1451 4805 1657 4859 videtur
1667 4806 1752 4878 agi

200 4908 350 4964 till-se.
372 4909 625 4970 quantum
648 4901 819 4954 valeat
845 4897 1042 4962 anima,
1078 4905 1330 4966 exSpecto
1351 4905 1406 4950 ut
1432 4911 1688 4967 exponas.

201 5006 394 5071 CAPUT
429 5014 759 5072 XXXI|I.-—-
788 5012 876 5068 Vis
905 5012 1093 5068 animo:
1121 5013 1175 5066 in
1211 5028 1440 5082 corpore,
1482 5013 1535 5066 in
1559 5012 1751 5082 seipsa,

258 5114 300 5159 et
317 5107 446 5176 apud
461 5105 648 5174 Deum,
679 5115 866 5179 septem
889 5105 999 5177 ejus
1024 5105 1384 5177 magnitudinis
1409 5105 1600 5176 gradus
1625 5119 1750 5158 cou-

257 5207 419 5255 umm.
663 5270 849 5321 Primus
866 5269 1047 5333 gradus
1065 5268 1255 5320 animae.

259 5370 336 5428 το.
352 5375 408 5429 Α.
426 5376 470 5432 0
490 5375 691 5432 utinam
710 5375 1074 5431 doctissimum
1100 5375 1352 5446 aliquem,
1373 5391 1547 5448 neque
1563 5376 1612 5432 id
1637 5385 1752 5434 tan-

204 5467 315 5533 tum,
333 5469 416 5524 sed
432 5469 592 5525 etiam
609 5469 1118 5539 eloquentissimum,
1135 5479 1190 5524 et
1203 5469 1419 5524 omnino
1434 5471 1754 5539 sapientissi-

206 5565 345 5621 tttum,
367 5559 756 5630 perfectumque
774 5559 1040 5614 hominem
1057 5558 1123 5614 de
1139 5559 1239 5613 hoc
1253 5559 1410 5613 ambo
1429 5559 1552 5616 inter
1566 5577 1753 5632 rogare

206 5654 480 5715 Minus!
507 5649 745 5718 Quonam
773 5648 861 5704 ille
886 5649 1044 5704 modo
1072 5649 1194 5720 quid
1224 5651 1397 5703 anima
1439 5651 1490 5704 in
1529 5666 1753 5722 corpore

209 5736 395 5807 valeret,
413 5743 538 5814 quid
555 5744 606 5797 in
619 5742 813 5812 seipsa,
832 5741 959 5812 quid
976 5742 1113 5812 apud
1133 5742 1294 5797 Deum
1307 5741 1390 5796 cui
1409 5742 1753 5799 nmndissima

213 5833 419 5895 PNXima
429 5849 505 5892 est
519 5847 567 5888 et
585 5836 634 5889 in
649 5851 752 5905 quo
766 5835 920 5889 habet
938 5851 1201 5888 summum
1220 5844 1377 5903 atque
1390 5851 1545 5888 υιηιιρ
1559 5836 1752 5891 Ιηηιιιῐη

211 5928 590 6011 ιιιυμι,‹ὶὶρευς.ιο
618 5945 681 5994 ac
708 5930 1024 6016 disputapdo
1043 5931 1361 6010 explicaret!
1392 5932 1539 6008 Nune
1577 5942 1755 6012 autem
1817 5997 1830 6003 ,

1651 447 1852 508 LIBER
1895 449 2092 512 UNUS.

3346 470 3366 524 l
3376 469 3481 528 074

1886 581 2008 622 cum
2028 567 2156 623 mihi
2171 569 2236 624 ad
2264 570 2396 625 bane
2416 587 2527 628 rem
2546 573 2684 630 desit
2701 574 2858 640 alius,
2878 575 3048 630 audeo
3065 586 3238 632 tamen
3260 578 3349 633 tibi
3368 595 3458 638 llM
3484 585 3506 652 ξ.

1885 659 2078 716 deesse
2105 679 2119 714 :
2145 661 2239 717 sed
2263 663 2364 720 hoc
2393 667 2655 722 mercedis
2679 676 2778 722 est.
2803 669 2944 739 quod
2969 667 3119 733 dum,
3145 670 3269 740 quid
3303 674 3460 728 valeat
3487 659 3530 713 ῖίπ

1883 753 2086 820 anima,
2119 753 2362 811 indoctus
2390 759 2648 830 expedio;
2675 758 2803 830 quid
2835 760 2948 830 ipse
2987 762 3226 827 valeam,
3256 776 3465 820 sectirut

1884 845 2152 916 experior.
2184 845 2239 902 In
2291 849 2474 918 primis
2513 858 2687 906 tamen
2720 851 2813 907 tibi
2851 863 3120 923 amputem
3160 834 3496 909 latissimam.

1883 936 2170 1008 quamdam
2200 946 2255 994 et
2283 940 2540 996 inﬁnitam
2558 944 3032 1013 cxspeecitionem,
3052 959 3119 1000 ne
3139 960 3224 1000 me
3239 945 3308 1001 de
3328 949 3471 1001 omni

1882 1029 2059 1085 anima
2087 1029 2347 1084 dicturum
2374 1041 2547 1101 putes,
2570 1033 2664 1089 sed
2692 1044 2894 1090 tantum
2924 1035 2994 1090 de
3031 1036 3280 1100 humana,
3309 1052 3468 1108 quam

1882 1121 2055 1175 solam
2082 1135 2269 1176 curare
2297 1121 2575 1189 debemus,
2608 1125 2653 1179 si
2677 1126 3069 1197 nobismetipsis
3091 1144 3234 1182 cura:
3259 1144 3466 1187 sumus.

1884 1213 2010 1268 Haec
2045 1214 2202 1284 igitur
2240 1215 2445 1285 primo,
2477 1216 2615 1286 quod
2659 1219 2826 1273 cuivis
2857 1221 3282 1278 animadvertere
3318 1222 3471 1279 facile

1880 1313 1983 1369 est,
2012 1319 2207 1376 corpus
2229 1311 2331 1362 hoc
2352 1317 2622 1364 terrenum
2643 1320 2801 1380 atque
2819 1314 3040 1368 mortale
3066 1316 3347 1383 prsesentia
3370 1331 3468 1371 sua

1879 1398 2145 1466 viviﬁeat;
2173 1400 2375 1471 colligit
2415 1402 2466 1455 in
2508 1419 2704 1468 unum,
2733 1412 2891 1472 atque
2920 1406 2970 1458 in
3001 1422 3106 1460 uno
3145 1417 3323 1471 tenet,
3361 1407 3467 1464 dif-

1881 1488 2048 1546 ﬂuere
2090 1501 2251 1561 atque
2303 1492 2686 1548 cmrtabescirre
2729 1510 2833 1548 nun
2883 1495 3035 1560 sinit;
3077 1499 3329 1554 alimenta
3374 1516 3471 1570 per

1877 1582 2116 1637 membra
2148 1583 2443 1653 aequaliter,
2479 1584 2590 1639 suis
2625 1585 2817 1656 cuique
2847 1586 3096 1651 redditis,
3119 1588 3364 1644 distribui
3394 1590 3469 1645 fa-

1877 1675 1983 1739 cit;
2025 1676 2427 1746 congruentiam
2469 1677 2589 1745 ejus
2634 1680 2958 1748 modumque
3000 1689 3308 1743 conservat,
3358 1697 3465 1738 non

1877 1777 2078 1822 tantum
2112 1770 2161 1822 in
2188 1769 2595 1839 pulchritudine,
2622 1771 2713 1825 sed
2739 1773 2900 1827 etiam
2929 1773 2980 1826 in
3001 1773 3469 1845 crescendoatque

1873 1861 2154 1931 gignendo.
2191 1861 2298 1916 Sed
2327 1863 2439 1918 lia-c
2472 1864 2633 1918 etiam
2667 1863 2867 1918 homini
2893 1880 3012 1919 cum
3043 1865 3276 1920 arbustis
3313 1881 3466 1921 eom-

1873 1951 2053 2004 munia
2094 1951 2262 2006 videri
2307 1964 2544 2022 queunt:
2594 1953 2708 2008 lucc
2747 1954 2892 2009 enim
2923 1955 3084 2009 etiam
3121 1954 3352 2011 dicimus
3383 1955 3464 2014 κί-

1873 2057 2022 2109 vere,
2054 2042 2104 2096 in
2131 2057 2228 2097 suo
2269 2060 2395 2098 vero
2424 2046 2655 2115 quidque
2697 2046 2906 2101 illorum
2947 2062 3143 2117 genere
3187 2047 3461 2115 custodiri,

1871 2133 1963 2200 ali,
1996 2149 2261 2203 crescere,
2293 2137 2511 2206 gignere
2541 2137 2779 2192 videmus
2805 2149 2965 2208 atque
2992 2138 3237 2194 fatemur.

2343 2228 2591 2278 Secundus
2611 2228 2790 2291 gradus
2805 2229 2995 2278 animm.

1943 2312 2033 2368 7i.
2065 2310 2308 2366 Ascende
2337 2312 2510 2381 itaque
2540 2312 2769 2365 altermn
2813 2311 3057 2381 gradum,
3090 2320 3145 2368 et
3183 2312 3303 2370 vide
3327 2314 3458 2387 quid

1872 2404 2041 2474 possit
2065 2404 2238 2458 anima
2273 2405 2325 2456 in
2362 2403 2628 2469 sensibus,
2662 2402 2750 2457 ubi
2777 2403 3075 2458 evidentior
3104 2405 3462 2462 manifestior-

1869 2510 1974 2565 que
2011 2495 2115 2550 vita
2158 2495 2482 2566 intelligitur.
2523 2494 2637 2550 Non
2679 2496 2821 2550 enim
2860 2494 3121 2551 audLenda
3159 2505 3243 2552 est
3279 2499 3462 2556 nescio

1871 2606 1991 2661 quae
2019 2589 2264 2659 impietas
2296 2589 2373 2661 (α)
2418 2590 2681 2644 rusticana
2728 2591 2915 2658 plane,
2963 2591 3236 2661 magisque
3284 2590 3458 2662 lignea

1869 2697 2028 2752 qnam
2073 2690 2198 2736 sunt
2243 2682 2370 2753 ipsze
2399 2682 2620 2736 arbores
2655 2681 2846 2751 quibus
2894 2682 3275 2751 pratrocinium
3318 2699 3458 2753 pra:-

1867 2774 1981 2839 bet,
2013 2790 2133 2844 quae
2160 2773 2343 2827 dolere
2374 2773 2533 2828 vitem
2557 2773 2770 2843 quando
2796 2789 2892 2827 uva
2920 2773 3244 2845 decerpitur,
3277 2783 3458 2831 etnon

1865 2869 2041 2924 solum
2069 2867 2266 2922 sentire
2294 2867 2392 2922 ista
2419 2883 2538 2921 cum
2552 2867 2958 2934 cmduntur,sed
2985 2871 3143 2922 etiam
3172 2870 3350 2926 videre
3374 2879 3461 2926 at-

1866 2978 1972 3033 que
2009 2961 2194 3017 audire
2231 2961 2404 3016 credit
2432 2979 2446 3016 :
2475 2960 2543 3016 de
2569 2977 2675 3032 quo
2699 2976 2882 3018 errore
2911 2961 3169 3032 sacrilego
3199 2963 3335 3018 alius
3372 2974 3458 3020 est

1868 3054 2162 3110 disserendi
2191 3052 2530 3110 locus.Nunc
2551 3053 2691 3125 quod
2721 3055 3074 3120 institueram,
3097 3055 3311 3111 intende
3335 3072 3456 3127 qua:

1867 3147 1939 3202 sit
1965 3147 2042 3201 vis
2068 3147 2261 3201 anima:
2294 3147 2344 3201 in
2376 3147 2644 3212 sensibus,
2673 3156 2834 3218 atque
2869 3147 2920 3201 in
2951 3146 3067 3219 ipso
3102 3157 3248 3203 motu
3287 3147 3456 3204 mani—

1867 3241 2100 3296 festioris
2129 3240 2434 3306 animantis,
2458 3256 2682 3310 quorum
2714 3241 2865 3294 nobis
2890 3256 3010 3294 cum
3043 3240 3108 3294 iis
3149 3257 3267 3311 qua:
3307 3240 3455 3296 radi-

1866 3333 2019 3389 cibus
2050 3333 2149 3386 lixa
2174 3341 2317 3389 sunt.
2349 3333 2492 3387 nulla
2531 3342 2704 3402 potest
2729 3347 2848 3386 esse
2873 3332 3194 3386 cmumunio.
3227 3331 3460 3387 lntendit

1865 3443 1925 3483 se
1944 3426 2120 3481 anima
2151 3428 2201 3481 in
2234 3437 2429 3482 tactqu
2453 3469 2467 3491 ,
2489 3435 2543 3482 et
2568 3441 2635 3482 eo
2668 3427 2858 3492 calida,
2889 3425 3092 3496 frigida,
3127 3439 3346 3496 aSpera,
3376 3427 3454 3482 le-

1869 3521 1976 3587 nia,
2008 3520 2162 3587 dura,
2187 3520 2387 3585 mollia,
2418 3521 2575 3585 levia,
2597 3520 2776 3590 gravia
2805 3520 2962 3574 sentit
2994 3528 3152 3590 atque
3177 3519 3450 3586 discernit,

1867 3615 2070 3671 Deinde
2093 3616 2507 3670 innumerabiles
2545 3615 2872 3670 dill‘erentias
2902 3630 3174 3685 saporum,
3204 3615 3448 3682 odormu,

1865 3724 2144 3770 sonorum,
2176 3710 2484 3770 formarum,
2515 3709 2810 3778 gustando,
2839 3708 3158 3774 olfaciendo,
3185 3709 3454 3766 audiendo

1863 3801 2200 3870 videndoque
2241 3800 2515 3868 dijudieat.
2546 3803 2716 3870 Atque
2759 3801 2810 3854 in
2856 3801 2920 3854 iis
2951 3801 3200 3855 omnibus
3233 3815 3294 3855 ea
3333 3815 3452 3870 qua:

1861 3892 2153 3947 secundum
2182 3902 2421 3947 naturam
2449 3891 2528 3948 sui
2553 3891 2792 3960 corporis
2829 3900 2971 3954 sunt,
3003 3891 3255 3944 adsciscit
3291 3898 3452 3960 atque

1863 3983 2099 4051 appetit;
2134 3983 2304 4052 rejicit
2327 3981 2558 4050 fugitque.
2585 3981 2867 4036 contraria.
2900 3980 3155 4034 Retnovct
3179 3996 3237 4034 se
3267 3980 3333 4034 ab
3361 3981 3445 4040 his

1859 4075 2110 4130 sensibus
2139 4084 2288 4130 certo
2317 4074 2594 4129 intervallo
2620 4082 2937 4142 temporum,
2980 4081 3034 4127 et
3058 4088 3242 4130 eorum
3273 4085 3448 4132 Inotus

1859 4168 2009 4238 quasi
2044 4183 2136 4236 per
2163 4165 2416 4236 quasdam
2461 4165 2618 4219 ferias
2655 4179 2936 4234 reparans,
2967 4165 3224 4233 imagines
3265 4182 3446 4222 rerum

1858 4275 1990 4328 quas
2017 4273 2112 4328 per
2139 4272 2232 4313 eos
2272 4257 2463 4319 hausit,
2496 4270 2676 4310 secum
2705 4255 3012 4309 catervatim
3051 4265 3103 4308 ct
3132 4256 3448 4326 multiplici-

1860 4359 1942 4405 ter
1979 4359 2174 4412 versat,
2204 4358 2258 4404 et
2287 4349 2386 4402 hoc
2413 4357 2577 4401 totum
2604 4358 2684 4401 est
2713 4361 2932 4402 somnus
2956 4356 3012 4400 et
3041 4347 3266 4402 somnia.
3290 4351 3446 4418 Saepe

1857 4443 2016 4498 etiam
2042 4440 2317 4512 gestiendo
2355 4455 2419 4493 ac
2453 4437 2690 4508 vagando
2727 4436 2975 4492 facilitate
3009 4448 3186 4491 motus
3213 4437 3449 4492 delet-ta-

1857 4545 1963 4600 tur,
1987 4542 2041 4588 et
2067 4533 2186 4587 sine
2215 4532 2393 4586 labore
2425 4529 2632 4583 ordinat
2660 4529 3020 4584 membrorum
3064 4529 3442 4595 concordiam;

1861 4643 1956 4699 pro
1981 4626 2316 4696 copulatione
2341 4638 2500 4678 sexus
2523 4623 2631 4692 agit
2656 4621 2795 4692 quod
2841 4631 3032 4691 potest,
3061 4632 3220 4690 atque
3255 4623 3306 4676 in
3346 4623 3447 4676 du-

1861 4720 1979 4789 plici
2021 4727 2238 4781 natura,
2282 4715 2535 4769 societate
2573 4723 2730 4783 atque
2771 4729 2954 4768 :unorc
3003 4713 3218 4768 molitur
3257 4729 3443 4770 unum.

1858 4812 2074 4867 Fetibus
2101 4826 2204 4864 non
2225 4809 2333 4879 jam
2354 4805 2630 4878 gignendis
2655 4805 3040 4870 tantummodo,
3064 4805 3156 4860 sed
3180 4809 3338 4861 etiam
3369 4805 3448 4863 fo-

1856 4902 2079 4966 vendis,
2127 4900 2337 4955 tuendis
2387 4896 2696 4966 alendisque
2737 4898 3027 4966 conspirat.
3081 4897 3262 4952 RCI’U\
3306 4898 3446 4954 inter

1855 5010 1988 5065 quas
2013 5007 2203 5062 corpus
2227 4991 2353 5061 agit,
2381 4999 2434 5045 et
2459 4989 2651 5060 quibus
2674 5004 2871 5058 corpus
2900 4998 3180 5053 sustentat,
3212 5005 3444 5046 consue-

1857 5086 2038 5141 tudine
2056 5099 2173 5139 sese
2195 5083 2435 5148 innectit,
2465 5091 2520 5135 et
2543 5081 2610 5134 ab
2637 5082 2716 5136 eis
2738 5081 2888 5150 quasi
2913 5081 3167 5136 metnbris
3192 5096 3333 5151 :rgrc
3353 5096 3443 5136 se—

1857 5187 2081 5248 paratur
2105 5195 2119 5232 :
2141 5191 2259 5246 qua:
2286 5174 2684 5230 consuetudinis
2709 5173 2790 5227 vis
2809 5175 2968 5228 etiam
2994 5174 3320 5242 seiunctione
3351 5189 3440 5231 reo

1856 5285 1975 5324 rum
2005 5269 2238 5339 ipsarqu
2281 5277 2441 5338 atque
2479 5266 2755 5322 intervallo
2784 5268 3036 5335 temporis
3065 5280 3170 5320 non
3195 5264 3437 5332 discissa,

1858 5362 2119 5418 memoria
2147 5369 2385 5417 vocatur.
2413 5361 2516 5417 Sed
2550 5361 2663 5416 bmc
2703 5374 2885 5416 rursus
2921 5360 3097 5413 onmia
3137 5372 3293 5425 posse
3315 5359 3439 5415 ani-

1859 5470 2002 5511 mam
2023 5454 2183 5509 etiam
2205 5453 2258 5506 in
2281 5452 2465 5508 bestiis
2492 5469 2648 5508 nemo
2665 5463 2836 5523 negat.

2349 5543 2540 5595 Tertius
2559 5547 2735 5608 gradus
2753 5546 2941 5594 atdtnze.

1930 5630 2184 5701 72.13th
2229 5631 2471 5685 attollere
2506 5631 2558 5683 in
2593 5631 2803 5681 tertium
2824 5625 3067 5693 gradum,
3090 5624 3179 5693 qui
3200 5623 3311 5692 jam
3357 5635 3444 5683 est

1860 5722 2060 5776 homini
2086 5722 2347 5791 proprius,
2377 5729 2432 5773 et
2459 5719 2626 5787 cogita
2662 5715 2970 5770 memoriam
3000 5730 3104 5770 non
3140 5726 3432 5772 consuetu-

1858 5813 1982 5869 dine
2034 5813 2376 5875 inelitarum,
2425 5808 2517 5864 sed
2560 5804 3018 5862 animadversione
3061 5815 3221 5875 atque

1922 5938 1994 6008 (α)
2018 5935 2381 6000 stanti;th
2406 5943 2557 5992 error.
