3804 6418
1302 373 1341 396 ,ν

129 468 256 529 illi"!
442 536 449 540 ,

120 570 492 659 intelliguntur.
529 581 675 638 Licet
705 592 879 637 tamen
909 582 1224 653 dignoscere
1253 591 1504 653 quantum
1546 582 1684 647 inter

119 670 259 743 Ἴως,
280 686 327 730 et
356 691 415 729 ea
446 691 563 751 qum
591 690 715 729 vere
746 683 868 735 sunt
892 717 904 731 .
934 660 1129 740 distet;
1158 681 1213 730 et
1232 671 1682 745 quemadmodum

139 780 282 825 tamen
303 768 461 821 etiam
496 767 591 818 ista
619 766 796 819 omnia
832 765 942 821 Deo
970 773 1186 819 auctore
1210 773 1385 818 creata
1410 765 1532 823 sint.
1557 774 1607 819 et
1630 763 1682 819 in

137 858 316 919 illorum
344 861 744 927 enrol-aratione
767 857 906 915 nulla
936 857 1071 927 sint;
1105 873 1200 927 per
1223 872 1281 911 se
1310 866 1485 911 autem
1511 854 1686 912 consi-

116 938 282 1021 derata
301 993 315 1016 ,
348 953 479 1007 mira
506 962 668 1023 atque
695 950 934 1019 pulchra.
974 947 1124 1004 Tunc
1149 966 1498 1022 agnosci-ntus
1525 940 1683 1021 quam

136 1061 231 1107 vera
261 1045 408 1101 nobis
432 1044 696 1100 credenda
727 1043 984 1111 imperata
1012 1042 1156 1117 sint,
1197 1058 1461 1117 quantque
1486 1043 1686 1112 optime

130 1153 180 1199 ac
198 1135 533 1193 saluberrime
562 1136 701 1203 apud
731 1143 953 1193 matrem
986 1134 1276 1190 licelesiam
1304 1135 1484 1189 nutriti
1522 1133 1684 1190 fueri-

112 1222 258 1301 Imus,
286 1243 476 1300 quaeve
520 1228 592 1282 sit
634 1229 833 1284 utilitas
873 1227 1025 1283 lactis
1070 1228 1213 1286 illius
1249 1228 1388 1300 quod
1415 1230 1686 1301 apostolus

128 1318 292 1381 Paulus
328 1319 569 1391 parvulis
608 1334 668 1374 se
696 1331 887 1391 potum
928 1318 1139 1373 dedisse
1168 1318 1471 1391 praedicarit
1497 1319 1539 1387 (1
1565 1319 1680 1377 Cor.

123 1431 190 1483 ut,
212 1414 297 1483 9.):
326 1414 465 1484 quod
493 1413 807 1479 alimentum
836 1413 1087 1483 acripere
1108 1427 1230 1467 cum
1252 1406 1371 1481 quis
1394 1424 1562 1468 matre
1589 1431 1684 1467 nu-

126 1507 274 1569 tritur,
305 1505 643 1565 utilissimum
667 1514 785 1570 est;
815 1520 938 1560 cum
958 1504 1068 1575 jam
1099 1505 1314 1579 grandis
1333 1515 1443 1571 est,
1474 1504 1682 1578 puden-

104 1597 228 1671 dum
248 1616 262 1652 :
284 1611 538 1666 respuere
557 1611 679 1652 cum
702 1612 834 1668 opus
853 1606 956 1667 est,
981 1597 1365 1662 miserandum;
1396 1595 1684 1665 reprelien-

126 1689 231 1756 ﬂere
248 1688 529 1761 aliquando
556 1697 650 1753 aut
675 1689 874 1759 odisse,
904 1689 1121 1745 sceleris
1145 1698 1199 1743 et
1228 1689 1549 1758 impietatis:
1576 1698 1681 1744 trav

130 1790 249 1843 etate
270 1792 442 1843 sulem
470 1795 535 1843 ac
564 1779 876 1852 dispensare
904 1779 1202 1843 commode,
1233 1780 1404 1837 laudis
1428 1793 1476 1836 et
1510 1780 1683 1835 chari-

128 1874 230 1933 ntis
254 1872 619 1943 plenissimum
648 1882 748 1929 est.
788 1873 1096 1929 Videbimus
1121 1874 1279 1928 etiam
1305 1884 1509 1930 natum:
1527 1874 1681 1944 bnjus
1754 1948 1759 1951 _

127 1980 362 2036 utmorem
390 1975 565 2020 tantas
580 1968 1027 2021 commutationes
1048 1976 1096 2021 et
1123 1967 1533 2030 vicissitudines,
1555 1969 1679 2021 dum

126 2059 286 2127 divinis
310 2060 515 2131 legibus
542 2060 728 2126 servit,
762 2069 818 2113 ut
847 2062 1008 2115 etiam
1041 2060 1207 2130 ipsum
1240 2060 1677 2115 resurrectionem

132 2154 290 2213 Carnis.
316 2168 436 2221 quzc
468 2153 658 2221 partim
683 2152 903 2207 tardius.
938 2152 1125 2219 partim
1148 2150 1364 2207 omnino
1387 2166 1489 2204 non
1509 2148 1682 2207 credi-

132 2255 213 2315 tur,
238 2245 299 2300 ita
325 2255 529 2301 certam
575 2255 881 2305 teneamus.
931 2252 989 2298 ut
1026 2244 1223 2299 certius
1262 2243 1415 2298 nobis
1443 2260 1544 2298 non
1576 2244 1675 2309 sit,

130 2336 284 2401 solem,
315 2352 435 2390 cum
460 2334 738 2399 occiderit,
772 2336 1052 2389 oriturum.
1085 2333 1338 2390 Jamvero
1365 2348 1459 2389 eos
1493 2336 1580 2405 qni
1612 2337 1679 2391 ad

133 2426 388 2495 exemplum
417 2426 606 2481 salutis
636 2436 831 2479 nostrae
852 2440 915 2481 ac
939 2426 1217 2495 primitias,
1245 2439 1274 2479 a
1304 2425 1436 2480 Flio
1466 2427 1555 2481 Dei
1587 2443 1681 2498 po-

101 2500 105 2505 ’
132 2520 420 2586 lentissimo,
450 2529 654 2574 azterno
677 2562 689 2581 ,
730 2518 1146 2574 incommutabili
1174 2527 1475 2587 suscl-ptmn
1503 2518 1679 2574 homi-

130 2622 245 2671 netu,
271 2608 620 2679 emndemque
660 2617 841 2663 natum
885 2622 1003 2662 esse
1036 2609 1105 2663 de
1131 2608 1352 2679 virgine.
1382 2620 1679 2681 caateraqne

132 2699 256 2773 hujus
288 2700 522 2757 historia:
573 2700 825 2754 miracula
871 2700 1113 2758 irrident.
1146 2702 1224 2756 sic
1250 2711 1675 2767 contemncmu‘s,

134 2798 340 2861 tanquam
368 2807 463 2847 eos
490 2805 703 2862 pueros,
733 2790 822 2862 qui
850 2807 970 2846 cum
1000 2792 1256 2862 pictorem
1284 2793 1567 2861 propositis
1595 2803 1675 2848 ta-

132 2880 259 2949 bulis,
284 2900 415 2956 quas
440 2884 727 2941 intueatur.
752 2883 1055 2954 pingi-ntcm
1076 2884 1339 2948 viderint;
1370 2900 1471 2938 non
1497 2894 1679 2953 putent

135 2988 258 3043 me
278 2974 546 3030 bznninem
578 2977 743 3047 pingi,
768 2976 865 3029 nisi
888 2974 1045 3029 aliam
1072 2975 1350 3045 picturam,
1380 2977 1466 3045 qui
1493 2976 1675 3045 pingit,

135 3065 377 3132 aspexerit.
404 3064 574 3121 Tanta
605 3076 782 3119 autent
811 3067 862 3119 in
890 3065 1299 3136 contemplanda
1331 3067 1553 3120 veritate
1581 3082 1677 3119 vo-

133 3153 274 3226 luptas
290 3169 388 3223 est,
421 3168 849 3230 quantacumque
871 3174 939 3213 ex
973 3169 1122 3231 parte
1151 3173 1269 3214 eam
1300 3160 1525 3231 quisque
1547 3173 1678 3214 con-

139 3251 339 3319 templari
370 3261 574 3320 potest,
623 3260 766 3305 tanta
798 3254 1022 3323 puritas,
1068 3261 1211 3308 tanta
1238 3254 1542 3318 sinceritas,
1572 3263 1679 3310 tzim

140 3331 433 3407 hilulutanda
465 3358 645 3398 rerum
679 3341 831 3405 ηιιυε,
865 3354 919 3396 ιιι
947 3358 1119 3413 neque
1142 3345 1428 3414 quidquam
1461 3352 1680 3412 praeter-

144 3432 351 3490 Gscisse
376 3446 436 3490 se
462 3432 751 3504 aliquando
794 3432 988 3505 aliquis
1035 3442 1200 3501 putet,
1239 3448 1359 3489 cum
1405 3434 1506 3489 sibi
1542 3436 1682 3490 scire

150 3519 408 3591 iidehstur;
438 3535 493 3581 et
527 3539 634 3596 quo
678 3525 852 3580 minus
880 3525 1198 3595 impediantur
1225 3528 1400 3582 animo
1440 3529 1539 3582 toti
1573 3536 1680 3583 tota

148 3608 358 3672 initam
383 3617 613 3682 veritati,
636 3630 784 3672 mors
810 3631 928 3689 qum
955 3624 1111 3672 antea
1137 3617 1493 3685 metuebatur,
1522 3618 1575 3673 id
1599 3629 1685 3674 est

145 3705 197 3764 tit
213 3706 300 3764 hoc
317 3724 534 3781 corpore
555 3709 863 3766 omnimoda
885 3708 1008 3783 fuga
1032 3717 1089 3767 et
1112 3710 1332 3781 elapsio,
1360 3726 1459 3783 pro
1472 3726 1683 3768 stunmo

138 3810 323 3859 munere
348 3801 696 3857 desideretur.

140 3880 327 3948 CAPUT
343 3891 581 3950 XXXIV.
609 3924 680 3934 —
704 3893 889 3948 Anima
915 3893 1054 3948 solus
1080 3892 1215 3950 Dm
1241 3895 1435 3962 melior,
1463 3897 1686 3970 adeoque

588 3984 729 4041 salus
756 3980 801 4039 ei
825 3984 1064 4040 colendus
1092 3994 1184 4041 al.

188 4071 267 4129 Ti.
288 4076 481 4133 Audisti
505 4088 702 4149 quanta
731 4079 812 4133 vis
841 4078 910 4133 sit
933 4081 1125 4132 animm
1153 4093 1218 4133 ac
1242 4080 1475 4148 potentia
1502 4100 1514 4135 :
1540 4082 1682 4151 quod

139 4172 182 4221 It
203 4164 411 4224 breviter
450 4170 727 4240 colligam,
755 4169 1205 4240 quemadmodum
1252 4171 1521 4228 latendum
1567 4185 1680 4242 est,

137 4256 328 4317 animam
364 4262 649 4318 humanam
683 4278 785 4317 non
813 4277 933 4318 esse
966 4261 1107 4334 quod
1137 4258 1278 4317 Deus
1302 4274 1410 4331 est;
1444 4265 1511 4319 ita
1544 4282 1681 4335 pra:-

138 4351 407 4407 sootendum
429 4394 447 4420 ,
490 4349 623 4408 nihil
668 4352 809 4408 inter
832 4353 1008 4408 omnia
1037 4369 1154 4423 qua:
1181 4356 1399 4421 creavit,
1430 4355 1539 4411 Deo
1562 4368 1683 4413 esse

139 4444 463 4516 propinquius.
494 4446 725 4517 Ideoque
750 4444 928 4501 divine
954 4460 1018 4502 ac
1044 4447 1386 4517 singulariter
1416 4448 1467 4504 in
1496 4449 1684 4506 Eccle-

122 4530 1270 4603 Wmmmwm
1291 4537 1683 4603 wktidamm

140 4626 290 4682 uiua
317 4629 584 4702 (libentius
610 4631 753 4685 enim
781 4631 970 4701 loquor
999 4631 1080 4688 his
1106 4631 1283 4687 verbis
1316 4634 1509 4703 quibus
1550 4636 1679 4690 mihi

143 4712 229 4773 hmo
252 4721 504 4779 insinuata
533 4722 699 4795 sunt),
731 4721 825 4777 scd
855 4722 1027 4793 ipsum
1066 4723 1435 4791 tantummodo
1477 4740 1676 4789 rerum.

140 4820 230 4874 qua
262 4823 377 4869 Sliiil
398 4856 414 4881 ,
455 4816 695 4871 omnimn
743 4814 1048 4869 Creatorem
1070 4854 1087 4881 ,
1131 4830 1199 4870 ex
1221 4830 1327 4885 quo
1353 4817 1552 4884 omnia,
1587 4833 1681 4888 per

139 4914 261 4967 qnam
296 4908 501 4975 omnia,
552 4908 607 4962 in
652 4923 759 4978 quo
796 4907 1010 4972 muniat
1054 4907 1106 4969 id
1133 4917 1218 4967 cst
1244 4909 1679 4969 locuntnut‘abils

140 4992 434 5067 principium,
462 4998 947 5056 incommutabilem
963 4999 1296 5069 sapientiam,
1326 5002 1677 5058 incommuta-

137 5079 263 5143 bilem
288 5089 594 5146 cbaritatem
618 5133 635 5159 ,
666 5099 830 5146 unum
865 5092 1031 5147 Deum
1060 5107 1241 5147 verum
1274 5095 1291 5127 ⁸
1316 5104 1475 5163 atque
1502 5097 1671 5165 perfe-

92 5181 278 5242 'm,
316 5180 407 5250 qui
446 5192 717 5251 nunquam
760 5192 867 5236 non
904 5178 1100 5247 fuerit,
1127 5187 1393 5253 nunquam
1415 5198 1519 5239 non
1546 5187 1672 5254 erit,

131 5279 363 5340 umquam
388 5273 543 5329 aliter
564 5271 748 5337 fouit,
774 5284 1043 5343 umquam
1066 5274 1225 5329 aliter
1249 5276 1385 5341 erit;
1404 5288 1519 5346 quo
1538 5278 1675 5334 nihil

136 5357 189 5411 tit
209 5364 463 5428 melius,
498 5363 629 5418 nihil
656 5365 1008 5434 presentius;
1034 5364 1126 5434 qui
1163 5364 1380 5421 difﬁcile
1402 5366 1676 5424 invenitur

134 5446 302 5519 sbis't,
328 5453 591 5511 difﬁcilius
608 5454 709 5510 ‘ubi
742 5469 851 5510 non
877 5456 981 5520 sit;
1010 5469 1133 5510 om
1161 5470 1269 5526 quo
1293 5470 1413 5513 esse
1440 5475 1547 5514 non
1560 5475 1678 5515 oin-

308 5605 525 5679 pleriquc
544 5617 782 5679 \fss._cum
798 5613 945 5679 Er._At
963 5609 1069 5660 Bad.
1094 5616 1138 5659 et
1156 5617 1270 5679 inv.
1292 5611 1471 5664 habent
1484 5628 1503 5679 Δε
1529 5612 1584 5665 id
1605 5620 1673 5667 est

135 5656 519 5737 ξιξςαιυὸιᾶιπὶζιξιῖιηὶ
560 5656 843 5737 fierinisi
862 5656 1080 5737 aliaalii:
1099 5656 1667 5737 primo'iiitééfiiefi'uﬁ

134 5719 521 5783 humatum»
530 5719 747 5784 rituum
777 5719 1207 5785 inconuitatuliileui
1216 5719 1511 5789 omnia»;
1527 5719 1673 5790 inibi

124 5795 447 5904 mima
469 5804 569 5846 VS.
591 5804 723 5847 tres:
743 5794 796 5847 ἱίι
817 5804 885 5847 est
899 5794 1325 5847 incouumt..bilmt
1341 5798 1670 5863 a‘lernit.zlem,

354 5854 525 5904 altilem
558 5853 808 5904 raritatem
823 5893 838 5904 .
883 5856 1315 5904 iitronmmtabilem
1355 5858 1460 5904 ciae
1474 5859 1633 5904 iterem
1650 5900 1663 5904 _

354 5854 525 5906 altilem
558 5853 808 5909 raritatem
822 5893 838 5918 ,
883 5856 1315 5909 incmmtutabilem
1355 5858 1460 5909 citw
1474 5853 1664 5924 luteus;

141 5915 612 5971 “manu.

1512 465 1711 523 LIBER
1749 463 1949 524 UNUS.

3244 458 3380 524 1018

1795 580 1891 636 nes'
1919 591 2156 650 possunt,
2185 591 2239 638 et
2263 582 2378 640 sine
2405 600 2511 655 quo
2538 600 2657 639 esse
2688 596 2846 640 nemo
2870 592 3081 655 potest:
3114 584 3230 643 etsi
3251 586 3378 656 quid

1762 726 1767 731 ,
1791 672 1860 729 de
1883 671 1977 745 illo
2001 671 2377 740 incredibilius,
2400 676 2800 732 conveniendus
2814 680 3002 745 tamen
3022 686 3181 746 atque
3201 679 3377 749 aptius

1792 765 2037 833 homines
2068 766 2249 822 dicere
2274 767 2527 824 valemus.
2568 768 2663 825 Hic
2690 782 2818 841 ergo
2846 769 2995 825 solus
3022 770 3159 825 Deus
3187 770 3379 826 anima:

1762 858 2046 930 ’eo'lendus
2073 868 2177 924 est,
2208 876 2379 935 neque
2406 860 2665 926 discrete,
2700 877 2872 934 neque
2916 860 3159 919 confuse.
3210 863 3377 931 Quid-

1790 951 1918 1027 quid
1938 951 2081 1007 enim
2103 953 2277 1007 anima
2302 952 2427 1008 colit
2450 963 2510 1010 nt
2536 955 2723 1018 Deum,
2759 971 2977 1014 necesse
3002 968 3082 1012 est
3104 967 3162 1012 ut
3188 958 3378 1015 melius

1757 1033 1933 1113 'esse,
1962 1062 2119 1117 quam
2150 1047 2404 1115 scipsam,
2433 1059 2596 1118 putet.
2634 1050 2837 1105 Animm
2865 1061 3041 1105 autem
3068 1061 3251 1106 natura
3278 1066 3377 1108 nec

1791 1144 1956 1205 terra,
1991 1153 2089 1192 nec
2116 1139 2302 1200 maria,
2333 1154 2431 1192 nec
2469 1139 2643 1195 sidera
2664 1182 2677 1206 ,
2722 1157 2820 1195 nec
2844 1141 2989 1209 luna,
3018 1158 3114 1197 nec
3141 1144 3240 1207 sol,
3275 1157 3379 1199 nec

1762 1228 2077 1303 'quidquam
2121 1231 2339 1287 omnino
2382 1230 2522 1303 quod
2567 1234 2738 1304 tangi,
2787 1235 2983 1291 antbis
3012 1236 3177 1291 oculis
3205 1235 3378 1293 videri

1788 1330 2005 1393 potest,
2048 1337 2151 1376 non
2195 1322 2425 1394 denique
2466 1322 2637 1396 ipsum
2676 1325 2815 1394 quod
2844 1325 3005 1380 videri
3032 1342 3061 1380 a
3086 1326 3240 1381 nobis
3269 1342 3376 1382 non

1754 1487 1765 1493 .
1780 1423 1966 1497 potest
1982 1456 2002 1485 ,
2035 1414 2226 1470 corium
2266 1415 2458 1471 melius
2492 1431 2608 1477 esse
2644 1417 2964 1473 credendum
2991 1431 3090 1475 est.
3122 1419 3233 1476 imo
3262 1422 3378 1478 hrec

1789 1506 1965 1561 omnia
2005 1508 2158 1578 longe
2185 1508 2447 1562 deteriora
2479 1523 2637 1573 esse,
2678 1525 2837 1583 quam
2867 1519 2949 1566 est
2978 1513 3221 1585 quaelibet
3263 1514 3377 1569 ani-

1789 1613 1895 1659 ma.
1933 1598 2071 1652 ratio
2094 1608 2239 1653 certa
2269 1600 2574 1663 convincit;
2605 1600 2650 1656 si
2703 1600 2862 1656 modo
2885 1618 3001 1661 eam
3034 1604 3141 1657 veri
3168 1614 3377 1660 amato-

1788 1705 1876 1759 res
1899 1689 2179 1746 ducentem
2212 1705 2306 1761 per
2336 1690 2546 1746 insolita
2572 1692 2839 1764 quaedam,
2866 1704 2918 1750 et
2947 1695 3016 1748 ob
3053 1694 3154 1750 hoc
3176 1695 3339 1750 ardua
3358 1735 3375 1763 ,

1786 1780 2216 1851 constantissime
2257 1791 2419 1853 atque
2449 1782 2922 1849 observantissime
2952 1786 3100 1857 sequi
3127 1787 3375 1842 audeant.

1858 1873 1945 1931 78.
1973 1871 2029 1930 Si
2057 1874 2180 1944 quid
2210 1889 2334 1927 vero
2362 1873 2507 1929 aliud
2545 1884 2626 1929 est
2668 1875 2721 1930 in
2766 1892 2944 1931 rerum
2973 1889 3156 1932 natura
3188 1886 3379 1947 prmter

1788 1963 1886 2023 ista
1922 1981 2041 2035 qum
2068 1966 2316 2019 sensibus
2345 1975 2467 2022 nota
2497 1976 2655 2035 sont,
2700 1977 2753 2023 et
2779 1984 2994 2038 prorsus
3021 1987 3139 2041 qua:
3166 1971 3378 2041 aliquod

1752 2038 2014 2131 spatium
2046 2058 2146 2111 loci
2177 2058 2438 2125 obtinent,
2466 2058 2659 2129 quibus
2683 2061 2930 2113 omnibus
2957 2038 3378 2129 przestantiorem

1785 2148 2016 2217 animam
2063 2149 2353 2203 lmznanam
2395 2163 2514 2205 esse
2556 2149 2819 2203 diximus:
2852 2150 2894 2203 si
2928 2151 3052 2219 quid
3080 2167 3206 2225 ergo
3233 2153 3378 2209 aliud

1786 2252 1868 2298 est
1891 2259 2076 2298 eorum
2107 2259 2225 2315 qua:
2259 2244 2396 2298 Deus
2420 2243 2654 2313 creavit,
2701 2244 2950 2313 quiddam
2998 2254 3081 2299 est
3120 2246 3375 2312 deterius,

1786 2334 2035 2407 quiddam
2066 2335 2494 2405 parzdeterius,
2544 2344 2603 2389 ut
2646 2335 2821 2389 anima
2865 2338 3114 2409 pecoris;
3165 2354 3278 2407 par,
3319 2349 3378 2393 ut

1787 2412 1957 2495 angeli
1986 2444 1999 2479 :
2033 2427 2224 2482 melius
2254 2436 2452 2499 autem,
2483 2427 2633 2480 nihil.
2668 2426 2729 2480 Et
2757 2427 2799 2482 si
2834 2426 3043 2496 quando
3065 2439 3144 2482 est
3174 2428 3371 2499 aliquid

1788 2515 1978 2572 borum
2006 2517 2214 2583 melius,
2247 2518 2346 2571 hoc
2387 2526 2605 2587 peccato
2635 2519 2749 2589 ejus
2779 2515 2855 2585 lit,
2889 2534 2993 2572 non
3027 2530 3230 2571 natura.
3260 2520 3375 2588 Quo

1788 2614 1963 2661 tamen
1993 2625 2097 2663 non
2128 2624 2292 2677 usque
2319 2609 2453 2661 adeo
2481 2610 2536 2661 lit
2559 2608 2813 2674 deterior,
2854 2619 2910 2667 ut
2940 2608 2987 2662 ei
3017 2610 3226 2680 pecoris
3254 2611 3371 2664 ani-

1786 2714 1869 2752 ma
1895 2697 2242 2767 put-ferenda,
2273 2711 2362 2753 aut
2387 2697 2707 2755 conferenda
2737 2700 2823 2753 sit.
2860 2700 3004 2755 Deus
3047 2701 3203 2771 igitur
3231 2701 3376 2759 solus

1785 2789 1834 2851 ei
1858 2789 2122 2847 colemlus
2154 2798 2255 2851 est,
2286 2790 2375 2861 qui
2405 2791 2554 2843 solus
2581 2791 2695 2859 ejus
2724 2800 2806 2845 est
2832 2803 3037 2845 auctor.
3080 2793 3250 2849 llottto
3279 2810 3376 2848 att-

1787 2889 1893 2947 tem
1921 2882 2140 2952 quilibet
2163 2884 2318 2951 alius,
2347 2899 2647 2953 quanquam
2678 2885 3097 2951 sapientissimus
3121 2897 3174 2941 et
3206 2886 3378 2955 perle-

1784 2972 2072 3041 ctissimns.
2098 2974 2178 3026 vel
2200 2990 2423 3044 prorsus
2447 2974 2695 3044 qualibet
2716 2976 2887 3027 anima
2912 2974 3131 3030 rationis
3156 2991 3377 3046 compos

1786 3073 1947 3135 atque
1974 3062 2310 3133 beatissima,
2354 3063 2579 3118 amanda
2625 3065 2990 3119 tantummodo
3032 3078 3085 3120 et
3125 3066 3379 3122 imitanda

1786 3164 1886 3217 est,
1917 3154 2072 3224 eique
2092 3195 2107 3221 ,
2138 3169 2231 3224 pro
2261 3155 2453 3217 merito
2482 3164 2640 3227 atque
2668 3155 2874 3220 ordine,
2898 3155 3039 3226 quod
3064 3157 3110 3212 ei
3136 3160 3381 3229 congruit

1787 3243 2151 3300 delerendnm.
2181 3246 2332 3313 Nam,
2359 3243 2628 3300 Dominum
2653 3243 2819 3300 Deum
2842 3255 2979 3299 mum
3006 3232 3245 3303 adorabis.
3262 3290 3279 3316 ,
3334 3262 3379 3303 et

1787 3337 1865 3392 illi
1893 3336 1990 3393 soli
2014 3337 2197 3392 servies
2223 3335 2398 3409 (Deut.
2432 3352 2504 3400 vi,
2533 3337 2632 3401 1'5;
2668 3334 2859 3390 Manli.
2887 3352 2956 3403 tv,
2990 3338 3101 3413 10).
3135 3340 3377 3393 Erranti-

1789 3434 1892 3493 bus
1934 3448 2064 3490 vero
2102 3433 2342 3504 cognatis
2388 3431 2584 3487 animis
2611 3440 2666 3488 et
2695 3431 3094 3500 laborantibus,
3122 3442 3378 3503 quantum

1780 3518 1915 3581 licet
1938 3535 2097 3603 atque
2123 3534 2448 3597 praeceptum
2475 3532 2575 3588 est,
2610 3538 2769 3595 opem
2794 3523 3064 3580 ferendam
3094 3540 3215 3580 esse
3242 3524 3381 3582 scia-

1789 3632 1930 3683 mus,
1960 3617 2029 3671 ita
2057 3627 2113 3669 ut
2138 3617 2237 3671 hoc
2260 3616 2431 3686 ipsum
2451 3631 2573 3672 cum
2603 3616 2737 3670 bene
2761 3616 2954 3686 agitur,
2982 3616 3143 3671 Deum
3172 3633 3265 3687 per
3281 3632 3382 3673 nos

1789 3723 1949 3779 agerc
1979 3707 2334 3777 intelligamps
2385 3705 2567 3778 Neque
2596 3705 2885 3778 quidquam
2917 3708 3067 3761 nobis
3108 3710 3380 3780 proprium

1787 3801 2120 3858 vindicamus
2148 3794 2317 3854 itmnis
2343 3800 2529 3871 gloria:
2554 3798 2843 3870 cupiditate
2872 3799 3077 3869 dect-pti
3098 3842 3112 3864 ,
3142 3815 3248 3871 quo
3274 3815 3380 3855 uno

1791 3894 1933 3955 malo
1961 3909 1992 3947 a
2016 3910 2225 3949 sununo
2258 3893 2307 3946 in
2341 3896 2443 3947 "mm
2468 3892 2828 3963 denietgimur
2850 3893 2887 3945 ⁸.
2921 3890 3101 3961 Neque
3124 3893 3261 3946 vitiis
3284 3906 3381 3962 op-

1779 3998 2039 4059 pressos,
2084 3984 2177 4038 sed
2224 3985 2333 4053 ipsa
2383 3984 2539 4047 vitia;
2586 3999 2759 4051 neque
2798 3972 3115 4051 peccantes,
3143 3982 3236 4037 sed
3265 3984 3376 4053 ipsa

1780 4086 2002 4148 peccata
2028 4076 2319 4131 oderimus.
2344 4073 2603 4130 Omnibus
2626 4076 2767 4135 enim
2789 4074 3103 4127 subventum
3131 4073 3265 4130 velle
3285 4074 3378 4129 de-

1786 4150 1997 4235 bemus,
2015 4167 2177 4223 etiam
2198 4168 2284 4236 qui
2310 4181 2407 4220 nos
2434 4168 2704 4231 lzeserunt,
2734 4174 2824 4218 aut
2849 4164 3065 4235 Itedere,
3091 4175 3181 4219 aut
3204 4165 3377 4219 omni-

1790 4275 1860 4315 no
1886 4259 2004 4313 lmdi
2038 4259 2239 4312 volunt.
2272 4258 2397 4313 ΙΙ.υο
2424 4266 2507 4311 est
2533 4271 2678 4321 vera,
2711 4254 2826 4310 hanc
2850 4253 3101 4325 perlecta.
3125 4255 3240 4311 haec
3259 4256 3373 4310 sola

1784 4351 1998 4423 religio,
2024 4364 2123 4427 per
2148 4366 2305 4421 quam
2336 4349 2444 4407 Deo
2466 4348 2796 4405 reconciliari
2824 4349 3053 4419 pertinet
3069 4348 3134 4405 ad
3156 4348 3370 4415 animae,

1789 4442 1858 4498 de
1882 4456 1986 4512 qua
2015 4441 2329 4511 qnazrimus,
2344 4439 2788 4509 magnitudinem,
2812 4453 2988 4508 quase
3017 4439 3260 4499 libertate
3284 4438 3369 4494 di-

1778 4548 1945 4607 gnam
1976 4531 2139 4588 facit:
2171 4546 2291 4586 nam
2320 4531 2406 4599 ille
2435 4530 2502 4585 ab
2529 4530 2776 4584 onmibus
2803 4530 3024 4594 liberat,
3055 4529 3138 4584 cui
3168 4530 3373 4585 servire

1786 4624 2035 4679 omnibus
2063 4622 2399 4678 utilissimum
2428 4631 2545 4688 est,
2574 4631 2628 4675 et
2655 4622 2704 4674 in
2740 4620 2893 4689 Cujus
2917 4622 3134 4675 servitio
3164 4622 3374 4690 placere

1786 4714 2019 4787 perlecta
2062 4722 2118 4771 et
2161 4714 2273 4767 sola
2317 4712 2339 4744 ⁸
2378 4710 2595 4767 libertas
2628 4718 2729 4766 est.
2779 4710 2907 4766 Sed.
2932 4710 3086 4766 video
3126 4728 3213 4768 me
3237 4729 3375 4783 pene

1786 4807 2080 4862 excessisse
2105 4813 2269 4859 metas
2293 4804 2548 4874 propositi
2572 4804 2696 4865 mei,
2720 4818 2781 4855 ac
2802 4802 2916 4857 sine
2947 4803 3051 4858 ulla
3082 4803 3374 4877 interroga-

1782 4898 1931 4957 tione
1953 4896 2152 4952 tamdiu
2179 4894 2272 4951 tibi
2296 4897 2461 4963 multa
2482 4894 2685 4961 dixisse
2709 4912 2722 4947 :
2748 4910 2919 4961 neque
2945 4894 2995 4949 id
3021 4910 3105 4950 me
3130 4898 3368 4965 plenitet.

1785 4987 1916 5043 Nam
1946 5002 2066 5041 cum
2097 4986 2202 5040 sint
2228 4987 2325 5040 ista
2354 5002 2446 5056 per
2468 4994 2572 5039 tam
2596 4985 2787 5041 multas
2811 4985 3061 5040 Ecclesia:
3082 4988 3373 5057 scripturas

1776 5077 2046 5148 dispersa,
2073 5093 2375 5148 quanquam
2403 5091 2465 5132 ea
2492 5092 2597 5132 nou
2629 5076 2966 5133 incommode
2991 5078 3269 5149 Collegissc
3294 5080 3373 5133 vi-

1781 5170 2024 5237 deamur,
2055 5170 2210 5240 plene
2237 5178 2414 5233 tamen
2436 5169 2658 5243 intelligi
2680 5180 2986 5245 nequeunt;
3016 5169 3117 5225 nisi
3147 5170 3371 5239 quisque

1783 5263 1836 5319 in
1860 5264 2072 5325 illorum
2103 5272 2309 5332 septem
2337 5273 2527 5332 quarto
2546 5261 2720 5334 gradu
2748 5262 2951 5319 fortiter
2989 5275 3169 5333 agens,
3198 5260 3369 5329 pieta-

1779 5363 1997 5428 temone
2022 5355 2350 5425 custodiens,
2374 5365 2434 5419 et
2459 5355 2524 5409 ad
2546 5370 2608 5411 ea
2630 5355 2974 5426 percipienda
2998 5354 3274 5407 sanitatem
3301 5366 3367 5408 ac
3463 5387 3469 5409 ε

1778 5448 1947 5511 robur
1971 5460 2307 5515 comparans,
2338 5446 2569 5515 inquirat
2595 5447 2768 5501 omnia
2793 5443 3112 5509 singillatim,
3141 5442 3395 5521 diligent“
3453 5448 3463 5481 ῖ

1782 5541 1985 5599 tissime
2011 5554 2074 5594 ac
2107 5540 2449 5607 sagacissime
2476 5557 2488 5591 :
2524 5554 2750 5606 uanique
2778 5536 2879 5588 illis
2908 5531 3151 5584 ninnibus
3182 5530 3394 5601 gradi—3

1784 5633 1881 5687 bus
1909 5636 2045 5687 inest
2071 5632 2320 5685 distincta
2346 5644 2400 5685 et
2432 5630 2643 5700 propria
2670 5622 3022 5695 pulchritudo,
3053 5636 3183 5688 quos
3208 5632 3360 5676 actus
3386 5690 3389 5695 ι

1779 5726 1971 5781 melius
1995 5725 2341 5792 appellamus.
3456 5712 3465 5766 ζ

1842 5861 1864 5896 ⁸
1898 5869 1960 5912 Ita
1985 5868 2085 5909 Par.
2114 5866 2185 5907 Fr.
2212 5866 2328 5906 ven.
2349 5863 2455 5905 lxv.
2481 5861 2530 5904 In
2576 5860 2643 5912 8.,
2662 5845 2976 5912 timerem-2'.
3041 5854 3098 5896 lli.

1843 5926 1863 5956 ¹
1880 5907 2295 5985 ex
2309 5921 2590 5967 auctoritate
2608 5907 2735 5962 3555.1
2756 5911 2877 5972 ωλι,
2896 5910 3047 5971 ίιάξῖλι
3066 5928 3069 5933 ·
3086 5910 3202 5971 {sele
3214 5907 3355 5973 solm]
