3804 6386
509 390 650 452 ὶο79

622 502 848 564 CAPUT
888 505 1102 563 XXXV.
1123 536 1195 548 --
1216 507 1370 562 Actus
1402 508 1588 562 animae
1600 507 1756 577 juxta
1783 512 1974 576 septem

814 604 1054 671 providos
1074 599 1263 672 gradus
1287 601 1424 655 uarie
1441 600 1783 671 appellantur.

572 690 664 749 79.
704 692 1001 760 Quaerimus
1034 694 1230 764 quippe
1266 693 1333 750 de
1370 693 1560 749 anima:
1597 691 1855 765 potentia,
1891 698 1948 747 et
1978 689 2091 747 ﬁeri

504 792 682 855 potest
712 794 766 838 ut
796 784 908 840 ba'c
946 786 1123 839 omnia
1170 784 1327 840 simul
1369 793 1524 857 agat,
1556 784 1650 840 sed
1696 783 1747 839 id
1791 783 1961 838 solum
1989 782 2091 837 sibi

502 892 664 949 agere
698 878 938 933 videatur
974 877 1114 947 quod
1150 879 1257 948 agit
1282 894 1405 933 cum
1445 876 1787 944 difﬁcultate,
1825 885 1917 931 aut
1945 883 2093 932 certe

503 984 624 1025 cum
672 970 860 1024 timore
882 969 924 1025 ¹.
956 969 1076 1040 Agit
1104 970 1246 1025 enim
1281 970 1381 1025 hoc
1405 970 1571 1025 multo
1596 984 1755 1040 quam
1793 977 1983 1024 caetera
2011 976 2093 1023 at-

500 1060 716 1115 tentior.
746 1060 1167 1115 Ascendentibus
1195 1060 1354 1131 igitur
1385 1076 1596 1116 sursum
1631 1075 1818 1116 versus
1842 1099 1857 1125 ,
1889 1058 2092 1130 primus

501 1160 685 1216 actus,
728 1151 951 1206 doccmli
982 1167 1142 1207 causa
1167 1194 1181 1214 ,
1213 1152 1421 1208 dicatur
1460 1152 1745 1217 animatio;
1785 1151 2048 1207 secundus
2070 1192 2088 1219 ,

504 1257 731 1307 sensus;
774 1245 983 1309 tertius,
1011 1258 1132 1303 ars;
1160 1253 1411 1313 quartus,
1439 1243 1639 1309 virtus;
1670 1244 1904 1313 quintus,
1947 1252 2092 1297 tran-

502 1334 736 1401 quillitas
763 1350 778 1397 ;
814 1344 1017 1399 sextus,
1064 1334 1360 1405 ingressio;
1392 1336 1669 1404 septimus,
1691 1333 2087 1402 contemplatio.

508 1422 738 1478 Possunt
768 1434 824 1478 et
853 1426 953 1479 hoc
979 1425 1138 1479 modo
1161 1425 1415 1495 appellari
1440 1442 1453 1477 :
1483 1424 1549 1479 de
1569 1440 1821 1493 corpore;
1850 1439 1947 1495 per
1971 1438 2093 1479 cor-

501 1528 633 1584 pus;
657 1516 796 1569 circa
822 1531 1053 1585 corpus;
1087 1516 1152 1571 ad
1183 1518 1447 1587 seipsam;
1477 1518 1531 1569 in
1560 1516 1771 1586 seipsa;
1800 1516 1865 1569 ad
1890 1516 2086 1579 Deum;

504 1606 641 1676 apud
670 1606 854 1661 Deum.
883 1607 1113 1661 Possunt
1136 1616 1191 1663 et
1219 1608 1296 1661 sic
1322 1626 1335 1662 :
1363 1607 1582 1677 pulchre
1603 1605 1669 1661 de
1698 1607 1838 1670 alio;
1870 1604 2092 1677 pulchre

501 1714 601 1769 per
624 1699 801 1763 aliud;
830 1699 1050 1768 pulchre
1077 1700 1214 1753 circa
1245 1698 1415 1763 aliud;
1444 1699 1666 1770 pulchre
1690 1698 1754 1752 ad
1779 1698 2088 1767 pulchrum;

503 1792 723 1860 pulchre
742 1793 793 1846 in
808 1793 1045 1859 pulchro;
1064 1792 1281 1860 pulchre
1294 1791 1360 1846 ad
1381 1790 1604 1859 pulchrit
1615 1790 1828 1844 udinem
1844 1806 1857 1855 ;
1871 1788 2092 1860 pulchre

503 1882 643 1953 apud
673 1882 1136 1950 pulchritudinem.
1176 1884 1250 1938 De
1271 1884 1461 1951 quibus
1485 1882 1735 1937 omnibus
1766 1891 1886 1950 post
1913 1880 2091 1951 requi-

501 1988 613 2037 res,
636 1974 679 2027 si
704 1974 827 2043 quid
849 1974 1111 2028 videbitur
1134 1974 1478 2043 aperiendum
1505 1989 1677 2028 :nune
1704 1973 1824 2027 ideo
1846 1973 1985 2027 volui
2014 1984 2095 2027 to-

503 2066 605 2120 ties
625 2066 720 2119 ista
753 2066 960 2135 signare
987 2066 1274 2125 vocabulis.
1304 2082 1370 2119 ne
1399 2074 1448 2120 te
1474 2073 1683 2121 moveat
1706 2080 1827 2119 cum
1862 2064 1950 2118 alii
1977 2064 2095 2118 aliis

503 2156 805 2211 nominibus
830 2157 1015 2211 eadem
1046 2167 1257 2224 vocant,
1284 2163 1377 2210 aut
1402 2156 1556 2210 aliter
1584 2160 1742 2210 etiam
1767 2154 2092 2224 partiuntur;

504 2254 560 2300 et
588 2247 658 2302 ob
696 2245 795 2301 hoc
836 2256 929 2301 aut
955 2250 1050 2301 ista
1077 2258 1170 2303 aut
1194 2249 1280 2303 illa
1306 2248 1594 2317 improbes.
1618 2246 2097 2302 Innumerabilibus

504 2336 646 2390 enim
683 2338 853 2393 modis
876 2339 1074 2393 eaedem
1111 2354 1197 2393 res
1225 2350 1276 2392 et
1304 2338 1582 2408 appellari,
1610 2348 1664 2391 et
1693 2337 1855 2391 dividi
1879 2345 2100 2407 possunt

505 2429 801 2484 rectissime
828 2444 891 2484 ac
920 2430 1307 2494 subtilissime;
1339 2430 1431 2485 sed
1463 2431 1515 2484 in
1556 2438 1699 2485 tanta
1726 2430 1877 2499 copia
1908 2429 2098 2483 modo-

504 2536 622 2581 rum
656 2522 818 2578 utitur
842 2522 1091 2593 quisque,
1122 2537 1305 2593 quose
1332 2531 1687 2591 congruenter
1713 2524 1787 2576 uti
1809 2523 2095 2579 existimat.

574 2615 801 2670 CAPUT
838 2614 1078 2671 XXXVI.
1100 2646 1171 2655 —
1198 2615 1526 2687 Attingnnmr
1547 2614 1753 2685 reliqua:
1776 2615 1840 2670 de
1861 2616 2030 2669 anima

842 2709 1156 2777 quotation“.
1187 2708 1313 2772 Qua:
1338 2708 1402 2761 sit
1429 2708 1605 2778 religio
1628 2722 1761 2762 vero.

574 2798 665 2853 80.
727 2798 868 2854 Deus
920 2799 1077 2866 igitur
1119 2814 1357 2853 summus
1410 2808 1463 2854 ct
1512 2814 1668 2854 verus
1716 2799 1830 2869 lege
1872 2799 2099 2855 inviola-

504 2888 595 2945 bili
640 2898 693 2946 et
740 2892 1076 2960 incorrupta,
1127 2906 1230 2961 qua
1274 2906 1434 2946 onme
1471 2891 1612 2961 quod
1656 2891 1891 2946 condidit
1934 2892 2097 2961 regit,

506 2981 720 3049 subjicit
738 2980 929 3036 animat
951 2997 1165 3051 corpus,
1190 2982 1420 3037 animatn
1448 2982 1567 3039 sibi.
1591 2991 1644 3035 et
1663 2982 1739 3037 sic
1762 2982 1937 3036 omnia
1960 2981 2058 3037 sibi
2082 3002 2095 3034 :

506 3088 683 3145 neque.
716 3074 765 3128 in
788 3075 898 3129 ullo
924 3084 1043 3130 actu
1072 3090 1189 3130 eam
1221 3075 1443 3138 deserit,
1480 3075 1597 3129 sive
1621 3090 1795 3144 plena,
1821 3074 1931 3128 sive
1960 3090 2100 3145 prae-

505 3165 633 3219 mio.
680 3166 733 3220 ld
763 3166 904 3221 enim
947 3165 1202 3235 judiravit
1239 3180 1358 3221 esse
1397 3165 1833 3235 pulcherrimum,
1876 3174 1931 3218 ut
1960 3173 2101 3219 esset

505 3256 756 3326 quidquid
779 3266 881 3321 est,
908 3258 1177 3326 quomodo
1205 3266 1315 3321 est;
1345 3267 1398 3313 et
1426 3258 1495 3311 ita
1519 3266 1721 3311 uatunc
1746 3256 1994 3326 gradibus
2013 3271 2098 3310 or-

506 3346 800 3410 dinaretur,
829 3359 884 3402 ut
908 3349 1308 3403 considerantes
1334 3349 1731 3403 universitatem
1755 3350 1896 3402 nulla
1926 3348 2100 3403 oll‘en-

508 3437 662 3492 derct
685 3455 751 3494 ex
777 3439 878 3491 ulla
910 3449 1058 3508 parte
1083 3437 1429 3503 deformitas;
1462 3438 1739 3509 otiinisque
1767 3440 1958 3494 anima:
1987 3454 2102 3511 poe-

508 3542 576 3581 na
619 3536 674 3582 et
700 3543 859 3584 onme
900 3530 1173 3599 pra-mium
1200 3531 1465 3586 conferret
1495 3547 1707 3600 semper
1736 3533 1930 3603 aliquid
1974 3548 2098 3603 pro-

508 3617 753 3687 portione
777 3619 933 3688 jus-ta:
970 3622 1344 3689 pulchritudini
1380 3624 1400 3654 ²
1440 3622 1880 3695 dispesitionique
1920 3641 2096 3681 rerum

509 3709 766 3764 onmium.
810 3710 995 3763 Datum
1029 3719 1111 3765 est
1146 3712 1286 3766 enim
1318 3711 1508 3766 anima:
1546 3713 1767 3769 liberum
1797 3714 2092 3781 arbitrium,

510 3800 653 3870 quod
676 3800 769 3875 qui
810 3801 1100 3872 uugatoriis
1136 3802 1631 3859 ratiocinationibus
1659 3805 1975 3860 labefactare
2001 3821 2095 3861 co-

508 3901 721 3956 nantur,
753 3907 918 3962 usque
946 3892 1080 3947 adeo
1106 3895 1231 3948 carci
1259 3904 1401 3958 sunt,
1428 3905 1482 3949 ut
1520 3910 1585 3949 ue
1609 3895 1708 3951 ista
1738 3895 1848 3966 ipsa
1879 3896 2095 3967 quidem

509 3996 645 4036 vana
677 3992 834 4052 atque
876 3982 1132 4055 sacrilega
1167 3985 1373 4054 [νυνι-ῖς)
1406 3984 1676 4039 voluntate
1716 4001 1774 4040 se
1800 3987 1977 4042 dici-re
2017 3988 2097 4043 in-

505 4072 768 4143 telligant.
792 4072 901 4128 Nec
929 4083 1103 4129 tamen
1133 4075 1203 4129 ita
1234 4074 1456 4130 liberum
1487 4077 1761 4131 arbitrium
1784 4078 1977 4133 anima:
1996 4079 2093 4133 da-

507 4174 617 4219 tum
643 4176 742 4225 est.
768 4175 824 4220 ut
849 4167 1124 4237 quodlibet
1150 4184 1215 4223 eo
1242 4170 1489 4236 ruoliens,
1514 4171 1673 4225 ullam
1702 4180 1904 4241 partem
1932 4171 2095 4227 divini

567 4281 590 4313 ³
622 4286 679 4343 In,
696 4289 799 4343 Mss.
818 4292 1024 4343 quatuor
1040 4284 1258 4334 melioris
1273 4292 1419 4343 notae,
1444 4298 1552 4336 cum
1572 4299 1753 4337 amore.

568 4343 590 4374 ³
770 4342 955 4408 aliquid
978 4345 1272 4413 preportigni
1292 4346 1843 4413 iretwpulchritudinis.
1859 4356 1942 4413 __At_
1965 4356 2092 4410 Mss,

505 4407 838 4468 proportione;
853 4407 1148 4472 'ttuuQue’ex
1168 4407 1264 4459 illis
1284 4415 1406 4470 tres,
1420 4407 1571 4472 justw
1592 4409 1957 4475 pulchritudini.

532 4534 750 4550 h—

1208 383 1577 443 ADMONITIO
1616 388 1703 444 DE
1740 383 2215 457 SEQUENTIBUS
2252 384 2383 440 SEX
2425 384 2641 441 LIBRIS
2681 388 2766 444 DE
2806 385 3069 446 MUSICA.

2201 502 2403 558 ordinis
2424 501 2659 574 legisque
2690 504 2983 573 perturbet.
3006 506 3195 564 Datum
3219 516 3300 567 est
3319 511 3457 570 enim
3478 529 3508 570 ι
3536 519 3715 590 sapiat-

2202 594 2408 649 tissimo
2446 602 2605 665 atque
2646 594 2993 650 invictissime
3033 599 3192 655 totius
3225 610 3470 660 creatum
3514 606 3716 669 Domino.

2199 685 2303 743 Sed
2329 686 2425 742 ista
2457 695 2515 742 ut
2539 685 2763 743 videnda
2785 698 2909 744 sunt
2930 686 3133 767 videre,
3158 706 3434 761 paucorum
3456 706 3559 762 est;
3580 715 3718 771 neque

2198 778 2266 833 ad
2294 780 2396 834 hoc
2430 779 2708 851 quisquam
2738 780 2839 835 nisi
2876 794 3002 837 vera
3032 782 3286 853 religione
3314 786 3370 841 llt
3404 785 3619 846 idoneus.
3645 792 3721 851 Est

2197 870 2341 926 enim
2364 870 2551 943 religio
2574 886 2721 939 vera,
2746 887 2852 944 qua
2870 886 2930 928 se
2949 873 3038 928 uni
3066 872 3174 928 Deo
3190 874 3383 942 anima,
3406 877 3536 934 unde
3552 894 3604 936 se
3624 898 3721 952 pec.

2195 971 2317 1020 cato
2340 963 2487 1020 velut
2508 963 2817 1036 abruperat,
2860 966 3289 1022 recenciliatione
3320 968 3516 1041 religat.
3541 972 3722 1035 lnneetit

2197 1071 2324 1128 ergo
2346 1056 2577 1112 animam
2610 1057 2662 1112 in
2692 1056 2782 1112 illo
2807 1065 2930 1112 actu
2962 1058 3137 1120 tertio,
3158 1067 3316 1129 atque
3341 1058 3513 1130 incipit
3534 1062 3717 1133 ducere;

2196 1159 2387 1220 purgat
2428 1150 2480 1203 in
2509 1159 2733 1220 quarto;
2775 1149 3031 1204 reformat
3061 1150 3113 1204 in
3151 1150 3371 1221 quinto.
3401 1149 3652 1211 introducit
3680 1158 3720 1214 in

2197 1249 2382 1306 sexto;
2412 1241 2581 1310 pascit
2623 1240 2675 1295 in
2703 1240 2952 1310 seritimo.
2995 1241 3168 1311 Atque
3196 1240 3297 1296 hoc
3325 1240 3383 1296 lit
3420 1242 3541 1299 alias
3574 1245 3714 1312 citius,

2193 1334 2326 1389 alias
2359 1334 2594 1401 tardius,
2626 1342 2685 1388 ut
2721 1348 2949 1404 quzeque
3000 1347 3185 1388 amore
3225 1347 3289 1389 ac
3325 1334 3517 1391 meritis
3548 1337 3719 1395 valent:

2195 1426 2373 1481 omnia
2424 1435 2599 1480 tamen
2643 1412 2785 1480 Deus
2815 1422 3134 1495 Justissime,
3170 1422 3599 1493 ntoderatissitne,
3634 1430 3721 1499 pul-

2195 1518 2462 1573 cherrime
2486 1515 2634 1584 facit,
2660 1530 2874 1587 quoquo
2894 1515 3053 1570 modo
3078 1529 3202 1570 sese
3222 1513 3414 1570 habere
3431 1514 3655 1572 voluerint
3672 1518 3720 1575 de

2194 1611 2389 1681 quibus
2417 1610 2562 1665 facit.
2587 1609 2837 1664 .lanivero
2860 1607 3018 1663 etiam
3041 1621 3329 1679 puerorum
3356 1605 3604 1664 infantium
3625 1624 3720 1666 eou-

2197 1701 2523 1758 secrationes
2565 1708 2820 1771 quantum
2862 1697 3103 1770 prosint,
3143 1696 3507 1753 obscurissima
3546 1700 3722 1767 qualia

2196 1806 2297 1860 est,
2329 1795 2568 1850 nonnihil
2594 1805 2771 1849 tamen
2797 1792 3048 1863 prodesse
3072 1789 3398 1847 credendum
3420 1799 3513 1847 est.
3534 1789 3721 1848 Inveniet

2199 1888 2303 1942 hoc
2341 1887 2495 1951 ratio,
2535 1902 2658 1941 cum
2691 1885 2858 1956 quusri
2888 1882 3190 1955 oportuerit
3220 1898 3236 1938 :
3267 1897 3546 1954 quanquam
3573 1892 3620 1939 et
3644 1884 3719 1940 alia

2200 1984 2366 2038 multa
2395 1982 2599 2053 jamdiu
2627 1979 2911 2053 quaerenda
2942 1977 3035 2033 tibi
3074 1976 3257 2050 potius
3296 1976 3573 2047 aliquando,
3598 1992 3717 2048 quam

2203 2078 2574 2153 cognoscenda
2599 2076 2932 2150 protulerim.
2965 2074 3122 2144 Quod
3142 2074 3234 2129 liet
3260 2072 3541 2137 utilissime,
3558 2070 3598 2127 si
3617 2069 3717 2128 duco
3772 2106 3773 2113 η

2202 2177 2395 2246 pietate
2418 2173 2771 2243 requirantur.

2272 2277 2362 2332 8t.
2383 2277 2512 2346 Qua:
2540 2289 2661 2329 eum
2692 2274 2761 2328 ita
2792 2272 2916 2336 sint,
2948 2270 3073 2341 quis
3100 2276 3183 2325 est
3208 2267 3299 2339 qui
3326 2266 3457 2337 iuste
3475 2264 3717 2322 stomacho-
3772 2290 3773 2329 1

2205 2379 2312 2433 tur,
2340 2367 2480 2439 quod
2506 2363 2713 2436 agendo
2740 2372 2901 2433 atque
2924 2358 3347 2417 administrando
3369 2356 3556 2431 corpori
3586 2356 3715 2410 anima
3772 2370 3773 2383 ι

2204 2461 2325 2516 data
2350 2462 2440 2525 sit,
2479 2474 2598 2513 cum
2630 2466 2806 2512 tantus
2831 2464 2885 2512 et
2909 2464 3016 2509 tam
3045 2454 3264 2509 divinus
3290 2465 3457 2507 rerum
3485 2450 3597 2504 ordo
3624 2463 3718 2503 con-
3772 2454 3773 2485 λ

2207 2556 2346 2611 nerti
2369 2553 2559 2608 melius
2589 2567 2692 2606 non
2721 2550 2915 2620 possit;
2946 2556 3037 2603 aut
3062 2545 3405 2617 quaerendum
3426 2552 3569 2615 putet,
3590 2540 3716 2613 qualis

2208 2648 2261 2703 in
2296 2648 2396 2700 hoc
2425 2643 2634 2700 Inortali
2672 2652 2727 2699 et
2752 2641 2922 2713 fragili
2949 2654 3182 2709 corpore
3201 2636 3468 2697 efficiatur,
3502 2648 3600 2689 cum
3619 2630 3712 2686 etin

2207 2749 2432 2795 mortem
2463 2748 2678 2808 propter
2705 2743 2976 2806 peccatum
3001 2734 3126 2801 jure
3149 2742 3392 2787 contrusa
3411 2728 3489 2789 sit.
3507 2737 3553 2782 et
3570 2726 3712 2780 virtute

2208 2834 2296 2888 hic
2322 2833 2483 2887 etiam
2515 2830 2681 2901 possit
2702 2827 3000 2890 excellere;
3023 2834 3122 2879 aut
3139 2825 3311 2895 qualis
3334 2830 3439 2893 post
3466 2819 3553 2875 hoc
3569 2829 3712 2886 corpus

2208 2924 2384 2980 futura
2414 2924 2503 2989 sit,
2532 2936 2651 2977 cum
2677 2928 2731 2975 et
2753 2933 2905 2989 pinna
2935 2917 3130 2972 mortis
3156 2912 3446 2971 necessario
3466 2924 3635 2965 ntaiiere
3649 2907 3712 2961 de-

2206 3017 2329 3072 beat
2358 3023 2606 3070 manente
2650 3020 2902 3083 peccato,
2933 3019 2987 3066 et
3022 3007 3211 3063 virtuti
3243 3005 3503 3076 pietatique
3531 3003 3586 3058 sit
3606 3001 3711 3055 Deus

2207 3112 2343 3182 ipse,
2371 3110 2423 3165 id
2453 3116 2535 3165 est
2552 3109 2749 3164 veritas
2778 3104 2913 3175 ipsa,
2947 3102 3269 3174 pramnium?
3292 3101 3451 3169 Quare
3466 3096 3503 3152 si
3515 3095 3600 3167 jam
3616 3092 3707 3167 pla-

2206 3214 2313 3270 cet,
2343 3211 2448 3258 tam
2470 3201 2685 3268 longum
2709 3211 3012 3255 sermonem
3039 3195 3389 3250 terminemus
3408 3183 3639 3257 aliquando,
3658 3189 3700 3237 et

2208 3292 2490 3367 implendis
2530 3293 2620 3347 Dei
2662 3288 2944 3361 prteccptis
2978 3284 3384 3357 vigilantissime
3417 3290 3461 3335 et
3486 3274 3699 3346 religiosis-

2205 3389 2339 3443 sime.
2358 3401 2574 3457 cperam
2600 3384 2790 3439 demus
2815 3402 2827 3437 :
2858 3398 2963 3437 non
2993 3390 3074 3436 est
3111 3380 3254 3435 enim
3276 3377 3372 3432 alia
3401 3374 3500 3442 luga
3519 3369 3571 3425 de
3586 3372 3705 3422 tantis

2205 3482 2377 3538 malis.
2408 3480 2462 3535 Si
2488 3477 2613 3550 quid
2641 3486 2818 3532 autem
2843 3473 3125 3529 obscurius
3149 3488 3178 3525 a
3208 3487 3294 3526 me
3316 3469 3491 3525 dictum
3508 3470 3571 3519 est
3588 3472 3706 3550 quam

2207 3575 2395 3639 velles,
2418 3548 2577 3627 facito
2599 3579 2655 3623 ut
2675 3566 2944 3623 memorize
2965 3564 3279 3620 mandatum
3298 3561 3420 3616 alias
3436 3548 3707 3627 opportunius

2204 3666 2465 3736 requiras.
2492 3662 2672 3734 Neque
2697 3660 2840 3715 enim
2859 3658 3029 3715 deerit
3049 3656 3209 3712 nobis
3227 3649 3550 3726 qua'rentibus
3566 3660 3625 3707 se.
3636 3640 3703 3736 qui

2203 3732 2434 3826 desuper
2474 3763 2558 3810 est
2588 3732 2848 3823 Magister
2889 3748 3150 3805 onmium.
3187 3745 3254 3801 E.
3286 3745 3393 3817 Ego
3429 3753 3536 3797 vero
3564 3744 3607 3792 et

2203 3822 2445 3906 oratione
2484 3847 2554 3901 ita
2595 3822 2711 3901 sum
2752 3843 2996 3907 affectus,
3030 3850 3091 3895 ut
3114 3855 3234 3897 eam
3272 3832 3572 3905 interpeth
3601 3822 3705 3880 nefas

2204 3938 2501 4012 putaverim
2534 3956 2548 3994 :
2579 3946 2634 3993 et
2673 3937 2719 3991 si
2771 3936 2863 3991 tibi
2908 3934 3105 3989 modus
3147 3928 3403 3987 Sermonis
3441 3925 3516 3980 bic
3552 3919 3702 4016 plcet.

2204 4011 2418 4101 tresque
2446 4030 2547 4085 illa:
2573 4028 2895 4100 quatstiones
2918 4039 3037 4097 quae
3063 4021 3422 4081 remanebant.
3451 4024 3542 4070 tam
3578 4011 3704 4101 brevi-

2205 4135 2285 4180 ter
2313 4099 2727 4195 perstringendze
2759 4119 2815 4176 in
2844 4117 3127 4190 przesentia
3156 4116 3282 4171 visa.-
3307 4120 3452 4173 sunt;
3478 4103 3625 4196 cedant

2200 4186 2340 4271 dicio
2365 4222 2475 4271 tuo.
2498 4186 2569 4268 ac
2582 4210 2832 4281 deinceps
2845 4186 2961 4264 tam
2982 4208 3190 4277 magnis
3209 4203 3364 4260 rebus
3383 4186 3701 4281 invesﬁgandis,

2202 4321 2309 4362 non
2358 4304 2519 4360 modo
2568 4313 2774 4373 tempus
2811 4309 3029 4373 propter
3082 4310 3199 4354 tuas
3245 4291 3607 4363 occupationes,
3636 4274 3703 4335 sed

2205 4401 2367 4455 etiam
2388 4396 2649 4468 meipsum
2670 4393 3107 4466 opportuniorem
3135 4386 3437 4446 observabo.

1640 4585 2688 4811 Χῦὧῇιτῑο
3772 4628 3773 4633 ᾧ

1298 4885 1405 4947 DE
1445 4886 1980 4963 SEQUENTIBUS
2022 4887 2179 4950 SEX
2218 4885 2475 4949 LlBRIS
2519 4885 2627 4947 DE
2668 4881 2963 4947 MUSICA

1968 5036 2338 5095 «mgis:

575 5149 655 5206 Ex
685 5146 1077 5218 disciplinarum
1104 5149 1255 5205 libris
1276 5167 1409 5222 quos
1436 5152 1759 5225 Augustinus
1776 5154 2079 5220 Mediolani,
2115 5168 2238 5209 cum
2264 5162 2407 5209 esset
2438 5151 2766 5224 Baptismum
2794 5156 3141 5223 percepturus
3160 5160 3298 5204 anno
3320 5138 3497 5200 Christi
3528 5144 3689 5192 ιωεαιο

503 5243 697 5297 tesimo
717 5239 1041 5309 octogesimo
1068 5242 1295 5309 septimo
1318 5243 1567 5300 delibavit
1595 5250 1611 5314 (
1637 5244 1763 5300 Vide
1792 5246 2016 5302 Retract.
2044 5245 2133 5301 tib.
2163 5246 2216 5308 l.
2242 5263 2356 5317 cap.
2378 5243 2468 5317 6),
2489 5258 2790 5316 quanquam
2815 5241 2995 5298 cmteri
3021 5239 3275 5313 perierint
3297 5235 3442 5308 (nam
3463 5231 3523 5288 de
3544 5226 3690 5284 ῦηω·

503 5336 719 5402 tnalira,
752 5333 1015 5403 Principia
1047 5333 1362 5401 Dialecticzc,
1393 5334 1701 5407 Calegorite,
1745 5346 1803 5393 et
1844 5338 2109 5408 Principia
2153 5337 2472 5404 Rhetorica),
2519 5335 2612 5407 qui
2650 5335 2775 5393 libri
2812 5335 2953 5391 inter
2988 5334 3105 5404 ejus
3138 5344 3299 5403 opera
3343 5334 3457 5384 stult

501 5427 718 5496 vulgati,
747 5425 1108 5496 supposititios
1134 5437 1254 5479 esse
1282 5425 1334 5478 iu
1360 5426 1655 5494 appendice
1679 5426 2078 5498 ostendemus),
2105 5442 2195 5484 se:
2222 5429 2307 5483 isti
2327 5427 2397 5482 de
2433 5426 2652 5490 Musica,
2671 5427 2812 5497 iique
2830 5423 3151 5496 integerrimi
3176 5421 3240 5478 ad
3260 5434 3352 5477 nos
3374 5428 3523 5488 usque
3541 5415 3689 5483 FW

501 5528 699 5573 nerunt
718 5535 733 5581 ;
758 5518 1046 5571 stmlio~ius
1076 5517 1326 5571 nimirum
1347 5534 1374 5569 a
1396 5517 1626 5572 librariis
1649 5518 1922 5589 descripti,
1951 5534 2073 5575 cum
2091 5521 2201 5576 suis
2225 5520 2473 5575 omnibus
2494 5519 2731 5575 numeris
2752 5518 2982 5573 absoluti
3003 5515 3312 5589 prodiissent
3331 5508 3520 5566 circiter
3532 5507 3685 5560 ιιωιηιι

503 5610 719 5673 Christi,
760 5625 807 5664 ιιι
846 5611 1078 5670 videtur.
1110 5611 1541 5667 trecentesimum
1566 5613 1943 5683 octogesimum
1976 5631 2192 5677 nonum,
2223 5632 2328 5688 quo
2355 5625 2592 5685 tempore
2616 5623 2734 5685 post
2760 5614 2932 5671 editos
2957 5614 3116 5668 libros
3141 5611 3205 5666 de
3226 5606 3402 5666 Genesi
3421 5609 3576 5659 contra

511 5704 743 5757 nirb-eos
795 5705 858 5758 iis
907 5705 1240 5773 perﬁciendis
1291 5705 1342 5759 iu
1398 5706 1571 5759 Africa
1626 5722 1682 5760 se
1726 5708 1995 5763 vacavisse
2046 5709 2214 5763 innuit
2269 5708 2591 5778 Augustinus
2634 5707 2771 5763 libro
2833 5707 3005 5776 primo
3048 5701 3506 5759 lletractatiouutn.
3548 5688 3684 5754 61³⁸⁸
3772 5706 3773 5778 ξ

503 5794 799 5863 undecimo.
861 5797 994 5853 Eum
1046 5813 1208 5873 perm
1258 5798 1499 5875 dialogos
1552 5800 1713 5861 hasce
1758 5816 1881 5863 cum
1929 5800 2167 5882 Licentia
2213 5799 2461 5880 habuisse
2502 5799 2683 5877 ferunt
2731 5798 3072 5891 manuscrlpti
3121 5796 3346 5885 plerique
3554 5783 3679 5857 ω’
