3804 6394
666 456 808 519 Iw

663 576 720 635 in
747 585 976 646 utroque
999 587 1120 632 esse
1146 572 1421 632 scientiam
1439 615 1457 640 ,
1482 571 1615 629 utin
1644 567 1757 626 sola
1796 568 2090 625 inuitatione
2128 584 2252 625 esse

664 685 771 727 non
794 668 982 741 possit.
1012 666 1090 725 ιι.
1123 666 1298 735 Quid?
1320 667 1373 723 in
1400 665 1515 723 sola
1544 665 1751 722 ratione
1776 662 1987 718 videtur
2009 662 2101 718 tibi
2130 677 2251 718 esse

664 760 857 835 posse?
879 758 947 817 υ.
983 759 1217 817 Videtur.
1253 758 1333 816 ιι.
1357 758 1512 815 Aliud
1540 758 1700 829 igitur
1728 764 1881 828 putas
1902 770 2023 811 esse
2054 765 2247 819 artem,

663 853 807 911 aliud
836 853 1133 909 scientiam.
1161 851 1433 923 Siquidem
1463 850 1683 906 scientia
1718 857 1772 905 et
1805 848 1858 904 in
1902 849 2015 903 sola
2045 847 2251 903 ratione

665 960 785 1000 esse
830 951 1045 1011 potest,
1080 958 1171 1000 ars
1215 954 1393 998 autem
1444 940 1638 997 rationi
1678 940 1851 1010 jungit
1877 939 2246 995 imitationem.

663 1034 731 1092 υ.
763 1034 878 1093 Non
902 1035 1060 1093 video
1083 1051 1203 1092 esse
1230 1050 1583 1105 consequens.
1612 1031 1728 1089 Non
1756 1032 1899 1088 enim
1928 1047 2132 1088 omnes.
2154 1031 2248 1087 sed

662 1128 857 1185 multas
885 1137 1029 1184 artes
1053 1127 1316 1188 dixeram.
1346 1126 1501 1182 simul
1532 1125 1737 1181 ratione
1762 1133 1919 1195 atque
1954 1123 2248 1180 imitatione

661 1229 929 1276 constare.
960 1217 1038 1273 Μ.
1069 1216 1240 1287 Quid?
1268 1217 1544 1273 scientiam
1574 1215 1860 1271 vocabisne
1888 1214 2048 1270 etiam
2080 1214 2244 1282 illam,

661 1327 783 1381 quzc
828 1312 912 1366 his
940 1310 1149 1365 duobus
1181 1308 1339 1364 simul
1379 1316 1623 1374 constat;
1653 1323 1720 1361 an
1759 1307 1808 1362 ei
1845 1308 2010 1361 solam
2044 1316 2245 1377 partem

661 1403 886 1460 rationis
912 1401 1210 1457 attribues?
1238 1400 1304 1456 ι).
1334 1400 1469 1468 Quid
1508 1401 1649 1454 enim
1676 1415 1762 1455 me
1785 1398 2029 1467 prohibet
2057 1414 2248 1455 vocare

661 1495 960 1553 scientiam.
991 1508 1110 1546 cum
1138 1492 1327 1547 rationi
1358 1490 1661 1562 adjuugitur
1689 1490 1947 1545 imitatio?

735 1588 787 1642 7.
819 1587 897 1642 Μ.
938 1586 1197 1654 Quoniam
1237 1600 1376 1640 mtuc
1411 1584 1616 1655 agimus
1648 1583 1716 1638 de
1744 1583 2014 1638 citharista
2045 1592 2098 1638 et
2126 1584 2246 1638 tibi-

660 1679 802 1743 cine,
827 1678 875 1732 id
897 1687 974 1733 est
1002 1677 1068 1731 de
1095 1676 1309 1731 musicis
1335 1675 1527 1740 rebus;
1560 1674 1679 1728 volo
1709 1673 1837 1729 mihi
1864 1673 2042 1739 dicas,
2069 1684 2243 1730 utrum

660 1771 872 1841 corpori
905 1768 1240 1825 tribuendum
1261 1767 1350 1833 sit,
1382 1767 1432 1823 id
1456 1776 1536 1823 est
1564 1765 2006 1836 obtemperationi
2035 1765 2244 1822 cuidam

660 1864 940 1932 corporis,
996 1861 1038 1915 si
1087 1859 1212 1931 quid
1268 1859 1352 1913 isti
1402 1858 1646 1914 homines
1693 1857 1984 1911 imitatione
2028 1856 2241 1911 faciunt.

660 1953 731 2011 Β.
762 1955 873 2026 Ego
902 1956 1056 2009 istam
1091 1963 1145 2009 et
1173 1953 1353 2007 animo
1390 1952 1546 2007 simul
1584 1962 1638 2008 ct
1662 1950 1870 2022 corpori
1907 1950 2243 2006 tribuendam

664 2058 791 2119 puto
815 2064 829 2102 :
860 2062 1156 2117 quanquam
1188 2045 1413 2117 idipsum
1439 2045 1659 2100 verbum
1688 2045 1815 2098 satis
1842 2044 2053 2114 proprie
2079 2045 2173 2098 abs
2195 2054 2246 2099 te

660 2141 889 2212 positmu
917 2148 1030 2204 est,
1074 2138 1215 2210 quod
1247 2138 1756 2209 obtemperationem
1791 2137 2033 2207 corporis
2064 2137 2245 2206 appel-

658 2232 780 2289 lasti
827 2251 841 2286 :
891 2248 994 2287 non
1045 2232 1185 2287 enim
1240 2231 1612 2297 obtemperare
1670 2229 1771 2284 nisi
1820 2228 1999 2283 animo
2048 2238 2241 2298 potest.

658 2323 737 2380 Η.
772 2323 940 2378 Video
971 2333 1023 2379 te
1047 2322 1351 2378 cautissime
1380 2321 1727 2377 imitationem
1754 2336 1857 2373 non
1900 2321 1995 2374 soli
2028 2321 2243 2389 corpori

657 2418 892 2473 voluisse
918 2415 1235 2472 concedere.
1280 2414 1385 2470 Sed
1415 2414 1669 2485 numquid
1713 2413 1989 2469 scientiam
2029 2414 2245 2485 negabis

658 2511 725 2566 ad
752 2512 924 2566 solum
954 2511 1189 2564 animum
1215 2507 1519 2579 pertinere?
1544 2506 1609 2560 ι).
1645 2507 1774 2575 Quis
1804 2506 1904 2561 hoc
1935 2506 2245 2576 negaverit?

661 2600 745 2660 Μ.
765 2603 922 2659 Nullo
942 2601 1101 2657 modo
1122 2601 1281 2671 igitur
1300 2600 1576 2655 scientiam
1599 2600 1650 2655 in
1672 2599 1819 2655 sonis
1845 2615 2129 2654 nervorum
2155 2599 2171 2630 ί
2192 2607 2246 2655 ct

662 2696 933 2762 tibiarum,
962 2695 1115 2750 simul
1145 2703 1196 2749 et
1227 2694 1416 2748 rationi
1452 2702 1503 2748 et
1531 2693 1807 2747 imitationi
1846 2694 2076 2748 tribuere
2104 2693 2247 2748 siue-

660 2790 757 2844 ris.
790 2786 881 2843 Illa
912 2785 1052 2842 enim
1086 2786 1309 2842 imitatio
1334 2800 1438 2840 non
1475 2795 1587 2848 est,
1618 2795 1674 2839 ut
1707 2784 1984 2840 confessus
2011 2798 2099 2851 es,
2127 2784 2244 2840 sine

659 2897 922 2951 corpore;
974 2879 1250 2935 scientiam
1294 2893 1423 2934 vero
1464 2878 1631 2933 solius
1678 2877 1839 2931 animi
1880 2892 1997 2933 esse
2041 2876 2241 2931 dixisti.

658 2973 731 3029 D.
766 2973 839 3029 Ex
868 2973 931 3027 iis
962 2970 1174 3042 quidem
1216 2987 1333 3041 qum
1365 2970 1457 3024 tibi
1489 2969 1765 3034 concessi,
1795 2967 1965 3023 fateor
1993 2967 2094 3022 hoc
2125 2980 2244 3021 esse

659 3066 960 3122 confectum
986 3081 997 3116 :
1026 3062 1118 3118 sed
1148 3061 1273 3134 quid
1290 3062 1355 3115 ad
1387 3062 1538 3116 rem?
1563 3061 1783 3115 Habebit
1808 3060 1949 3113 enim
1970 3067 2025 3113 et
2050 3057 2241 3113 tibicen

659 3158 933 3214 scientiam
957 3156 1009 3210 in
1040 3155 1232 3209 animo.
1271 3152 1453 3223 N-que
1486 3152 1629 3206 enim
1670 3167 1790 3206 cum
1816 3150 1865 3205 ei
1893 3149 2098 3205 accedit
2125 3148 2243 3203 imi-

658 3249 809 3310 talio,
837 3262 997 3318 quam
1024 3246 1138 3299 sine
1160 3260 1384 3314 corpore
1406 3243 1528 3298 dedi
1555 3258 1673 3298 esse
1714 3259 1817 3296 non
1849 3258 2024 3312 posse,
2048 3240 2246 3296 adimet

659 3339 791 3396 illud
819 3338 957 3408 quod
998 3338 1178 3392 animo
1217 3336 1575 3406 amplectitur.
1623 3334 1700 3388 Μ.
1741 3333 1855 3389 Non
1890 3333 2089 3388 adimet
2124 3334 2244 3404 qui-

657 3431 781 3487 dem
811 3450 822 3484 :
856 3446 955 3485 nec
980 3445 1080 3498 ego
1101 3427 1310 3483 al‘iirmo
1344 3443 1460 3494 eos,
1490 3443 1519 3482 a
1549 3427 1736 3497 quibus
1765 3442 1965 3498 organa
2002 3428 2099 3481 ista
2133 3436 2243 3481 tra-

658 3531 886 3585 ctantur,
912 3536 1098 3576 omnes
1123 3536 1307 3575 carere
1335 3519 1576 3584 scientia,
1600 3518 1694 3574 sed
1717 3534 1820 3573 non
1845 3518 2039 3574 habere
2059 3533 2246 3573 omnes

658 3614 799 3669 dico.
850 3613 1007 3669 istam
1038 3612 1181 3666 enim
1220 3610 1286 3665 ad
1316 3609 1417 3665 hoc
1455 3610 1716 3665 volvimus
1756 3609 2103 3681 qumstionem
2130 3650 2144 3675 ,
2187 3617 2246 3663 ut

658 3705 1044 3777 intelligamus,
1075 3703 1119 3758 si
1150 3718 1459 3773 possumus,
1489 3719 1645 3772 quam
1677 3710 1821 3757 recte
1848 3701 1917 3756 sit
1943 3702 2159 3757 scientia
2191 3700 2242 3755 in

657 3797 749 3853 illa
774 3794 1082 3851 definitione
1105 3793 1320 3848 musica:
1349 3793 1552 3864 posita;
1584 3808 1742 3864 quam
1780 3792 1823 3848 si
1862 3808 2047 3846 omnes
2076 3790 2245 3845 tibici-

656 3903 755 3944 nes
776 3897 827 3942 et
856 3885 1093 3941 ﬁdicines
1117 3928 1131 3953 ,
1164 3894 1220 3940 et
1247 3885 1297 3940 id
1323 3900 1490 3956 genus
1516 3884 1602 3939 alii
1626 3885 1849 3955 quilibet
1875 3884 2087 3950 habent,
2115 3882 2243 3937 nihil

654 3984 756 4039 ista
787 3981 1063 4051 disciplina
1088 3988 1214 4052 puto
1238 3994 1358 4034 esse
1384 3980 1563 4047 vilius,
1594 3979 1720 4033 nihil
1749 3979 2025 4049 abjectius.

730 4075 785 4131 8.
814 4073 921 4129 Sed
957 4071 1174 4129 attende
1215 4087 1373 4142 quam
1415 4071 1854 4143 diligentissime,
1885 4082 1944 4129 ut
1979 4074 2119 4144 quod
2151 4074 2242 4131 diu

653 4169 764 4240 jam
794 4167 1044 4223 molimur
1069 4174 1338 4238 appareat.
1370 4164 1529 4222 Certe
1571 4167 1714 4221 enim
1737 4166 1847 4236 jam
1893 4167 2020 4222 mihi
2048 4168 2242 4224 dedisti

658 4260 713 4317 in
735 4260 849 4316 solo
868 4259 1046 4314 animo
1072 4257 1315 4313 habitare
1344 4259 1642 4314 scientiam.
1660 4256 1730 4312 D.
1754 4259 1946 4327 Quidni
1966 4261 2243 4317 dederim?

657 4353 738 4409 Μ.
767 4351 949 4421 Quid?
981 4366 1197 4408 sensum
1228 4350 1433 4405 aurium
1476 4351 1756 4416 animone,
1799 4367 1868 4406 an
1908 4354 2134 4423 corpori,
2173 4369 2241 4409 an

656 4445 868 4516 utrique
891 4442 1176 4499 concedis?
1214 4442 1282 4497 Β.
1322 4441 1563 4512 Utrique.
1603 4440 1680 4495 Μ.
1717 4443 1850 4510 Quid
1892 4445 2242 4500 memoriam?

658 4536 730 4592 Β.
750 4536 942 4593 Animo
963 4543 1090 4606 puto
1112 4549 1231 4590 esse
1254 4533 1607 4590 tribuendam.
1632 4533 1747 4588 Non
1774 4536 1914 4589 enim
1938 4536 1981 4591 si
2011 4552 2103 4607 per
2122 4552 2243 4593 sen-

658 4645 753 4686 sus
794 4630 1119 4701 percipimus
1152 4627 1350 4699 aliquid
1396 4628 1536 4699 quod
1582 4630 1854 4683 memoria:
1900 4632 2246 4687 commenda-

656 4737 816 4789 mus,
859 4722 979 4777 ideo
1026 4722 1078 4776 in
1135 4736 1361 4792 corpore
1409 4722 1661 4777 memoria
1702 4737 1821 4779 esse
1866 4726 2093 4795 putanda
2140 4737 2240 4783 est.

661 4810 742 4867 Ι.
763 4812 948 4883 Magna
972 4812 1197 4868 fortasse
1217 4812 1315 4867 ista
1341 4813 1564 4881 quaestio
1586 4823 1691 4879 est,
1714 4830 1885 4885 neque
1910 4815 2033 4872 huic
2052 4833 2242 4890 oppor-

658 4910 791 4957 tuna
817 4903 1072 4959 sermoni.
1107 4902 1215 4959 Sed
1260 4902 1403 4974 quod
1449 4905 1722 4975 proposito
1760 4916 1843 4961 sat
1874 4918 1989 4973 cst,
2020 4918 2147 4980 puto
2191 4918 2246 4967 te

658 5007 858 5064 negare
881 5008 989 5049 non
1012 5008 1193 5064 posse,
1221 4994 1422 5050 bestias
1442 4994 1641 5052 habere
1671 4998 2000 5053 memoriam.
2030 4999 2163 5057 Nam
2189 5011 2246 5058 et

659 5081 817 5141 nidos
843 5092 965 5155 post
992 5099 1188 5139 annum
1210 5085 1448 5141 revisunt
1476 5085 1788 5144 hirundines
1806 5129 1822 5155 ,
1853 5098 1909 5146 et
1936 5090 2005 5148 de
2027 5094 2246 5164 capellis

656 5176 940 5233 verissime
968 5176 1166 5232 dictum
1202 5186 1287 5233 est
1307 5196 1321 5231 :

753 5274 911 5333 Atque
932 5267 1050 5332 ipsa:
1070 5280 1317 5320 memores
1337 5269 1549 5333 redeunt
1570 5273 1621 5333 in
1636 5278 1771 5333 tecta
1790 5275 2009 5333 ancllae.

1372 5330 1559 5399 (Georg.
1586 5331 1671 5385 lib.
1694 5335 1744 5395 δ,
1767 5348 1812 5386 υ.
1835 5330 1970 5401 sto.)

657 5438 729 5496 Et
754 5436 904 5494 canis
937 5436 1158 5493 heroem
1186 5435 1462 5492 dominum
1481 5478 1498 5504 ,
1520 5437 1630 5509 jam
1648 5439 2074 5501 suisbominibus
2104 5447 2247 5504 obli-

659 5539 774 5586 tum
797 5530 1175 5600 recognovisse
1196 5528 1786 5602 pnedicaturwiiyssca:
1800 5556 1848 5605 ρ.
1870 5550 1917 5588 υ.
1942 5534 2244 5612 291mm).

660 5622 733 5679 Et
760 5622 1199 5690 innumerabilia,
1236 5622 1282 5678 si
1322 5622 1577 5691 velimus,
1609 5624 2035 5685 animadvertere
2063 5647 2251 5701 possu-

664 5727 807 5782 mus,
834 5715 1028 5785 quibus
1057 5714 1109 5770 id
1133 5714 1274 5788 quod
1298 5714 1420 5771 dico
1444 5716 1779 5773 manifestum
1801 5728 1901 5775 est.
1922 5718 1989 5774 υ.
2013 5721 2124 5779 Nec
2148 5738 2248 5793 ego

669 5805 809 5862 istud
836 5822 993 5881 nego,
1015 5806 1213 5880 etquid
1243 5816 1295 5868 te
1329 5808 1573 5880 adjuvet,
1604 5810 1950 5871 vehementer
1975 5824 2245 5888 exspecto.

732 5937 750 5982 l
790 5938 1065 6005 Verborum,
1088 5940 1224 6008 juxta
1246 5949 1353 5997 Mss.
1380 5949 1557 5997 Aetii.
1646 5949 1702 6001 lt.

1844 451 1936 511 ns
1970 451 2250 520 MUSICA,
2289 451 2352 509 s.
2392 450 2764 513 annosum
3723 484 3768 544 Μ

2356 566 2437 626 ιι,
2473 568 2610 639 Quid
2635 580 2825 641 potas,
2856 570 2958 626 nisi
2984 572 3120 640 quod
3165 576 3423 638 scientiam
3460 588 3540 656 qui
3576 592 3661 650 soli
3693 603 3768 659 anii

2353 660 2559 763 tribuit,
2599 678 2824 763 eamque
2867 665 3113 723 omnibus
3150 667 3518 735 irrationalibus
3546 685 3768 763 anltan

2351 751 2558 853 adimit,
2595 771 2766 827 neque
2789 755 2848 853 in
2869 772 3028 815 sensu
3051 775 3191 828 eam,
3215 780 3379 838 neque
3404 767 3452 825 in
3474 781 3688 835 memoria
3708 751 3768 853 (

2352 846 2481 903 illud
2529 864 2635 905 non
2674 858 2757 905 est
2804 851 2923 907 sine
2965 867 3222 926 corpore,
3248 867 3302 914 et
3347 869 3599 937 utrumque
3631 846 3747 930 etiain

2350 940 2521 997 bestia
2550 941 2698 1015 est),
2724 942 2818 998 sed
2861 942 2915 999 in
2961 946 3077 1001 solo
3120 946 3380 1007 intellectu
3406 955 3677 1017 collocavit?
3699 964 3743 1019 υ.

2353 1031 2455 1087 hoc
2498 1042 2750 1103 exspecto
2792 1035 2920 1105 quid
2958 1045 3009 1092 te
3048 1038 3281 1109 adjuvet.
3308 1040 3383 1097 ιι.
3427 1045 3551 1103 Nihil
3594 1031 3767 1115 aliudui

2350 1138 2541 1179 omnes
2590 1125 2679 1196 qui
2704 1140 2918 1183 sensum
2944 1140 3257 1201 sequuntur,
3277 1142 3330 1189 et
3344 1136 3475 1207 quod
3498 1138 3545 1195 in
3565 1157 3621 1199 eo
3641 1125 3768 1210 delcai

2353 1214 2629 1270 memoria:
2674 1218 3082 1309 commendant,
3126 1230 3284 1291 atque
3319 1228 3581 1283 semiudum
3612 1234 3651 1287 id
3684 1214 3768 1309 coni

2353 1314 2652 1369 moventes,
2682 1307 2787 1361 vim
2821 1309 3105 1378 quamdam
3144 1311 3441 1372 imitationis
3464 1307 3768 1393 adjunguntui

2350 1410 2446 1451 eos
2472 1396 2671 1453 habere
2694 1399 2993 1468 scientiam,
3023 1405 3264 1471 quamvis
3291 1408 3452 1477 perite
3474 1424 3528 1463 ac
3552 1413 3676 1469 diuae
3703 1396 3768 1477 tnui

2350 1486 2527 1544 facere
2556 1490 2852 1556 videamur,
2898 1493 2944 1548 si
2979 1510 3092 1549 rem
3128 1495 3294 1567 ipsam
3321 1514 3468 1569 quam
3498 1486 3768 1576 pmlitenutri

2349 1580 2623 1645 exhibent,
2648 1584 2952 1641 intellectus
2981 1588 3209 1656 puritate
3230 1605 3293 1645 ac
3320 1593 3527 1650 veritate
3548 1614 3630 1653 non
3650 1580 3768 1661 teneai

2349 1672 2419 1728 At
2453 1675 2495 1727 si
2538 1676 2670 1731 tales
2710 1690 2830 1733 esse
2870 1677 3001 1732 istos
3036 1679 3322 1736 theatricos
3353 1688 3596 1757 operarios
3628 1672 3768 1757 aliud

2352 1767 2769 1829 monstraverit;
2808 1767 2937 1823 nihil
2972 1768 3097 1837 erit,
3131 1782 3187 1826 ut
3231 1774 3442 1844 opinor,
3480 1795 3563 1834 cur
3583 1767 3768 1844 dubitesi

2351 1872 2547 1928 negare
2586 1858 2896 1927 scientiam,
2937 1869 2993 1916 et
3035 1861 3106 1916 ob
3144 1863 3245 1918 hoc
3270 1866 3525 1929 mnsitam.
3550 1874 3719 1940 quiesci

2351 1949 2655 2005 mo.lnlaudi
2707 1960 2819 2016 est,
2874 1967 3210 2026 nequaquam
3254 1958 3546 2016 concedere.
3581 1960 3636 2017 D.

2350 2040 2452 2097 hoc
2475 2058 2489 2107 ;
2526 2042 2797 2099 videamus
2824 2045 2983 2116 quale
3010 2046 3102 2104 sit.

2421 2132 2472 2188 9.
2506 2132 2579 2186 Μ.
2614 2133 2954 2191 Mobilitatem
2981 2137 3265 2209 digitorum
3281 2142 3562 2200 celeriorem
3584 2148 3647 2201 vel
3668 2132 3768 2217 pigri

2350 2240 2463 2280 rem
2492 2226 2653 2281 credo
2692 2236 2744 2281 te
2775 2243 2878 2284 non
2909 2231 3173 2299 scientiw,
3201 2234 3294 2289 sed
3319 2237 3428 2290 usui
3453 2237 3580 2295 dare.
3606 2238 3655 2293 Ι).
3673 2226 3768 2299 Curi

2347 2317 2524 2371 credis
2556 2316 2644 2370 id?
2676 2317 2751 2371 Μ.
2775 2317 2905 2386 Quia
2938 2328 3188 2390 superius
3210 2325 3305 2380 soli
3333 2328 3497 2383 animo
3519 2316 3768 2390 scientiamli

2351 2404 2551 2461 buebas
2574 2447 2590 2472 ,
2623 2405 2724 2463 hoc
2752 2418 2931 2464 autem
2977 2428 3282 2486 quanquam
3324 2417 3581 2487 imperante
3611 2404 3768 2487 animi

2350 2511 2471 2551 men
2507 2513 2625 2553 esse
2664 2501 2904 2569 corporis
2934 2502 3108 2559 vides.
3142 2503 3211 2559 υ.
3249 2504 3350 2563 Sed
3377 2525 3485 2564 cum
3508 2511 3646 2565 sciens
3666 2501 3768 2569 anili

2350 2583 2453 2640 hoc
2487 2586 2713 2657 imperat
2738 2591 2974 2659 corpori,
3010 2595 3182 2665 magis
3213 2595 3311 2651 hoc
3338 2598 3507 2653 scienti
3531 2600 3680 2665 animo,
3700 2583 3768 2668 qui

2350 2679 2701 2736 servientibus
2742 2685 2999 2740 membris
3040 2687 3373 2745 tribuendum
3418 2699 3542 2762 puto.
3584 2689 3642 2745 Μ.
3677 2679 3768 2762 Noui

2349 2787 2535 2829 censes
2568 2790 2723 2845 posse
2768 2778 2880 2833 lieri
2923 2788 2985 2833 ut
3032 2797 3173 2836 unus
3214 2784 3369 2838 alium
3402 2785 3585 2840 scicntia
3609 2778 3768 2855 praedi

2350 2882 2472 2921 cum
2514 2867 2601 2921 ille
2633 2868 2927 2937 imperitior
2954 2874 3131 2929 multo
3172 2874 3373 2932 facilius
3403 2886 3453 2933 et
3472 2867 3768 3026 expeditius?

2351 2965 2433 3011 tos
2466 2959 2712 3012 moveat?
2743 2957 2809 3011 D.
2834 2958 3065 3017 Censeo.
3098 2962 3177 3018 Μ.
3210 2970 3278 3020 At
3303 2968 3346 3021 si
3386 2976 3533 3022 motus
3561 2966 3727 3021 celeret

2351 2965 2433 3011 tos
2466 2959 2712 3012 moveat?
2743 2957 2809 3011 D.
2834 2958 3065 3017 Censeo.
3098 2962 3177 3018 Μ.
3210 2970 3278 3020 At
3303 2968 3346 3021 si
3386 2976 3533 3022 motus
3561 2966 3727 3021 celeret

2353 3046 2581 3118 peditior
2603 3049 2888 3119 digitorum
2921 3054 3171 3110 scientiae
3196 3057 3484 3114 tribucmlus
3500 3068 3623 3123 esset,
3643 3065 3750 3110 tanto

2351 3156 2418 3194 eo
2443 3140 2667 3211 quisque
2691 3143 2999 3206 excelleret,
3030 3158 3237 3217 quanto
3257 3160 3394 3206 esset
3406 3149 3611 3205 scientior.
3632 3146 3685 3200 ο.
3703 3140 3768 3217 Coi

2349 3230 2482 3286 cedo
2527 3230 2583 3284 31
2591 3270 2605 3284 .
2632 3234 2863 3290 Attende
2889 3238 3051 3291 etiam
3085 3239 3246 3294 istud.
3290 3240 3412 3296 Nam
3447 3240 3590 3309 opinor
3623 3230 3768 3309 nonani

2348 3517 2533 3564 etnon
2573 3509 2681 3565 alio
2709 3526 2868 3581 quam
2907 3528 2974 3568 eo
3010 3530 3127 3585 quo
3152 3516 3375 3573 intendit
3394 3518 3569 3572 animus
3591 3509 3768 3585 ictumpti

2350 3602 2742 3674 ducere;un
2790 3622 2888 3663 nos
2927 3617 3200 3667 tentantes
3243 3628 3358 3667 cum
3394 3609 3571 3681 assequi
3593 3602 3768 3681 πεποίκιιή

2348 3695 2418 3749 ab
2462 3696 2542 3751 eis
2582 3712 2725 3767 saepe
2768 3697 3081 3758 irridentur.
3122 3701 3192 3757 D.
3236 3703 3307 3758 Ita
3335 3711 3411 3759 est
3432 3711 3478 3755 ut
3500 3699 3618 3755 dicis.
3636 3695 3768 3768 ΕΜ

2348 3802 2469 3842 cum
2512 3787 2562 3843 id
2608 3803 2707 3844 nos
2734 3790 2910 3848 facere
2939 3809 3043 3849 non
3075 3796 3332 3866 valemus,
3355 3792 3572 3864 numquid
3594 3787 3768 3866 ignmmi

2348 3878 2474 3949 quid
2507 3878 2649 3935 feriri
2680 3880 2895 3951 debeat,
2924 3886 3007 3941 vel
3035 3897 3295 3959 quantum
3327 3888 3499 3945 debeat
3529 3873 3768 3959 κωιιυωτίη

2349 3969 2504 4040 Saepe
2530 3971 2851 4041 ignoramus,
2883 3990 3027 4046 saepe
3066 3980 3285 4034 scimus.
3322 3978 3396 4035 ll.
3423 3976 3516 4033 Fac
3534 3990 3630 4045 ergo
3647 3969 3768 4046 aliqua

2349 4076 2508 4117 nosse
2536 4065 2736 4130 omnia,
2778 4082 2897 4137 qua:
2936 4066 3077 4124 fabri
3118 4070 3293 4127 facere
3330 4070 3549 4133 debeant,
3582 4059 3768 4137 etperieq

3636 4258 3680 4299 so

3632 4348 3683 4389 te

3632 4531 3649 4570 ε
3746 4492 3755 4585 ξ

3632 4698 3711 4753 ibat

3632 4779 3759 4822 .Ati‘

3627 4822 3675 4843 ...ι

3618 4872 3731 4935 Β.

3618 4970 3677 5026 ius

3618 5149 3747 5219 lire‘

3690 5273 3768 5471 ,Ξ

2348 4426 2543 4495 negas?
2575 4425 2637 4480 ΒΔ
2674 4427 2787 4483 Non
2816 4446 2974 4501 nego.
3006 4433 3084 4488 Μ.
3114 4433 3229 4490 Non
3276 4434 3426 4504 igitur
3461 4430 3604 4485 solum
3636 4432 3755 4504 m0"!

2347 4518 2601 4573 celeritas
2638 4527 2797 4590 atque
2841 4520 3100 4587 facilitas,
3132 4524 3226 4581 sed
3262 4525 3414 4581 etiam
3449 4516 3649 4577 motionis

2349 4612 2461 4681 ipse
2492 4611 2545 4665 in
2577 4613 2853 4681 membris,
2881 4616 2997 4671 usui
3029 4618 3205 4688 potius
3228 4633 3382 4689 quam
3417 4610 3615 4671 scientia:

2348 4703 2452 4758 dus
2482 4714 2582 4759 est.
2613 4704 2746 4761 Nam
2772 4706 2816 4761 si
2843 4708 2998 4765 aliter
3021 4718 3185 4773 esset,
3215 4725 3279 4766 eo
3302 4709 3507 4781 quisque
3529 4698 3746 4781 manibu!

2349 4794 2451 4851 lius
2486 4805 2725 4853 uteretur
2756 4814 2860 4867 quo
2884 4810 3027 4856 esset
3052 4779 3460 4872 peritiorzquod
3498 4796 3600 4852 licet
3627 4786 3675 4843 ad
3700 4779 3759 4838 ιίδί

2349 4886 2651 4942 citharasve
2676 4887 2989 4951 referamus,
3019 4904 3087 4948 ne
3104 4891 3245 4964 quod
3274 4891 3341 4946 ibi
3368 4887 3501 4960 digiti
3522 4894 3645 4955 atque

2350 4977 2572 5044 faciunt,
2601 4979 2722 5051 quia
2749 4979 2968 5038 difﬁcile
3008 4984 3163 5039 nobis
3188 4994 3293 5047 est,
3322 4979 3522 5038 scientia
3543 4970 3677 5048 poli“!
3696 4977 3748 5035 ll‘l

2349 5086 2450 5127 usu
2472 5080 2526 5126 et
2546 5070 2730 5126 sedula
2760 5071 3057 5130 imitatione
3076 5090 3143 5130 ac
3166 5072 3492 5130 meditatione
3509 5061 3603 5122 ﬁeri
3620 5064 3744 5130 Ριιιαι

2351 5161 2421 5216 ι).
2453 5161 2568 5217 Non
2599 5177 2737 5232 queo
2765 5163 3015 5220 resistere
3040 5181 3055 5231 ;
3084 5181 3207 5221 nam
3232 5173 3285 5221 et
3316 5161 3527 5219 medicos
3548 5149 3686 5210 audire
3704 5149 3747 5219 "’1

2350 5252 2689 5308 doctissimos
2709 5253 2875 5321 viros,
2904 5270 3050 5327 szepe
3072 5255 3126 5311 in
3154 5255 3410 5319 secandis,
3427 5251 3500 5307 vel
3518 5255 3682 5320 quoquo
3695 5251 3743 5327 ξπ

2350 5342 2766 5415 comprimendis
2792 5346 3067 5412 membris,
3110 5347 3163 5402 in
3205 5361 3271 5403 eo
3303 5343 3437 5417 quod
3476 5350 3609 5397 manu
3638 5343 3683 5384 ac
3706 5342 3762 5417 Ἢ

2352 5433 2467 5501 ﬂat,
2492 5436 2562 5490 ab
2598 5434 3010 5507 imperitioribus
3037 5437 3277 5494 antecedi
3297 5454 3312 5491 :
3335 5432 3463 5506 quod
3497 5438 3635 5502 senm
3651 5432 3735 5503 ατε

2352 5486 3001 5600 chirurgiamrnominant,
3029 5546 3134 5602 quo
3156 5486 3404 5585 vocabule
3429 5486 3540 5580 satis

2354 5590 2595 5689 operaria
2633 5619 2877 5691 quaedam
2917 5590 3254 5677 immanibus
3290 5615 3511 5675 medendi

2355 5710 2522 5780 Perge
2543 5710 2718 5782 itaque
2736 5711 2802 5767 ad
2826 5723 3038 5783 caetera,
3067 5721 3121 5768 et
3137 5713 3243 5783 jam
3269 5712 3411 5767 istaut
3437 5700 3607 5760 conﬁce

2356 5816 2501 5861 nem.

2420 5894 2454 5965 ιλ
2473 5899 2522 5965 l_n
2544 5892 2870 5965 expiatam;
2893 5898 2963 5948 sic
2984 5898 3129 5949 etiam
3171 5903 3308 5959 um;
3329 5899 3376 5944 ιι
3402 5879 3600 5964 ενι
3619 5884 3704 5926 νω·
3724 5872 3768 5963 ’Ἴ

2359 5961 2391 6009 Α
2412 5962 2462 6007 et
2476 5960 2526 6019 Β,
2542 5954 2785 6023 judicare.
2858 5954 2913 6031 e.
