3844 6280
0 116 204 727 ι

0 1054 254 1251 περ

0 1251 266 1431 ll:

0 1431 202 1708 il“?

0 1708 239 1987 fE

0 1987 227 2162 LF-

0 2849 172 3275 Ε

0 3552 172 3827 ,ε

171 3991 180 3998 ο

163 4079 176 4086 ι

47 5124 64 5292 ι
138 5248 173 5261 ,ε

146 509 413 579 MTV-
439 541 520 556 --
547 513 775 576 Sensus
796 519 1012 576 musices
1028 507 1094 573 an
1108 517 1226 572 insit
1249 532 1282 570 α
1307 525 1512 570 natura.

88 673 201 755 β.
223 676 298 736 Ι.
322 673 458 734 illud
496 686 705 746 restat,
738 688 804 734 ut
844 678 1055 751 opinor,
1095 683 1156 732 ut
1195 674 1553 741 inveniamus,
1582 673 1629 730 si

152 765 327 836 inus.
355 770 455 826 has
481 769 634 840 ipsas
653 780 810 826 artes
834 786 952 842 qua:
982 767 1134 824 nobis
1161 783 1258 840 per
1285 781 1474 824 manus
1514 765 1632 836 pla-

143 849 260 936 i‘nt
297 865 445 920 illius
481 877 616 918 usus
660 871 918 934 potentes
957 869 1168 928 essent,
1219 874 1326 915 non
1377 859 1629 914 continuo

166 960 328 1021 liam.
373 956 475 1014 sed
522 972 746 1013 sensum
799 971 864 1012 ac
910 955 1222 1011 memoriam
1270 961 1525 1008 secutas:
1560 965 1628 1006 ne

181 1053 323 1108 mihi
352 1052 510 1107 dicas
549 1041 664 1104 ﬁeri
701 1049 919 1120 quidem
953 1062 1128 1118 posse,
1168 1055 1225 1100 ut
1259 1043 1479 1100 scientia
1507 1042 1628 1099 sine

274 1154 329 1199 et
372 1141 551 1212 major
597 1140 911 1211 plerumque
934 1153 1094 1209 quam
1119 1146 1203 1191 est
1232 1135 1285 1189 in
1311 1135 1390 1190 eis
1413 1134 1500 1204 qui
1527 1148 1627 1188 usu

42 1134 329 1303 met
372 1141 551 1212 major
597 1140 911 1211 plerumque
934 1153 1094 1209 quam
1119 1146 1203 1191 est
1232 1135 1285 1189 in
1311 1135 1390 1190 eis
1413 1134 1500 1204 qui
1527 1148 1626 1188 usu

165 1225 168 1228 ’
271 1246 326 1299 t;
361 1234 466 1290 sed
498 1243 674 1288 tamen
700 1234 863 1287 etiam
888 1230 1008 1285 illos
1029 1229 1096 1284 ad
1118 1243 1271 1283 usuin
1300 1235 1500 1282 tantum
1520 1240 1626 1280 non

48 1316 261 1393 ’.ιε
290 1329 424 1384 sine
453 1326 562 1380 ulla
592 1323 812 1380 scientia
845 1320 1140 1393 pervenire.
1170 1318 1239 1374 D.
1273 1317 1576 1389 Aggredere
1607 1333 1623 1370 :

157 1408 256 1478 illa
295 1418 497 1474 deberi
541 1416 877 1472 manifestum
916 1423 1016 1468 est.
1046 1411 1124 1466 Μ.
1153 1411 1502 1480 Nunquamne
1527 1408 1628 1464 hu-

163 1511 248 1578 pdi
277 1510 587 1566 histriones
609 1509 802 1564 audisti
827 1505 1150 1562 studiosius?
1169 1502 1238 1558 Β.
1259 1503 1382 1558 ΡΙιιε
1403 1502 1626 1558 fortasse

52 1593 424 1670 .vellem.
443 1604 494 1659 ll
505 1643 520 1657 .
542 1603 688 1660 Unde
706 1601 819 1657 ﬁeri
834 1611 1006 1670 putas,
1021 1596 1329 1667 utitnperita
1344 1593 1625 1650 multitudo

200 1703 267 1754 at
294 1712 453 1768 sa-pe
475 1694 744 1750 tibicinem
774 1691 1080 1762 nugatorias
1103 1702 1266 1743 sonos
1291 1684 1621 1750 efferentem;

141 1803 340 1856 mue
389 1785 611 1856 plaudat
649 1785 784 1839 bene
823 1781 1055 1845 canenti,
1085 1788 1140 1834 et
1166 1792 1384 1849 prorsus
1425 1785 1626 1846 quanto

196 1897 230 1938 3
245 1879 496 1940 canitur.
518 1887 667 1932 tanto
680 1875 908 1945 amplius
926 1884 980 1928 et
998 1869 1290 1926 studiosius
1302 1879 1582 1922 moveatur
1597 1867 1624 1919 τ

146 1958 426 2038 ῌΜιιθιιι
452 1969 505 2023 id
537 1983 567 2022 a
593 1967 748 2038 \ulgo
769 1980 866 2037 per
886 1973 1056 2018 artem
1089 1960 1344 2015 musicam
1371 1958 1482 2013 lieri
1503 1973 1626 2012 cre-

186 2078 248 2118 In
274 2060 406 2117 est?
427 2058 506 2113 D.
553 2058 689 2113 Non.
733 2055 808 2110 Μ.
854 2054 991 2124 Quid
1033 2051 1222 2124 igitur?
1246 2049 1316 2104 ι).
1348 2049 1544 2105 Natura
1572 2047 1624 2104 id

128 2885 372 2958 balet,
397 2889 530 2945 sive
570 2888 692 2958 ipse
722 2887 971 2946 inveniat.
1001 2886 1086 2941 illa
1107 2885 1174 2940 de
1201 2902 1303 2956 qua
1329 2885 1526 2940 dictum
1544 2894 1627 2940 est

122 2978 220 3052 ﬁt:
244 2992 436 3052 atque
459 2980 801 3050 approbante
827 2989 1030 3032 natura.
1060 2978 1240 3048 Itaque
1259 2993 1380 3031 cum
1407 2994 1546 3032 sensi
1569 2993 1624 3033 ω

110 3056 270 3143 hia,
315 3082 380 3128 et
423 3071 652 3127 articuli
697 3072 1005 3126 memoriam
1041 3079 1352 3140 sequuntur,
1387 3085 1483 3123 usu
1514 3070 1624 3138 jam

304 2195 323 2217 ,
348 2169 477 2223 qua:
506 2149 758 2206 omnibus
795 2148 942 2202 dedit
974 2160 1194 2202 sensum
1219 2143 1488 2207 audiendi,
1518 2156 1626 2213 quo

141 2213 152 2224 ψ

122 2236 476 2313 “tantur.
510 2242 591 2298 Μ.
633 2242 680 2298 R
713 2251 796 2296 cte
826 2251 999 2313 putas.
1030 2239 1136 2294 Sed
1168 2239 1277 2308 jam
1306 2236 1465 2292 etiam
1496 2236 1624 2292 illtid

179 2347 369 2394 utrum
397 2348 453 2392 et
478 2335 678 2389 tibicen
721 2333 837 2402 ipso
881 2332 981 2387 hoc
1027 2345 1189 2386 sensu
1233 2330 1484 2399 praeditus
1531 2327 1622 2384 sit.

128 2424 232 2498 isi
261 2431 339 2486 ita
372 2438 483 2492 est,
519 2436 698 2498 potest
722 2427 839 2495 ejus
867 2441 1098 2494 sequens
1121 2424 1376 2494 judicium
1408 2438 1625 2478 movere

160 2511 206 2580 ᾖ
233 2536 367 2578 cum
411 2520 581 2574 tibias
629 2508 912 2579 inllaverit,
943 2526 998 2572 et
1025 2516 1166 2586 (ιυυά
1191 2515 1320 2569 satis
1344 2513 1625 2570 commode

200 2614 352 2672 Iitin
373 2611 654 2675 senuerit,
684 2608 734 2662 id
763 2618 946 2663 notare
972 2624 1037 2664 ac
1057 2606 1308 2662 mandare
1331 2607 1621 2670 memoriae,

175 2703 236 2760 "ﬂ
266 2703 595 2774 repetendo
622 2716 998 2756 consueuieere
1025 2700 1218 2771 digitos
1250 2715 1316 2754 eo
1350 2702 1470 2754 ferri
1509 2699 1625 2753 sine

150 2791 540 2862 {trepidatione
587 2803 646 2849 et
683 2808 890 2859 errore,
917 2793 1031 2848 sive
1069 2793 1136 2848 ab
1172 2791 1277 2846 aiio
1314 2792 1538 2862 accipiat
1571 2791 1624 2846 id

151 3157 202 3222 ili
221 3178 414 3236 atque
450 3163 782 3234 praeparati;
811 3165 953 3216 canit
976 3179 1096 3215 cum
1128 3162 1234 3215 \ult
1265 3171 1410 3216 tanto
1437 3162 1626 3215 melius

123 3252 152 3324 TI
185 3257 544 3328 jucundius,
579 3264 780 3326 quanto
819 3254 924 3308 illis
965 3252 1212 3308 onnibns
1253 3264 1467 3324 prseslat
1508 3270 1628 3324 qua:

277 3352 433 3406 ratio
460 3348 653 3404 docuit
683 3362 804 3401 cum
831 3346 1016 3400 bestiis
1041 3362 1138 3400 nos
1163 3345 1358 3400 habere
1382 3361 1626 3400 commu-

109 3419 454 3514 E'appetitum
482 3439 698 3494 scilicet
722 3437 984 3501 imitandi,
1012 3453 1225 3492 sensum
1247 3447 1405 3507 atque
1427 3453 1630 3492 memo-

102 3527 156 3604 ᾖ.
199 3533 497 3604 “nunquid
525 3531 698 3587 babes
736 3531 1021 3586 adversum
1054 3532 1150 3585 ista
1174 3532 1315 3602 quod
1345 3531 1529 3584 dicas?
1555 3527 1626 3591 υ,

110 3622 292 3694 ivero
315 3623 456 3680 nihil
477 3623 672 3680 habeo.
697 3623 814 3679 Jam
843 3622 1026 3678 audire
1053 3640 1208 3694 cupio
1236 3625 1531 3694 cujusmodi
1559 3625 1632 3682 sit

172 3719 438 3790 ieiplina,
468 3734 633 3788 quam
664 3716 901 3786 profecto
940 3732 969 3769 a
1010 3715 1311 3786 cognitione
1343 3717 1629 3772 vilis-imo-

347 3825 479 3865 rum
514 3808 672 3863 video
692 3807 1038 3863 subtilissime
1060 3809 1395 3863 vindicatam.

153 3901 270 3966 11⁸1⁵
298 3900 394 3957 Vl.
422 3929 505 3942 ——
527 3900 772 3956 Cantores
810 3901 1078 3954 theatricos
1115 3901 1303 3955 nescire
1325 3900 1588 3954 musicam.

140 3975 274 4063 Et...
286 3992 559 4050 Nondum
578 4003 662 4048 est
679 3993 812 4048 satis
825 3991 965 4063 quod
981 3993 1173 4047 factum
1189 4002 1290 4058 est,
1305 4007 1404 4047 nec
1418 3991 1485 4047 ad
1507 3992 1628 4062 ejus

163 4079 436 4151 itionem
459 4086 693 4143 transire
713 4101 809 4142 nos
833 4088 1025 4152 sinam,
1052 4086 1150 4141 nisi
1179 4086 1626 4157 quemadmodum

164 4179 248 4249 ﬂ
283 4179 450 4236 inter
495 4196 596 4234 nos
632 4193 790 4249 posse
831 4179 1114 4234 histriones
1147 4181 1261 4234 sine
1288 4181 1385 4234 iSIa
1406 4180 1626 4236 scientia

259 4285 330 4328 re
375 4271 646 4342 Voluptati
694 4271 902 4325 auriutn
947 4271 1304 4341 popularium;
1345 4272 1416 4327 ita
1466 4273 1624 4328 etiam

183 4361 376 4422 ’Inodo
419 4378 550 4419 ease
593 4377 747 4433 posse
789 4361 1075 4418 histriones
1117 4365 1332 4419 musica:
1358 4365 1626 4424 studiosos

114 3716 123 3737 Ε

223 4964 330 5082 ἶ

150 4452 328 4517 huc
362 4453 692 4511 constiterit.
734 4452 804 4507 Β.
842 4453 1026 4508 Mirum
1055 4457 1099 4510 si
1127 4456 1227 4512 hoc
1251 4457 1510 4513 eﬂ‘cccris.
1543 4456 1622 4513 Μ.

305 4549 560 4622 quidem,
590 4547 683 4603 sed
721 4549 1004 4603 attentiore
1031 4559 1081 4604 te
1106 4551 1231 4604 mihi
1263 4567 1396 4621 opus
1423 4565 1522 4607 est.
1552 4551 1623 4607 D.

181 4645 304 4702 Ia-
339 4639 623 4712 equidem.
648 4638 792 4708 quod
823 4639 1009 4704 sciam,
1040 4641 1311 4695 remissior
1334 4642 1385 4696 in
1409 4643 1624 4699 audien-

205 4735 328 4805 ιιι»
373 4748 552 4805 usque
592 4747 774 4788 sermo
803 4733 904 4787 iste
945 4733 1167 4804 sumpsit
1194 4735 1466 4790 exordium
1493 4755 1506 4790 :
1529 4736 1625 4793 scil

134 4825 290 4900 Igne,
315 4827 516 4892 fateor,
542 4825 712 4880 multo
731 4825 1046 4880 erectiorem
1075 4827 1368 4881 reddidisti.
1395 4827 1471 4881 Μ.
1487 4828 1626 4885 Gra-

380 4933 697 4991 quanquam
717 4917 811 4972 tibi
833 4929 883 4971 te
906 4918 1211 4974 Commodes
1226 4918 1411 4990 magis.
1447 4920 1626 4992 Itaque

356 5010 410 5066 si
459 5009 656 5081 placet,
698 5017 878 5063 utrum
925 5009 1016 5064 tibi
1049 5010 1286 5066 videatur
1326 5011 1464 5067 scire
1500 5013 1627 5084 quid

293 5121 326 5162 Β
357 5103 598 5168 solidus,
625 5102 718 5173 qui
749 5118 870 5157 eum
901 5119 1053 5173 inquo
1083 5104 1252 5175 pretio
1274 5107 1506 5162 vendere
1530 5123 1628 5163 cu-

154 5193 198 5264 ᾗ,
221 5193 422 5254 decem
455 5209 716 5250 nummos
741 5207 863 5246 eum
895 5193 1072 5249 valere
1102 5196 1398 5264 putaverit?
1430 5196 1502 5252 ι).
1532 5198 1629 5254 Cui

174 5275 431 5360 ila-tur?
457 5285 541 5342 Π.
587 5285 747 5341 Nunc
786 5300 904 5356 age,
941 5285 1028 5342 dic
1065 5288 1215 5355 mihi,
1247 5290 1370 5360 quid
1417 5290 1629 5350 charius

358 5387 468 5452 sit;
507 5379 663 5454 quod
716 5386 902 5434 nostra
935 5380 1275 5452 intelligentia
1305 5385 1627 5455 continetur,

148 5473 246 5546 id
271 5480 432 5539 nobis
474 5475 716 5535 fortuito
744 5473 1109 5542 imperitorum
1133 5475 1332 5546 judicio
1360 5477 1626 5536 tribuitur.

288 5574 518 5633 dubium
564 5574 683 5632 εει.
727 5564 888 5632 longe
929 5564 1054 5621 illud
1103 5568 1326 5635 primum
1376 5582 1631 5639 praastare

535 5676 676 5736 quae
700 5672 774 5713 ne
799 5667 978 5713 nostra
997 5658 1213 5730 quidem
1241 5661 1470 5730 putanda
1486 5673 1629 5718 sunt.

138 5318 155 5351 Β

189 5449 204 5462 Ὀ

33 3650 69 4283 ᾗ

45 4284 69 4332 ⁵1

65 4351 69 4440 1

45 4335 69 4557 ἓ

47 4668 71 5119 ᾗ

0 5768 1378 5952 ξηὼηωεριωᾳωεηοὸὐρεφιαερηιηιαηω.
1443 5831 1502 5879 tt.

0 6069 48 6143 ι

1429 366 1635 436 LIBER
1669 376 1947 439 PRIMUS.

3184 349 3348 467 ma

1738 492 1818 550 ll.
1855 493 1992 551 Num
2026 511 2156 589 ergo
2196 514 2361 572 negas
2403 517 2618 562 omnem
2659 508 2934 568 scientiam
2973 513 3325 589 intelligentia

1733 589 2038 645 contineri?
2062 588 2134 644 Ι).
2163 591 2293 660 Quis
2316 609 2473 668 negat
2491 598 2514 652 ?
2529 597 2608 653 Μ.
2635 600 2702 656 Et
2726 603 2924 660 musica
2946 605 3103 678 igitur
3123 588 3194 665 ibi
3217 619 3321 669 est.

1734 680 1806 738 υ.
1836 681 2003 739 Video
2035 700 2103 741 ex
2139 683 2255 757 ejus
2290 685 2600 748 definitione
2633 693 2685 750 id
2713 709 2834 753 esse
2859 711 3212 772 consequens.
3241 701 3320 761 ιι.

1734 773 1908 843 Quid?
1938 775 2154 845 plausus
2183 778 2362 848 populi
2390 789 2446 836 et
2471 783 2646 838 omnia
2678 786 2767 842 illa
2797 789 3050 848 theatrica
3083 795 3322 864 prmmia,

1734 882 1912 924 nonne
1954 867 2048 924 tibi
2090 885 2158 925 ex
2201 884 2268 926 eo
2296 885 2495 942 genere
2523 873 2787 943 videntur,
2809 881 2948 951 quod
2977 883 3030 938 in
3058 892 3325 954 potestate

1732 955 1961 1013 fortunas
1986 967 2041 1014 et
2066 959 2432 1030 imperitorum
2454 962 2656 1032 judicio
2683 969 2909 1037 positum
2935 974 3057 1028 est?
3083 973 3152 1029 ο.
3181 975 3324 1034 Nihil

1734 1047 1905 1120 magis
1933 1049 2165 1106 arbitror
2187 1065 2307 1107 esse
2328 1054 2601 1110 fortuitum
2627 1047 3018 1135 obnbxiumque
3040 1065 3252 1124 casibus
3270 1078 3324 1125 et

1733 1138 1956 1209 plebeia:
1980 1139 2328 1199 dominationi
2355 1144 2677 1216 nutibusque
2695 1149 3012 1218 subjectum,
3046 1171 3203 1226 quam
3234 1158 3323 1216 illa

1733 1241 1858 1286 sunt
1873 1233 2074 1289 omnia.
2099 1233 2176 1289 Η.
2199 1235 2430 1292 lloccine
2457 1236 2615 1307 igitur
2643 1241 2816 1310 pretio
2836 1253 3023 1299 cantus
3046 1262 3176 1304 suos
3194 1265 3323 1306 veno

1731 1319 1919 1378 derent
1949 1323 2255 1391 histriones,
2277 1326 2320 1381 si
2351 1328 2610 1384 musicam
2637 1330 2873 1388 scirent?
2899 1332 2970 1388 υ.
2993 1335 3106 1393 Non
3137 1355 3322 1411 parum

1730 1415 1945 1485 quidem
1994 1417 2093 1473 hac
2153 1419 2496 1476 conclusione
2533 1437 2895 1491 commoveor,
2940 1427 3034 1483 sed
3083 1433 3323 1492 nonnihil

1732 1505 1904 1561 habeo
1925 1507 2064 1578 quod
2091 1509 2471 1564 contradicam.
2496 1511 2626 1566 Nam
2654 1513 2742 1569 ille
2759 1516 3003 1572 venditor
3028 1519 3182 1575 solidi
3202 1538 3326 1580 cum

1731 1596 1835 1652 isto
1878 1601 2272 1669 comparandus
2317 1617 2422 1657 non
2464 1603 2674 1660 videtur
2716 1623 2730 1660 :
2765 1623 2873 1662 non
2919 1611 3064 1666 enim
3104 1623 3326 1684 accepto

1731 1690 1917 1760 plausu
1961 1703 2054 1746 aut
2090 1695 2331 1763 qualibet
2367 1695 2467 1749 sibi
2496 1696 2683 1766 largita
2708 1700 2928 1768 pecunia
2955 1702 3252 1774 scientiam,
3276 1706 3327 1763 si

1729 1795 1887 1851 quam
1914 1781 2050 1838 forte
2078 1783 2236 1840 habet
2255 1802 2356 1857 qua
2380 1787 2630 1859 populum
2656 1788 2957 1856 delectavit,
2979 1796 3204 1856 amittit:
3229 1797 3326 1854 sed

1730 1875 1973 1930 onustior
1999 1893 2240 1944 nntnmo,
2273 1889 2328 1934 et
2373 1879 2530 1935 laude
2568 1880 2842 1938 hominum
2873 1886 3062 1954 laetior,
3088 1903 3208 1944 cum
3234 1905 3329 1946 ea-

1729 1964 1852 2021 dem
1884 1967 2162 2038 disciplina
2192 1969 2442 2025 incolumi
2480 1981 2642 2042 atque
2668 1974 2870 2048 integra
2895 1976 3113 2035 domum
3150 1981 3330 2040 disce-

1729 2055 1807 2111 dit
1831 2059 2062 2114 :stultus
2085 2069 2265 2116 autem
2295 2072 2458 2128 esset,
2486 2063 2533 2118 si
2562 2067 2840 2122 commoda
2882 2068 2972 2123 illa
3014 2081 3326 2130 contemne.

1729 2158 1830 2208 ret.
1859 2167 1978 2220 quae.
2020 2168 2122 2206 non
2166 2153 2392 2224 adeptus
2429 2153 2598 2209 multo
2648 2165 2792 2212 esset
2839 2159 3118 2230 ignobilior
3162 2173 3324 2237 atque

1729 2242 2041 2310 pauperior;
2069 2241 2292 2312 adeptus
2312 2258 2489 2298 autem
2512 2245 2678 2302 nihilo
2698 2259 2840 2304 esset
2860 2249 3141 2308 indoctior.

1803 2333 1889 2386 1'2.
1921 2330 1999 2386 Μ.
2037 2332 2165 2388 Vide
2193 2351 2320 2405 ergo
2358 2346 2536 2392 utrum
2564 2337 2649 2393 vel
2676 2339 2778 2394 isto
2807 2341 3153 2398 conlieiamus
3175 2345 3319 2418 quod

1727 2421 1996 2478 volumus.
2027 2422 2158 2479 Nam
2189 2425 2352 2480 credo
2381 2427 2545 2482 videri
2586 2429 2678 2483 tibi
2719 2430 2886 2486 multo
2913 2449 3032 2490 esse
3056 2449 3322 2508 praestan-

1729 2513 1854 2580 tius,
1886 2513 1934 2567 id
1966 2525 2181 2584 propter
2208 2517 2347 2587 quod
2386 2517 2583 2588 aliquid
2628 2518 2870 2586 facimus.
2903 2541 3061 2594 qttam
3092 2528 3322 2599 itlipsuttt

1715 2605 1866 2674 quod
1895 2603 2136 2660 facimus.
2174 2605 2238 2660 D.
2269 2607 2601 2664 Manifestum
2629 2622 2734 2668 esl.
2761 2611 2815 2666 Μ
2825 2653 2840 2668 .
2871 2614 2970 2683 Qui
3019 2634 3146 2690 ergo
3185 2636 3321 2678 can-

1731 2703 1808 2749 tat
1839 2696 1921 2750 vel
1953 2709 2170 2753 cantare
2196 2697 2371 2766 discit,
2403 2716 2506 2756 non
2537 2703 2606 2757 ob
2633 2705 2774 2759 aliud
2802 2706 2902 2760 nisi
2935 2721 2988 2763 ut
3020 2709 3262 2769 laudetur
3287 2730 3320 2771 a

1731 2789 1945 2859 pupulo,
1974 2791 2055 2846 vel
2100 2793 2317 2848 omnino
2362 2794 2460 2850 abs
2501 2796 2688 2867 quovis
2713 2796 2949 2865 homine,
2975 2819 3152 2860 nonne
3172 2803 3321 2876 judi-

1728 2890 1815 2936 cat
1862 2884 2135 2939 meliorem
2186 2885 2390 2942 laudent
2443 2889 2588 2944 illam
2634 2907 2756 2947 esse
2784 2909 2941 2964 quam
2971 2899 3318 2956 cantum?D.

1730 2971 1933 3044 Negare
1958 2990 2062 3030 non
2091 2993 2328 3048 pOSsum.
2361 2977 2436 3033 Μ.
2465 2977 2511 3048 ρ
2533 2981 2639 3036 tid?
2667 2982 2756 3038 ille
2783 2987 2870 3056 qui
2894 2989 3029 3044 nia'e
3053 2990 3120 3045 de
3147 2991 3321 3064 aliqua

1730 3080 1790 3122 re
1823 3067 2046 3136 judit'al,
2095 3071 2301 3125 videtur
2353 3071 2443 3127 tibi
2489 3089 2606 3128 eam
2648 3077 2824 3134 scire?
2850 3078 2919 3135 ι).
2951 3080 3108 3138 Nullo
3137 3087 3319 3156 modo,

1732 3158 1830 3212 nisi
1865 3159 1997 3214 forte
2041 3175 2253 3232 quoquo
2284 3164 2444 3217 modo
2472 3177 2774 3237 corruptus.
2805 3168 2880 3222 Μ.
2915 3173 3052 3244 Ergo
3077 3176 3167 3245 qui
3199 3193 3322 3236 vere

1733 3258 1878 3318 putat
1909 3251 2094 3306 melius
2123 3268 2242 3308 csse
2271 3254 2466 3324 aliquid
2489 3256 2630 3326 quod
2656 3257 2892 3316 deterius
2919 3275 3021 3330 est,
3052 3267 3198 3322 nullo
3223 3268 3325 3326 du-

1730 3339 1932 3397 bitante
1965 3343 2185 3399 scientia
2215 3347 2330 3414 ejus
2351 3358 2516 3401 caret.
2545 3347 2614 3401 D.
2647 3349 2722 3404 lla
2746 3360 2845 3406 est.
2874 3351 2952 3407 Μ.
2974 3355 3198 3424 Quando
3221 3361 3324 3432 igi-

1733 3444 1818 3490 tur
1856 3435 1984 3489 milii
2014 3436 2092 3491 vel
2126 3443 2453 3508 persuasi'ris
2484 3442 2563 3496 vel
2599 3443 2897 3501 ostenderis
2917 3449 3208 3517 quemlibet
3243 3453 3328 3510 hi-

1732 3527 1990 3583 strionum
2035 3546 2138 3583 non
2179 3529 2298 3585 ideo
2338 3531 2504 3598 illam,
2544 3534 2589 3589 si
2625 3551 2782 3604 quam
2809 3536 2970 3595 habet
2996 3540 3323 3618 facultatem,

1732 3620 1818 3675 vel
1846 3631 2148 3676 assecutum
2195 3635 2316 3678 esse
2358 3624 2438 3676 vel
2479 3622 2734 3683 exhibere
2779 3638 2840 3683 ut
2881 3632 3078 3703 pepulo
3119 3634 3326 3706 placeat

1732 3720 1952 3782 propter
1971 3721 2234 3784 quarstum
2262 3721 2355 3767 ant
2379 3713 2608 3783 famam;
2640 3717 2927 3776 concedam
2955 3738 3114 3793 posse
3138 3743 3326 3798 quem-

1732 3817 1890 3873 quam
1913 3813 1967 3859 et
1989 3805 2206 3859 tunsiea~
2227 3805 2424 3861 habere
2447 3808 2748 3876 scientiam,
2771 3822 2824 3865 et
2847 3829 2967 3869 esse
2988 3815 3319 3874 histrionem.

1731 3893 1787 3948 Si
1815 3902 1994 3948 autem
2023 3895 2392 3964 perprobabile
2419 3907 2522 3962 est,
2556 3900 2820 3955 neminem
2849 3919 2968 3960 esse
3005 3903 3322 3965 histrionum

1730 3983 1820 4054 qui
1856 4000 1962 4038 non
2001 3984 2103 4039 sibi
2145 3985 2489 4055 professionis
2513 3988 2670 4045 linem
2698 3991 2750 4046 in
2781 3996 3002 4062 pecunia
3030 4013 3126 4054 seu
3148 3999 3319 4071 gloria

1731 4076 2022 4130 constituat
2048 4090 2111 4130 ac
2140 4085 2430 4145 prOponat,
2457 4077 2655 4136 fateare
2683 4098 2902 4140 necesse
2929 4095 3012 4142 est
3038 4098 3130 4144 aut
3156 4093 3321 4148 musi-

1730 4178 1848 4220 cam
1876 4167 2081 4220 nescire
2109 4167 2414 4235 histriones,
2437 4179 2521 4224 aut
2545 4173 2713 4242 magis
2732 4177 3079 4244 expetendam
3107 4196 3226 4239 esse
3251 4183 3320 4241 ab

1731 4254 1849 4309 aliis
1874 4254 2102 4320 laudem,
2126 4256 2206 4310 vel
2228 4272 2450 4326 quaeque
2471 4257 2572 4313 alia
2601 4260 2814 4318 fortuita
2841 4269 3139 4336 commoda,
3156 4286 3316 4342 quam

1728 4359 1759 4399 a
1787 4347 2182 4417 nobismetipsis
2210 4347 2668 4421 intelligentiam'.
2690 4352 2755 4408 Ι).
2791 4355 2957 4413 Video
2984 4377 3088 4426 me,
3109 4363 3199 4433 qui
3224 4379 3320 4420 su-

1730 4436 1938 4506 periora
1959 4437 2338 4504 concesserim,
2369 4442 2528 4496 etiam
2575 4443 2690 4500 istis
2728 4446 2921 4504 cedere
2958 4449 3174 4508 debere.
3199 4452 3317 4512 Non

1729 4529 1872 4582 enim
1913 4529 2040 4583 mihi
2084 4528 2192 4583 ullo
2238 4531 2398 4585 modo
2431 4532 2597 4588 videri
2625 4546 2799 4604 potest
2817 4538 2884 4595 de
2906 4555 3064 4597 scena
3093 4543 3318 4604 inveniri

1733 4632 1889 4688 posse
1919 4617 2076 4673 talem
2103 4622 2298 4682 virum.
2329 4622 2420 4693 qui
2445 4633 2616 4680 artem
2645 4642 2794 4683 suam
2826 4643 3041 4703 pr0pter
3064 4638 3315 4709 seipsam,

1730 4721 1838 4762 non
1885 4721 2102 4779 propter
2136 4719 2286 4766 extra
2334 4715 2506 4784 po~ita
2547 4719 2826 4775 commoda
2854 4721 3068 4796 diligat;
3099 4743 3222 4784 cum
3250 4730 3319 4788 de

1729 4801 2004 4871 gymnasio
2028 4801 2112 4856 vix
2140 4801 2260 4856 talis
2283 4802 2584 4861 inveniatur
2608 4824 2621 4860 :
2643 4824 2943 4884 quanquam
2981 4817 3026 4872 si
3057 4820 3176 4888 quis
3200 4824 3318 4882 exi.

1732 4891 1844 4983 stit,
1874 4892 1956 4947 vel
1984 4895 2265 4961 exstiterit,
2314 4911 2419 4953 non
2464 4912 2530 4954 eo
2567 4908 2944 4963 contemnendi
2977 4913 3186 4983 musici,
3224 4919 3320 4975 sed

1733 4981 2030 5076 honorandi
2057 4985 2342 5056 aliquando
2369 4988 2654 5049 histriones
2683 4998 2884 5066 possint
2907 5001 3094 5061 videri.
3118 4981 3318 5076 Quam-

1733 5075 1918 5175 obrem
1936 5076 2153 5175 .eyipl-ica
2176 5080 2309 5175 jam,
2339 5082 2384 5137 si
2409 5083 2599 5153 placet.
2629 5097 2831 5147 tantam
2861 5092 3039 5166 istam,
3069 5117 3189 5173 qua:
3207 5103 3319 5175 jam

1733 5164 1854 5221 vilis
1879 5166 2008 5220 mihi
2037 5167 2202 5223 videri
2233 5187 2337 5226 non
2369 5183 2562 5242 potest,
2593 5177 2950 5251 disciplinam.

1931 5258 2162 5316 CAPUT
2205 5261 2314 5318 Vll.
2341 5294 2414 5306 —
2437 5265 2540 5322 Diu
2569 5281 2614 5324 et
2633 5287 2734 5328 non
2760 5275 2849 5332 diu
2873 5280 2928 5335 in
2955 5293 3113 5341 mqu.

1807 5352 1894 5408 l3.
1924 5349 2001 5405 ll.
2036 5351 2278 5424 Faciant,
2307 5357 2414 5412 imo
2441 5369 2496 5416 tu
2530 5360 2710 5420 facies.
2737 5365 2869 5424 Nam
2899 5389 3000 5443 ego
3018 5374 3149 5432 nihil
3175 5376 3320 5436 aliud

1733 5459 1890 5515 quam
1940 5446 2138 5516 rogabo
2181 5457 2234 5504 te
2271 5465 2335 5507 ac
2375 5458 2766 5523 percontabor:
2790 5470 2845 5516 tu
2871 5479 2998 5520 vero
3022 5477 3187 5522 totum
3213 5469 3318 5527 hoc

1733 5536 1987 5607 quidquid
2016 5548 2128 5605 est,
2156 5550 2211 5596 et
2237 5543 2380 5613 quod
2408 5561 2547 5602 nunc
2570 5551 2814 5607 nesciens
2835 5569 3075 5624 quaerere
3101 5557 3318 5630 videris,

1801 5669 2184 5749 {Am-1.398119
2209 5676 2400 5749 Ιξσξεία
2419 5678 2482 5749 ala
2510 5679 2622 5734 aliis
2649 5691 2878 5749 mem
2907 5685 3099 5742 laudm
3119 5696 3168 5744 et
3195 5706 3322 5746 carn-

1735 5729 2186 5819 i’ﬁ'f‘i-u
2201 5729 3325 5819 ίέτίσὶκθίίητίυθῆξίτῆἷὲὗιῖηῖἆῖρῗρῑῖάῖ
