3804 6408
586 440 729 500 1095

584 568 732 625 mille
759 574 841 622 est
869 566 1122 623 articulus
1148 580 1177 620 a
1206 579 1313 636 quo
1342 561 1610 619 redeatur.
1635 559 1771 629 Quid
1794 560 1903 629 jam
1926 574 2061 629 Opus
2085 566 2169 613 est

585 660 724 717 ultra
744 660 1019 733 quaerere?
1039 658 1203 715 Vides
1225 668 1372 714 certe
1395 671 1527 728 quos
1549 654 1799 710 articulos
1819 654 2015 719 dicam,
2036 667 2171 723 quo-

584 765 704 807 rum
734 753 903 822 prima
928 751 1104 822 regula
1132 749 1351 805 denario
1379 761 1603 803 numero
1635 743 2011 817 pra-scribitur.
2034 741 2165 798 Nam

584 852 647 899 ut
673 842 857 900 decem
877 883 893 910 ,
927 843 1107 899 decies
1142 841 1340 897 habent
1376 856 1571 905 unum;
1604 839 1672 893 ita
1709 848 1921 892 centum
1942 877 1958 903 ,
1988 835 2168 891 decies

586 936 783 991 habent
810 934 1026 991 eosdem
1052 933 1276 995 decem:
1304 941 1359 987 et
1393 931 1539 987 mille
1557 971 1573 997 ,
1602 927 1782 983 decies
1812 926 2007 982 habent
2035 941 2165 982 cen-

581 1038 731 1094 tum;
757 1037 812 1085 et
837 1030 908 1084 ita
934 1028 1187 1098 deinceps
1221 1039 1497 1099 quousque
1537 1024 1738 1079 libitum
1769 1031 1853 1077 est
1877 1020 2162 1093 progredi,

582 1120 677 1176 ibit
700 1121 717 1152 ¹
745 1119 800 1176 in
829 1116 1195 1191 hujuscemodi
1220 1117 1370 1189 quasi
1397 1114 1635 1170 articulis
1653 1156 1670 1181 ,
1696 1113 1836 1185 quod
1864 1111 1916 1168 in
1944 1111 2165 1166 denario

580 1229 805 1270 numero
831 1214 1147 1285 praeﬁnitum
1176 1220 1280 1267 est.
1310 1211 1392 1265 An
1422 1208 1619 1280 aliquid
1646 1207 1835 1262 horum
1866 1220 1973 1260 non
2003 1204 2161 1260 intel-

575 1307 732 1378 ligis?
759 1306 824 1360 ι).
849 1304 1274 1361 Manifestissima
1295 1313 1419 1359 sunt
1439 1302 1639 1369 omnia,
1662 1308 1717 1355 et
1738 1299 2031 1355 verissima.

573 1397 800 1456 CAPUT
836 1397 953 1454 XII.
992 1427 1065 1439 -—
1100 1394 1204 1451 Cur
1235 1395 1298 1450 ab
1330 1411 1430 1449 uno
1459 1393 1527 1447 ad
1555 1393 1723 1447 decem
1753 1406 2079 1462 progressus,
2113 1398 2161 1445 et

778 1491 897 1546 inde
924 1490 994 1543 ad
1018 1506 1172 1544 unum
1203 1488 1392 1543 reditus
1420 1487 1472 1541 in
1502 1484 1813 1541 numerando
1842 1484 1952 1554 ﬁat.

646 1581 739 1639 20.
768 1582 843 1637 Μ.
870 1582 979 1638 lloc
1001 1596 1129 1653 ergo
1154 1593 1405 1652 quanuun
1428 1579 1707 1647 diligenter
1732 1590 2009 1644 possumus
2036 1590 2160 1645 per-

571 1686 871 1734 scrutemur
890 1717 905 1737 ,
933 1690 1173 1745 qtnenam
1199 1674 1268 1728 sit
1299 1673 1433 1727 ratio
1464 1681 1519 1725 ut
1545 1670 1613 1724 ab
1639 1685 1745 1723 uno
1774 1684 1941 1737 usque
1966 1668 2029 1722 ad
2062 1668 2158 1723 deo

569 1783 686 1823 cem
714 1781 1057 1839 progressus,
1089 1774 1145 1821 et
1171 1765 1296 1819 inde
1324 1779 1510 1819 rursus
1531 1764 1595 1817 ad
1627 1778 1789 1817 unum
1821 1761 2021 1815 reditus
2046 1761 2155 1816 liat.

571 1858 723 1916 Unde
741 1860 837 1914 abs
863 1868 914 1914 te
941 1873 1146 1929 quu'ro,
1168 1868 1344 1911 utrum
1372 1855 1513 1926 quod
1542 1869 1791 1910 voeannus
1820 1852 2156 1921 principinnt,

570 1952 743 2023 possit
765 1952 984 2005 omnino
1012 1950 1111 2005 nisi
1140 1948 1362 2017 alicujus
1389 1962 1510 2002 esse
1542 1945 1877 2015 principum.
1900 1941 1972 1997 D.
1998 1941 2158 1998 Nullo

567 2045 730 2102 modo
760 2054 955 2115 potest.
988 2042 1066 2099 Μ.
1098 2043 1226 2100 lLem
1255 2041 1395 2113 quod
1426 2041 1653 2096 dicimus
1692 2040 1848 2093 linem
1869 2080 1885 2105 ,
1918 2046 2157 2108 potestne

568 2137 671 2195 nisi
710 2137 937 2203 alicujus
976 2136 1051 2190 rei
1095 2135 1215 2189 linis
1250 2133 1410 2189 e~s«-?
1436 2130 1506 2185 1).
1540 2130 1713 2186 Etiam
1745 2131 1795 2184 id
1828 2146 1931 2183 non
1963 2137 2153 2195 potest.

568 2228 647 2287 Μ.
675 2230 851 2299 Quid?
877 2246 907 2284 a
938 2229 1198 2300 principio
1225 2227 1291 2281 ad
1329 2227 1487 2281 linem
1530 2241 1653 2279 nnm
1697 2235 1850 2293 putas
1893 2222 2155 2293 perveniri

565 2339 742 2395 posse,
763 2324 814 2378 ni
849 2324 862 2378 i
887 2340 979 2391 per
997 2322 1211 2392 aliquod
1236 2320 1501 2376 medium?
1523 2317 1588 2372 Ι).
1609 2316 1725 2373 Nan
1749 2326 1897 2387 puto.
1922 2315 1999 2371 Μ.
2016 2317 2157 2386 Ergo

566 2427 622 2470 ut
644 2425 809 2470 totum
832 2415 1030 2485 aliquid
1054 2416 1144 2476 sit,
1170 2412 1427 2483 principio
1447 2421 1501 2467 et
1526 2410 1703 2465 medio
1725 2418 1782 2465 et
1803 2413 1905 2466 line
1925 2419 2154 2465 constat.

565 2504 635 2561 υ.
668 2505 739 2560 Ita
768 2506 995 2561 videtur.
1030 2503 1106 2559 Μ.
1139 2504 1232 2559 DIC
1258 2504 1434 2571 itaque
1462 2517 1623 2561 nunc.
1652 2502 1970 2572 principium
1991 2543 2006 2565 ,
2038 2517 2153 2556 me-

572 2598 717 2654 dium
746 2606 801 2653 et
836 2598 985 2661 linis,
1016 2611 1122 2666 quo
1158 2610 1380 2650 onmem
1425 2594 1517 2648 tibi
1557 2593 1817 2649 contineri
1855 2593 2152 2647 videantur.

569 2690 642 2745 D.
679 2689 924 2746 Arbitror
961 2689 1253 2744 ternarium
1297 2701 1574 2741 nunn-rnut
1603 2694 1654 2739 te
1685 2685 1820 2739 velle
1847 2694 1902 2738 ut
1929 2698 2155 2753 respon-

566 2780 724 2837 deam
754 2800 766 2836 :
801 2781 899 2836 tria
943 2781 1086 2837 enim
1126 2779 1369 2851 qnmdam
1408 2788 1551 2839 sunt.
1593 2776 1660 2833 de
1702 2778 1894 2847 quibus
1937 2776 2155 2846 quzrris.

567 2872 644 2927 Μ.
672 2872 839 2929 Recte
860 2874 1155 2929 arbitraris.
1180 2872 1358 2940 Quare
1378 2871 1430 2925 in
1454 2870 1686 2925 ternario
1716 2884 1940 2924 numero
1961 2885 2157 2939 quam-

564 2966 690 3022 dam
736 2981 855 3022 esse
895 2964 1275 3037 petl'ectionem
1307 2962 1485 3023 vides,
1516 2961 1638 3032 quia
1672 2970 1813 3015 totus
1840 2968 1924 3015 est
1954 2978 1968 3015 :
1999 2961 2157 3015 habet

564 3059 708 3114 enim
749 3056 1100 3129 principium,
1130 3055 1361 3112 medium
1392 3063 1447 3109 et
1475 3053 1654 3107 linem.
1684 3050 1755 3106 Β.
1783 3050 1947 3107 Video
1978 3052 2152 3122 plane.

568 3147 649 3205 Al.
675 3148 853 3215 Quid?
883 3148 1009 3203 illud
1038 3162 1216 3202 nonne
1244 3145 1311 3200 ab
1341 3147 1557 3199 ineunte
1588 3143 1808 3214 pueritia
1838 3142 2151 3208 didicimus,

565 3254 782 3294 onmem
835 3254 1112 3293 numerum
1160 3244 1253 3290 aut
1298 3251 1477 3306 parem
1529 3249 1672 3297 esse,
1719 3242 1813 3287 aut
1860 3232 2158 3302 imparem?

565 3327 637 3384 ι).
661 3329 858 3384 Verum
884 3328 1039 3383 dicis.
1065 3325 1145 3380 Μ.
1170 3326 1474 3380 Recordare
1492 3339 1621 3394 ergo
1643 3333 1696 3379 ει
1718 3322 1803 3378 dic
1823 3323 1974 3389 mhi,
1997 3339 2155 3394 quem

564 3423 835 3478 soleamus
868 3420 1048 3473 dicere
1088 3432 1311 3487 parem,
1353 3431 1510 3486 quem
1554 3416 1811 3485 imparem
1850 3431 2153 3473 numerum.

566 3510 639 3568 D.
670 3512 765 3568 llle
782 3511 872 3582 qui
896 3520 1072 3581 potest
1098 3509 1151 3564 in
1180 3508 1313 3562 duas
1338 3518 1518 3578 partes
1542 3508 1774 3578 :equales
1800 3506 1994 3575 dividi,
2022 3522 2152 3579 par;

566 3606 657 3679 qui
686 3614 863 3659 autem
895 3617 1001 3657 non
1031 3609 1227 3672 potest,
1256 3600 1426 3669 impar
1455 3609 1693 3656 vocatur.

633 3697 726 3754 2t.
752 3696 828 3752 Η.
859 3694 992 3752 Rem
1024 3703 1195 3750 tenes.
1222 3698 1356 3749 tum
1378 3693 1539 3763 igitur
1566 3694 1832 3749 tertiarius
1858 3693 2060 3764 primus
2086 3693 2159 3749 sit

565 3800 711 3848 totus
736 3789 941 3859 impar;
971 3796 1025 3843 et
1049 3786 1312 3859 principio
1335 3786 1503 3853 enim,
1531 3796 1586 3841 et
1610 3786 1806 3853 medio,
1829 3794 1887 3842 et
1907 3786 2014 3842 line
2034 3801 2157 3842 con-

567 3892 705 3955 stat,
733 3891 793 3938 ut
817 3882 1018 3938 dictum
1045 3888 1167 3942 est;
1198 3894 1376 3935 nonne
1402 3887 1616 3950 oportet
1637 3880 1796 3934 etiam
1825 3894 2005 3950 parem
2033 3893 2156 3935 esse

565 3984 735 4033 totum
767 3983 926 4045 atque
964 3970 1292 4042 perlectum,
1329 3980 1387 4024 ut
1424 3970 1475 4024 in
1510 3984 1576 4025 eo
1611 3972 1769 4025 etiam
1814 3971 2152 4040 principium,

569 4069 825 4128 medium.
855 4066 1082 4137 liuisque
1110 4062 1439 4120 inveniatur?
1462 4061 1537 4117 υ.
1556 4062 1779 4134 Oportet
1804 4080 1952 4119 sane.
1978 4063 2057 4120 Μ.
2082 4068 2155 4122 At

565 4163 668 4219 iste
692 4159 934 4234 quisquis
957 4167 1043 4216 est
1060 4199 1075 4225 ,
1101 4173 1208 4213 non
1233 4166 1405 4228 potest
1439 4155 1637 4212 habere
1665 4154 1996 4213 individuum
2034 4173 2153 4214 me-

565 4254 712 4311 dium
733 4253 869 4309 sicut
884 4252 1087 4323 impar:
1110 4248 1157 4304 si
1178 4248 1322 4305 enim
1349 4246 1590 4311 haberet,
1614 4262 1720 4301 nott
1744 4256 1924 4318 posset
1945 4250 1999 4304 in
2018 4249 2153 4306 duas

563 4347 799 4422 aequales
830 4355 1009 4419 partes
1036 4342 1233 4409 dividi,
1264 4342 1407 4415 quod
1431 4358 1553 4398 esse
1582 4343 1849 4412 proprium
1883 4345 2027 4414 paris
2052 4360 2153 4400 nu-

562 4444 699 4500 meri
720 4443 971 4500 diximus.
1003 4437 1338 4497 lndividuum
1368 4445 1545 4491 autem
1576 4436 1807 4490 medium
1836 4447 1920 4493 est
1946 4454 2107 4493 unum
2128 4479 2147 4506 ,

562 4534 834 4591 dividuum
863 4533 991 4591 duo.
1024 4530 1256 4587 Medium
1282 4538 1463 4585 autem
1497 4538 1584 4585 est
1608 4528 1661 4583 in
1692 4530 1960 4598 numeris,
1989 4546 2019 4585 s
2043 4547 2150 4603 quo

560 4626 720 4683 ambo
740 4626 910 4682 latera
934 4623 1145 4680 sibimet
1167 4628 1296 4678 sttnt
1318 4620 1563 4690 :equalia.
1590 4620 1673 4674 An
1698 4620 1895 4691 aliquid
1924 4621 2149 4681 obscure

559 4718 756 4775 dictum
778 4726 885 4783 est,
912 4715 1193 4785 minusque
1210 4711 1545 4783 assequeris?
1567 4708 1639 4765 D.
1666 4711 1777 4767 lmo
1802 4712 1930 4769 mihi
1953 4722 2010 4770 et
2030 4714 2147 4770 hzec

562 4810 840 4867 manilesta
860 4816 1005 4874 sunt,
1026 4815 1081 4862 et
1099 4805 1224 4861 dum
1246 4820 1429 4876 quaero
1446 4812 1616 4859 totum
1639 4820 1917 4860 numerum
1940 4821 2145 4877 parem,

557 4901 931 4974 quaternarins
951 4899 1152 4970 primus
1169 4898 1418 4953 occurrit.
1436 4896 1569 4953 Nam
1584 4899 1639 4953 in
1659 4897 1866 4954 duobus
1881 4901 2149 4970 quomodo

561 5002 785 5065 possunt
810 4993 912 5046 tria
943 4991 1032 5046 illa
1053 4990 1304 5057 inveniri,
1335 5006 1429 5061 per
1446 5007 1568 5063 qua:
1596 5002 1739 5047 totus
1761 5003 1843 5049 est
1868 5009 2146 5063 numerus,

565 5086 616 5141 id
675 5093 756 5140 est
814 5083 1167 5153 principium,
1209 5083 1443 5139 medium
1492 5094 1548 5140 et
1592 5085 1749 5141 linis?
1792 5084 1871 5141 Μ.
1914 5086 2145 5159 ldipsum

572 5177 781 5235 )mnino
806 5176 904 5231 abs
930 5183 982 5229 te
1007 5188 1317 5243 responsum
1348 5184 1432 5231 est
1454 5175 1597 5245 quod
1624 5178 1865 5233 volebam
1881 5220 1897 5244 ,
1923 5193 1977 5233 et
2001 5179 2144 5250 quod

558 5273 671 5343 ipsa
701 5268 839 5324 ratio
866 5265 1007 5338 cogit
1032 5266 1204 5321 lateri.
1239 5265 1440 5338 Repete
1461 5268 1640 5339 itaque
1664 5270 1732 5324 ab
1760 5271 1875 5341 ipso
1904 5288 2012 5327 uno
2037 5282 2143 5329 tra-

555 5375 639 5421 cta
667 5364 885 5431 innem,
932 5369 1093 5432 atque
1132 5360 1446 5425 considera;
1495 5361 1698 5435 videbis
1743 5364 1976 5433 profecto
2024 5366 2146 5422 ideo

560 5474 726 5514 unum
747 5473 850 5513 non
878 5454 1075 5510 habere
1095 5454 1325 5508 medium
1348 5464 1397 5509 et
1422 5455 1601 5519 linem,
1625 5455 1745 5524 quia
1773 5465 1975 5512 uitulum
2000 5462 2143 5529 prin-

557 5552 756 5621 cipium
783 5558 903 5616 est;
946 5547 1028 5602 vel
1060 5545 1181 5602 ideo
1207 5561 1326 5601 esse
1357 5547 1670 5616 principium
1690 5588 1706 5611 ,
1735 5548 1856 5618 quia
1888 5552 2061 5606 medio
2087 5565 2143 5609 et

560 5643 668 5699 line
691 5652 838 5699 caret
885 5639 952 5696 D.
989 5638 1323 5696 Manifestum
1347 5649 1446 5694 est.
1481 5639 1557 5692 Μ.
1587 5638 1722 5708 Quid
1750 5656 1879 5710 ergo
1902 5642 2141 5702 dicemus

619 5780 638 5812 ι
666 5783 796 5839 tom,
813 5774 1189 5842 progrediirutttr
1208 5772 1258 5842 in
1275 5770 1610 5842 hujuscemodi
1625 5774 1763 5839 quasi
1783 5776 2014 5830 articulis.
2037 5789 2137 5832 Am.

562 5847 611 5889 et
627 5845 729 5904 tam,
747 5834 995 5904 "agrees,
1005 5836 1072 5904 ii
1093 5837 1128 5904 ξι
1149 5834 1199 5887 in
1216 5834 1565 5900 huiuscemodi,
1585 5834 1702 5902 etc;
1720 5848 1766 5891 at
1785 5846 1892 5893 Mss.
1911 5843 2140 5896 meliores

564 5898 766 5963 habent,
788 5898 1015 5971 progredi
1036 5898 1142 5963 ibit,
1165 5906 1260 5952 etc.

864 6052 873 6066 ι
900 6056 917 6069 ο.
956 6050 1037 6071 ’δι’
1066 6042 1155 6071 ἐν)

1729 438 1818 495 DE
1855 435 2132 506 MUSICA,
2171 432 2232 495 8.

2273 434 2643 495 AUGUSTINI
3132 488 3135 491 η
3318 435 3323 441 ’
3628 438 3731 504 1096

2279 556 2346 613 de
2387 557 2631 614 duobus?
2670 558 2807 615 Num
2847 575 3124 632 possumus
3154 579 3204 620 ιιι
3239 580 3313 623 ets
3349 567 3598 644 Intelligere
3628 582 3735 649 prin.

2275 651 2471 720 cipium
2496 663 2551 708 et
2578 653 2826 718 medium,
2856 670 2975 711 cum
3003 656 3224 714 medium
3248 676 3355 717 esse
3374 679 3464 719 non
3493 671 3640 737 possit,
3662 676 3733 731 nisi

2276 745 2364 800 ubi
2397 746 2519 802 linis
2546 758 2655 806 est:
2686 758 2776 803 aut
2806 750 3117 820 principium
3143 763 3193 810 et
3220 755 3391 817 linem.
3414 775 3520 816 cum
3542 762 3596 818 ad
3619 765 3734 826 linem

2273 837 2375 893 nisi
2408 854 2504 909 per
2532 840 2763 895 medium
2793 856 2897 896 non
2926 854 3083 913 queat
3113 848 3468 914 perveniri?D.
3491 851 3626 925 Urget
3641 860 3733 915 ratio

2271 931 2510 986 conﬁteri
2530 949 2545 994 ;
2568 942 2623 988 et
2641 933 2764 1004 quid
2786 934 2853 991 de
2874 934 2975 990 hoc
2994 951 3210 993 numero
3228 940 3558 1012 respondeam.
3576 936 3747 1016 prorsa

2271 1020 2507 1079 incertus
2526 1038 2665 1080 sum.
2689 1023 2743 1080 Μ
2754 1066 2766 1077 .
2786 1025 2915 1083 Vide
2942 1042 3009 1083 ne
3024 1030 3041 1062 ¹
3069 1028 3163 1085 iste
3182 1046 3377 1103 quoque
3394 1049 3607 1095 nuincrus
3620 1044 3731 1109 possit

2273 1112 2589 1183 principium
2653 1130 2773 1171 esse
2817 1133 3175 1175 numerorum.
3203 1120 3326 1177 Nam
3376 1123 3417 1179 si
3462 1127 3609 1184 medio
3632 1144 3747 1189 caret.

2268 1215 2320 1262 et
2352 1208 2478 1271 line,
2510 1208 2672 1280 quod,
2700 1219 2759 1264 nt
2781 1211 2986 1278 dixisti,
3011 1214 3149 1284 cogit
3169 1216 3297 1270 ratio
3313 1217 3550 1285 conﬁteri;
3568 1225 3661 1291 quid
3678 1242 3747 1281 re»

2269 1307 2411 1365 stat,
2442 1299 2541 1354 nisi
2574 1309 2630 1355 ut
2665 1302 2733 1356 sit
2763 1301 2865 1360 hoc
2899 1321 3109 1376 quoque
3147 1307 3470 1378 principium?
3491 1312 3558 1367 An
3586 1312 3733 1373 dubitas

2266 1386 2375 1443 duo
2425 1388 2680 1461 principia
2731 1392 3092 1451 constituere?
3128 1394 3196 1451 ι).
3235 1395 3555 1457 Vehementer
3588 1403 3731 1460 dubito.

2269 1478 2347 1533 Μ.
2383 1481 2525 1537 Bene
2554 1484 2776 1551 laceres,
2817 1485 2862 1541 si
2898 1501 2963 1541 ex
3001 1486 3225 1543 adverso
3258 1488 3354 1545 sibi
3382 1492 3731 1551 constituerentur

2266 1571 2372 1626 duo
2412 1573 2665 1644 principia
2705 1592 2717 1630 :
2762 1592 2901 1631 nunc
2941 1586 3120 1634 autem
3150 1579 3247 1634 hoc
3272 1579 3475 1636 alterum
3500 1578 3731 1655 principium

2265 1662 2333 1717 de
2356 1664 2446 1720 illo
2476 1668 2646 1736 primo
2671 1678 2773 1735 est,
2797 1678 2853 1723 ut
2879 1668 3007 1725 illud
3029 1687 3057 1723 a
3080 1670 3219 1725 nullo
3240 1671 3326 1735 sit.
3351 1670 3442 1727 hoc
3457 1688 3563 1728 vero
3580 1674 3731 1732 abillo:

2268 1770 2428 1809 unum
2457 1757 2599 1811 enim
2626 1770 2679 1814 et
2712 1775 2873 1814 unum
2902 1761 3006 1815 duo
3033 1771 3152 1816 sunt
3173 1803 3189 1829 ,
3219 1771 3271 1817 et
3297 1762 3524 1833 principia
3565 1765 3618 1819 ila
3651 1776 3735 1821 sunt

2264 1846 2443 1912 ambo,
2471 1856 2531 1903 ut
2553 1866 2740 1906 «names
2764 1852 2971 1907 numeri
2992 1852 3204 1923 quidem
3226 1854 3291 1909 ab
3314 1870 3410 1910 uno
3430 1856 3544 1919 sint;
3565 1856 3636 1909 sed
3651 1857 3733 1927 quia

2265 1955 2361 2009 per
2403 1957 2521 1996 com
2564 1942 2864 2000 licatinnem
2915 1936 3078 2015 atque
3128 1944 3492 2017 adjunctionem
3530 1947 3734 2018 quamdam

2267 2033 2420 2098 lium,
2444 2036 2596 2106 origo
2615 2046 2791 2090 autem
2813 2036 3235 2106 complicatinnis
3257 2047 3309 2092 et
3325 2038 3621 2108 adjunctioois
3636 2039 3747 2095 duali‘

2267 2143 2488 2184 numero
2513 2140 2659 2184 recte
2682 2130 2963 2186 tribuitur:
2990 2131 3048 2185 lit
3068 2140 3124 2185 ut
3144 2129 3267 2186 illud
3284 2131 3487 2201 primum
3505 2131 3747 2202 principium.

2264 2239 2295 2278 a
2331 2240 2435 2293 quo
2476 2225 2685 2279 numeri
2723 2240 2940 2289 omnes;
2978 2227 3085 2281 hoc
3121 2235 3292 2280 autent
3329 2226 3526 2280 alterum
3548 2242 3621 2295 per
3640 2224 3731 2294 quod

2266 2319 2473 2373 numeri
2504 2335 2709 2383 omnes,
2744 2335 2862 2375 esse
2889 2321 3244 2376 inveniantur.
3272 2318 3376 2376 Nisi
3400 2320 3507 2391 quid
3532 2318 3656 2374 habes
3668 2316 3732 2370 ad-

2264 2425 2478 2465 versum
2508 2412 2604 2466 ista
2631 2411 2772 2483 quod
2795 2413 3050 2469 disseras.
3075 2410 3149 2468 D.
3178 2412 3288 2484 Ego
3311 2425 3426 2466 vero
3451 2409 3575 2474 nihil,
3598 2418 3635 2465 et
3657 2407 3732 2461 sine

2263 2500 2615 2558 admiratione
2639 2505 2735 2559 ista
2763 2520 2867 2559 non
2889 2505 3104 2576 cogito;
3132 2504 3363 2575 quamvis
3379 2519 3454 2568 ea,
3475 2502 3747 2571 interrogatus

2262 2594 2359 2650 abs
2387 2605 2455 2654 te.
2488 2597 2599 2666 ipse
2626 2596 2998 2667 reSpondeam.

2333 2690 2423 2744 ει.
2454 2687 2531 2742 M.
2556 2686 2813 2744 Sublilius
2838 2690 2936 2744 ista
2956 2698 3272 2759 qumruntur
3293 2697 3438 2759 atque
3461 2683 3733 2742 alismtsiusin

2263 2798 2325 2836 ea
2357 2781 2634 2852 disciplina
2672 2799 2791 2853 qua:
2825 2793 2909 2837 est
2936 2781 3005 2837 de
3035 2783 3309 2838 numeris:
3337 2783 3415 2836 hic
3436 2792 3580 2835 autem
3603 2774 3734 2832 uossd

2265 2875 2563 2929 institutum
2604 2889 2738 2945 opus
2772 2884 2971 2944 quanto
3005 2875 3169 2930 citius
3206 2886 3481 2946 possumus,
3516 2869 3733 2926 redeamus.

2263 2966 2524 3032 Quocirca
2546 2982 2746 3036 quwro,
2774 2968 2862 3020 uni
2882 2965 2989 3020 duo
3003 2967 3193 3034 juncta
3213 2966 3333 3037 quid
3354 2963 3548 3019 faciunt?
3564 2959 3617 3015 ο.
3635 2957 3734 3013 Tria.

2267 3057 2345 3111 Μ.
2380 3059 2521 3130 Ergo
2552 3058 2667 3114 hinc
2696 3058 2801 3114 duo
2831 3059 3091 3130 principia
3134 3073 3454 3113 numerorum
3485 3053 3647 3110 sibimet
3668 3064 3737 3105 co-

2267 3152 2480 3220 pulata,
2537 3160 2705 3206 totum
2756 3166 3035 3205 numerum
3090 3149 3288 3205 faciunt
3332 3160 3465 3219 atque
3494 3141 3733 3215 perlectum.

2266 3241 2337 3296 D.
2368 3243 2439 3297 Ita
2463 3253 2566 3299 est.
2597 3241 2650 3296 Μ
2698 3242 2872 3311 Quid?
2898 3242 2953 3297 in
2981 3244 3318 3297 numerando
3346 3248 3439 3311 post
3459 3248 3585 3290 unum
3598 3238 3730 3287 eum

2263 3352 2421 3407 quem
2461 3350 2741 3391 numerum
2783 3335 3067 3407 ponimus?
3100 3333 3171 3389 ι).
3208 3334 3396 3390 Eadem
3430 3330 3521 3385 tria.
3545 3325 3603 3381 ll.
3627 3323 3735 3379 idem

2266 3428 2424 3501 igitur
2449 3442 2724 3494 numerus,
2753 3428 2843 3497 qui
2869 3427 2927 3482 lit
2946 3442 3013 3482 ex
3036 3444 3150 3482 uno
3173 3436 3229 3483 et
3251 3426 3456 3489 duobus,
3480 3428 3574 3493 post
3590 3427 3737 3472 utrum-

2264 3534 2370 3589 que
2401 3518 2455 3572 in
2485 3518 2672 3572 ordine
2702 3518 3015 3583 collocatur,
3044 3518 3121 3573 ita
3150 3528 3208 3573 ut
3233 3517 3398 3572 nullus
3414 3515 3527 3569 alius
3546 3504 3738 3577 interponi

2262 3616 2440 3678 queat.
2472 3608 2539 3662 D.
2572 3609 2646 3664 Ita
2673 3609 2847 3664 video.
2878 3608 2958 3664 Μ.
2985 3610 3153 3681 Atqui
3179 3618 3235 3667 et
3262 3607 3380 3663 illud
3403 3604 3552 3660 videas
3571 3606 3735 3669 operm.

2263 3700 2317 3754 in
2345 3700 2506 3755 nullis
2534 3701 2751 3771 reliquis
2777 3702 3013 3756 numeris
3034 3702 3092 3757 id
3120 3717 3273 3772 posse
3298 3702 3582 3768 contingere,
3599 3703 3735 3747 utrm

2262 3791 2400 3847 duos
2426 3792 2695 3864 quoslibet
2718 3793 2935 3849 sibimet
2956 3793 3011 3849 in
3037 3791 3350 3849 numerandi
3367 3789 3528 3845 ordine
3541 3782 3747 3855 copulam.

2263 3886 2535 3943 notaveris
2554 3927 2570 3952 ,
2599 3897 2955 3957 consequatur
2982 3900 3082 3942 eos
3109 3886 3201 3941 ille
3224 3883 3315 3958 qui
3340 3899 3399 3939 ex
3423 3876 3633 3936 ambobus
3650 3885 3747 3927 θοαί

2263 3978 2468 4045 licitur,
2499 3979 2643 4034 nullo
2680 3956 3013 4051 interposito.
3050 3977 3125 4033 ι).
3164 3976 3220 4032 Id
3244 3956 3453 4048 quoque
3484 3956 3747 4025 videamini

2261 4074 2368 4127 duo
2394 4082 2450 4128 et
2475 4075 2594 4135 tria,
2624 4072 2715 4143 qui
2743 4073 2845 4127 sibi
2887 4072 3097 4127 numeri
3123 4068 3351 4141 capulati
3378 4072 3507 4124 sunt.
3531 4062 3575 4116 in
3594 4065 3747 4113 suli

2262 4162 2498 4233 quinque
2527 4162 2760 4218 faciunt:
2790 4178 2896 4217 non
2920 4170 3100 4216 autem
3128 4160 3359 4231 quinque
3384 4147 3747 4233 moderatim»;

2257 4264 2522 4326 qunntur,
2553 4254 2647 4309 sed
2674 4261 2919 4324 quatuor.
2950 4252 3158 4308 Rursus
3186 4251 3285 4306 tria
3308 4258 3363 4306 et
3384 4242 3738 4319 quatuorscplel

2258 4346 2549 4403 conﬁciunt
2578 4364 2591 4400 :
2622 4347 2760 4401 inter
2794 4353 3024 4417 quatuor
3045 4355 3229 4401 autem
3253 4358 3316 4398 ac
3340 4350 3520 4411 septem
3538 4375 3554 4402 .
3573 4330 3740 4404 ιιυίυιυο

2258 4451 2418 4512 atque
2445 4455 2541 4495 sex
2572 4439 2801 4495 ordinati
2829 4448 2972 4495 sunt.
3004 4438 3074 4494 Et
3097 4446 3299 4509 quanto
3326 4428 3546 4506 progredi
3566 4424 3739 4482 νοιιιεηι

2257 4544 2405 4590 tanto
2432 4534 2613 4605 plures
2639 4534 3067 4604 interponuntur.
3097 4530 3177 4586 ΙΙ.
3202 4530 3384 4601 Magna
3411 4527 3513 4582 hare
3533 4534 3633 4591 ergo
3651 4528 3741 4572 αι’

2255 4626 2438 4682 cordia
2463 4626 2619 4682 estin
2649 4624 2920 4697 prioribus
2942 4623 3110 4680 tribus
3139 4622 3408 4678 numeris:
3429 4629 3568 4673 unum
3587 4608 3738 4669 cui“

2255 4719 2362 4773 duo
2400 4726 2456 4773 et
2496 4718 2595 4773 tria
2638 4718 2884 4779 dicimus,
2924 4716 3121 4785 quibus
3153 4712 3281 4768 nihil
3316 4706 3552 4780 interponi
3586 4703 3733 4772 potes“

2254 4826 2417 4865 unum
2442 4818 2618 4864 autem
2644 4816 2699 4864 et
2717 4808 2844 4873 duo,
2872 4808 2983 4878 ipsa
3006 4815 3132 4861 sunt
3154 4805 3274 4861 tria.
3296 4800 3365 4857 υ.
3385 4799 3548 4871 Magna

2256 4898 2335 4955 ιι.
2364 4900 2541 4970 Quid?
2569 4900 2696 4955 illud
2726 4899 2940 4955 nullane
2963 4896 3388 4955 consideratione
3410 4892 3595 4961 dignum
3618 4884 3747 4970 9M;

2253 4992 2394 5063 ‘luod
2428 4992 2526 5049 ista
2554 4991 2839 5048 concordia
2866 5000 3067 5063 quanto
3093 5000 3181 5045 est
3205 4986 3398 5043 arctior
3420 4991 3560 5052 atque
3577 4970 3739 5040 ennium

2252 5088 2424 5154 clior,
2459 5094 2610 5143 tanto
2635 5086 2805 5157 magis
2833 5086 2885 5141 in
2918 5084 3175 5141 unitatem
3213 5079 3484 5153 quamdam
3520 5068 3675 5128 tendit.
3703 5066 3740 5114 ει

2252 5195 2417 5235 ιιιιιιιιι
2446 5179 2698 5251 quiddam
2733 5179 2800 5235 de
2841 5179 3077 5251 pluribus
3105 5174 3303 5233 ellicit?
3326 5171 3394 5228 υ.
3426 5170 3527 5227 bno
3548 5158 3737 5221 tussim

2252 5284 2307 5331 et
2348 5275 2526 5329 nescio
2571 5273 2874 5344 quomodo,
2912 5282 2969 5328 et
3004 5285 3192 5336 mror,
3231 5279 3286 5325 et
3319 5280 3437 5322 amo
3471 5264 3602 5318 istaut
3628 5258 3735 5322 tl”

2252 5368 2595 5424 commendas
2634 5367 2910 5422 unitatem.
2944 5363 3024 5420 ll.
3058 5363 3279 5419 Multum
3316 5358 3501 5432 probo;
3532 5347 3613 5409 θαι

2252 5462 2497 5535 quzelibet
2528 5477 2707 5517 rerum
2736 5460 3002 5529 copulatio
3025 5468 3186 5527 atque
3210 5452 3461 5511 connexio
3487 5459 3595 5500 tunc

2256 5572 2341 5611 me
2368 5572 2527 5611 unum
2556 5526 3014 5625 qtnddametlicit.
3042 5526 3163 5607 cum
3191 5557 3247 5603 et
3271 5546 3434 5603 nn-dia
3460 5534 3682 5596 extremis.
3700 5526 3736 5578 εί

2252 5650 2445 5705 mediis
2473 5660 2708 5704 extrema
2738 5647 3092 5702 consentiunt.
3117 5642 3186 5697 D.
3210 5642 3281 5697 Ita
3302 5647 3441 5694 certe
3461 5636 3653 5703 οροιωι-
3708 5706 3717 5718 ⁸

2320 5744 2410 5801 25.
2440 5743 2517 5798 Μ.
2541 5742 2768 5798 Attende
2794 5739 2951 5811 igitur
2974 5750 3034 5795 ut
3058 5739 3160 5793 hoc
3184 5736 3237 5793 in
3264 5734 3358 5792 ista
3384 5723 3667 5787 counth
3683 5724 3747 5773 “'1

2312 5908 2331 5941 ι
2364 5904 2560 5959 Videat:
2580 5901 2686 5967 iste,
2704 5903 2843 5969 juxta
2864 5906 2946 5954 Ms.
2969 5908 3022 5954 Α.
3098 5904 3156 5949 ιιι.
