3844 6280
138 363 253 424 {007

131 505 346 561 deamus.
375 499 664 572 Νενιρω
689 517 852 560 unum
869 541 889 569 ,
915 503 1022 558 duo
1040 543 1054 568 ,
1086 504 1181 559 tria
1208 503 1434 560 dicimus
1451 546 1468 572 ,
1499 523 1673 562 nonne

133 602 308 667 quanto
327 592 494 652 ωδ,υῆ
516 609 548 648 a
565 592 785 657 duobus,
806 602 952 647 tanto
970 593 1075 647 duo
1093 609 1122 646 a
1142 594 1310 648 tribus
1327 598 1672 665 superantur?

132 685 191 739 υ.
224 682 566 738 Verissimum
603 692 701 737 est.
735 681 811 736 ll.
844 682 936 738 Dic
967 683 1077 753 jam
1115 699 1255 739 nunc
1291 684 1440 747 mihi,
1481 687 1533 740 in
1572 687 1671 744 ista

129 775 385 828 collatione
432 775 643 842 quoties
689 788 848 827 unum
901 774 1306 830 nominaverim.
1358 774 1424 829 D.
1473 777 1669 832 Semel.

134 864 193 920 Μ.
217 863 328 918 Tria
357 865 608 932 quoties?
633 864 699 916 ι).
730 864 924 919 Semel.
967 865 1043 918 ll.
1081 866 1219 932 Quid
1238 909 1252 931 ,
1281 867 1426 923 duo?
1461 867 1529 921 D.
1560 869 1668 924 Bis.

131 958 192 1012 il.
206 956 371 1014 Semel
392 973 546 1027 ergo,
565 971 620 1012 et
639 957 736 1018 bis.
760 968 815 1013 et
833 958 1020 1022 semel,
1047 960 1257 1028 quoties
1276 959 1334 1014 ﬁt
1353 961 1405 1014 in
1430 962 1669 1018 summa?

129 1048 402 1116 D.Quater.
427 1046 511 1102 Η.
537 1048 694 1104 Recte
714 1049 870 1118 igitur
889 1051 1018 1104 istos
1045 1059 1149 1105 tres
1177 1053 1544 1121 quaternarius
1573 1071 1670 1110 nu-

126 1157 280 1196 merus
302 1141 577 1210 sequitur;
607 1140 655 1195 ei
684 1141 876 1210 quippe
913 1142 1159 1198 tribuitur
1197 1144 1292 1198 ista
1327 1145 1667 1215 proportione

125 1229 324 1285 collatio.
344 1229 478 1295 Qua:
502 1239 756 1300 quantum
775 1232 966 1297 valeat,
986 1247 1051 1287 eo
1069 1234 1180 1301 jam
1201 1248 1450 1290 assuesce
1473 1251 1667 1306 cogno-

125 1335 266 1386 scere,
285 1319 424 1391 quod
451 1321 541 1375 illa
564 1322 736 1376 unitas
761 1337 919 1392 quam
942 1334 991 1377 te
1010 1338 1189 1380 amare
1214 1325 1410 1392 dixisti,
1433 1328 1485 1382 in
1508 1329 1667 1385 rebus

123 1411 345 1469 ordinatis
374 1410 476 1466 hac
503 1427 606 1467 una
635 1411 774 1468 efﬁci
803 1423 1008 1483 potest,
1037 1418 1187 1484 cujus
1211 1431 1439 1483 gra-cum
1470 1433 1664 1474 nomen

125 1506 316 1569 ἀναλογία
340 1511 444 1566 est,
470 1503 638 1557 nostri
659 1503 871 1574 quidam
901 1507 1291 1574 proportionem
1319 1517 1658 1577 vocaverunt,

123 1611 203 1666 quo
237 1595 444 1650 nomine
479 1604 710 1662 utamur,
751 1596 796 1650 si
836 1597 1011 1666 placet
1041 1616 1055 1650 :
1089 1612 1193 1652 non
1232 1599 1372 1653 enim
1413 1599 1656 1666 libenter,

123 1687 200 1742 nisi
239 1686 570 1751 noceasitate,
609 1703 782 1760 gneca
822 1689 1074 1743 vocabula
1119 1691 1169 1744 in
1206 1691 1370 1746 latino
1415 1707 1661 1750 sermone

122 1779 472 1846 usurpaverim.
499 1776 570 1831 ο.
597 1777 721 1833 Mihi
752 1793 880 1833 vero
908 1779 1114 1849 placet;
1143 1780 1236 1836 sed
1262 1797 1422 1852 perge
1450 1798 1555 1852 quo
1579 1783 1664 1838 in-

123 1868 344 1922 tenderas.
369 1866 450 1921 1!.
483 1867 719 1924 Faciam.
745 1868 880 1924 Nam
909 1870 1032 1938 quid
1060 1869 1130 1925 sit
1155 1878 1422 1941 pr0portio
1440 1912 1457 1940 ,
1487 1889 1657 1943 quan-

124 1969 298 2028 tumque
324 1961 380 2013 in
401 1961 566 2015 rebus
586 1961 721 2029 juris
742 1959 950 2026 habeat,
974 1973 1027 2016 et
1052 1977 1149 2016 suo
1168 1962 1283 2017 loco
1304 1964 1357 2018 in
1380 1962 1478 2018 hac
1500 1966 1662 2021 disci-

123 2050 229 2123 plina
251 2051 553 2122 diligentius
591 2052 950 2122 requiremus;
977 2061 1032 2108 et
1056 2063 1253 2123 quanto
1279 2053 1332 2108 in
1362 2056 1656 2112 eruditione

121 2143 378 2210 promotior‘
407 2143 541 2207 eris,
589 2152 735 2198 tanto
776 2143 891 2214 ejus
935 2145 1038 2199 vim
1080 2146 1268 2200 melius
1311 2157 1657 2218 naturamque

125 2247 386 2303 cognosces.
419 2233 528 2289 Sed
561 2235 711 2288 vides
737 2243 916 2301 certe,
944 2233 1085 2306 quod
1121 2236 1174 2290 in
1213 2239 1488 2306 praesentia
1527 2239 1656 2294 satis

122 2330 200 2386 est,
222 2333 314 2379 tres
334 2324 453 2379 illos
477 2339 752 2388 numeros,
768 2339 992 2395 quorum
1015 2326 1278 2382 mirabare
1297 2329 1650 2396 concordiam,

121 2413 290 2468 sibimet
316 2415 366 2468 in
391 2415 585 2471 eadem
626 2416 956 2472 connexione
997 2417 1094 2472 nisi
1133 2433 1229 2488 per
1260 2421 1650 2489 quaternarium

119 2522 348 2562 numerum
396 2524 502 2562 non
559 2510 794 2578 potuisse
839 2511 1088 2565 conferri.
1139 2512 1492 2578 Quamobrem
1533 2521 1653 2583 post

121 2595 212 2650 illos
231 2611 282 2652 se
303 2596 560 2662 ordinari,
589 2599 667 2653 sic
689 2606 745 2652 ut
766 2599 849 2652 illa
871 2601 1150 2654 concordia
1175 2617 1291 2655 cum
1320 2602 1402 2656 his
1425 2603 1650 2658 arctiore

117 2687 360 2757 copuletur,
381 2698 642 2758 quantum
664 2689 914 2758 intelligis
930 2689 1048 2757 jure
1070 2691 1404 2759 impetravit‘
1427 2710 1441 2757 ;
1469 2702 1522 2746 ιιι
1537 2692 1650 2763 jam

117 2796 195 2835 non
215 2798 357 2836 unum
375 2823 392 2850 ,
418 2781 530 2837 duo
550 2823 566 2843 ,
601 2783 698 2836 tria
723 2790 963 2846 tantum;
997 2783 1090 2838 sed
1116 2799 1276 2838 unum
1295 2824 1312 2849 ,
1339 2784 1446 2839 duo
1464 2827 1476 2846 ,
1511 2786 1609 2840 tria
1627 2827 1644 2853 ,

121 2883 321 2940 quatuor.
347 2873 416 2928 sit
441 2872 770 2928 amicissime
797 2873 1042 2943 copulata
1074 2875 1372 2944 progressio
1399 2890 1648 2931 numero-

118 2976 203 3016 rum
238 2962 300 3018 Β.
324 2963 554 3020 Omnino
579 2965 861 3020 assentior.

170 3053 242 3109 ει.
265 3054 417 3111 H.At
434 3063 634 3112 caetera
658 3057 881 3124 intuere,
905 3073 972 3113 ne
992 3057 1266 3114 arbitreris
1291 3058 1422 3116 nihil
1446 3059 1645 3117 habere

115 3145 331 3213 proprium
356 3146 758 3218 quaternarium
781 3164 1057 3203 numerum
1074 3191 1088 3212 ,
1109 3164 1216 3221 quo
1241 3151 1426 3223 reliqui
1457 3167 1643 3208 omnes

120 3237 281 3292 numeri
313 3247 566 3305 careant,
597 3238 738 3308 quod
766 3239 935 3294 valeat
967 3239 1035 3294 ad
1065 3241 1220 3295 istam
1257 3243 1639 3298 connexionem

118 3321 170 3378 de
188 3341 267 3394 qua
288 3327 493 3398 loquor,
521 3338 586 3384 ut
616 3327 683 3383 ab
709 3343 817 3384 uno
840 3344 1008 3398 usque
1033 3330 1098 3384 ad
1126 3341 1355 3400 quatuor
1376 3344 1553 3387 certus
1572 3333 1640 3388 sit

121 3427 333 3484 nam,
355 3429 408 3474 et
435 3418 834 3488 pulcherrimus
862 3421 1228 3491 progrediendi
1257 3423 1464 3476 modus.
1496 3425 1636 3478 Con-

127 3514 299 3562 venuat
325 3509 514 3579 quippe
557 3511 696 3563 inter
723 3525 821 3565 nos
848 3511 1116 3580 superius,
1145 3520 1272 3569 tunc
1295 3527 1361 3569 ex
1393 3514 1636 3583 pluribus

125 3607 250 3651 unum
269 3597 442 3670 aliquid
472 3601 710 3656 maxime
738 3600 881 3670 ﬁeri,
908 3616 1028 3658 cum
1057 3605 1314 3661 extremis
1341 3607 1512 3662 media
1533 3647 1548 3672 ,
1579 3617 1633 3663 et

119 3687 267 3744 mediis
283 3703 508 3748 extrema
534 3694 894 3749 consentiunt.
921 3692 990 3746 ο.
1012 3691 1088 3750 Ita
1111 3703 1211 3750 est.
1240 3694 1318 3750 ll.
1339 3694 1476 3751 Cum
1505 3713 1634 3769 ergo

115 3777 377 3838 collocamus
403 3801 573 3841 unum
602 3795 657 3841 et
681 3785 787 3840 duo
812 3793 868 3840 et
891 3785 992 3840 tria
1014 3827 1031 3854 ,
1069 3785 1154 3842 dic
1180 3803 1299 3857 qua:
1324 3789 1430 3842 sint
1454 3798 1633 3846 extre-

114 3883 204 3936 ma,
225 3875 348 3943 quod
382 3877 639 3933 medium.
673 3874 741 3931 υ.
773 3875 944 3933 Unum
969 3884 1025 3933 et
1049 3879 1150 3934 tria
1179 3889 1418 3936 extrema
1456 3881 1627 3950 video,

118 3959 197 4015 duo
228 3967 458 4022 medium.
492 3965 577 4022 Ι.
610 3967 888 4036 Responde
928 3985 1090 4036 nunc,
1126 3984 1193 4025 ex
1230 3986 1336 4025 uno
1372 3981 1426 4026 et
1466 3972 1633 4029 tribus

114 4051 208 4118 quid
228 4057 542 4113 conﬁciatur.
566 4055 635 4112 ι).
661 4058 914 4126 Quatuor.
945 4057 1024 4113 ιι.
1046 4057 1222 4126 Quid?
1247 4059 1354 4115 duo
1380 4061 1470 4130 qui
1495 4076 1632 4118 unus

109 4135 150 4192 in
183 4143 335 4199 medio
379 4163 632 4203 numerus
673 4157 777 4214 est,
825 4163 950 4203 num
997 4157 1172 4218 potest
1218 4150 1318 4205 nisi
1356 4152 1458 4206 sibi
1501 4167 1628 4208 cou-

111 4226 231 4284 lerrii
250 4234 595 4301 Quamobrem
623 4236 709 4293 dic
732 4239 892 4293 etiam
920 4238 1026 4292 duo
1054 4239 1134 4293 bis
1161 4239 1287 4309 quid
1324 4241 1624 4297 conﬁciant.

111 4311 161 4367 ι).
181 4318 406 4388 Quatuor.
436 4325 517 4380 Ι.
550 4324 623 4380 Ita
647 4341 776 4397 ergo
803 4327 1033 4382 medium
1062 4329 1343 4392 extremis,
1371 4340 1423 4386 et
1454 4333 1629 4389 medio

109 4418 300 4468 extrema
341 4417 695 4473 consentiunt.
742 4419 1098 4485 Quamobrem
1141 4421 1280 4476 sicut
1314 4423 1529 4478 excellit
1571 4424 1624 4479 in

109 4499 266 4570 tribus,
292 4506 426 4574 quod
454 4518 575 4578 post
602 4525 765 4564 unum
790 4518 847 4566 et
871 4509 976 4565 duo
1011 4512 1368 4580 collocantur,
1400 4529 1521 4569 cum
1559 4531 1624 4570 ex

111 4600 191 4643 uno
209 4603 254 4647 et
272 4595 472 4653 duobus
491 4608 769 4664 constent;
799 4600 879 4654 sic
901 4600 1110 4656 excellit
1136 4600 1187 4654 in
1211 4614 1457 4673 quatuor,
1481 4603 1624 4674 quod

109 4689 200 4746 post
221 4699 366 4741 unum
393 4698 447 4745 et
470 4690 582 4745 duo
603 4702 657 4747 et
683 4691 782 4747 tria
810 4705 1156 4748 numerantur
1176 4734 1191 4758 ,
1220 4709 1341 4750 cum
1379 4707 1626 4754 constent

108 4782 159 4824 ex
180 4790 265 4829 uno
286 4787 336 4833 et
360 4781 524 4836 tribus
545 4823 562 4850 ,
594 4783 673 4837 vel
705 4783 786 4838 bis
809 4784 1017 4839 duobus
1046 4802 1061 4839 :
1099 4800 1219 4855 qua:
1260 4796 1620 4844 extremorum

107 4869 200 4917 cum
219 4868 396 4936 medio,
421 4881 479 4926 et
496 4874 655 4929 medii
677 4888 798 4929 cum
822 4875 1095 4937 extremis,
1124 4875 1178 4930 in
1199 4875 1288 4930 illa
1312 4894 1432 4948 qua:
1449 4894 1622 4948 greco

106 4953 287 5022 ἀναλογία
327 4960 513 5019 dicitur
530 5007 545 5032 ,
597 4968 940 5037 proportione
991 4970 1272 5023 consensio
1313 4979 1415 5026 est.
1469 4971 1620 5041 Quod

107 5052 243 5132 multo
265 5051 577 5112 intellexeris
605 5057 796 5128 pande.
827 5058 896 5112 υ.
927 5059 1070 5115 Satis
1091 5061 1347 5132 intelligo.

156 5131 325 5194 ἉἸ.
352 5141 513 5198 Tenta
548 5163 676 5217 ergo
715 5149 766 5202 in
804 5149 1026 5220 reliquis
1062 5131 1330 5219 numeris,
1371 5164 1618 5215 utrumne

107 5220 354 5314 inveniatur
391 5238 530 5306 quod
572 5243 893 5310 quaternarii
937 5245 1144 5300 numeri
1187 5247 1456 5314 proprium
1497 5264 1617 5307 esse

107 5310 310 5375 diximus.
337 5323 404 5378 υ.
435 5327 658 5384 Faciam.
689 5330 819 5386 Nam
845 5333 888 5385 si
918 5310 1300 5391 constituamus
1321 5337 1462 5404 duo,
1492 5340 1612 5410 tria,

109 5415 290 5490 quatuor
310 5454 324 5475 ,
348 5427 576 5471 extrema
606 5421 795 5474 collata
826 5425 958 5478 tiunt
983 5440 1112 5490 sex;
1143 5425 1244 5480 hoc
1269 5426 1394 5481 facit
1418 5437 1472 5484 et
1498 5445 1612 5486 me-

108 5488 222 5548 dium
242 5498 330 5554 sibi
353 5505 591 5561 collatum
621 5526 634 5561 :
665 5526 758 5565 uec
785 5520 958 5566 tamen
985 5488 1106 5578 sex,
1121 5515 1213 5570 sed
1240 5519 1468 5588 quinque
1487 5534 1613 5575 con-

109 5589 369 5648 sequuntur.
395 5591 588 5648 Rursus
616 5597 732 5664 tria,
758 5614 984 5668 quatuor
1001 5615 1054 5659 et
1073 5606 1304 5674 quinque
1324 5609 1608 5677 conStituo;

107 5680 301 5732 extrema
319 5692 434 5735 octo
457 5685 667 5752 faciunt,
689 5690 917 5746 medium
942 5709 1152 5765 quoque
1175 5695 1258 5753 bis
1280 5698 1532 5755 ductum:
1556 5710 1611 5756 at

155 5781 701 5854 imitamina“.
728 5809 758 5848 Α
785 5809 833 5850 et
858 5808 902 5850 I.
969 5808 1025 5854 ll.

406 5877 624 5944 SANCTo
665 5885 944 5952 Acutior.
961 5881 1029 5974 ις

1473 391 1676 450 LIBER
1714 393 1983 454 PRIMUS.

1786 508 1924 563 inter
1952 509 2184 580 quinque
2207 522 2262 567 et
2284 522 2435 580 octo,
2467 532 2573 572 non
2591 518 2703 588 jam
2728 536 2891 577 unum
2911 565 2925 587 ,
2952 526 3044 581 sed
3067 528 3203 585 duos
3219 572 3238 599 ,
3262 548 3353 590 se-

1775 600 1988 680 narium
2024 603 2221 658 scilicet
2251 612 2305 660 et
2333 611 2686 676 septi-narium
2727 630 2977 672 numeros
3014 619 3352 692 interpositos

1781 687 1957 745 video.
1995 690 2166 761 Atque
2196 694 2281 748 illa
2310 697 2510 754 raIiOue
2543 714 2794 769 quantum
2836 687 3174 778 progredior,
3205 723 3350 772 tanto

1780 778 1895 836 lucc
1915 781 2042 836 ﬁunt
2069 784 2336 841 intervalla
2362 792 2558 858 majora
2577 794 2615 844 ⁸.
2641 792 2719 848 Η.
2747 796 2910 853 Video
2931 811 2981 856 te
3002 803 3346 875 intellexisse,

1777 879 1828 924 et
1858 871 2076 927 omnino
2101 875 2238 930 scire
2262 879 2402 946 quod
2431 881 2626 936 dictum
2655 896 2732 940 est
2759 904 2773 939 :
2802 890 2894 943 sed
2919 891 3029 960 jam
3060 909 3128 950 ne
3154 871 3348 954 immo;

1776 977 1958 1018 remur
1980 1006 1994 1027 ,
2023 967 2400 1025 animadvertis
2437 985 2582 1030 certe
2607 977 2674 1032 ab
2699 994 2805 1034 uno
2834 997 2999 1052 usque
3025 985 3092 1042 ad
3121 999 3350 1056 quatuor

1769 1050 2118 1120 justissimam
2150 1057 2262 1123 ﬁeri
2292 1066 2747 1134 progressionem;
2784 1072 2901 1126 sive
2914 1050 3152 1145 “propter
3170 1083 3346 1151 impa-

1772 1157 1886 1198 rem
1930 1159 1994 1200 ac
2041 1161 2220 1216 parem
2269 1167 2586 1222 numerum,
2631 1161 2877 1227 quoniam
2927 1165 3129 1233 primus
3176 1169 3351 1242 impar

1772 1238 1914 1288 totus
1959 1236 2091 1302 tria,
2132 1248 2188 1293 et
2226 1235 2428 1330 primus
2469 1257 2563 1312 par
2600 1255 2742 1302 totus
2781 1264 3033 1321 quatuor,
3062 1257 3130 1313 de
3154 1235 3266 1330 qua
3285 1277 3349 1320 re

1771 1326 1928 1394 paulo
1951 1319 2384 1402 antemetaium
2411 1345 2520 1402 est;
2544 1339 2656 1393 sive
2675 1342 2795 1408 quia
2819 1360 2978 1400 unum
2999 1319 3049 1403 et
3068 1319 3343 1423 duo-prino

1769 1415 1902 1485 cipia
1929 1431 2071 1485 sunt,
2098 1432 2152 1476 et
2178 1426 2328 1493 quasi
2354 1428 2554 1480 semina
2585 1446 2949 1501 numerorum,
2971 1453 3002 1492 e
3023 1415 3211 1509 quibus
3238 1453 3342 1500 ter-

1769 1509 1948 1565 narius
1986 1513 2283 1582 conﬁcitur,
2321 1526 2377 1570 ut
2405 1519 2510 1572 sint
2541 1518 2651 1589 jam
2696 1530 2803 1578 tres
2845 1529 3084 1595 numeri;
3122 1533 3210 1602 qui
3240 1536 3340 1591 sibi

1767 1599 1893 1655 dum
1924 1607 2264 1674 proportione
2297 1609 2670 1677 conferuntur,
2701 1621 3069 1686 quaternarius
3095 1599 3345 1684 elucescit

1766 1700 1820 1744 et
1838 1693 2088 1763 gignitur,
2109 1707 2160 1751 et
2183 1708 2458 1767 pr0pterca
2485 1705 2562 1757 eis
2579 1706 2700 1774 jure
2721 1707 3076 1780 conjungitur,
3103 1723 3158 1769 ut
3179 1733 3344 1788 usque

1764 1781 1831 1836 ad
1854 1783 1999 1838 illum
2025 1786 2114 1841 ﬁat
2131 1803 2216 1856 ea,
2238 1805 2396 1860 quam
2417 1795 2704 1863 quaerimus
2725 1799 2996 1860 moderata
3017 1781 3335 1878 progressio.

1766 1869 1833 1925 D.
1867 1871 2124 1925 Intelligo.

1819 1909 1833 1925 .
1867 1875 2124 1946 Intelligo.

1830 1963 1922 2020 26.
1965 1965 2042 2019 Μ.
2074 1969 2213 2024 Bene
2241 1985 2390 2027 sane.
2432 1973 2536 2029 Sed
2577 1980 2930 2036 meministine
2973 1987 3183 2042 tandem
3212 1991 3336 2061 quid
3365 1962 3374 1970 ’

1761 2053 2153 2113 institueramus
2194 2062 2502 2132 inquirere?
2541 2066 2670 2121 Nam
2694 2111 2709 2130 ,
2745 2080 2800 2124 ut
2853 2075 3058 2143 opinor,
3094 2053 3338 2151 proposi-

1763 2152 1870 2198 tum
1901 2159 2036 2214 erat,
2070 2150 2112 2204 si
2143 2154 2408 2220 quomodo
2439 2156 2674 2213 invenire
2703 2175 2997 2229 possemus,
3023 2182 3140 2221 cum
3164 2150 3215 2225 in
3247 2173 3337 2229 illa
3399 2206 3408 2211 ~

1759 2233 2016 2292 inﬁnitate
2042 2256 2380 2298 numerorum
2409 2247 2537 2300 certi
2568 2248 2771 2303 articuli
2799 2262 2981 2308 essent
3004 2263 3333 2316 numeranti-

1756 2322 1859 2380 bus
1881 2331 2181 2396 constituti,
2212 2334 2336 2404 quid
2362 2345 2502 2392 esset
2525 2354 2697 2396 eausa:
2714 2358 2811 2396 cur
2837 2345 2947 2412 ipse
2975 2349 3176 2418 primus
3195 2355 3332 2410 arti-

1755 2414 1906 2470 culus
1934 2420 1982 2471 in
2010 2419 2225 2477 denario
2246 2441 2467 2482 numero
2487 2441 2644 2489 esset.
2675 2433 2761 2500 qui
2791 2449 2886 2502 per
2904 2414 3088 2493 omnes
3108 2453 3333 2502 caeteros

1755 2506 1900 2560 valet
1929 2509 2246 2579 plurimum;
2275 2515 2328 2569 id
2357 2527 2474 2584 est,
2503 2535 2600 2572 cur
2624 2522 2690 2575 ab
2717 2540 2821 2577 uno
2857 2541 3021 2596 usque
3049 2529 3116 2584 ad
3143 2532 3331 2590 decem

1755 2599 2019 2664 progressi
2060 2615 2400 2660 numerantes
2438 2623 2642 2662 rursum
2684 2612 2748 2666 ad
2791 2629 2950 2668 ιιι.ιιιιι
2990 2624 3332 2678 remearent?

1755 2683 1822 2738 ι).
1848 2685 2120 2744 Recordor
2140 2693 2292 2760 plane
2317 2697 2620 2762 quaestionis
2645 2702 2798 2770 hujus
2823 2719 2980 2760 causa
3007 2724 3104 2763 nos
3128 2721 3329 2768 tantum

1753 2775 2063 2837 circumisse
2095 2801 2109 2837 :
2136 2784 2228 2838 scd
2277 2788 2401 2856 quid
2444 2789 2776 2846 eﬁ‘ecerimus
2817 2797 2956 2864 quod
2985 2799 3052 2853 ad
3079 2817 3194 2854 eam
3221 2805 3328 2861 sol-

1751 2871 1977 2926 vendam
2007 2875 2287 2942 pertineat,
2317 2894 2421 2932 non
2444 2879 2672 2936 invenio.
2703 2883 2975 2952 Siquidem
3023 2891 3107 2944 illa
3148 2895 3326 2952 omnis

1750 2973 1930 3018 nostra
1973 2968 2303 3024 ratiocinatio
2329 2970 2394 3025 ad
2427 2970 2476 3026 id
2501 2975 2747 3031 conclusa
2779 2987 2892 3046 est,
2934 2990 2992 3035 ut
3017 2997 3122 3038 non
3154 3000 3328 3056 usque

1747 3054 1813 3108 ad
1857 3056 2160 3126 denarium,
2208 3061 2301 3116 sed
2353 3077 2520 3132 usque
2562 3068 2628 3121 ad
2681 3073 3075 3138 quaternarium
3132 3054 3326 3134 nume-

1745 3157 1864 3198 rum
1915 3145 1985 3200 sit
2028 3149 2167 3217 justa
2216 3160 2271 3206 et
2332 3155 2599 3210 moderata
2665 3161 2985 3229 progressio.
3036 3162 3112 3218 ll.
3170 3167 3321 3226 Tune

1747 3233 1906 3304 igitur
1957 3252 2063 3293 non
2116 3240 2305 3305 vides,
2356 3257 2422 3298 ex
2477 3261 2579 3300 uno
2635 3259 2690 3303 et
2743 3250 2982 3320 duobus,
3039 3265 3095 3310 et
3141 3258 3313 3318 tribus

1749 3335 2085 3419 etgquatuor
2107 3349 2224 3402 qua:
2250 3349 2455 3392 summa
2495 3339 2838 3397 conﬁciatur?
2877 3343 2943 3398 D.
2989 3344 3155 3404 Video
3177 3349 3313 3419 jam,

1746 3417 1919 3484 video,
1971 3429 2025 3475 et
2073 3423 2238 3476 miror
2287 3426 2498 3494 omnia,
2526 3436 2579 3483 et
2620 3440 2790 3486 ortam
2834 3417 3194 3503 qumstioncmi
3221 3417 3318 3496 so-

1745 3504 1904 3560 lotam
1953 3524 2072 3564 esse
2120 3514 2382 3569 conﬁteor
2414 3535 2426 3570 :
2459 3533 2619 3572 unum
2650 3521 2790 3574 enim
2817 3533 2870 3577 et
2894 3524 2997 3578 duo
3025 3537 3081 3582 et
3119 3531 3216 3586 tria
3259 3542 3318 3590 et

1740 3605 1968 3664 quatuor
2017 3598 2176 3657 simul
2223 3603 2405 3659 decem
2434 3617 2575 3661 sunt.
2610 3607 2686 3661 Η.
2740 3612 2879 3681 Ergo
2922 3615 3050 3673 istos
3091 3633 3320 3690 quatuor

1741 3686 1942 3755 primos
1971 3705 2252 3756 numeros,
2297 3694 2596 3767 seriemque
2631 3709 2686 3754 et
2720 3686 3317 3772 connexionem'eorum

1741 3773 2102 3836 honorabilius
2124 3780 2309 3840 haberi
2329 3825 2344 3852 ,
2372 3801 2529 3856 quam
2572 3800 2764 3845 caetera
2785 3834 2799 3858 ,
2831 3793 2882 3848 in
2923 3801 3157 3856 numeris
3179 3815 3311 3857 con-

1737 3866 1902 3922 venit.

1737 3956 1965 4016 CAPUT
2002 3959 2138 4016 Xill.
2161 3990 2234 4003 —
2249 3962 2329 4019 De
2352 3971 2846 4038 proportionatorum
2884 3984 3106 4033 malum
3132 3980 3312 4038 decore

2127 4063 2369 4122 quatenus
2391 4058 2616 4112 sensibus
2638 4060 2921 4130 judicatur.

1805 4136 1896 4192 27.
1937 4137 2167 4210 Tempus
2201 4153 2283 4197 est
2323 4156 2498 4200 autem
2526 4147 2591 4202 ad
2626 4149 2743 4203 illos
2769 4163 2943 4208 motus
2979 4156 3152 4213 redire
3199 4169 3308 4217 tra-

1734 4229 1957 4284 ctandos
1983 4241 2036 4285 et
2061 4232 2454 4302 discutiendos,
2495 4239 2582 4308 qui
2609 4239 2730 4296 huic
2757 4241 3046 4314 disciplina:
3089 4253 3304 4320 proprie

1735 4320 2054 4383 tribuuntur,
2093 4334 2148 4378 et
2177 4334 2396 4395 propter
2420 4342 2554 4396 quos
2583 4330 2682 4384 ista
2708 4331 2776 4386 de
2796 4337 3030 4390 muneris
3051 4378 3066 4401 ,
3103 4339 3170 4393 de
3197 4342 3301 4397 alia

1729 4410 1933 4466 scilicet
1959 4411 2234 4484 disciplina
2257 4455 2274 4482 ,
2304 4428 2558 4486 quantum
2606 4436 2701 4490 pro
2740 4427 2950 4494 negotio
2973 4429 3102 4483 satis
3131 4431 3303 4488 visum

1729 4509 1833 4567 est,
1862 4503 2331 4561 consideravimus.
2361 4506 2540 4578 itaque
2561 4525 2702 4565 nunc
2726 4514 2820 4567 abs
2850 4525 2900 4570 te
2918 4533 3132 4588 quaero,
3162 4535 3296 4592 quo-

1729 4591 1874 4647 niam
1927 4593 2248 4664 intelligendi
2301 4601 2468 4667 gratia
2511 4601 2562 4653 in
2611 4601 2857 4658 horarum
2905 4611 3076 4676 spatio
3123 4591 3300 4669 motus

1728 4682 2180 4739 coitstituebamus
2202 4725 2217 4749 ,
2249 4702 2383 4755 quos
2403 4687 2468 4744 ad
2496 4703 2556 4745 se
2585 4691 2808 4747 invicem
2847 4695 3042 4754 habere
3068 4701 3302 4774 aliquam

1729 4786 2065 4828 numerosam
2091 4774 2474 4832 dimensionem
2504 4782 2638 4834 ratio
2661 4783 3093 4854 demonstrabat;
3121 4801 3298 4852 utrum

1726 4863 1773 4917 si
1799 4865 2072 4934 quisquam
2101 4881 2248 4921 mora
2276 4869 2430 4924 unius
2456 4868 2604 4925 bone
2631 4884 2839 4940 currat,
2873 4888 2926 4931 et
2967 4881 3100 4934 altus
3140 4881 3296 4940 dein-

1724 4969 1853 5024 ceps
1875 4956 2094 5011 duarum
2116 4998 2130 5017 .
2162 4960 2334 5028 possis
2361 4975 2467 5016 non
2513 4962 2750 5033 inspecto
2775 4966 3048 5040 horologia
3075 4973 3158 5029 vel
3184 4977 3296 5032 cle-

1726 5047 1916 5118 psydra
1939 5087 1956 5115 ,
1985 5047 2067 5104 vel
2094 5050 2268 5120 aliqua
2297 5051 2662 5121 hujuscemodi
2686 5065 2980 5129 temporum
3028 5067 3296 5123 notatione

1723 5139 1924 5193 sentire
1961 5138 2084 5194 illos
2127 5139 2262 5196 duos
2293 5153 2468 5198 motus
2487 5183 2502 5208 ,
2531 5145 2672 5214 quod
2702 5161 2836 5202 unus
2864 5151 3117 5220 simplus,
3158 5155 3293 5211 alius

1723 5228 1913 5298 duplus
1935 5231 2004 5284 sit
2042 5247 2055 5282 :
2085 5233 2166 5286 vel
2198 5234 2408 5289 etiamsi
2449 5234 2505 5290 id
2531 5252 2635 5292 non
2666 5241 2836 5307 possis
2859 5241 3056 5306 dicere,
3087 5243 3176 5298 illa
3208 5255 3288 5300 ta-

1721 5337 1841 5376 men
1872 5327 2215 5392 congruentia
2237 5326 2508 5396 delectari,
2539 5338 2696 5400 atque
2721 5332 2892 5402 aliqua
2919 5336 3180 5403 voluptate
3205 5337 3286 5391 af-

1722 5411 1824 5466 ﬁci.
1857 5411 1924 5464 ι).
1945 5411 2100 5468 Nullo
2121 5414 2279 5470 modo
2299 5431 2531 5485 possum.
2555 5418 2634 5472 Al.
2658 5419 2815 5486 Quid,
2838 5422 2880 5474 si
2901 5423 3158 5491 quispiam
3183 5441 3283 5482 uu-

1720 5517 1927 5558 merose
1964 5505 2176 5574 plaudat
2194 5547 2209 5569 ,
2242 5509 2309 5560 ita
2339 5518 2397 5561 ut
2427 5522 2562 5563 unus
2602 5510 2805 5564 sonitus
2834 5509 3076 5579 simplum
3102 5553 3121 5579 ,
3150 5516 3283 5574 alter

1717 5591 1936 5662 duplum
1965 5596 2218 5664 temporis
2248 5605 2460 5662 teneat,
2490 5612 2623 5667 quos
2659 5599 2860 5651 iambos
2884 5600 3046 5669 pedes
3070 5617 3278 5670 vocant,

1716 5699 1916 5754 eosque
1967 5689 2236 5742 continuet
2281 5698 2439 5757 atque
2485 5700 2763 5754 contcxat;
2810 5693 2943 5746 alius
2987 5704 3164 5752 autem
3211 5699 3277 5755 ad

1779 5815 1796 5848 ⁸
1819 5819 1891 5867 in.
1913 5820 1986 5878 3.,
2003 5813 2184 5880 faciam!
2203 5815 2448 5869 Marcella
2467 5818 2666 5880 majora.
2695 5828 2772 5870 Ms.
2798 5831 2860 5882 Α,
2881 5823 3015 5886 limit.
3077 5830 3137 5880 Ι.

2443 5901 2931 5986 {Troum-ring.)
