3804 6386
1623 401 1709 471 oE
1749 399 2022 479 nosnos,
2060 409 2120 470 s.
2160 413 2525 472 AUGUSTINI
3525 421 3645 483 not

2125 530 2222 586 des
2249 531 2462 584 facere?
2489 529 2558 584 ι).
2601 530 2818 587 Possum
2845 546 2974 587 sane
3011 549 3025 586 :
3061 547 3176 587 nam
3202 540 3282 588 ter
3306 542 3423 588 sunt
3441 537 3647 606 variata,

385 437 578 496 ..1103

387 479 562 622 :mns
593 565 705 622 pes,
724 557 853 619 quot
877 547 999 600 item
1018 544 1296 597 maximus.
1315 535 1385 590 D.
1403 536 1513 590 Duo
1528 535 1639 597 ille,
1652 536 1752 589 iste
1772 542 2015 602 quatuor.

401 616 432 720 ξ
447 643 522 697 Μ.
550 616 779 696 Videsne
811 649 863 694 ut
892 635 1188 707 progressio
1227 633 1323 686 nisi
1345 645 1511 700 usque
1535 629 1600 683 ad
1626 624 2018 697 quaternarium

444 749 724 790 numerum
764 731 876 786 ﬁeri
907 745 1009 783 non
1039 725 1286 796 pomerit,
1313 724 1425 778 sive
1456 721 1506 776 in
1533 720 1756 791 pedibus
1777 760 1793 783 ,
1831 719 1941 773 sive
1967 718 2018 771 in

444 821 812 894 temporibus?
849 817 920 873 D.
953 818 1119 872 Video
1151 814 1336 884 plane,
1381 822 1436 868 et
1475 810 1726 866 recordor
1763 809 2019 861 rationem

444 912 832 986 progressionis
859 911 908 965 in
947 907 1212 970 numeris,
1249 915 1405 972 atque
1441 903 1581 956 illam
1609 899 1711 953 vim
1740 898 1827 952 hic
1860 897 2019 950 etiam

441 1008 620 1062 inesse
652 1005 822 1058 sentio
849 1017 969 1056 cum
1001 1014 1186 1068 magna
1220 995 1381 1051 animi
1411 993 1696 1061 voluptate.
1730 987 1808 1042 Μ.
1836 988 2021 1043 Nonne

443 1115 572 1168 ergo
597 1110 814 1156 censes,
843 1109 962 1148 cum
996 1091 1158 1161 pedes
1182 1088 1396 1163 syllabis
1423 1092 1686 1148 constent,
1716 1081 1767 1136 id
1804 1090 1886 1136 est
1907 1078 2019 1132 dis-

441 1189 622 1243 tinctis
659 1196 714 1242 et
739 1184 891 1255 quasi
927 1181 1216 1236 articulatis
1241 1177 1471 1232 m0tibus
1495 1175 1585 1244 qui
1620 1185 1743 1227 sunt
1772 1173 1822 1224 in
1851 1168 2016 1235 sonis,

439 1277 657 1350 syllaba:
687 1285 865 1330 autem
903 1271 1185 1326 tendantur
1226 1265 1577 1336 temporibus,
1620 1271 1864 1331 oportere
1904 1259 2018 1314 ﬁeri

440 1349 600 1427 etiam
627 1382 791 1437 usque
817 1364 883 1417 ad
903 1373 1128 1432 quatuor
1148 1358 1376 1430 syllabas
1401 1355 1819 1426 progressionem
1846 1349 2017 1423 pedis,

444 1463 580 1516 sicut
601 1460 709 1529 jam
731 1457 922 1513 factam
949 1468 1117 1524 usque
1137 1452 1201 1506 ad
1228 1450 1618 1521 quaternarium
1646 1461 1944 1511 numerum,
1967 1453 2022 1499 et

443 1554 679 1622 ipsorum
718 1548 908 1617 pedutn
937 1555 989 1599 et
1017 1553 1313 1613 temporum
1344 1539 1551 1595 cernis?
1578 1537 1645 1592 D.
1679 1537 1749 1591 Ita
1785 1536 1940 1605 plane
1965 1543 2021 1588 ut

445 1640 578 1696 dicis
597 1639 788 1696 sentio.
811 1647 866 1692 et
893 1636 994 1690 hoc
1013 1633 1178 1688 videri
1208 1630 1454 1701 perfecta:
1483 1626 1672 1683 rationi
1693 1639 1954 1696 cognosco
1976 1625 2016 1688 ⁸,

442 1737 497 1785 et
523 1728 756 1784 debitum
784 1725 978 1793 ﬂagito.

783 1814 1008 1872 CAPUT
1050 1814 1110 1868 V.
1134 1842 1204 1854 ——
1228 1810 1392 1866 Pedes
1417 1807 1684 1879 trisyllabi.

517 1911 570 1968 6.
601 1909 676 1964 Μ.
707 1909 817 1978 Age
845 1923 983 1960 nunc
1009 1920 1136 1974 ergo
1166 1904 1310 1972 prius
1330 1944 1345 1968 ,
1376 1912 1432 1956 ut
1465 1901 1597 1953 ordo
1623 1900 1734 1967 ipse
1759 1895 2017 1966 postulat,

443 2013 712 2057 ternarum
743 1998 1062 2069 syllabarum
1095 1995 1256 2066 pedes
1280 2004 1407 2063 quot
1434 2007 1552 2047 esse
1580 1991 1805 2061 possint,
1839 1988 2019 2042 videa-

445 2110 583 2153 mus.
619 2094 754 2148 sicut
783 2092 1025 2148 binarum
1055 2100 1281 2160 quatuor
1307 2103 1422 2141 esse
1451 2085 1823 2155 comperimus.
1854 2081 1916 2134 ι).
1945 2077 2022 2135 ιω

444 2189 553 2244 ﬁat.
599 2187 671 2239 Μ.
705 2185 984 2240 Meministi
1010 2183 1078 2238 ab
1105 2197 1205 2236 una
1237 2181 1382 2235 brevi
1409 2179 1629 2251 syllaba,
1663 2176 1713 2230 id
1741 2184 1824 2231 est
1869 2173 2022 2227 unius

443 2278 696 2346 temporis
743 2277 898 2330 istam
938 2291 1033 2329 nos
1073 2273 1348 2328 inchoasse
1391 2270 1682 2330 rationem,
1721 2275 1775 2320 et
1815 2281 1925 2320 cur.
1953 2264 2022 2317 ita

443 2375 710 2438 oporteret
751 2365 880 2420 satis
920 2363 1265 2418 intellexisse.
1310 2359 1378 2414 D.
1422 2358 1628 2413 Memini
1674 2357 1741 2410 ab
1781 2355 1866 2409 illa
1907 2354 2024 2422 lege

449 2459 784 2523 numerandi,
812 2473 914 2528 qua
940 2459 961 2490 ⁸
989 2457 1055 2510 ab
1081 2472 1188 2511 uno
1215 2455 1514 2523 incipimus.
1544 2451 1682 2522 quod
1710 2448 2023 2519 principium

448 2567 790 2608 numerorum
818 2558 934 2615 est,
966 2549 1228 2618 placuisse
1263 2546 1414 2599 nobis
1440 2559 1545 2598 non
1575 2553 1823 2610 oportere
1849 2541 2022 2594 disce-

443 2645 593 2698 dere.
638 2641 714 2695 Μ.
751 2641 882 2694 Cum
914 2640 1071 2708 igitur
1099 2639 1150 2691 in
1182 2636 1404 2706 pedibus
1441 2635 1677 2689 binarum
1706 2633 1781 2702 syl
1806 2634 2024 2686 aliarum

453 2735 543 2789 ille
583 2734 652 2788 sit
687 2733 888 2802 primus
916 2731 1003 2802 qui
1030 2729 1231 2784 dualms
1258 2727 1504 2780 breiibus
1542 2733 1747 2778 constat
1777 2722 2028 2794 (cogebat

447 2824 590 2878 enim
613 2823 746 2876 ratio
773 2822 859 2874 uni
883 2819 1108 2888 tempori
1130 2818 1276 2886 prius
1297 2831 1457 2870 unum
1481 2824 1685 2883 tempus
1701 2812 1846 2881 jungi
1869 2826 2027 2879 quam

446 2913 624 2986 duo);
657 2930 812 2984 quem
860 2912 1072 2966 tandem
1113 2909 1386 2964 arbitraris
1414 2909 1466 2960 in
1511 2905 1729 2974 pedibus
1757 2914 2027 2959 ternarum

449 3006 773 3077 syllabarum
799 3005 1024 3073 primum
1056 3018 1173 3058 esse
1194 3002 1428 3056 debere?
1456 3000 1524 3055 Ι).
1547 3001 1734 3068 Quem.
1767 3001 1864 3053 nisi
1904 3015 2027 3055 eum

447 3095 589 3165 quia
632 3097 799 3149 tribus
840 3095 1085 3149 brevibus
1110 3092 1308 3148 confit?
1351 3091 1424 3146 Μ.
1456 3093 1521 3147 Ει
1550 3093 1647 3146 iste
1671 3101 1800 3161 quot
1827 3095 2053 3161 tempo-'

450 3203 565 3241 rum
595 3187 717 3242 est?
750 3186 818 3240 Ι).
851 3187 1033 3241 Trium
1075 3187 1294 3240 scilicet.
1338 3182 1413 3236 Μ.
1453 3184 1728 3250 Quomodo
1770 3199 1895 3252 ergo
1933 3184 2031 3237 bu-

444 3279 531 3346 jus
560 3288 736 3345 partes
766 3276 863 3328 sibi
892 3273 1272 3329 conteruntur?
1292 3273 1421 3328 Nam
1450 3288 1660 3327 omnem
1694 3272 1878 3342 pedem
1913 3287 2032 3342 pro-

452 3378 573 3434 pter
601 3367 742 3419 illam
777 3380 1116 3418 numerorum
1143 3365 1480 3418 collationem
1509 3363 1640 3416 duas
1684 3363 1877 3416 habere
1907 3378 2030 3430 par-

453 3468 554 3521 tes,
587 3472 705 3524 quae
731 3455 943 3508 sibimet
970 3456 1143 3522 aliqua
1173 3454 1376 3508 ratione
1405 3452 1740 3508 conferantur
1760 3496 1775 3520 ,
1814 3468 2033 3510 necesse

458 3555 561 3608 est,
595 3546 750 3614 idque
782 3545 1026 3612 superius
1060 3546 1232 3613 egis~e
1259 3559 1355 3598 nos
1382 3545 1594 3599 memini
1626 3564 1637 3598 :
1667 3547 1756 3600 sed
1780 3547 2033 3616 numquid

453 3650 736 3706 possumus
770 3635 910 3689 bunc
941 3637 1095 3687 lriutn
1138 3634 1372 3689 brevium
1403 3635 1722 3706 syllabarum
1752 3637 1938 3706 pedem
1978 3638 2032 3692 in

452 3724 584 3777 duas
622 3725 853 3794 aequales
891 3735 1062 3793 partes
1103 3725 1384 3780 dividere?
1424 3724 1488 3779 υ.
1531 3725 1684 3780 Nullo
1730 3728 1905 3781 modo.
1957 3727 2031 3782 Μ.

453 3815 731 3882 Quomodo
753 3831 879 3884 ergo
908 3815 1198 3870 dividitur?
1227 3814 1291 3868 D.
1323 3814 1420 3869 Nili
1446 3817 1458 3868 Ι
1487 3817 1626 3870 aliud
1655 3817 1826 3882 video,
1858 3818 2037 3872 nisiut

455 3906 620 3975 prima
652 3921 773 3976 pars
802 3906 988 3960 babeat
1016 3922 1171 3960 unam
1195 3906 1470 3977 syllabam,
1497 3909 1724 3962 secunda
1752 3908 1918 3972 duas;
1945 3917 2037 3962 aut

453 3997 618 4065 prima
641 3996 790 4060 duas,
817 3997 1045 4050 secunda
1074 4011 1253 4051 unam.
1283 3994 1359 4048 Μ.
1387 3997 1477 4050 Dic
1497 3999 1655 4051 etiam
1681 3998 1779 4052 boc
1799 3999 1819 4030 ⁸
1838 3999 1904 4053 de
1931 4015 2035 4069 qua

458 4088 636 4157 regula
669 4103 1007 4144 numerorum
1037 4088 1149 4142 sit?
1178 4087 1246 4142 Ι).
1289 4088 1360 4144 De
1383 4088 1817 4159 complicatorum
1845 4105 2036 4160 genere

451 4194 570 4234 eSse
594 4195 874 4250 cognosco.

528 4273 581 4328 7.
609 4271 684 4326 Μ.
710 4276 840 4343 Age,
869 4290 1010 4329 nunc
1039 4275 1166 4328 illud
1193 4275 1428 4340 attende,
1458 4285 1567 4332 tres
1589 4276 1809 4347 syllabae
1838 4279 1890 4331 in
1917 4277 2036 4346 qui-

452 4362 558 4416 bus
594 4373 675 4416 est
715 4379 817 4416 una
851 4365 1038 4433 longa,
1083 4373 1289 4418 caetera.-
1329 4365 1554 4431 breves,
1597 4367 1804 4435 quoties
1845 4365 2038 4420 variari

455 4452 682 4520 possint,
713 4451 762 4505 id
799 4464 880 4506 est
909 4463 1034 4521 quot
1065 4453 1228 4523 pedes
1257 4453 1463 4518 facere;
1499 4463 1556 4510 et
1581 4457 1863 4523 reapottde,
1886 4458 1928 4510 si
1960 4459 2040 4513 in-

452 4541 683 4594 veneris.
709 4539 772 4594 D.
799 4540 970 4597 Unum
996 4542 1181 4612 pedem
1205 4545 1356 4597 video
1381 4559 1520 4610 esse,
1546 4547 1633 4613 qui
1656 4547 1806 4614 longa
1837 4558 1889 4603 et
1910 4550 2038 4604 dua-

451 4627 550 4682 bus
581 4629 826 4685 brevibus
853 4641 1094 4697 constet;
1126 4633 1266 4689 aliud
1303 4651 1404 4689 non
1434 4636 1686 4708 intelligo.
1723 4636 1797 4691 Μ.
1825 4637 2039 4696 ldcmne

455 4718 601 4772 solus
632 4720 721 4774 tibi
751 4722 961 4776 videtur
989 4723 1183 4779 habere
1210 4741 1363 4780 unam
1395 4728 1445 4780 in
1483 4726 1648 4782 tribus
1678 4728 1885 4797 longam
1905 4771 1920 4792 ,
1947 4732 2038 4801 qui

458 4821 576 4860 eam
611 4810 778 4876 primo
816 4811 972 4866 habet
997 4813 1148 4868 loco?
1176 4813 1242 4868 ι).
1284 4817 1440 4870 ΝιιΙΙο
1473 4828 1626 4886 pacto
1653 4818 1788 4873 istud
1824 4830 2038 4888 putave-

452 4896 588 4959 rim,
619 4911 737 4950 cum
765 4903 967 4967 possint
993 4902 1109 4957 dum
1149 4905 1334 4961 breves
1375 4909 1578 4975 priores
1607 4923 1753 4971 esse,
1779 4910 1931 4980 longa
1961 4911 2040 4965 ul-

453 4984 604 5038 tima.
639 4983 714 5036 Μ.
739 4989 1022 5043 Considera
1054 5000 1228 5047 utrum
1263 4995 1332 5049 sit
1355 4997 1549 5066 aliquid
1582 4999 1810 5052 tertium.
1845 4999 1911 5054 ο.
1947 5000 2040 5058 Est

459 5075 617 5143 plane
645 5092 659 5128 :
705 5091 825 5129 nam
859 5077 972 5132 haec
1002 5081 1151 5151 longa
1182 5085 1341 5138 etiam
1376 5087 1426 5140 in
1457 5089 1632 5144 medio
1660 5091 1882 5146 duarum
1913 5093 2033 5147 bre-

452 5167 596 5220 vium
635 5167 882 5222 collocari
928 5179 1119 5237 potest.
1166 5173 1246 5225 Μ.
1297 5175 1426 5231 Vide
1466 5180 1694 5233 etiamne
1737 5183 1806 5236 sit
1842 5183 2038 5253 aliquid

453 5267 723 5326 quartum.
753 5257 818 5311 Β.
851 5259 1079 5315 Omnino
1109 5278 1212 5317 non
1242 5275 1432 5334 potest.
1462 5267 1538 5322 Μ.
1569 5271 1794 5326 Potesne
1810 5273 1919 5342 jam
1951 5289 2038 5330 re-

459 5349 742 5416 spondere,
775 5360 881 5405 tres
922 5351 1137 5421 syllabae
1183 5354 1437 5412 habentes
1466 5359 1517 5414 in
1555 5377 1611 5414 se
1638 5377 1796 5416 uuam
1825 5364 2037 5433 longam

455 5445 510 5492 et
527 5438 656 5492 duas
682 5441 889 5508 breves,
922 5442 1131 5511 quoties
1160 5445 1349 5500 variari
1373 5450 1594 5518 possint,
1625 5452 1676 5507 id
1698 5462 1779 5508 est
1801 5443 1929 5526 quot
1947 5471 2037 5528 pe-

512 5587 531 5617 ι
562 5595 783 5649 Agnosco,
803 5589 942 5650 juxta
966 5596 1073 5641 Mss.
1099 5601 1130 5641 Α
1157 5601 1210 5644 et
1231 5601 1277 5643 Β.
1376 5603 1432 5647 n.

512 5647 533 5706 ξ
555 5651 604 5694 In
628 5653 698 5706 8.,
720 5651 866 5706 quod.
891 5657 954 5699 Ex
979 5659 1060 5702 Ms.
1087 5663 1136 5706 Α.
1161 5667 1280 5706 qua.
1308 5662 1430 5706 recti

2125 631 2182 678 et
2209 633 2316 678 tres
2339 624 2577 678 fererunt
2613 622 2792 690 pedes.
2822 622 2900 677 Μ.
2928 622 3101 691 Quid?
3125 623 3205 677 isti
3233 634 3337 680 tres
3365 625 3514 692 pedes
3535 643 3650 698 quo-

2126 715 2285 770 tnodo
2323 715 2424 769 sint
2465 714 2743 770 ordinandi
2777 714 2956 783 j:unne
2980 713 3092 784 ipse
3117 715 3334 784 colligis,
3371 730 3433 770 an
3472 715 3530 770 ad
3567 718 3654 774 hoc

2125 805 2282 859 etiam
2324 805 2620 860 minutatim
2650 819 2710 860 es
2749 803 3150 873 perducendus?
3175 802 3241 857 D.
3277 804 3510 872 Displicrt
3533 807 3652 862 enim

2129 895 2220 949 tibi
2259 895 2391 950 ordo
2432 895 2518 949 ille
2561 910 2667 964 quo
2709 895 2876 962 ipsam
2919 893 3222 948 varietatem
3260 894 3517 963 comperi?
3552 911 3656 951 nam

2127 985 2300 1054 primo
2345 983 2551 1038 adverti
2605 999 2762 1037 unam
2802 984 3012 1054 longam
3047 994 3100 1038 et
3120 983 3249 1038 duas
3269 983 3466 1048 breves,
3492 984 3656 1043 deinde

2125 1073 2258 1130 duas
2293 1074 2478 1128 breves
2518 1087 2571 1128 et
2610 1090 2764 1128 unam
2806 1076 3042 1144 longam,
3086 1085 3347 1144 postremo
3383 1075 3576 1130 brevem
3614 1090 3660 1134 et

2127 1165 2337 1235 longam
2365 1173 2420 1220 et
2449 1165 2683 1220 brevem.
2718 1164 2793 1218 Μ.
2835 1164 2978 1219 Itane
3012 1181 3138 1219 vero
3174 1166 3268 1221 tibi
3297 1181 3400 1222 non
3425 1166 3661 1236 displiceat

2128 1257 2216 1325 qui
2244 1257 2322 1311 sic
2347 1256 2574 1321 ordinat,
2606 1265 2661 1310 ut
2685 1272 2716 1310 a
2756 1257 2925 1324 primo
2948 1255 3013 1311 ad
3035 1257 3242 1310 tertium
3271 1259 3460 1321 veniat,
3483 1274 3510 1312 a
3531 1261 3661 1315 tertio

2125 1347 2192 1400 ad
2217 1347 2542 1412 secundum;
2570 1362 2632 1402 ac
2653 1362 2754 1400 non
2779 1348 2950 1415 potius
2973 1363 3002 1400 a
3031 1348 3196 1416 primo
3220 1347 3285 1401 ad
3311 1347 3594 1415 secundum,
3618 1361 3659 1405 et

2125 1440 2317 1494 deinde
2337 1440 2402 1494 ad
2436 1439 2683 1494 tertium?
2707 1438 2776 1494 ι).
2802 1440 3045 1508 DiSplicet
3070 1454 3283 1508 prorsus
3307 1457 3321 1494 :
3347 1440 3437 1496 sed
3462 1441 3570 1511 quid
3591 1439 3661 1496 hic

2127 1529 2336 1585 tandem
2360 1532 2461 1586 tale
2489 1529 2778 1592 advertisti,
2811 1529 2978 1600 rogo?
3003 1527 3080 1582 Μ.
3108 1529 3240 1584 Cum
3264 1528 3383 1585 ideo
3401 1530 3450 1584 in
3480 1532 3566 1585 hac
3581 1531 3646 1586 tri-

2126 1622 2314 1690 partita
2355 1620 2655 1676 dill'erentia
2686 1622 2828 1676 illum
2859 1621 3044 1689 pedem
3075 1621 3298 1690 primum
3330 1622 3568 1689 posueris,
3590 1624 3658 1692 qui

2125 1709 2300 1779 primo
2313 1709 2430 1764 loco
2448 1711 2605 1764 baln-t
2623 1709 2855 1780 longam,
2873 1713 2996 1781 quia
3023 1711 3236 1766 sensisti
3260 1712 3499 1766 unitatem
3524 1712 3658 1783 ipsam
3695 1731 3697 1734 ‘

2125 1799 2296 1869 longae
2341 1800 2558 1871 syllabae
2607 1801 2951 1870 principatum
3001 1809 3184 1856 tenere
3239 1801 3530 1873 (siquidem
3572 1803 3659 1872 ipsa

2127 1891 2197 1946 ibi
2222 1907 2321 1944 una
2345 1893 2466 1962 est).
2487 1901 2542 1946 et
2564 1903 2839 1962 propterea
2865 1908 2980 1946 eam
2999 1892 3197 1948 debere
3215 1891 3445 1948 ordinem
3463 1895 3660 1964 gignere,

2127 1989 2183 2033 ut
2215 1980 2305 2034 ille
2334 1981 2400 2034 sit
2428 1982 2628 2048 primus
2657 1998 2749 2051 pes
2779 1981 2866 2036 ubi
2895 1984 3062 2054 prima
3090 1984 3200 2052 ipsa
3229 1993 3310 2038 est
3336 2001 3348 2036 :
3375 1985 3516 2038 simul
3532 1985 3660 2039 etiam

2126 2071 2308 2126 videre
2335 2071 2560 2128 debuisti
2587 2088 2710 2128 eum
2749 2089 2868 2129 esse
2895 2074 3185 2130 secundum
3222 2075 3309 2130 ubi
3340 2076 3444 2145 ipsa
3471 2076 3660 2131 Serunda

2126 2173 2241 2224 est,
2281 2178 2402 2217 eum
2433 2165 2642 2218 tertiutn
2674 2165 2763 2218 ubi
2801 2165 2985 2220 eadem
3018 2166 3167 2221 tertia
3205 2174 3303 2221 est.
3335 2169 3411 2221 An
3446 2167 3593 2222 adhuc
3621 2168 3659 2220 in

2128 2255 2217 2308 illa
2246 2255 2505 2311 sententia
2536 2255 2852 2309 manendum
2885 2257 3073 2325 putas?
3102 2255 3148 2308 D
3197 2255 3309 2311 [mo
3333 2273 3440 2310 eam
3466 2257 3565 2311 sine
3585 2257 3661 2311 du-

2132 2344 2386 2398 bitatione
2428 2345 2725 2400 condemno
2754 2366 2766 2397 :
2797 2347 2937 2401 hunc
2961 2348 3102 2402 enim
3127 2363 3249 2403 esse.
3271 2348 3522 2402 meliorem
3543 2347 3659 2403 ordi-

2130 2451 2274 2494 nem,
2305 2436 2385 2488 vel
2421 2437 2591 2504 potius
2623 2437 2763 2490 bunc
2790 2452 2910 2492 esse
2938 2438 3204 2505 ordinem,
3247 2439 3362 2509 quis
3390 2455 3484 2492 non
3508 2453 3659 2494 assen-

2132 2525 2324 2580 tiatur?
2355 2525 2432 2580 Μ.
2461 2526 2612 2581 Nunc
2649 2543 2776 2597 ergo
2803 2526 2890 2582 die
2915 2544 3017 2598 qua
3045 2545 3382 2585 numerorum
3410 2531 3566 2600 regula
3595 2531 3659 2586 isti

2132 2631 2343 2686 quoque
2365 2615 2669 2672 dividantur
2697 2621 2879 2688 pedes,
2911 2633 3208 2688 eorumque
3249 2621 3346 2675 sibi
3380 2631 3537 2690 partes
3558 2636 3660 2676 cou-

2133 2706 2388 2761 ferantur.
2419 2706 2488 2760 D.
2523 2709 2755 2762 Primum
2785 2717 2839 2764 et
2862 2721 3195 2780 postremum
3221 2713 3400 2781 mquali
3429 2712 3578 2781 regula
3600 2711 3662 2766 di-

2133 2798 2240 2852 vidi
2268 2799 2441 2865 video,
2483 2801 2602 2867 quia
2639 2809 2692 2856 et
2730 2801 2818 2856 ille
2856 2802 2907 2856 in
2948 2803 3160 2871 longam
3193 2813 3248 2858 et
3274 2803 3403 2858 duas
3437 2805 3594 2860 breves
3620 2813 3662 2859 et

2136 2887 2237 2943 iste
2260 2889 2310 2942 in
2337 2889 2469 2943 duas
2492 2890 2680 2946 breves
2699 2903 2749 2947 et
2775 2892 2982 2962 longam
3010 2893 3177 2947 dividi
3203 2905 3388 2962 potest,
3415 2905 3465 2949 ut
3487 2895 3661 2965 singula:

2136 2989 2312 3046 partes
2336 2979 2562 3034 habeant
2593 2981 2714 3036 bina
2747 2992 3008 3053 tempora,
3040 2995 3094 3039 et
3119 2986 3197 3039 ob
3219 2988 3316 3037 hoe
3337 2987 3435 3041 sint
3458 2986 3657 3056 :equales.

2136 3071 2193 3125 In
2224 3075 2458 3125 secundo
2484 3083 2660 3128 autem
2683 3075 2931 3142 quoniam
2954 3077 3186 3131 mediam
3209 3076 3360 3133 habet
3382 3079 3551 3147 largam
3573 3075 3655 3147 sylo

2138 3162 2331 3228 labant,
2366 3165 2477 3219 sive
2521 3167 2680 3233 priori
2710 3165 2820 3220 sive
2849 3168 3131 3236 posteriori
3164 3171 3295 3239 parti
3331 3170 3557 3231 tribuatur,
3580 3174 3650 3220 aut

2138 3251 2190 3306 in
2219 3253 2316 3307 tria
2352 3263 2406 3308 et
2437 3271 2620 3320 utmm,
2653 3266 2743 3309 aut
2768 3258 2818 3310 in
2848 3273 3007 3312 unum
3046 3268 3102 3314 et
3133 3262 3236 3313 tria
3265 3268 3476 3331 tempera
3505 3256 3653 3312 dividi-

2138 3349 2261 3395 tur:
2293 3358 2354 3397 ac
2381 3359 2474 3413 per
2507 3345 2607 3398 boc
2643 3345 2695 3399 in
2735 3346 2852 3416 ejus
2880 3348 3142 3404 divisione
3169 3352 3560 3421 conipliCatortuu
3580 3362 3659 3402 nu-

2140 3448 2405 3488 merorum
2436 3438 2568 3489 ratio
2599 3437 2757 3490 valet.

2210 3526 2263 3579 8.
2309 3525 2381 3577 Μ.
2417 3526 2548 3581 Volo
2582 3528 2711 3582 mihi
2756 3528 2860 3597 iam
2886 3530 3032 3586 dicas
3074 3546 3176 3600 per
3204 3543 3256 3588 te
3303 3533 3410 3602 ipse
3447 3533 3486 3587 si
3524 3538 3660 3602 ροιθε.

2140 3627 2261 3687 post
2281 3617 2409 3672 istos
2428 3619 2564 3688 quia
2593 3621 2744 3676 nobis
2773 3623 2979 3678 traetati
3018 3633 3164 3690 sunt,
3197 3642 3329 3697 quos
3379 3625 3520 3695 pedes
3543 3621 3656 3678 ordi-

2141 3709 2343 3763 nandos
2375 3721 2543 3778 putes.
2574 3711 2804 3767 Tractati
2834 3716 2976 3768 enim
3007 3725 3130 3770 sunt
3154 3720 3324 3786 primo
3349 3719 3558 3772 bioarutn
3574 3714 3658 3785 syl-

2142 3798 2378 3854 labarum
2404 3811 2648 3870 quatnor.
2681 3819 2904 3873 quorum
2926 3807 3056 3859 ordo
3084 3808 3279 3862 ductus
3302 3817 3381 3864 est
3407 3824 3434 3861 a
3465 3818 3663 3861 numero-

2143 3904 2261 3942 rum
2291 3889 2496 3957 ordine,
2525 3902 2580 3946 ut
2607 3909 2635 3944 a
2655 3892 2902 3948 brevibus
2930 3897 3150 3966 syllabis
3179 3898 3476 3952 ordirentur.
3508 3895 3661 3950 Deinde

2136 3976 2246 4048 jam
2275 3981 2641 4048 productiores
2663 3990 2928 4044 ternarum
2955 3985 3282 4058 syllabarum
3305 3987 3460 4059 pedes
3487 3994 3662 4042 tracan-

2141 4067 2241 4123 dos
2259 4071 2606 4138 suscepimus.
2633 4084 2687 4127 et
2711 4074 2850 4142 quod
2886 4074 3042 4131 facile
3068 4089 3184 4134 erat
3210 4095 3272 4135 ex
3312 4081 3563 4150 superiore
3591 4090 3659 4130 ra-

2143 4153 2319 4223 ti0ue,‘
2337 4179 2364 4212 a
2389 4161 2561 4215 tribus
2602 4163 2851 4219 brevibus
2878 4166 2987 4220 orsi
3017 4183 3223 4224 sumus.
3251 4171 3382 4238 Quid
3409 4167 3574 4223 deinde
3597 4180 3662 4220 se-

2140 4248 2420 4317 quebatur,
2447 4251 2547 4304 nisi
2580 4261 2632 4306 ut
2651 4269 2753 4307 una
2772 4254 2928 4325 longa
2950 4272 3071 4310 etnn
3099 4257 3304 4314 duabus
3325 4261 3545 4315 brevibus
3565 4263 3664 4327 quot

2142 4337 2343 4394 formas
2381 4342 2562 4397 ederet
2591 4346 2929 4416 videremus?
2959 4347 3140 4404 Visum
3170 4364 3282 4417 est;
3321 4363 3373 4406 et
3407 4363 3503 4406 tres
3536 4348 3665 4421 pedes

2145 4440 2265 4498 post
2303 4431 2450 4486 illum
2489 4433 2738 4502 primum,
2773 4437 2842 4490 ita
2874 4446 2930 4490 ut
2971 4441 3268 4508 oportebat,
3297 4441 3505 4496 ordinati
3550 4446 3661 4493 sunt.

2145 4518 2245 4586 Qui
2275 4520 2526 4590 deineeps
2551 4539 2944 4596 consequantur
2970 4545 3148 4586 nonne
3176 4544 3308 4601 pert
3342 4532 3498 4601 ipsum
3521 4529 3665 4583 videre

2143 4610 2249 4679 jam
2293 4611 2475 4679 debes,
2507 4631 2573 4668 ne
2601 4620 2775 4672 omnia
2805 4620 3172 4678 minutissimis
3209 4619 3664 4695 interrogatiunculis

2145 4704 2431 4758 eruamus?
2454 4704 2520 4759 ι).
2555 4706 2718 4763 Recte
2755 4710 2888 4765 dicis
2917 4729 2932 4766 :
2961 4728 3081 4767 nam
3132 4713 3252 4784 quis
3294 4731 3392 4769 non
3422 4715 3573 4767 videat
3593 4722 3664 4764 θῦε

2141 4790 2250 4859 jam
2282 4795 2452 4862 sequi,
2500 4795 2550 4849 in
2580 4798 2772 4865 quibus
2808 4816 2906 4853 una
2941 4801 3118 4856 brevis
3162 4805 3245 4864 sit,
3279 4813 3474 4857 emtera'
3500 4801 3679 4870 IOngzci-

2145 4883 2230 4938 eui
2261 4884 2433 4951 brevi,
2479 4888 2601 4956 quia
2631 4904 2730 4943 una
2761 4899 2866 4955 est,
2895 4907 3013 4946 cum
3049 4893 3316 4963 superiore
3341 4896 3526 4948 ratione
3551 4895 3659 4960 princ

2145 4975 2350 5045 cipatus
2395 4981 2684 5045 tribuatur,
2731 4983 2931 5050 primus
2979 4984 3080 5038 erit
3131 4985 3359 5054 profecto
3397 4986 3444 5039 in
3487 4984 3560 5038 his
3593 4978 3660 5034 ubi

2145 5066 2313 5136 prima
2347 5077 2464 5136 est,
2493 5072 2757 5126 secundus
2795 5073 2880 5127 ubi
2911 5076 3162 5135 secunda,
3192 5079 3372 5131 tertius
3410 5075 3490 5128 ubi
3519 5080 3538 5126 t
3564 5070 3659 5127 rtia.

2144 5173 2262 5229 quze
2302 5162 2460 5216 etiam
2486 5163 2665 5217 ultima
2711 5175 2808 5218 est.
2848 5164 2921 5218 Μ.
2954 5165 3160 5230 Cernis,
3186 5175 3242 5220 ut
3280 5167 3476 5237 opinor.
3506 5161 3660 5232 quibus

2144 5252 2301 5305 etiam
2328 5253 2617 5308 rationibus
2633 5255 2952 5318 dividantur.
2972 5268 3030 5311 ut
3057 5259 3154 5312 sibi
3173 5274 3348 5312 eorum
3381 5265 3538 5324 partes
3557 5265 3660 5305 cun-

2145 5340 2268 5396 ferri
2284 5353 2498 5413 queant.
2527 5343 2596 5397 Β.
2640 5343 2817 5401 Cerno
2843 5363 3056 5416 prorsus
3085 5369 3100 5403 :
3128 5364 3242 5403 nam
3272 5348 3354 5402 ille
3377 5345 3459 5417 qui
3495 5359 3550 5399 ex
3575 5355 3656 5397 una

2144 5431 2291 5488 brevi
2318 5441 2374 5488 et
2397 5433 2600 5490 duabus
2634 5436 2805 5508 longis
2828 5448 3055 5503 constat,
3087 5439 3243 5494 dividi
3261 5455 3358 5493 non
3381 5444 3549 5506 potest,
3577 5431 3656 5486 nisi

2144 5524 2214 5578 ita
2241 5534 2295 5578 ut
2329 5527 2470 5593 prior
2511 5543 2629 5596 pars
2657 5527 2841 5583 babeal
2887 5531 2981 5585 tria
3028 5542 3280 5601 tempora,
3308 5545 3419 5599 quae
3458 5524 3654 5581 continet

2142 5615 2355 5670 brevem
2385 5628 2436 5672 et
2461 5618 2701 5688 longam;
2729 5621 2989 5689 posterior
3017 5623 3141 5682 duo.
3167 5638 3280 5693 quae
3305 5620 3386 5674 uni
3410 5620 3557 5688 longe
3585 5614 3650 5668 in-

2141 5715 2280 5760 sunt.
2312 5707 2409 5764 llic
2431 5717 2607 5765 autem
2639 5711 2822 5766 tertius
2864 5711 2915 5766 in
2958 5712 3244 5783 eoqoidem
3279 5708 3427 5781 priori
3463 5721 3548 5777 par
3563 5712 3645 5765 esi.

2144 5803 2280 5872 quod
2309 5822 2460 5858 uvam
2492 5808 2681 5862 n'tlilm'
2706 5805 3056 5870 divisionem;
3085 5804 3134 5859 in
3177 5817 3240 5860 eo
3262 5811 3419 5860 autem
3446 5795 3640 5854 dissimi-
