3844 6280
169 509 172 512 ~
208 469 321 529 1105
849 512 851 515 τ

205 585 275 648 lis,
294 573 418 648 quod
441 585 556 631 cum
596 567 684 624 ille
708 566 763 622 in
791 565 893 621 tria
915 571 972 621 et
1005 563 1134 629 duo,
1161 562 1262 618 iste
1301 559 1356 616 in
1383 558 1489 613 duo
1520 567 1574 611 et
1623 557 1723 611 tria

205 683 409 741 tempora
426 671 644 721 secatur.
670 656 800 716 Nam
829 656 984 727 longa
1013 655 1235 725 syllaba,
1258 669 1376 722 quae
1407 652 1628 721 primum
1646 660 1724 707 te-

203 771 280 820 net
297 767 498 831 partem.
518 751 720 808 duobus
747 746 1072 816 temporibus
1087 745 1316 800 tenditur
1342 760 1357 796 :
1385 751 1550 796 restat
1569 741 1724 813 longa

204 863 249 910 οι
267 847 438 908 brevis.
460 841 598 916 quod
624 849 705 896 est
725 839 881 894 trium
912 846 1205 905 temporum
1228 834 1477 905 spitium.
1505 833 1573 886 At
1598 845 1727 886 vero

202 943 376 1000 medios
397 937 480 1008 qui
511 933 664 990 habet
697 931 910 986 brevem
949 927 1203 999 syllabam
1253 925 1500 988 mediam,
1550 922 1724 993 gemi-

205 1046 326 1088 nam-
349 1034 508 1098 potest
544 1021 876 1093 partitionem
914 1017 1039 1087 pati.
1093 1015 1212 1085 quia
1239 1013 1423 1068 eadem
1452 1013 1629 1068 brevis
1672 1018 1728 1066 et

207 1118 335 1193 priori
356 1125 406 1173 et
432 1111 702 1185 posteriori
733 1108 865 1180 parti
894 1106 1049 1162 tribui
1081 1113 1252 1175 potest
1278 1121 1291 1156 :
1328 1103 1526 1157 idcirco
1549 1111 1642 1156 aut
1672 1101 1724 1155 in

203 1210 288 1266 dno
328 1216 377 1263 et
421 1204 537 1268 tria,
567 1211 657 1256 aut
700 1201 753 1255 in
782 1201 881 1254 tria
907 1208 963 1253 et
1007 1197 1113 1250 duo
1155 1195 1401 1249 dividitur
1443 1204 1722 1263 tempora:

203 1298 500 1374 quamobrem
527 1301 892 1364 sesquatornm
922 1303 1264 1345 numerorum
1306 1288 1442 1340 ratio
1463 1295 1570 1339 tres
1597 1286 1726 1338 istos

205 1392 396 1466 possidet
429 1388 607 1460 pedes.
639 1385 717 1440 Μ.
763 1384 1030 1438 Omncsue
1065 1381 1172 1448 jam
1204 1380 1359 1432 trium
1399 1378 1722 1446 syllabarum

205 1484 334 1556 pedes
364 1477 824 1539 consideravimus,
863 1488 929 1528 an
978 1470 1176 1541 aliquid
1207 1470 1402 1523 restat?
1451 1466 1516 1520 ο.
1552 1467 1724 1522 Unum

204 1577 419 1645 reliquum
440 1571 610 1633 video,
632 1568 722 1639 qui
749 1583 813 1622 ea
841 1566 1011 1620 tribus
1040 1563 1210 1633 longis
1238 1569 1462 1615 constat.
1500 1556 1573 1612 Μ.
1593 1558 1726 1611 Tra-

203 1677 269 1724 cta
297 1679 408 1736 ergo
433 1662 586 1718 etiam
616 1659 772 1729 bnjus
818 1657 1151 1712 divisionem.
1189 1651 1256 1705 υ.
1309 1652 1422 1707 l'na
1448 1650 1648 1721 syllaba
1673 1657 1728 1704 et

202 1757 314 1815 date.
337 1762 418 1808 aut
461 1752 575 1806 duze
598 1759 760 1819 atque
799 1764 901 1802 una
931 1746 1088 1811 hujus
1126 1743 1316 1797 divisio
1340 1750 1419 1796 cst
1444 1757 1459 1805 ;
1490 1749 1725 1808 tempora

203 1848 364 1904 scilicet
386 1843 484 1898 duo
502 1850 554 1897 et
572 1848 819 1911 quatuor,
850 1848 938 1892 aut
971 1844 1198 1904 quatuor
1239 1841 1294 1886 et
1341 1831 1445 1885 duo
1499 1846 1512 1881 :
1561 1843 1726 1898 quare

204 1937 577 2010 complicatorum
623 1942 964 1986 numerorum
1013 1926 1216 1980 ratione
1260 1923 1409 1977 istius
1440 1920 1587 1991 pedis
1624 1919 1726 1975 sibi

204 2038 344 2100 partes
361 2025 715 2084 conferuntur.

432 2113 651 2172 CAPUT
696 2113 874 2169 VL—
913 2109 1074 2165 Pedes
1113 2106 1440 2178 tetrasyllabi.
1563 2114 1689 2158 ,ί

257 2209 298 2266 9.
333 2208 400 2264 ll.
427 2207 572 2263 Nunc
599 2215 980 2277 quaternarum
1026 2200 1346 2269 syllabarum
1395 2196 1556 2267 pedes
1599 2211 1727 2250 con.

203 2308 436 2371 tequeutrr
479 2298 637 2367 atque
681 2294 866 2348 ordine
908 2291 1200 2350 videamus.
1247 2300 1300 2342 et
1343 2290 1455 2355 ipse
1495 2288 1597 2351 iam
1642 2287 1728 2342 dic

203 2405 326 2461 quem
353 2391 523 2442 borum
552 2387 784 2455 primum
809 2397 928 2438 esse
946 2390 1207 2451 oporteat,
1237 2379 1416 2432 addita
1443 2378 1515 2430 eti
1533 2394 1602 2430 nu
1635 2392 1724 2431 ra-

206 2480 316 2534 tione
337 2477 593 2532 divisionis
621 2475 766 2545 ejus.
817 2471 885 2526 Ι).
937 2471 1151 2527 Scilicet
1187 2477 1414 2539 quatuor
1461 2467 1722 2532 brevium,

206 2569 272 2639 qni
307 2567 530 2622 dividitur
575 2564 626 2620 iu
679 2562 812 2618 duas
861 2561 1102 2614 biuarttm
1158 2559 1477 2629 syllabarum
1527 2565 1722 2626 partes,

205 2659 430 2727 equalium
470 2656 683 2711 ratione
731 2665 1070 2706 numerorum
1114 2647 1219 2703 duo
1267 2656 1321 2702 et
1344 2646 1452 2701 duo
1489 2656 1726 2716 tempora

205 2749 497 2820 possidentes.
525 2745 600 2800 ιι.
629 2745 887 2804 Tenes‘;
941 2742 1046 2812 jam
1080 2741 1254 2810 itaque
1298 2753 1458 2807 p--rge
1496 2736 1628 2806 ipse,
1673 2743 1728 2790 et

203 2853 467 2910 persequere
497 2847 720 2893 caetera.
751 2834 892 2890 Nihil
919 2833 1058 2888 enim
1085 2845 1217 2899 Opus
1239 2843 1358 2884 esse
1382 2828 1492 2897 jam
1524 2837 1650 2894 puto
1677 2836 1728 2881 te

206 2947 280 3002 per
299 2930 478 3001 singula
521 2925 863 2993 interrogari,
909 2938 1028 2979 cum
1073 2923 1143 2977 sit
1189 2937 1288 2974 una
1322 2919 1458 2973 ratio
1480 2917 1729 2973 demendi

210 3019 410 3090 deinceps
434 3020 621 3074 breves
661 3014 916 3087 syllabas,
971 3020 1027 3068 et
1059 3027 1154 3081 pro
1210 3010 1293 3064 bis
1339 3008 1521 3073 longas
1559 3006 1727 3075 subji-

211 3109 363 3174 u'endi,
395 3109 556 3164 donec
593 3107 658 3161 ad
686 3119 876 3159 onines
901 3101 1084 3172 longas
1111 3100 1384 3164 veniatur;
1416 3106 1470 3152 et
1496 3113 1616 3151 cum
1637 3095 1732 3150 de-

212 3211 381 3257 muntur
398 3200 594 3266 breves,
623 3199 906 3265 longasque
931 3194 1246 3254 subduntttr,
1285 3206 1417 3262 quas
1447 3189 1730 3245 varietates

213 3290 378 3353 faciant,
402 3301 451 3346 et
493 3299 619 3361 quot
647 3287 814 3359 pedes
839 3285 1075 3357 gignant,
1102 3279 1472 3336 considerandi
1492 3297 1508 3342 ;
1530 3293 1592 3334 ea
1618 3277 1726 3332 sci-

216 3381 308 3436 licet
345 3381 526 3453 syllaba
553 3381 909 3450 principatum
939 3373 1141 3428 ordinis
1171 3375 1450 3435 retinente,
1479 3385 1597 3438 qua!
1627 3382 1731 3421 una

219 3469 332 3525 fuerit
349 3470 472 3532 inter
489 3479 715 3526 caeteras
742 3467 824 3523 vel
869 3467 1022 3534 longa
1061 3463 1144 3518 vel
1174 3463 1377 3517 brevis:
1399 3461 1451 3514 in
1483 3459 1564 3512 bis
1590 3457 1730 3514 enim

223 3564 406 3620 omnibus
426 3567 531 3634 jam
559 3562 808 3632 superius
829 3574 891 3614 es
917 3556 1251 3612 exercitatus.
1284 3552 1383 3609 Ubi
1411 3561 1586 3606 autem
1611 3549 1732 3604 dua:

219 3655 358 3711 breves
377 3667 490 3712 sunt
512 3666 565 3712 et
586 3656 709 3711 dum
731 3654 920 3722 longae,
943 3649 1080 3720 quod
1109 3649 1160 3703 in
1187 3645 1603 3718 praecedentibus
1625 3657 1732 3697 nou

215 3756 318 3813 erat,
338 3763 454 3818 quas
475 3761 660 3802 censes
675 3743 1029 3815 principatum
1057 3739 1251 3793 habere
1277 3735 1508 3792 debere?
1533 3735 1596 3788 D.
1613 3733 1731 3789 Jam

215 3833 290 3890 hoc
325 3851 513 3908 quoque
547 3833 888 3891 manifestata
927 3839 1008 3885 est
1036 3827 1104 3884 de
1145 3825 1524 3896 superioribus.
1554 3823 1732 3908 Siqui-

210 3924 306 3981 dem
326 3907 472 3999 magis
497 3936 639 3983 tenet
680 3925 934 3979 unitatem
971 3919 1146 3974 brevis
1174 3917 1372 3988 syllaba
1411 3932 1528 3984 qua:
1570 3907 1732 3968 unum

211 4012 336 4071 habet
361 4029 573 4088 tempus,
605 4031 766 4085 quam
804 4013 958 4081 longa
984 4026 1101 4079 qum
1124 4008 1248 4062 duo.
1279 4007 1345 4060 Et
1372 4014 1646 4075 propterea
1677 4003 1730 4057 in

208 4107 324 4160 omni
342 4111 498 4177 capite
533 4117 694 4177 atque
717 4102 974 4175 principio
1001 4116 1122 4156 eum
1147 4098 1332 4169 pedem
1363 4095 1732 4152 constituimus

207 4196 276 4263 qui
294 4213 350 4253 ex
372 4198 604 4254 brevibus
627 4203 857 4251 constat.

264 4286 336 4341 to.
372 4287 442 4342 Μ.
479 4288 616 4343 Nihil
654 4287 812 4356 igitur
836 4292 887 4338 te
927 4280 1166 4352 impedit,
1196 4279 1323 4350 quin
1375 4291 1561 4332 omnes
1603 4275 1731 4332 istos

207 4381 495 4450 persequaris
514 4382 676 4451 pedes
702 4377 948 4431 audiente
967 4390 1030 4428 ac
1052 4373 1321 4443 iudicante
1348 4386 1452 4432 me.
1498 4384 1602 4424 non
1645 4369 1730 4423 in-

208 4475 477 4541 ternigaute.
509 4472 576 4526 υ.
603 4471 815 4526 Faciam
843 4468 887 4522 si
909 4476 1093 4536 potero
1121 4483 1133 4518 :
1166 4478 1287 4518 nam
1322 4461 1491 4531 primo
1510 4460 1577 4514 de
1601 4463 1733 4530 qua-

207 4565 304 4614 tuor
325 4560 554 4618 brevihns
585 4560 744 4634 primi
771 4558 936 4628 pedis,
953 4556 1125 4611 brevis
1152 4570 1250 4607 una
1274 4551 1596 4606 detrahenda
1626 4560 1727 4613 est,

208 4656 248 4703 et
263 4666 343 4719 pro
364 4668 421 4708 ea
449 4654 600 4724 longa
627 4650 870 4722 ponenda
898 4649 950 4702 in
990 4648 1158 4718 primo
1188 4646 1304 4700 loco
1330 4655 1545 4713 propter
1563 4643 1731 4697 unita-

209 4737 262 4792 tis
285 4739 589 4813 dignitatem.
641 4742 742 4797 Hic
786 4748 962 4794 autem
1005 4752 1098 4807 pes
1145 4734 1394 4789 dividitur
1413 4733 1494 4788 bis
1522 4738 1648 4787 :aut
1677 4731 1729 4785 in

210 4826 382 4902 longam
405 4843 457 4889 et
487 4843 593 4889 tres
623 4834 848 4896 breves;
876 4839 968 4885 aut
1013 4828 1063 4883 in
1089 4828 1295 4898 longam
1337 4837 1389 4880 et
1416 4825 1648 4889 brevem,
1677 4831 1732 4878 et

209 4917 314 4974 duas
331 4922 536 4991 breves;
564 4923 616 4978 id
642 4930 727 4979 est
759 4932 850 4977 aut
887 4921 938 4974 iu
977 4920 1080 4973 duo
1099 4930 1151 4974 et
1181 4918 1310 4984 tria;
1341 4927 1432 4971 aut
1458 4917 1510 4969 in
1533 4917 1651 4980 tria,
1677 4925 1731 4970 et

209 5009 294 5066 duo
313 5023 553 5086 tempora.
580 5014 826 5072 Secundo
856 5022 1031 5067 autem
1067 5012 1182 5066 loco
1227 5011 1392 5080 posita
1418 5011 1568 5080 longa
1609 5005 1735 5063 facit

209 5100 341 5156 alintn
362 5105 559 5174 pedem,
595 5105 688 5178 qui
722 5121 828 5159 uno
860 5103 1020 5158 modo
1068 5111 1209 5157 recte
1233 5101 1506 5167 dividitur,
1537 5102 1586 5153 in
1633 5100 1730 5153 tria

211 5189 379 5247 scilicet
406 5204 456 5249 et
480 5195 582 5250 duo
607 5205 868 5268 tempora,
906 5203 964 5248 ut
993 5193 1134 5262 prior
1162 5207 1284 5263 pars
1311 5201 1486 5245 teneat
1517 5190 1730 5245 brevem

211 5287 254 5331 et
272 5280 473 5352 longam,
500 5287 756 5354 posterior
780 5284 914 5339 duas
955 5284 1161 5337 breves.
1203 5282 1370 5336 Porro
1418 5279 1573 5336 tertio
1613 5279 1731 5333 loco

212 5372 451 5428 constituta
491 5375 638 5445 longa
687 5374 810 5430 facit
835 5390 957 5429 eum
1007 5372 1217 5444 pedem,
1248 5373 1336 5444 qui
1385 5387 1568 5426 rursus
1616 5385 1726 5424 uno

215 5458 343 5511 modo
369 5463 460 5518 rite
481 5463 753 5527 dividitur;
780 5463 874 5519 sed
909 5465 978 5519 ita
1008 5473 1067 5518 ut
1095 5464 1237 5532 prior
1263 5479 1383 5533 pars
1409 5463 1596 5518 habeat
1624 5461 1731 5514 duo

215 5552 416 5615 tempora
435 5550 483 5604 in
509 5551 709 5607 duabus
735 5552 980 5607 brevibus
1001 5552 1238 5624 syllabis,
1264 5553 1520 5620 posterior
1550 5551 1646 5606 tria
1675 5551 1729 5605 in

214 5628 340 5703 longa
370 5645 420 5693 et
440 5638 598 5695 brevi.
618 5640 866 5709 Quartum
893 5643 1084 5715 pedem
1102 5641 1224 5695 facit
1249 5642 1397 5709 longa
1420 5643 1623 5710 ultima,
1640 5645 1731 5714 qui

257 5801 275 5834 ³
298 5811 437 5868 Talao,
452 5811 585 5872 luta
605 5818 687 5864 Er.
711 5815 857 5878 ωδε.
884 5823 1000 5866 ven.
1027 5821 1079 5864 et
1099 5820 1206 5864 Mss.
1232 5822 1263 5862 Α
1287 5821 1406 5868 etB.
1483 5823 1537 5870 Μ,

1497 446 1696 504 LIBER
1733 442 2104 505 SECUNan

3275 449 3412 507 “08

1842 554 2048 610 duobus
2094 557 2264 613 modis
2287 557 2555 625 dividitur,
2589 565 2647 612 ut
2696 557 2783 613 ille
2825 558 2912 614 ubi
2944 562 3108 629 prima
3137 574 3213 616 est
3241 581 3252 615 :
3283 549 3435 621 nam".
3463 551 3468 558 ⁷

1831 649 1915 704 vel
1935 651 1988 704 in
2015 651 2146 705 duas
2168 653 2376 717 breves,
2407 664 2460 708 et
2499 654 2710 708 brevem
2732 642 2802 708 'ac
2826 653 3069 724 loogam;
3106 654 3190 709 vel
3222 655 3272 708 in
3297 665 3410 709 tres

1835 742 2044 809 breves,
2069 745 2336 812 etlongam
2364 745 2546 815 partiri
2574 761 2692 810 eum
2718 746 2836 799 licet
2859 764 2872 804 :
2901 743 2953 799 in
2976 744 3080 799 duo
3107 745 3329 809 scilicet,
3351 756 3405 800 et

1834 833 1962 893 tria;
1994 842 2084 886 aut
2124 833 2176 886 in
2206 834 2326 898 tria,
2352 845 2408 889 et
2452 837 2558 890 duo
2605 845 2862 903 tempora.
2895 837 3092 889 Omnes
3115 845 3288 888 autent
3318 836 3405 891 ἰςῑί

1837 938 2065 996 quatuor
2091 925 2272 994 pedes,
2309 925 2393 978 ubi
2444 943 2564 981 cum
2595 927 2761 981 tribus
2788 927 3035 981 brevibus
3065 927 3208 982 varie
3249 927 3400 996 longa

1835 1020 2144 1078 collocatur.
2186 1032 2549 1086 sesquatorum
2600 1035 2936 1074 numerorum
2985 1022 3192 1075 ratione
3222 1030 3400 1090 partes

1833 1125 1959 1165 suas
1984 1111 2048 1164 ad
2079 1126 2137 1164 se
2162 1111 2382 1166 collatas
2403 1114 2418 1144 ί
2445 1112 2654 1166 habent.

1905 1204 1992 1259 it.
2032 1203 2282 1273 Sequitur
2333 1215 2389 1259 ut
2432 1205 2497 1260 de
2521 1213 2743 1275 quatuor
2784 1203 3027 1259 brevibus
3059 1202 3268 1258 duabus
3305 1200 3402 1258 de-

1833 1299 2036 1362 traCtis,
2084 1313 2182 1368 pro
2233 1297 2314 1350 his
2344 1297 2474 1349 duas
2503 1297 2683 1366 longas
2708 1295 3066 1364 subjiciamus.
3097 1296 3402 1349 videamus-

1831 1406 1934 1458 que
1963 1399 2086 1457 quot
2127 1387 2320 1442 formas
2349 1403 2410 1442 ac
2438 1387 2599 1455 pedes
2623 1403 2740 1440 cum
2772 1388 2958 1441 breves
2979 1403 3040 1440 ac
3067 1387 3232 1453 longae
3265 1386 3402 1438 bina:

1833 1481 1958 1542 sint,
1989 1482 2192 1548 possint
2243 1479 2421 1532 edere.
2455 1478 2632 1532 Primo
2675 1477 2832 1546 igitur
2859 1477 3014 1529 video
3055 1476 3187 1530 duas
3213 1477 3402 1530 breves

1832 1579 1884 1626 et
1913 1570 2042 1623 duas
2065 1570 2244 1637 IOugas
2266 1584 2384 1622 esse
2409 1568 2699 1638 ponendas,
2721 1567 2859 1636 quod
2883 1584 2908 1616 a
2933 1567 3178 1618 brevibus
3207 1567 3403 1620 rectius

1831 1661 2104 1714 exordium
2133 1659 2215 1712 sit.
2243 1659 2334 1712 Hic
2373 1669 2550 1712 autem
2575 1673 2662 1723 pes
2689 1659 2844 1710 habet
2883 1657 3144 1724 duplicem
3184 1658 3400 1710 divisio-

1833 1767 1954 1807 nem
1986 1770 1998 1804 :
2032 1762 2120 1804 aut
2146 1753 2284 1806 enim
2323 1751 2372 1803 in
2408 1752 2512 1804 duo
2536 1758 2590 1803 et
2629 1759 2872 1816 quatuw,
2911 1759 2999 1801 aut.
3033 1749 3082 1800 iu
3110 1758 3333 1817 quatuor
3352 1757 3407 1802 et

1830 1840 1936 1894 duo
1951 1841 2197 1895 dividitur
2215 1853 2479 1908 tempora;
2504 1851 2555 1892 ut
2579 1849 2665 1892 aut
2691 1839 2806 1892 dua:
2828 1840 3014 1892 breves
3036 1840 3260 1907 priorem
3287 1855 3404 1906 par-

1834 1945 1937 1988 tem
1966 1944 2195 1994 teneant,
2229 1944 2280 1989 et
2309 1933 2653 2004 posteriorem
2681 1932 2797 1986 dine
2822 1933 3027 2003 longa};
3049 1944 3138 1988 aut
3161 1943 3216 1987 ut
3255 1933 3402 2004 prio-

1833 2042 1946 2081 rem
1985 2027 2102 2080 du:e
2136 2026 2320 2079 breves
2348 2037 2400 2081 et
2433 2028 2604 2094 longa.
2634 2025 2977 2094 posteriorem
3025 2034 3200 2079 autem
3248 2025 3401 2093 longa

1832 2133 1948 2185 qna-
1978 2117 2173 2184 reliqua
2203 2125 2300 2170 est.
2337 2115 2419 2170 Fit
2460 2117 2591 2169 alius
2623 2131 2732 2183 pes.
2770 2131 2888 2167 eum
2930 2115 3046 2168 duae
3076 2116 3189 2169 ista!
3219 2116 3406 2169 breves

1831 2224 1964 2278 quas
1995 2210 2044 2262 in
2070 2209 2240 2279 rapite
2268 2221 2627 2275 posocranuis,
2655 2207 2721 2258 ita
2753 2215 2809 2258 ut
2844 2205 2975 2259 ordo
3016 2207 3124 2276 ipse
3152 2207 3403 2277 postulat,

1835 2301 1886 2355 in
1918 2301 2090 2354 medio
2117 2299 2311 2353 fuerint
2337 2299 2626 2361 co!local:e,
2655 2312 2707 2352 et
2737 2309 2815 2352 est
2848 2298 3002 2366 hujus
3041 2297 3186 2365 pedis
3215 2298 3406 2354 divisio

1834 2391 1885 2443 in
1916 2393 2009 2445 tria
2061 2401 2114 2445 et
2139 2391 2235 2444 tria
2281 2401 2552 2460 tempora:
2582 2405 2701 2444 nam
2748 2390 2972 2457 priorem
2998 2399 3195 2456 partem
3246 2403 3406 2443 occu-

1836 2497 1959 2554 pant
1999 2483 2148 2552 longa
2188 2491 2244 2537 et
2281 2484 2474 2548 brevis,
2529 2483 2873 2552 posterivrem
2930 2481 3102 2534 brevis
3140 2490 3194 2535 et
3228 2481 3404 2550 longa.

1834 2575 1970 2630 Cum
2009 2583 2184 2630 autem
2218 2584 2481 2642 ponuntur
2526 2574 2576 2627 in
2596 2575 2801 2637 ultimo,
2830 2587 2949 2626 nam
3004 2571 3102 2625 hoc
3147 2573 3405 2641 sequitur,

1835 2665 2034 2720 fat-iuni
2055 2667 2239 2735 pedem
2255 2666 2477 2736 gentium
2506 2665 2797 2729 divisionis,
2820 2663 2969 2732 cujus
3005 2671 3098 2718 aut
3118 2662 3260 2730 prior
3288 2678 3408 2729 pars

1837 2755 2023 2811 habeat
2051 2755 2156 2810 duo
2187 2764 2421 2824 teiupnra
2448 2756 2496 2809 iu
2516 2771 2614 2808 una
2633 2755 2804 2825 longa.
2829 2752 3088 2821 posterior
3107 2761 3333 2822 quatuor
3354 2752 3407 2807 in

1835 2848 1988 2919 longa
2025 2859 2076 2902 ct
2105 2847 2306 2901 duabus
2335 2847 2609 2910 brevibus;
2645 2857 2734 2900 aut
2767 2847 2909 2915 prior
2934 2855 3159 2914 quatuor
3185 2844 3236 2897 iu
3267 2844 3403 2900 dua-

1837 2941 1934 2994 bus
1961 2940 2150 3009 lougis,
2174 2939 2435 3009 posterior
2460 2939 2509 2991 in
2538 2937 2743 2991 dnahus
2777 2937 3024 2991 brevibus
3051 2935 3176 2989 duo.
3209 2935 3406 2988 Horum

1837 3039 2012 3084 autem
2037 3032 2189 3082 trium
2214 3030 2400 3095 pedum
2419 3027 2764 3096 partes,quod
2785 3027 2849 3079 ad
2875 3044 2922 3094 pl
2937 3027 3099 3080 imum
3120 3036 3176 3079 et
3194 3027 3407 3080 tertium

1837 3122 2049 3185 attinet,
2073 3119 2503 3189 eomplicatorum
2527 3132 2865 3172 numerorum
2895 3117 3099 3171 ratione
3129 3115 3231 3170 sibi
3258 3130 3411 3171 com-

1839 3221 2121 3280 parantur;
2147 3209 2350 3263 medius
2372 3209 2598 3278 :rquales
2621 3222 2711 3262 eas
2729 3206 2899 3263 habet.

1913 3300 1998 3354 12.
2020 3300 2134 3355 Jam
2165 3299 2413 3367 deinceps
2443 3298 2556 3352 ista:
2584 3299 2702 3352 duae
2744 3298 2929 3354 breves
2968 3314 3084 3369 qua:
3109 3287 3407 3368 c'onjunctaa

1839 3391 2189 3462 ponebantur,
2208 3389 2481 3457 disjuuctzr
2499 3390 2753 3460 ponendae
2774 3399 2894 3442 sunt
2916 3404 2931 3443 :
2956 3405 3176 3460 quarum
3197 3391 3410 3444 minima

1839 3481 2124 3550 disjuuctio
2142 3491 2243 3546 est,
2267 3499 2293 3532 a
2325 3497 2425 3551 qua
2453 3483 2610 3536 etiam
2634 3479 3008 3549 incipiendum,
3042 3490 3098 3535 ut
3123 3497 3279 3534 unam
3306 3482 3413 3552 syl-

1840 3575 2015 3628 labam
2046 3575 2253 3640 longam
2306 3574 2442 3628 inter
2475 3589 2533 3626 se
2582 3573 2836 3635 habeant;
2878 3571 3123 3635 inaxima,
3158 3586 3212 3626 ut
3256 3570 3407 3625 duas.

1842 3665 1950 3721 Sed
1977 3680 2096 3720 cum
2125 3681 2224 3718 una
2255 3675 2337 3718 est
2385 3666 2521 3721 inter
2545 3680 2656 3730 eas,
2681 3664 2885 3718 duobus
2914 3653 3086 3718 modis
3129 3663 3207 3730 fit,
3235 3673 3288 3718 et
3307 3665 3412 3719 duo

1849 3757 2009 3826 pedes
2034 3758 2339 3826 gignuntur.
2361 3756 2513 3830 Prior
2535 3764 2710 3810 autem
2729 3765 2806 3809 est
2824 3757 3008 3808 borum
3036 3755 3332 3818 modorum,
3355 3765 3414 3810 ut

1839 3849 1894 3903 in
1909 3849 2080 3917 rapite
2096 3849 2266 3902 brevis
2287 3847 2372 3911 sit,
2393 3847 2583 3903 deinde
2609 3848 2756 3915 longa
2781 3862 2795 3908 ;
2824 3847 2942 3900 inde
2961 3846 3153 3911 brevis,
3178 3855 3230 3900 et
3257 3847 3408 3916 longa

1839 3957 1956 4012 qua:
1973 3941 2170 4010 reliqua
2184 3949 2282 3994 est.
2297 3941 2445 3994 Alter
2462 3940 2646 3994 modus
2661 3949 2764 4003 est,
2780 3947 2836 3991 ut
2855 3941 2902 3991 in
2917 3937 3146 3991 secundo
3158 3947 3211 3991 et
3223 3938 3272 3992 in
3292 3938 3413 3993 ulti—

1839 4049 1928 4087 mo
1949 4034 2054 4086 sint
2087 4034 2272 4088 breves
2303 4075 2316 4093 .
2336 4032 2387 4086 in
2412 4033 2582 4100 primo
2598 4043 2645 4084 et
2671 4032 2823 4085 tertio
2851 4032 2966 4086 loco
2996 4031 3163 4100 longae
3193 4031 3294 4086 :ita
3310 4032 3413 4088 erit

1840 4124 1993 4194 longa
2011 4136 2064 4177 et
2090 4123 2284 4188 brevis,
2299 4131 2348 4176 et
2362 4123 2513 4191 longa
2527 4131 2581 4176 et
2601 4122 2794 4176 brevis.
2814 4121 3036 4175 Maxima
3058 4137 3183 4175 vero
3202 4121 3285 4175 illa
3300 4121 3412 4176 dis-

1835 4218 2036 4286 junctio
2061 4226 2165 4282 est,
2209 4231 2329 4271 cum
2366 4215 2483 4270 duae
2513 4216 2679 4284 longa:
2719 4215 2770 4266 in
2803 4213 2977 4268 medio
3001 4221 3144 4278 sunt,
3170 4214 3406 4268 brevium

1843 4317 2018 4362 autem
2050 4324 2150 4362 una
2179 4309 2230 4360 in
2276 4308 2468 4376 primo,
2494 4306 2656 4360 altera
2690 4306 2740 4358 in
2762 4315 2999 4360 extremo
3015 4304 3152 4357 loco.
3180 4303 3240 4358 Et
3263 4304 3400 4359 divi-

1838 4401 2035 4456 duntur
2063 4401 2095 4454 ii
2126 4410 2232 4454 tres
2256 4399 2436 4468 pedes,
2481 4399 2531 4452 in
2568 4397 2758 4467 quibus
2786 4396 2976 4450 breves
3019 4395 3293 4463 disjuncta:
3313 4409 3409 4466 po-

1842 4505 2059 4555 nuntur,
2085 4493 2134 4546 in
2156 4493 2250 4545 tria
2268 4501 2316 4543 et
2343 4489 2438 4543 tria
2459 4499 2711 4558 tempora,
2737 4487 2787 4541 id
2813 4495 2894 4542 est
2920 4485 3116 4556 primus
3138 4486 3324 4540 horum
3356 4487 3409 4541 in

1839 4588 2051 4642 brevem
2082 4596 2134 4639 et
2158 4585 2388 4654 longam.
2420 4591 2471 4635 et
2488 4581 2698 4635 brevem
2727 4595 2788 4632 ac
2809 4580 3014 4648 longam
3038 4595 3050 4630 :
3078 4579 3339 4634 εθςυιιόιις
3356 4577 3409 4632 in

1841 4679 2048 4748 longam
2076 4691 2137 4731 ac
2182 4676 2416 4739 brevem,
2443 4683 2496 4728 et
2542 4673 2750 4741 longam
2778 4686 2840 4725 ac
2870 4672 3078 4725 brevem
3105 4688 3118 4723 :
3143 4671 3328 4726 tertius
3358 4671 3411 4724 in

1838 4767 2052 4823 brevem
2069 4781 2129 4819 ac
2151 4766 2237 4818 Ion
2268 4779 2378 4832 am,
2409 4771 2463 4816 et
2489 4763 2694 4832 longam
2720 4777 2780 4814 ac
2803 4761 3034 4816 brevem.
3063 4761 3133 4814 lta
3168 4761 3296 4814 [inut
3317 4776 3410 4815 sex

1840 4859 2003 4929 pedes
2030 4857 2231 4910 duabus
2256 4827 2504 4909 brevibus
2531 4827 2812 4906 etvduabus
2841 4851 3008 4922 lunéis
3031 4852 3246 4924 syllabis
3266 4852 3410 4907 varie

1838 4951 1980 5006 inter
2001 4965 2080 5013 se,
2109 4947 2280 5018 quoad
2310 4955 2547 5016 possunt,
2573 4944 2776 4998 locatis.

1911 5044 1996 5098 i3.
2041 5041 2226 5095 Restat
2250 5046 2306 5092 ut
2325 5039 2388 5091 de
2411 5035 2896 5106 quatunrbrevihus
2921 5034 3263 5090 detrahantur
3278 5042 3405 5098 tres,

1812 5142 1893 5189 ~et
1915 5149 2008 5203 pro
2031 5132 2113 5185 his
2139 5140 2246 5184 tres
2283 5129 2451 5199 langue
2474 5128 2860 5182 constituantur
2891 5143 2904 5177 ε
2931 5127 3032 5181 erit
3073 5141 3172 5181 una
3206 5124 3406 5188 brevis;

1839 5232 1895 5279 et
1919 5225 2038 5294 quia
2066 5238 2168 5276 una
2200 5221 2376 5277 brevis
2404 5219 2454 5273 in
2484 5218 2676 5288 capite.
2706 5233 2862 5288 quam
2896 5227 3001 5271 tres
3027 5217 3190 5282 longae
3222 5228 3410 5266 cou~e-

1838 5322 2082 5386 queritur,
2101 5313 2225 5367 facit
2239 5313 2396 5365 aliuut
2422 5310 2630 5380 pedem,
2645 5307 2877 5364 secundo
2899 5307 3013 5360 loco
3035 5305 3198 5374 posita
3220 5308 3409 5356 secun-

1845 5409 1990 5470 dum,
2024 5407 2234 5460 tertium
2286 5405 2461 5466 tertio,
2502 5414 2744 5472 quartum
2786 5409 2990 5468 quarto.
3023 5397 3250 5463 Quorum
3276 5409 3408 5464 qua-

1846 5507 1985 5564 tuor,
2016 5499 2119 5550 duo
2141 5495 2293 5565 primi
2314 5497 2364 5548 in
2389 5495 2483 5547 tria
2510 5503 2563 5546 et
2577 5502 2798 5560 quatuor
2825 5498 3056 5555 tempora
3083 5486 3405 5549 dividuntur,

1841 5591 1948 5644 duo
1975 5601 2149 5642 autem
2204 5587 2522 5655 posteriores
2569 5583 2620 5635 in
2651 5590 2872 5650 quatuor
2899 5588 2952 5631 rt
2982 5577 3100 5642 tria,
3131 5587 3183 5631 et
3222 5590 3408 5628 omnes

1844 5689 2208 5751 sesquatorum
2234 5687 2434 5731 ratione
2475 5685 2812 5726 numerorum
2854 5677 3028 5737 partes
3053 5667 3150 5721 sibi
3187 5663 3406 5718 Collatas

1904 5842 1920 5870 ⁸
1939 5833 2213 5893 collocatas,
2232 5833 2370 5894 juxta
2390 5835 2468 5878 Ms.
2499 5837 2528 5875 Α
2552 5839 2607 5876 ac
2627 5825 2738 5874 edd.
2764 5836 2948 5873 omnes.
3013 5831 3068 5873 Μ.
