3804 6406
538 388 670 446 illi

535 500 774 572 quadam
831 502 1053 567 partium
1100 509 1244 556 tanto
1298 512 1379 558 est
1441 504 1818 573 approbatione
1871 506 2099 573 dignior,

534 598 729 660 quanto
755 598 837 645 est
864 588 1097 656 proxima
1134 592 1438 659 aequalitati.
1470 592 1652 661 Itaque
1680 594 1730 647 itt
1762 594 1848 648 illa
1876 596 2053 664 regula
2082 596 2099 628 ⁸

534 695 872 736 numerorum
900 696 1020 735 cum
1049 681 1115 735 ab
1141 697 1245 736 uno
1274 698 1439 753 usque
1474 683 1539 738 ad
1564 695 1787 754 quatuor
1823 685 2101 756 progredi-

532 786 671 837 tnur,
717 771 842 826 nihil
890 772 1165 842 unicuique
1192 785 1273 827 est
1304 775 1481 842 seipse
1518 775 1879 846 propinquius.
1927 778 2103 844 Quare

532 861 662 919 illud
688 880 738 917 tn
762 864 940 931 primis
966 864 1358 933 approbandutn
1388 874 1474 921 est
1497 866 1547 919 in
1574 866 1814 935 pedibus,
1840 883 1962 921 cum
1987 878 2103 921 tan-

531 954 762 1010 tumdem
791 954 981 1008 habent
1008 966 1184 1026 partes
1216 956 1282 1009 ad
1322 956 1579 1020 invicem;
1611 956 1804 1013 deinde
1830 956 2100 1024 copulatio

529 1045 703 1113 simpli
731 1053 783 1098 et
803 1044 947 1114 dupli
978 1048 1178 1101 eminet
1201 1046 1253 1099 in
1280 1061 1385 1099 uno
1408 1055 1464 1102 et
1490 1046 1728 1112 duobus;
1755 1047 2097 1117 sesquialtera

528 1150 655 1189 vero
679 1135 945 1203 cepulatio
970 1135 1022 1189 iu
1048 1137 1251 1189 duobus
1277 1145 1332 1191 et
1370 1136 1538 1190 tribus
1572 1145 1817 1206 apparet;
1846 1138 1950 1203 jam
1986 1151 2096 1192 ses-

526 1225 794 1293 quitertia,
821 1225 988 1278 tribus
1019 1234 1072 1278 et
1097 1234 1339 1294 quatuor.
1366 1228 1623 1295 Simplum
1651 1242 1775 1282 vero
1802 1237 1856 1281 et
1880 1230 2096 1296 triplum

527 1328 823 1384 quanquam
856 1316 1285 1382 complicatorutn
1308 1331 1651 1372 numerorum
1676 1317 1789 1387 lege
1831 1325 2093 1386 teneatur,

524 1420 630 1462 non
660 1418 832 1461 tamen
865 1408 914 1460 iu
935 1408 1119 1462 ordine
1147 1407 1239 1463 illo
1267 1408 1475 1463 sibimet
1493 1407 1722 1463 cohaeret
1764 1426 1778 1460 :
1821 1425 1924 1462 non
1953 1410 2094 1464 enim

526 1511 638 1566 pom
670 1514 829 1551 unum
862 1498 958 1550 tria
990 1512 1343 1562 numeramus,
1373 1500 1463 1553 sed
1494 1497 1560 1552 ab
1586 1514 1691 1554 uno
1709 1499 1775 1554 ad
1805 1501 2092 1554 ternarium

525 1602 802 1642 numerum
848 1588 1051 1641 binario
1088 1589 1175 1647 inti
1198 1590 1397 1658 rposito
1440 1591 1759 1658 pervenitur.
1797 1590 1923 1646 Haec
1955 1591 2092 1647 ratio

524 1690 607 1735 est
643 1695 745 1749 qua
783 1680 1139 1736 excludendus
1174 1682 1441 1751 judicatur
1466 1682 1870 1750 amphibracbus
1897 1698 1992 1756 pes
2025 1685 2093 1740 ab

524 1782 585 1823 ea
612 1769 945 1838 copulatione
972 1772 1037 1825 de
1062 1787 1159 1840 qua
1181 1776 1463 1842 quaerimus
1486 1775 1529 1837 ',
1551 1789 1669 1842 qua:
1697 1774 1741 1826 si
1769 1776 1863 1827 abs
1886 1783 1938 1829 te
1964 1790 2090 1844 pro-

523 1858 693 1922 batur.
722 1872 912 1917 ctetera
952 1863 1241 1917 videamus.
1272 1862 1339 1916 Ι).
1388 1863 1643 1918 Probatur
1668 1876 1795 1918 sane
1821 1879 1940 1918 nam
1980 1880 2093 1920 tua-

522 1949 857 2005 nifestissima
886 1961 1041 2023 atque
1067 1953 1360 2009 certissima
1390 1962 1491 2008 est.

674 2040 896 2095 CAPUT
926 2040 1009 2094 XI.
1029 2072 1101 2081 —
1122 2040 1317 2095 Pedum
1340 2041 1654 2098 rationabilis
1681 2042 1920 2096 mixtura.

591 2131 679 2186 20.
729 2130 804 2183 Μ.
844 2132 975 2186 Cum
1015 2147 1141 2202 ergo
1185 2133 1421 2201 placeat,
1475 2148 1684 2203 quoquo
1730 2134 1889 2188 modo
1930 2147 1989 2189 se
2034 2134 2089 2190 in

522 2222 741 2294 syllabis
770 2222 1013 2283 habeant,
1035 2231 1209 2277 tamen
1239 2225 1282 2277 si
1312 2223 1552 2292 ejusdem
1578 2224 1732 2293 spatii
1753 2224 1859 2279 sint
1882 2225 1932 2279 in
1958 2238 2089 2280 tem-

518 2328 667 2385 pore,
704 2322 844 2369 recte
878 2314 977 2368 sibi
1012 2324 1064 2369 et
1090 2316 1206 2369 sine
1234 2316 1554 2371 detrimento
1584 2318 1895 2386 aequalitatis
1926 2316 2089 2388 pedes

460 2413 462 2415 '
518 2416 674 2472 posse
704 2404 935 2469 misceri,
958 2414 1179 2473 excepto
1202 2406 1457 2459 duntaxat
1481 2405 1889 2475 amphibracho;
1919 2408 2087 2478 quaeri

519 2509 623 2549 non
669 2495 934 2548 immerito
981 2504 1171 2563 potest,
1202 2505 1374 2548 utrum
1416 2504 1557 2550 recte
1608 2497 1950 2562 misceantur,
1997 2497 2088 2567 qui

517 2601 813 2654 quanquam
843 2588 948 2639 sint
973 2588 1203 2655 aequales
1242 2594 1499 2655 tempore,
1541 2602 1646 2641 non
1684 2588 1867 2643 eadem
1908 2596 2088 2643 tamen

518 2677 855 2744 percussione
897 2678 1238 2736 concordant.
1269 2694 1386 2748 qua:
1416 2679 1675 2734 levatione
1714 2693 1777 2733 ac
1829 2680 2089 2748 positione

516 2778 693 2836 partes
733 2768 878 2838 pedis
913 2771 1123 2824 sibimet
1160 2769 1382 2825 confert.
1425 2770 1557 2825 Nam
1588 2772 1827 2843 dactylus
1865 2782 1918 2826 et
1954 2786 2085 2828 ana-

517 2868 712 2928 pastus
738 2868 792 2915 et
830 2862 1094 2930 spondeus
1123 2878 1227 2915 non
1270 2862 1442 2918 solum
1479 2864 1759 2931 aequalium
1790 2873 2085 2934 temporum

515 2960 659 3016 sunt,
696 2952 787 3006 sed
817 2955 974 3007 etiam
1013 2955 1379 3023 percutiuntur
1412 2955 1687 3024 aequaliter
1717 2972 1730 3007 :
1762 2954 1813 3007 in
1843 2956 2084 3012 omnibus

513 3042 653 3095 enim
690 3052 888 3097 tantum
940 3045 1147 3107 levatio,
1192 3058 1443 3114 quantum
1478 3048 1667 3115 positio
1692 3045 1789 3100 sibi
1830 3048 2079 3102 vindicat.

514 3132 693 3203 Itaque
720 3135 767 3187 hi
788 3135 884 3189 sibi
917 3138 1203 3191 miscentur
1228 3137 1421 3206 justius
1449 3153 1604 3207 quant
1636 3140 1856 3207 quilibet
1880 3139 2084 3196 ionicus

512 3227 717 3279 cznteris
749 3240 839 3279 sex
870 3237 1161 3294 temporum
1189 3228 1423 3294 pedibus.
1461 3226 1694 3296 Uterque
1723 3232 1914 3298 quippe
1950 3232 2083 3285 ioui-

510 3328 608 3370 cus
645 3316 710 3368 ad
751 3316 996 3383 simplum
1040 3326 1091 3370 et
1134 3317 1347 3385 dupltnn
1377 3319 1683 3386 percutitur.
1731 3320 1837 3373 duo
1882 3322 2084 3378 scilicet

512 3413 747 3471 tempora
774 3415 996 3472 quatuor
1021 3408 1348 3474 temporibus
1371 3407 1669 3462 conferens.
1705 3409 1795 3464 llis
1817 3413 2081 3469 molossus

510 3494 668 3548 etiam
698 3496 747 3546 iu
779 3496 874 3549 hac
903 3510 960 3551 re
986 3498 1244 3565 congruit.
1273 3496 1461 3551 Caeteri
1494 3512 1618 3549 vero
1650 3498 1723 3568 (ιι)
1756 3500 1819 3552 ad
1848 3508 2077 3557 tantum-

509 3584 668 3647 dem;
694 3600 809 3637 nam
834 3586 884 3638 in
922 3584 1002 3637 bis
1030 3586 1269 3640 levationi
1302 3600 1364 3639 ac
1389 3587 1633 3656 positioni
1668 3598 1811 3641 terna
1843 3600 2077 3661 tempora

508 3673 826 3727 tribuuntur.
869 3674 1004 3743 Ergo
1039 3676 1243 3729 tametsi
1288 3692 1471 3730 omnes
1517 3678 1744 3746 legitime
1782 3678 2072 3745 feriantur;

508 3780 629 3819 nam
658 3775 712 3820 et
739 3765 810 3818 illi
831 3775 936 3819 tres
953 3766 1123 3835 simpli
1148 3777 1201 3821 et
1230 3765 1371 3834 dupli
1402 3767 1624 3834 ratione,
1652 3778 1705 3822 et
1729 3769 1816 3823 alii
1846 3784 2075 3840 quatuor

507 3860 673 3928 azquis
699 3857 931 3926 partibus
948 3857 1227 3925 fet-imitor;
1248 3868 1419 3911 tamen
1443 3860 1560 3928 quia
1586 3860 1823 3929 plausum
1847 3863 2075 3933 ina-qua-

505 3946 609 4001 lem
638 3948 757 4000 facit
783 3947 877 4000 ista
908 3948 1203 4016 permixtio,
1228 3948 1362 4001 haud
1381 3948 1489 4001 scio
1510 3966 1575 4003 an
1593 3951 1710 4018 jure
1736 3953 2069 4022 repudietur:

505 4035 604 4090 nisi
629 4035 752 4105 quid
791 4034 954 4090 habes
980 4035 1045 4089 ad
1074 4035 1204 4092 haec.
1234 4036 1300 4089 D.
1343 4034 1626 4092 Proclivior
1664 4057 1779 4094 sunt
1820 4042 1870 4095 in
1920 4043 2071 4097 istam

502 4128 837 4182 sententiam.
866 4126 996 4181 Nam
1024 4127 1293 4197 inaequalis
1327 4130 1537 4198 plausus
1569 4132 1832 4198 quomodo
1856 4148 2069 4188 sensum

504 4232 609 4272 non
638 4216 867 4271 oﬂeudat
894 4219 1075 4287 ignoro
1106 4235 1118 4269 ε
1148 4218 1192 4272 si
1217 4230 1390 4273 autem
1414 4220 1648 4284 offendit,
1680 4238 1780 4275 uou
1816 4223 1993 4293 utique
2016 4224 2071 4278 id

502 4316 677 4377 petest
700 4306 815 4362 sine
849 4308 975 4362 vitio
1013 4307 1167 4377 hujus
1190 4310 1554 4377 permixtiouis
1578 4313 1837 4368 accidere.

567 4395 657 4451 21.
674 4395 749 4449 Μ.
770 4398 927 4466 Atqui
947 4399 1081 4451 scias
1103 4406 1308 4452 veteres
1334 4400 1631 4455 miscendos
1650 4403 1912 4470 judicasse
1937 4405 2069 4460 istos

497 4488 683 4557 pedes,
717 4500 770 4543 et
814 4490 998 4543 borttm
1042 4490 1295 4545 mixtione
1318 4506 1503 4545 versus
1531 4495 1848 4562 compositos
1886 4496 2067 4551 condi-

470 4577 654 4635 disse.
682 4577 785 4634 Sed
817 4596 882 4634 ne
911 4591 962 4634 te
1001 4582 1311 4635 auctoritate
1356 4597 1593 4650 premere
1640 4586 1836 4651 videar,
1888 4590 2068 4658 accipe

496 4670 690 4739 aliquid
716 4670 901 4725 horum
926 4688 1192 4740 versuum,
1221 4684 1274 4728 et
1306 4674 1427 4729 vide
1454 4687 1625 4730 utrtnn
1657 4679 1888 4734 olI'endat
1912 4680 2064 4736 audi-

499 4771 632 4815 tum.
667 4762 722 4817 Si
752 4765 890 4817 enim
913 4781 1015 4819 non
1044 4772 1202 4821 modo
1226 4783 1330 4820 non
1359 4767 1653 4834 olI'euilerit,
1678 4772 1766 4825 scd
1793 4775 1949 4829 etiam
1969 4777 2063 4833 de-

498 4850 784 4914 lectaverit,
807 4854 945 4907 nulla
963 4856 1063 4908 erit
1081 4857 1212 4909 ratio
1226 4856 1380 4920 huius
1399 4858 1664 4913 mixtionis
1683 4861 2062 4933 improbanda}.

462 4986 468 5009 ε
496 4938 694 4993 Versus
718 4952 891 4993 autem
917 4940 953 4994 ii
972 4952 1093 4997 sunt
1119 4960 1251 5012 quos
1270 4948 1514 5002 arlvertas
1533 4938 1689 5004 voltf:

681 5036 738 5106 ﬁt
748 5041 1091 5106 consonaque
1112 5042 1242 5106 sunt,
1266 5036 1356 5086 nisi
1378 5038 1624 5091 voca'ibus
1642 5049 1799 5106 aptes,

682 5096 797 5162 {ars
817 5090 1066 5162 dimidium
1086 5096 1216 5145 vocis
1230 5090 1283 5162 ot
1299 5111 1358 5146 us
1379 5112 1465 5159 pro
1484 5109 1594 5162 eret
1616 5090 1685 5152 εί
1702 5090 1796 5155 se?

684 5157 795 5216 Qars
816 5157 943 5199 muta
967 5157 1069 5216 soni
1091 5166 1211 5215 com;
1232 5157 1481 5209 rimet'ma
1504 5160 1788 5215 tnolieutum
1816 5180 1829 5216 :

683 5209 780 5283 illis
801 5209 1212 5283 sonusobscurior
1233 5217 1619 5283 itnpeditiorque,

674 5279 935 5334 Utrumque
958 5280 1119 5322 tamen
1140 5276 1368 5336 promitur
1387 5291 1476 5329 ore
1496 5276 1767 5335 semicluso.

1462 5342 1825 5410 (κει-ωειὶιυιω.)

555 5418 571 5447 ι
598 5421 646 5499 lq
673 5420 721 5464 Β.
739 5414 883 5499 deest
907 5413 1072 5499 vocula
1100 5413 1346 5499 inﬂuant.
1371 5423 1669 5499 restituiugus
1703 5442 1764 5477 ex
1804 5438 1897 5499 E_r._
1916 5438 2060 5499 Lugd.

489 5483 605 5552 ven.
632 5484 738 5552 μυξη.
766 5483 817 5547 et
1025 5483 1144 5552 etii.
1172 5480 1428 5552 Npt‘audum
1461 5481 1565 5533 loco
1586 5483 1697 5547 ίιία,
1715 5493 1840 5552 (ιιιοά
1884 5480 2067 5550 habent

489 5538 796 5606 Benedictini,
1021 5539 1180 5593 editis,
1203 5537 1309 5588 ista.
1345 5548 1423 5606 _u.

548 5599 633 5671 'rln
659 5606 737 5667 Β.)
762 5599 1081 5671 quieti-timus.
1124 5607 1195 5649 Lr.
1231 5601 1376 5664 Lugd.
1418 5612 1531 5653 ten.
1572 5613 1680 5658 Lov.
1716 5626 1807 5663 nec
1844 5630 1936 5666 non
1980 5626 2061 5671 Ms.

490 5666 540 5713 Δ,
564 5660 839 5720 quaeramus.
910 5666 967 5708 tt.

551 5732 628 5798 at)
649 5740 976 5800 Choriambus.
1001 5742 1254 5805 diiambus.
1275 5746 1531 5810 dichorius,
1556 5754 1853 5818 antispastus.

1729 394 1815 446 DE
1855 394 2124 456 MUSICA,
2157 394 2213 450 S.
2249 396 2609 453 AUGUSTINI

3610 422 3725 478 1112

2208 504 2350 561 Satis
2377 522 2498 562 esse
2523 508 2755 564 arbitror
2775 510 2842 565 ad
2863 512 3201 583 iudicandum
3221 518 3271 573 id
3291 521 3427 591 quod
3444 525 3728 597 volo.Qu:ue

2208 595 2315 661 dic,
2370 612 2572 667 quzeso,
2620 609 2799 656 utrum
2851 604 2979 657 nihil
3033 615 3145 661 tuas
3186 624 3341 663 aures
3385 595 3618 671 numerus
3648 624 3728 678 iste

2206 688 2559 754 permulserit.
2606 688 2671 743 υ.
2710 691 2821 747 Imo
2859 694 2991 750 nihil
3035 697 3159 751 mihi
3204 701 3403 757 videtur
3441 720 3631 763 currere
3669 728 3718 769 ac

2207 787 2401 829 sonare
2449 777 2701 833 festivius.
2748 778 2829 833 11.
2875 782 3161 842 Considera
3203 788 3354 858 igitur
3393 794 3558 861 pedes,
3605 798 3725 855 inve.

2213 863 2329 919 nies
2369 866 2608 934 profecto
2634 883 2753 923 cum
2779 872 2887 926 sint
2911 874 3139 945 quinque
3162 893 3347 936 versus
3365 921 3381 945 ,
3419 883 3541 941 duos
3561 890 3724 956 primos

2215 954 2344 1008 solis
2396 954 2583 1010 ionicis
2630 973 2845 1016 currere
2868 1004 2886 1027 ,
2940 972 3048 1020 tres
3088 968 3404 1035 posteriores
3447 954 3620 1034 habere
3648 982 3721 1035 ad-

2209 1042 2431 1098 mixtum
2459 1043 2780 1112 dichorium,
2813 1063 2933 1105 cum
2960 1066 3145 1111 omnes
3182 1062 3395 1113 omnino
3432 1077 3621 1120 sensum
3646 1086 3721 1123 no-

2200 1140 2366 1189 strum
2404 1140 2673 1194 communi
2733 1143 3032 1211 aequalitate
3074 1147 3356 1205 delectent.
3399 1151 3461 1207 υ.
3498 1154 3601 1211 iam
3646 1162 3720 1218 hoc

2199 1233 2567 1303 animadverti,
2587 1246 2641 1291 et
2663 1234 2867 1294 facilius
2894 1250 2945 1295 te
2972 1246 3359 1311 pronuntiante.
3386 1247 3457 1302 11.
3484 1250 3602 1317 Quid
3621 1270 3719 1325 ergo

2197 1320 2498 1379 dubitamus
2509 1328 2810 1384 consentire
2828 1332 3100 1388 veteribus
3116 1350 3221 1389 non
3237 1350 3416 1391 eorum
3437 1320 3712 1411 auctoritate,

2195 1413 2289 1468 sed
2320 1417 2427 1483 ipsa
2455 1416 2564 1486 jam
2589 1419 2793 1477 ratione
2825 1422 2971 1489 victi,
2999 1426 3087 1492 qui
3112 1437 3332 1482 censent
3371 1444 3462 1484 eos
3488 1433 3631 1501 pedes
3648 1438 3713 1505 qui

2196 1504 2433 1573 ejusdem
2479 1511 2731 1580 temporis
2773 1522 2898 1567 sunt
2940 1517 3327 1574 rationabiliter
3355 1534 3503 1588 posse
3529 1504 3711 1593 misceri,

2194 1596 2240 1649 si
2279 1597 2505 1653 habeant
2545 1599 2853 1670 legitimam,
2897 1606 3139 1673 quamvis
3163 1608 3423 1664 diversam
3462 1617 3707 1681 percussio-

2194 1688 2354 1742 nent?
2382 1687 2449 1742 υ.
2480 1689 2620 1744 Cedo
2636 1691 2744 1760 jam
2773 1708 3027 1763 prorsus:
3055 1711 3180 1753 nam
3211 1713 3297 1754 me
3321 1699 3409 1755 ille
3430 1715 3575 1757 sonus
3592 1706 3711 1776 quid-

2194 1792 2351 1849 quam
2380 1783 2747 1839 contradicere
2768 1800 2872 1841 non
2903 1786 3053 1842 sinit.

2425 1873 2650 1930 CAPUT
2690 1876 2802 1931 XII.
2822 1908 2894 1918 —-
2921 1876 3085 1933 Pedes
3112 1896 3206 1936 sea:
3230 1889 3503 1951 temporum

2261 1961 2352 2017 2‘2.
2378 1963 2456 2021 Μ.
2482 1964 2701 2022 Intende
2726 1970 2850 2022 item
2875 1971 2925 2023 in
2955 1972 3084 2027 istos
3111 1988 3298 2028 versus
3322 1992 3336 2029 :

2376 2052 2491 2128 gelo
2510 2055 2705 2128 tandem
2730 2058 2818 2106 tibi
2840 2070 3025 2121 parcas,
3049 2059 3187 2128 labor
3203 2071 3281 2113 est
3301 2065 3350 2113 in
3368 2065 3547 2128 chartis,

2374 2119 2426 2186 tit
2448 2125 2667 2186 apertum
2693 2119 2763 2167 ire
2787 2119 3037 2186 perauras
3057 2124 3270 2173 animum
3294 2145 3305 2186 λ
3325 2119 3537 2177 emittas:

2362 2172 2533 2242 ‘Plaeet
2554 2177 2643 2242 hoc
2665 2190 2774 2227 nam
2787 2172 3063 2242 sapienter,
3086 2172 3347 2235 remittei-e

2374 2238 2536 2286 Aciem
2554 2240 2706 2288 rebus
2724 2238 2929 2303 agendis
2947 2238 3187 2294 decenter
3209 2246 3451 2297 intentam.

2191 2314 2258 2369 D.
2288 2315 2458 2371 Etiam
2487 2318 2589 2373 hoc
2612 2321 2745 2375 satis
2764 2332 2863 2377 est.
2895 2323 2971 2377 Μ.
3002 2326 3304 2384 Praesertim
3326 2346 3436 2384 eum
3456 2331 3532 2386 isti
3555 2347 3697 2390 versus

2191 2408 2295 2461 sint
2325 2408 2600 2475 inconditi,
2630 2426 2763 2481 quos
2809 2417 3129 2471 necessitate
3178 2416 3245 2472 ad
3284 2427 3450 2490 tempu
3479 2419 3703 2479 fabricatus

2189 2511 2324 2553 sunt.
2362 2499 2732 2557 Verumtamen
2766 2512 2821 2558 et
2845 2505 2895 2559 in
2923 2506 2988 2559 iis
3008 2517 3245 2577 quatuor
3267 2512 3465 2580 requiro
3490 2511 3692 2582 judicium

2188 2604 2376 2646 sensus
2404 2593 2495 2647 tui.
2522 2593 2588 2647 D.
2605 2594 2737 2661 Quid
2758 2596 2901 2651 aliud
2926 2606 2979 2652 et
3007 2600 3091 2653 hic
3126 2614 3338 2669 possum
3363 2601 3542 2669 dicere,
3564 2620 3687 2674 quam

2190 2683 2404 2750 pulchre
2448 2684 2564 2738 illos
2590 2698 3045 2758 congruenterque
3082 2692 3367 2748 sonuisse?
3393 2692 3460 2747 ΙΙ.
3494 2693 3685 2751 Sentisne

2187 2772 2344 2825 etiam
2371 2772 2504 2828 duos
2530 2779 2829 2847 superiores
2854 2778 3025 2833 altero
3050 2780 3232 2835 ionico
3252 2793 3480 2839 constare
3502 2784 3575 2854 qui
3590 2784 3693 2839 dici-

2188 2870 2273 2915 tur
2299 2880 2326 2916 a
2356 2865 2579 2930 minore,
2619 2866 2754 2923 duos
2780 2878 2957 2924 autem
3001 2871 3333 2941 posteriores
3354 2874 3599 2931 diiautbnm
3622 2876 3695 2929 ha-

2184 2950 2310 3008 ltere
2355 2956 2703 3024 permixtum?
2743 2957 2811 3011 D.
2845 2958 2912 3013 Et
2958 2962 3057 3015 hoc
3096 2969 3159 3017 te
3206 2964 3555 3033 pronuntiando
3585 2965 3686 3018 insi-

2185 3056 2383 3098 nuante
2413 3046 2665 3112 persensi.
2700 3046 2774 3099 Μ.
2795 3048 2967 3116 Quid?
2988 3050 3122 3105 illud
3150 3067 3325 3108 nonne
3350 3068 3395 3107 te
3419 3064 3561 3109 movet
3579 3055 3685 3123 quod

2186 3130 2240 3185 in
2273 3132 2373 3188 illis
2403 3134 2702 3190 Terentiani
2732 3139 2970 3193 verSIbus
2995 3140 3177 3195 ίοηίου
3205 3143 3255 3197 ei
3281 3144 3413 3212 quia
3437 3144 3590 3210 majore
3612 3142 3676 3196 di-

2184 3224 2338 3287 citur,
2370 3224 2675 3293 dichorius;
2705 3228 2755 3281 in
2786 3229 2848 3281 iis
2872 3237 3046 3284 autem
3074 3233 3279 3286 nostris
3300 3233 3435 3287 alteri
3457 3232 3592 3287 ionico
3611 3231 3681 3300 qui

2183 3329 2213 3368 a
2258 3316 2461 3371 minore
2502 3319 2816 3379 nominatur.
2858 3321 3121 3376 diiambus
3154 3326 3346 3379 mixtus
3371 3325 3473 3381 est?
3505 3340 3559 3378 an
3590 3324 3689 3379 nihil

2184 3405 2437 3459 interesse
2463 3408 2776 3463 arbitraris?
2801 3408 2870 3461 ι).
2905 3411 3013 3464 lmo
3048 3412 3295 3474 interest.
3326 3425 3379 3470 et
3412 3415 3568 3470 videor
3590 3411 3688 3467 mihi

2182 3495 2435 3552 rationem
2471 3498 2636 3569 ipsam
2667 3502 2846 3558 videre
2872 3524 2880 3555 ;
2914 3519 3030 3557 nam
3068 3510 3324 3575 quoniam
3348 3510 3525 3563 ionicus
3550 3522 3575 3560 a
3601 3521 3685 3561 tm-

2174 3586 2292 3655 jore
2317 3604 2346 3642 a
2367 3589 2568 3645 duabus
2597 3593 2778 3662 incipit.
2808 3596 2995 3665 longis,
3023 3611 3152 3653 eum
3180 3600 3280 3654 sibi
3308 3604 3463 3669 potius
3487 3602 3685 3671 citpulan-

2179 3676 2304 3730 dum
2335 3682 2521 3746 poscit,
2567 3681 2655 3735 ubi
2700 3683 2849 3753 longa
2890 3686 3055 3754 prima
3088 3699 3198 3755 est,
3238 3690 3289 3744 id
3321 3701 3397 3746 est
3433 3689 3683 3747 dichorium.

2181 3770 2453 3826 Diiambus
2479 3788 2602 3826 vero
2622 3775 2761 3843 quod
2789 3777 2968 3847 incipit
3011 3793 3040 3831 a
3072 3779 3246 3845 brevi,
3280 3786 3604 3850 congruentius
3626 3780 3683 3834 al-

2180 3859 2276 3912 teri
2304 3860 2556 3915 miscetur
2582 3862 2753 3917 ionico
2778 3881 2805 3917 a
2828 3866 3031 3921 duabus
3051 3868 3305 3925 brevibus
3328 3873 3579 3943 incipienti.

2244 3946 2333 4002 95.
2366 3947 2443 4003 M.
2468 3950 2608 4006 Bene
2624 3953 2904 4024 intelligis:
2926 3972 3091 4026 quare
3116 3958 3222 4014 hoc
3236 3976 3433 4031 quoque
3452 3959 3674 4019 tenendum

2176 4047 2273 4102 est,
2310 4040 2461 4094 istam
2511 4042 2669 4096 etiam
2718 4048 3141 4115 congruentiam,
3184 4063 3396 4119 excepta
3441 4052 3680 4121 aequalitate

2174 4136 2492 4198 temporum,
2538 4132 2591 4185 in
2631 4133 2849 4201 pedibus
2876 4138 3166 4195 miscendis
3213 4143 3511 4211 aliquautmn
3549 4142 3681 4196 valere

2173 4228 2463 4289 oportere:
2493 4238 2599 4277 non
2637 4225 2778 4279 enim
2812 4227 3118 4297 plurimum,
3159 4233 3257 4290 sed
3301 4244 3461 4290 tamen
3498 4233 3679 4288 nonnihil

2172 4311 2329 4366 valet.
2382 4312 2511 4367 Nam
2560 4329 2654 4383 pro
2699 4320 2844 4372 omni
2886 4320 3020 4389 pede
3061 4339 3155 4379 sex
3185 4334 3485 4395 temporum,
3515 4339 3678 4391 omnem

2171 4401 2358 4469 Pellem
2404 4417 2495 4457 se!
2540 4414 2831 4475 lelnpomm
2884 4411 3004 4479 poni
3061 4428 3254 4483 posse,
3315 4418 3380 4472 ita
3429 4432 3567 4473 sensu
3610 4416 3671 4469 in-

2173 4499 2434 4560 terrogato
2468 4493 2674 4562 judices
2709 4497 2873 4554 licet:
2915 4502 3143 4571 primum
3188 4507 3396 4562 molossi
3431 4505 3674 4575 exemplum

2169 4580 2242 4634 sit
2290 4582 2473 4649 nobis,
2522 4584 2725 4640 virtutes
2772 4602 2793 4642 :
2836 4589 2992 4646 ionici
3044 4610 3074 4647 a
3128 4596 3362 4663 minore,
3410 4597 3676 4651 moderatas:

2169 4670 2491 4738 choriambi,
2543 4677 2785 4747 percipies
2823 4695 2842 4733 :
2869 4680 3027 4737 ionici
3068 4700 3097 4737 a
3142 4686 3371 4755 majore,
3411 4686 3679 4741 concederat

2169 4760 2403 4825 diiambi,
2445 4763 2721 4837 benignitas
2751 4784 2769 4822 :
2796 4768 3037 4848 dichorii,
3075 4776 3342 4848 civitasque
3368 4792 3388 4833 :
3432 4777 3664 4847 antispasti

2168 4853 2296 4907 volet
2332 4854 2494 4926 justa.
2537 4856 2605 4912 υ.
2647 4846 2834 4916 Habeo‘
2868 4864 2989 4919 ista.
3039 4865 3115 4920 tt.
3155 4846 3384 4926 Contexe
3426 4846 3565 4940 igniti
3606 4870 3657 4923 ist

2168 4944 2344 4998 omnia
2372 4957 2531 5017 atque
2573 4954 2880 5019 pronuntia,
2924 4955 3008 5010 vel
3050 4973 3131 5013 me
3163 4961 3333 5029 potius
3360 4959 3667 5031 pronuntiavi

2168 5034 2370 5103 accipe,
2398 5052 2504 5106 quo
2521 5038 2588 5093 ad
2606 5040 2944 5109 judieandum
2976 5045 3185 5103 liber'nr
3207 5065 3390 5106 sensus
3404 5060 3552 5106 vacet.
3578 5048 3663 5105 Nst-

2170 5134 2228 5178 ut
2250 5126 2540 5183 centinuati
2565 5133 2766 5186 numeri
2795 5136 3144 5203 aequalitatem
3168 5140 3284 5196 sine
3311 5142 3409 5196 ulla
3434 5140 3674 5197 oﬂ‘enst'one

2168 5216 2369 5270 aurium
2396 5216 2490 5271 tibi
2528 5219 2808 5290 insinuem,
2839 5223 2938 5279 hoc
2972 5234 3135 5282 totum
3165 5240 3452 5287 contextum
3477 5239 3549 5288 ter
3568 5241 3653 5298 pro

2168 5306 2441 5371 nuntiabo,
2472 5310 2613 5380 quod
2650 5314 2779 5368 satis
2812 5328 2933 5371 esse
2961 5333 3066 5373 non
3107 5319 3458 5377 dubitaverim.
3494 5319 3668 5374 Virtutes

2170 5397 2450 5453 moderatas
2478 5400 2738 5472 percipies,
2766 5406 3031 5463 concedere
3055 5409 3321 5480 benignitas
3341 5412 3579 5475 civitasque
3597 5423 3663 5461 σου

2168 5487 2235 5539 let
2258 5489 2408 5551 iusta.
2447 5487 2666 5546 Virtutes
2689 5494 2973 5552 moderatas
3008 5500 3262 5570 percipies,
3288 5501 3532 5555 concedere
3557 5497 3664 5552 bati-

2168 5580 2330 5647 gm‘tas
2358 5580 2628 5651 civitasque
2649 5582 2777 5637 volet
2798 5586 2959 5655 justa.
3000 5588 3210 5645 Virtutes
3240 5593 3497 5645 moderatas
3531 5583 3661 5659 perci-

2171 5670 2292 5733 pies.
2331 5672 2594 5723 concedere
2619 5670 2895 5743 benignitas
2932 5679 3192 5745 civitasque
3219 5683 3337 5735 volet
3366 5682 3510 5751 justo.
3544 5675 3651 5732 Nunt

2173 5755 2304 5813 forte
2326 5761 2517 5835 aliquid
2547 5766 2594 5819 in
2620 5768 2718 5823 hoc
2738 5771 2924 5854 pedum
2944 5789 3096 5829 cursu
3118 5792 3265 5832 aures
3285 5787 3388 5830 tuas
3406 5771 3653 5840 :nqualilm
