3804 6398
108 439 206 494 ωδ
1371 422 1570 478 LIBER
1608 421 1978 508 SECUNDUS.
2893 487 2909 507 .
3144 434 3198 490 ii
3217 431 3279 490 ιι

103 563 162 606 aut
187 547 420 604 suavitate
444 543 732 598 fraudavit?
771 541 838 594 D.
870 542 1022 596 Nullo
1043 539 1219 593 modo.
1246 536 1322 590 Μ.
1359 536 1601 590 Delecta-
1708 534 1908 603 singula
1957 543 2191 602 tempora
2219 537 2438 609 singulis
2467 538 2720 595 lateribus
2757 539 2984 610 dederit,
3015 557 3120 600 non
3157 544 3267 616 jam

101 646 207 697 vitae
226 636 446 706 aliquid?
474 648 766 705 quanquam
797 634 897 687 hoc
925 633 1139 702 quidem
1165 642 1494 698 consequens
1523 637 1605 683 est
1709 639 1870 678 unum
1909 633 1963 679 et
1992 626 2110 689 tria.
2161 628 2252 682 sed
2291 629 2410 685 bina
2453 639 2690 702 tempora
2743 631 2934 689 levatio
2979 633 3276 706 positioque

104 736 138 789 iu
159 733 240 784 hoc
259 742 462 794 genere,
491 734 546 780 ut
566 725 792 780 delectet
816 738 974 778 omne
1003 723 1144 793 quod
1170 737 1274 776 non
1304 718 1602 776 oﬂ'enderit.
1708 713 1807 768 sibi
1865 713 2130 770 vindicent
2175 733 2188 769 :
2233 718 2331 772 nisi
2386 719 2548 776 habes
2597 721 2792 792 aliquid
2844 723 2987 794 quod
3042 725 3270 782 resistat.

104 823 148 878 ιλ
173 820 265 875 κο..
302 833 508 887 possum
535 815 687 871 aiiiei-
712 831 798 870 me
833 815 1010 870 dicere
1050 813 1317 876 επθοωω,
1340 827 1498 882 quam
1523 813 1602 866 vi-
1710 801 1780 857 Β.
1801 803 1940 858 Nihil
1969 820 2097 860 sane
2113 805 2284 862 habeo
2306 811 2444 880 quod
2467 811 2664 880 dicam,
2690 813 2789 869 nisi
2809 814 2948 870 hunc
2972 816 3130 872 etiam
3156 833 3276 875 esse

104 917 219 970 detur
235 912 336 965 tibi.
367 907 443 963 ιι.
475 907 670 963 Probas
692 921 820 976 ergo
857 921 1042 960 omnes
1071 906 1200 960 istos
1224 904 1384 975 pedes
1417 918 1606 960 senum
1709 895 2110 951 admittendum.
2136 896 2216 951 Μ.
2248 900 2455 971 Aliquid
2495 918 2621 973 ergo
2655 905 2967 976 plaudamus
2990 918 3274 980 quaterno-

105 1017 342 1074 ωηρητυη,
381 1009 521 1055 mle
559 999 658 1054 sibi
697 1013 852 1069 posse
878 998 1116 1068 copulari
1147 1009 1304 1070 atque
1327 999 1344 1030 ι
1374 997 1603 1053 misceri,
1710 1002 1824 1040 rum
1853 996 2148 1058 temporum
2177 989 2397 1059 pedibus
2417 993 2716 1052 ordinatum
2755 1006 2916 1069 atque
2941 1008 3271 1071 contextum,

105 1096 149 1150 ι)⁶
180 1093 342 1148 primo,
1709 1080 1900 1149 quibus
1944 1081 2042 1135 iste
2080 1083 2395 1137 commixtus
2443 1085 2530 1149 sit,
2581 1095 2637 1142 et
2685 1089 2868 1146 eodem
2919 1093 3078 1148 modo
3113 1108 3271 1152 sensu

37 1201 42 1210 '
140 1181 319 1240 CAPUT
353 1178 487 1235 Xlll.
528 1209 601 1220 —
635 1179 773 1234 Ordo
819 1178 998 1250 pedum
1041 1178 1288 1246 quomodo
1337 1185 1552 1232 mutetur
1709 1170 2047 1237 exploremus
2071 1177 2242 1226 utrum
2264 1172 2397 1228 nihil
2416 1173 2654 1244 imparile
2681 1176 2927 1234 oﬂ'endat.
2960 1181 3024 1236 Et
3050 1182 3168 1238 ideo
3196 1193 3270 1240 at.

704 1277 960 1330 concinne.
1685 1303 1690 1307 .
1715 1259 1870 1313 tende
1897 1261 1946 1313 in
1969 1261 2113 1316 hunc
2139 1277 2414 1318 numerum
2452 1267 2944 1336 pr0pterjudicandi
2974 1271 3274 1329 facilitatem

151 1375 218 1429 ἳι.
246 1372 314 1426 Π.
342 1370 551 1427 Nihilne
593 1369 865 1434 formidas,
911 1384 978 1423 ne
1021 1367 1136 1438 quis
1182 1366 1463 1422 arbitretur
1499 1373 1606 1420 tam

1780 1366 1830 1404 m
1862 1350 2045 1420 plausu
2096 1354 2252 1408 tertio
2295 1356 2597 1426 repetitum.
2647 1356 2832 1414 Sumus
2872 1363 3081 1432 optima,
3119 1367 3277 1438 facias

105 1464 317 1532 rqualiler
360 1463 491 1515 istos
544 1460 706 1529 pedes
758 1457 862 1513 hoc
914 1457 1098 1512 ordine
1152 1457 1372 1512 collatos
1415 1469 1607 1512 sonare

1774 1455 1938 1499 Iuesta.
1969 1446 2157 1501 Sumus
2179 1449 2388 1517 optima,
2418 1451 2576 1522 facias
2605 1450 2832 1516 honesta,
2859 1454 3045 1511 Sttmas
3067 1459 3276 1528 Optima,

107 1555 309 1621 potuisse;
336 1551 376 1605 si
406 1559 587 1604 autem
612 1549 848 1604 ordinem
878 1555 1163 1618 permutes.
1191 1563 1292 1602 non
1322 1547 1456 1601 idem
1489 1561 1610 1615 pos—
1712 1538 1870 1606 facias
1912 1540 2134 1595 honesta.
2185 1541 2253 1596 ο.
2305 1543 2554 1613 Jamjam,
2605 1546 2849 1610 obsecro,
2886 1562 3041 1618 parce
3067 1551 3281 1606 auribus

105 1643 167 1696 se?
191 1641 245 1696 υ.
273 1641 514 1696 Nonnihil
546 1641 758 1711 quidem
801 1639 973 1699 ali‘ert,
1009 1638 1101 1692 sed
1133 1638 1359 1706 experiri
1399 1652 1501 1691 nou
1530 1645 1612 1691 est
1713 1631 1846 1686 meis
1876 1651 1888 1685 :
1917 1649 2037 1688 nam
2069 1634 2226 1690 etiam
2257 1635 2437 1705 plausu
2468 1653 2571 1692 non
2603 1638 2838 1705 admoto,
2861 1640 2974 1710 ipse
2996 1656 3088 1710 per
3105 1658 3162 1696 se
3181 1642 3280 1697 ho-

106 1731 280 1786 dilﬁcile.
311 1729 382 1784 ll.
409 1730 556 1784 Istud
577 1744 703 1799 ergo
725 1729 879 1784 facito
902 1743 1023 1783 cum
1052 1729 1256 1783 vacabit
1285 1745 1298 1781 :
1330 1743 1431 1783 non
1460 1726 1614 1780 aliter
1715 1738 1831 1776 rum
1853 1724 2044 1792 pedum
2061 1727 2419 1782 cursusiuillo
2431 1728 2809 1798 amphibracho
2823 1728 3286 1789 vehementissime

108 1823 284 1875 invenies
315 1835 472 1890 quam
499 1835 715 1876 sensum
745 1827 889 1873 tuum
937 1817 1246 1872 multiformi
1273 1820 1526 1873 varietate
1553 1825 1610 1872 et
1715 1815 1996 1872 claudicat.
2033 1818 2110 1872 Μ.
2150 1820 2284 1886 Quid
2315 1823 2471 1891 igitur
2509 1823 2796 1892 putandum
2837 1835 2919 1880 est
2943 1841 3061 1882 esse
3085 1842 3280 1894 causa,

107 1927 176 1965 una
198 1912 474 1980 aqualitate
514 1910 753 1964 mulceri.
793 1908 859 1961 Β.
899 1907 1105 1962 Faciam
1137 1926 1150 1961 :
1187 1923 1482 1978 quanquam
1512 1908 1613 1963 hoc
1717 1909 1846 1964 utin
1875 1910 1975 1966 hoc
1996 1910 2106 1965 ﬂeri
2127 1928 2231 1966 non
2263 1912 2429 1982 possit
2457 1913 2597 1984 quod
2645 1915 2695 1969 in
2727 1915 2957 1972 molosso
3007 1926 3062 1971 et
3101 1917 3286 1974 ionicis

109 2001 292 2070 exemplo
316 2015 476 2053 nemo
503 2007 605 2064 est,
635 1999 724 2068 qui
766 2014 870 2053 non
914 1998 1197 2066 przevideat
1235 2000 1533 2055 necessario
1561 1998 1614 2053 id
1719 2001 1927 2068 potuit?
1948 2019 2013 2054 an
2037 2004 2284 2071 quoniam
2307 2003 2358 2057 Μ
2389 2003 2490 2058 illis
2508 2005 2730 2074 a-qualia
2756 2014 2881 2061 sunt
2896 2007 3069 2062 medio
3089 2007 3287 2064 latent?

109 2101 369 2144 eventurum.
410 2090 492 2144 Μ.
521 2089 683 2144 Recte
708 2091 978 2145 existimas
1008 2109 1020 2143 :
1052 2089 1146 2144 sed
1171 2091 1306 2158 quod
1329 2089 1392 2143 ad
1423 2105 1616 2160 propo-
1718 2090 1770 2146 in
1799 2108 2018 2147 numero
2032 2094 2171 2146 enim
2203 2096 2334 2164 pari,
2359 2095 2447 2149 ubi
2472 2095 2540 2150 sit
2570 2097 2799 2152 medium
2839 2100 2949 2154 suis
2977 2102 3179 2169 equale
3205 2101 3285 2156 la-

109 2183 218 2234 situm
250 2182 489 2250 pertinet,
517 2180 731 2235 admoto
758 2181 945 2250 plausu
972 2180 1072 2235 ista
1100 2195 1422 2261 percurram,
1467 2189 1523 2234 ut
1547 2180 1616 2236 de
1719 2185 1939 2248 teribus,
1985 2187 2189 2257 primus
2235 2189 2475 2242 senarius
2506 2189 2751 2244 occurrit.
2809 2190 2946 2260 Ergo
2984 2191 3059 2246 illi
3098 2207 3285 2249 senum

110 2268 371 2340 hocquoque
393 2269 692 2336 dijudicare
723 2270 890 2338 possis
916 2278 1091 2323 utrum
1135 2268 1354 2338 aliquid,
1386 2285 1452 2322 an
1479 2268 1613 2324 nihil
1721 2285 2015 2347 temporum
2065 2279 2225 2348 pedes
2279 2278 2526 2350 quoniam
2580 2280 2685 2334 duo
2723 2291 2956 2348 tempora
3015 2283 3065 2337 iu
3111 2285 3287 2340 medio

109 2361 300 2416 claudicet
329 2379 341 2415 :
383 2370 550 2432 atque
571 2370 627 2414 ut
656 2361 810 2415 simul
832 2359 1027 2430 aliquid
1062 2361 1352 2430 experiaris
1376 2359 1441 2414 de
1465 2375 1615 2414 cont-
1723 2369 2013 2437 possident,
2044 2378 2097 2424 et
2115 2371 2233 2424 bina
2266 2371 2316 2426 in
2348 2371 2628 2437 lateribus;
2658 2372 2881 2427 libenter
2898 2374 3286 2444 quodammodo

110 2454 332 2508 mutatione
351 2453 500 2506 illius
528 2452 746 2512 ordinis,
774 2466 929 2520 quam
962 2449 1087 2504 nihil
1119 2449 1514 2505 clattdicationis
1554 2450 1618 2504 il-
1723 2459 1845 2513 illud
1885 2460 2114 2516 medium
2157 2459 2344 2516 cecidit
2385 2463 2435 2516 in
2477 2463 2636 2517 iam“
2663 2505 2680 2529 ,
2733 2465 2924 2532 quibus
2966 2467 3283 2523 amicissima

33 2552 36 2622 ᾗ
111 2543 274 2598 laturam
311 2560 430 2599 esse
461 2544 832 2614 przrdiximus;
875 2544 984 2608 iam
1015 2559 1151 2598 Ιιιιιιϐ
1187 2544 1616 2612 ἰρδυιιιονᾱίιιριη
1723 2552 2022 2620 αεῳιλιίιίιιθ
2087 2552 2438 2622 coniungitur.
2494 2551 2608 2607 Non
2663 2564 2836 2608 auttm
2899 2555 3034 2610 idem
3089 2555 3176 2611 fiet
3231 2557 3284 2612 in

109 2647 222 2701 ututs,
241 2646 286 2690 et
315 2646 370 2690 ut
396 2637 609 2691 libitum
639 2645 739 2700 est,
767 2634 977 2689 eosdem
1007 2634 1168 2705 pedes
1195 2634 1482 2690 collocatos
1519 2633 1617 2687 ali-
1721 2643 2119 2710 amplnbracho,
2153 2645 2239 2698 ubi
2259 2653 2381 2700 sunt
2401 2645 2803 2715 impariamedio
2824 2648 3004 2710 latera,
3029 2648 3285 2718 siquidem

110 2738 162 2782 ter
179 2739 307 2797 atque
328 2745 466 2783 ame
490 2728 732 2783 collocati
751 2736 890 2793 sunt,
927 2727 1284 2796 personandos
1313 2726 1437 2780 mihi
1469 2727 1620 2795 plau-
1725 2734 1776 2787 in
1810 2734 1912 2786 illis
1940 2735 2163 2802 singula,
2202 2735 2253 2789 in
2287 2735 2376 2790 illo
2403 2735 2506 2789 duo
2529 2746 2761 2806 tempora
2791 2749 2932 2794 sunt.
2957 2739 3066 2794 Hoc
3085 2741 3288 2796 accedit

108 2817 344 2890 dmde
373 2818 646 2888 peflltille.
678 2817 742 2870 Π·
778 2807 1008 2871 Ρΐῖῐηιιιιι
1039 2817 1158 2870 νοΙο
1187 2832 1303 2870 esse
1337 2818 1561 2871 iOHiCIIIH
1588 2833 1619 2872 a
1725 2828 1866 2895 qttod
1916 2827 1967 2880 iu
2002 2827 2186 2882 ionicis
2229 2836 2282 2882 et
2325 2828 2555 2882 molosso
2600 2829 2773 2883 medio
2819 2831 2868 2884 in
2888 2831 3047 2884 latera
3092 2831 3283 2897 soluto,

109 2912 274 2976 minore,
310 2911 601 2969 secundum
641 2911 868 2964 ionicum
909 2925 936 2961 a
981 2909 1198 2977 majore,
1247 2909 1456 2962 tertium
1491 2908 1622 2964 clm-
1724 2924 1872 2970 terna
1905 2917 2032 2968 linnt
2061 2925 2329 2982 tempora,
2361 2916 2627 2986 inquibus
2671 2933 2878 2973 rursum
2927 2920 3098 2974 medio
3123 2923 3232 2990 pari
3269 2922 3282 2952 ¹

109 3003 326 3069 riambum,
356 3013 607 3073 quartum
639 3003 956 3064 diiautbum,
985 3002 1220 3070 quintum
1247 3001 1616 3068 autispastunt,
1726 3008 1866 3077 paria
1920 3008 2080 3061 latera
2135 3008 2499 3070 inveniuntur;
2555 3009 2697 3079 quod
2754 3010 2878 3066 ile...
2908 3011 3035 3066 dem
3077 3012 3286 3082 amphi-

112 3104 263 3149 sextum
288 3096 608 3158 dirborium,
642 3095 921 3163 septimum
950 3095 1257 3148 molossum.
1293 3092 1343 3145 Μ
1355 3132 1367 3145 .
1406 3093 1621 3148 Intende
1725 3098 1940 3152 bracbo.
1967 3097 2034 3151 D.
2062 3098 2136 3152 Ita
2165 3113 2250 3153 res
2283 3110 2365 3154 est
2394 3112 2447 3152 ut
2480 3099 2612 3154 dicis
2636 3118 2650 3156 :
2680 3117 2776 3156 nec
2803 3103 3063 3158 immerito
3082 3105 3288 3174 atnpbio

111 3194 256 3254 ergoet
280 3203 460 3243 aurem
489 3187 541 3240 iu
569 3201 777 3245 ευηιιηι.
802 3195 855 3240 et
895 3186 945 3238 in
981 3185 1216 3253 plausuum
1253 3184 1432 3238 oculos
1461 3203 1474 3238 :
1517 3199 1619 3238 non
1725 3190 1950 3244 bruchus
1972 3189 2020 3242 in
2051 3189 2134 3242 illa
2164 3189 2300 3244 serie
2331 3190 2551 3245 ollendit
2586 3191 2842 3260 auditum,
2883 3193 2935 3248 bi
2965 3209 3088 3249 vero
3129 3198 3288 3251 etiam

110 3278 210 3330 enim
231 3278 407 3343 audiri,
433 3278 526 3333 sed
555 3278 718 3333 videri
746 3293 877 3348 opus
903 3288 983 3331 est
1009 3277 1342 3346 plaudentem
1385 3293 1618 3344 manum,
1724 3279 1906 3335 delcct:
1929 3289 2004 3334 nt.
2379 3335 2386 3342 _

113 3374 149 3417 et
165 3368 475 3424 animadverti
502 3369 694 3423 acriter
724 3377 916 3438 quanta
941 3369 1194 3440 temporis
1225 3385 1369 3424 mora
1403 3372 1451 3423 in
1473 3370 1621 3424 leva-
1866 3372 2088 3428 CAI‘UT
2112 3373 2323 3428 XlV.—
2348 3373 2446 3441 Qui
2459 3375 2608 3445 pedes
2631 3375 2808 3445 quibus
2837 3377 3150 3434 misceantur.

116 3455 234 3521 lim,
269 3470 457 3529 quanta
493 3461 542 3514 in
575 3461 833 3530 positione
881 3463 965 3516 sit.
1009 3461 1075 3515 D.
1123 3463 1284 3517 Totus
1325 3465 1443 3520 istic
1482 3479 1618 3529 sum,
1797 3464 1885 3521 26.
1928 3465 2004 3520 Μ.
2035 3469 2174 3536 Age.
2200 3482 2340 3521 nunc
2367 3478 2419 3520 tu
2455 3477 2624 3530 perte
2652 3467 2720 3521 ab
2746 3469 2859 3536 ipso
2905 3470 3148 3525 exordire
3175 3487 3297 3541 pyr-

120 3558 304 3614 quanlutu
321 3553 498 3608 valeo.
547 3552 625 3615 M.
658 3555 848 3621 Accipe
877 3554 1032 3626 igitur
1060 3555 1455 3612 collocationem
1482 3558 1621 3613 illam
1729 3555 2022 3618 rbicltio,et
2041 3559 2328 3613 secundum
2348 3573 2503 3626 Supra
2524 3557 2688 3612 dictas
2715 3558 2965 3621 rationes,
2982 3577 3116 3631 quos
3139 3561 3297 3628 iit-des

121 3650 206 3689 cum
223 3640 373 3707 plausu
407 3653 586 3697 tuam:
619 3643 924 3711 Moderatus,
951 3647 1234 3710 concedere,
1254 3650 1514 3718 percipies,
1541 3649 1628 3703 be-
1729 3649 1918 3716 quibus
1967 3649 2175 3704 misceri
2214 3657 2486 3716 Oporteat,
2539 3660 2788 3717 quantum
2834 3659 2979 3718 potes
3002 3693 3018 3716 ,
3070 3651 3298 3708 breviter

116 3729 292 3798 "ignitus,
315 3735 620 3804 voletjusta,
647 3737 930 3802 civitasque,
961 3737 1180 3792 virtutes.
1215 3738 1278 3790 D.
1301 3738 1486 3794 Sentio
1511 3741 1626 3809 qui-
1729 3741 1953 3808 exilliCa.
1987 3737 2056 3792 υ.
2089 3738 2272 3793 Nullus
2300 3739 2602 3809 pyrrhichio
2635 3758 2648 3792 :
2680 3755 2782 3794 non
2817 3741 2957 3797 enim
2983 3743 3118 3797 alius
3155 3745 3299 3798 inve-

112 3818 198 3873 ἀίδην
217 3839 531 3895 nequaquam
561 3828 794 3896 plausum
823 3828 978 3882 istum
999 3831 1315 3893 claudicare,
1348 3841 1398 3884 et
1424 3841 1623 3886 tantum
1733 3831 1874 3884 nitttr
1901 3829 2119 3884 totidem
2153 3840 2464 3899 temporum.
2515 3831 2690 3885 lumbo
2716 3841 2893 3901 posset
2912 3832 3122 3888 chorios
3145 3876 3158 3898 ,
3201 3835 3294 3890 sed

23 3941 26 3961 ξ
112 3907 241 3968 lel‘are
273 3926 525 3984 quantum
576 3932 806 3986 ponere;
855 3919 947 3974 sed
1007 3920 1350 3976 Vthementer
1394 3921 1628 3978 admiror
1733 3934 1948 3993 propter
1974 3925 2281 3992 inaequalem
2316 3928 2550 3993 plausum
2579 3925 2846 3978 vitandum
2874 3933 2977 3989 est,
3005 3925 3141 3995 quod
3162 3926 3298 3981 alter

110 4006 320 4067 quomodo
337 4024 404 4062 eo
433 4009 635 4078 percuti
674 4013 934 4079 potuerint
979 4012 1049 4065 illi
1084 4013 1262 4082 pedes,
1291 4031 1514 4086 quorum
1543 4015 1622 4071 di-
1731 4033 1760 4070 a
1791 4017 2000 4084 simplo,
2029 4032 2058 4069 a
2085 4015 2244 4084 duplo
2277 4018 2410 4070 alter
2439 4015 2638 4085 incipit.
2677 4015 2814 4078 Ergo
2842 4015 3134 4068 ll‘illl'ot'hlls
3164 4016 3291 4069 utri-

110 4093 207 4148 risio
229 4099 390 4170 simpli
418 4110 472 4153 et
499 4100 641 4169 dupli
673 4103 875 4157 ratione
899 4113 1124 4168 Constat,
1155 4105 1304 4159 sit-uti
1327 4117 1446 4159 sunt
1471 4107 1627 4162 ambo
1732 4123 1834 4176 que
1858 4105 2246 4160 accommodari
2289 4114 2478 4172 potest.
2509 4105 2811 4174 Spondeum
2857 4117 2910 4159 et
2954 4107 3213 4174 dactylum
3243 4116 3298 4162 et

109 4182 227 4241 ionici
253 4198 302 4243 et
325 4191 609 4246 molossus.
631 4191 702 4244 Μ.
726 4192 770 4261 Q
793 4193 859 4246 :id
890 4194 970 4248 hic
998 4196 1106 4248 tieri
1138 4205 1311 4250 tamen
1329 4197 1623 4261 arbitraris,
1731 4205 2078 4265 alll‘tlla’Slum,
2105 4205 2154 4249 et
2179 4196 2668 4264 proceleumaticum
2693 4197 2892 4249 amicos
2918 4196 3053 4250 inter
3071 4205 3297 4267 seatqtte

107 4289 195 4330 cum
218 4279 264 4334 in
289 4283 367 4338 his
387 4283 486 4338 tria
517 4285 752 4339 leventur
779 4295 1034 4354 tempora.
1075 4287 1397 4357 totidemque
1423 4306 1627 4358 ponan-
1733 4286 2055 4356 eopulahiles
2080 4287 2232 4341 video
2274 4303 2286 4338 :
2321 4301 2423 4340 non
2449 4287 2587 4340 enim
2615 4294 2813 4341 tantum
2846 4288 3182 4355 temporibus,
3203 4289 3296 4344 sed

109 4369 198 4420 tur?
220 4367 282 4428 ο.
305 4373 442 4427 Nihil
465 4374 603 4427 aliud
637 4375 720 4428 hic
752 4391 966 4444 prorsus
987 4377 1138 4431 video
1171 4394 1328 4447 quam
1358 4395 1474 4434 eam
1515 4379 1632 4433 lon-
1735 4378 1920 4447 plausu
1986 4379 2143 4432 etiam
2195 4377 2295 4432 sibi
2343 4388 2656 4449 eongruunt.
2718 4379 2999 4432 Enimvero
3053 4381 3298 4435 exclusus

107 4471 194 4524 tam
221 4464 485 4534 syllabam,
512 4482 629 4536 quae
661 4467 712 4520 in
740 4468 910 4522 ionico
942 4484 971 4522 a
1003 4470 1199 4539 majore
1225 4480 1279 4525 et
1317 4471 1367 4524 in
1397 4471 1630 4527 molosso
1733 4467 2144 4538 atnpbibrachus
2171 4509 2187 4535 ,
2243 4468 2384 4522 nulla
2453 4469 2621 4537 potuit
2684 4470 2886 4524 ratione
2949 4468 3161 4535 reduci,
3213 4471 3298 4526 cui

108 4553 317 4620 secunda,
348 4555 399 4609 in
427 4557 601 4612 ionico
623 4567 797 4612 autem
832 4575 859 4611 a
895 4560 1097 4614 minore
1127 4561 1278 4615 tertia
1309 4569 1411 4627 est,
1444 4562 1630 4632 plausu
1738 4561 1978 4631 parilitas
2014 4570 2315 4631 temporum
2358 4561 2599 4616 auxiliari
2646 4561 2804 4630 quid,
2857 4561 3111 4616 divisione
3154 4562 3301 4632 plau-

8 4637 14 4716 ;
110 4637 197 4708 ipso
219 4645 408 4709 dividi;
455 4657 509 4702 ut
547 4649 794 4718 quoniam
824 4649 928 4703 duo
975 4651 1130 4708 habet
1163 4662 1422 4724 tempora,
1469 4672 1627 4710 unum
1737 4667 1902 4720 suque
1951 4650 2321 4714 discordante,
2366 4665 2470 4704 non
2515 4651 2701 4720 potuit.
2743 4650 2973 4706 Bacrltio
3013 4654 3298 4722 creticum,

111 4727 204 4817 inde
225 4738 469 4800 superiori
489 4741 646 4808 parti,
675 4739 901 4794 alterum
927 4743 1201 4810 posteriori
1233 4745 1446 4806 tribuat.
1473 4755 1630 4817 atque
1736 4752 1791 4798 et
1818 4758 2029 4813 paeoites
2085 4743 2345 4812 primum,
2390 4743 2678 4797 Secundum
2721 4755 2776 4799 et
2813 4751 3076 4812 quartum.
3105 4745 3300 4801 l’alim-

8 4811 12 4824 ’
111 4816 163 4873 ita
179 4830 310 4880 terna
336 4836 570 4897 tempora
599 4831 788 4883 levatio
819 4833 1108 4901 positioque
1134 4836 1434 4891 sortiantur.
1547 4811 1560 4817 ”
1738 4811 1960 4890 bacchio
1983 4811 2158 4889 autem
2190 4832 2436 4889 eumdem
2464 4834 2739 4899 creticum,
2761 4841 2814 4889 et
2835 4811 3049 4903 pxeones
3075 4837 3303 4902 primum

161 4910 346 5017 2.5-”
375 4917 515 4974 Nihil
546 4919 632 4974 hic
652 4924 866 5017 omnino
883 4923 1022 4977 aliud
1049 4923 1261 4979 diciaut
1287 4927 1501 4998 intelligi
1533 4943 1632 4999 po-
1738 4934 1791 4981 et
1829 4928 2039 4981 tertium
2075 4933 2131 4979 et
2177 4936 2429 4996 quartum
2452 4965 2468 4988 ,
2519 4934 2575 4980 et
2601 4927 2623 4958 ⁸
2650 4927 2974 4995 temporibus
3017 4934 3072 4982 et
3117 4927 3304 4998 plausu
3336 4949 3357 5017 ᾇ

8 5023 12 5056 r
111 5005 207 5090 ψει.
229 5003 328 5062 Sed
355 5024 449 5064 cur
475 5025 580 5064 non
607 5010 763 5064 etiam
806 5012 893 5067 ille
915 5013 1345 5084 amphibmehus,
1381 5034 1540 5090 quem
1564 5021 1632 5076 ab
1737 5015 2065 5072 concordare
2106 5015 2446 5071 manifestum
2475 5024 2576 5072 eet.
2627 5016 2767 5086 Ergo
2807 5016 3006 5072 cretico
3028 5026 3083 5074 et
3107 5020 3305 5088 ρωοηί-
3336 5003 3381 5084 ί

8 5095 12 5148 ἰ
109 5089 184 5142 iSIa
208 5101 568 5155 numerositate
598 5102 806 5172 penitus
830 5104 1308 5173 ejiciebamus,ltae
1331 5089 1634 5168 conditione
1739 5107 1838 5162 bus
1872 5107 2043 5177 1)τὶωο
2083 5115 2136 5160 ει
2180 5115 2373 5176 quarto
2401 5147 2415 5172 ν
2449 5107 2695 5176 quoniam
2737 5114 2793 5163 εί
2832 5123 2862 5161 ³
2916 5107 3122 5165 (limbus
3173 5117 3228 5164 θῑ
3272 5124 3304 5163 ³
3334 5093 3386 5154 Ψ·

110 5180 354 5278 ξιιῑεαηιιιι·
377 5190 631 5258 spondeo,
659 5191 889 5263 dactylo.
937 5203 986 5248 et
1014 5206 1302 5265 anapaesto,
1347 5200 1428 5256 vel
1455 5217 1549 5271 per
1574 5218 1634 5259 se
1741 5199 1909 5253 tribus
1955 5197 2283 5267 temporibus
2307 5211 2490 5252 eorum
2517 5196 2750 5267 incipere
2767 5196 2954 5252 divisio
2984 5206 3173 5268 potest,
3196 5211 3300 5250 ete-
3323 5185 3351 5325 ἒ

111 5284 200 5325 Ιῐιθο
239 5293 568 5325 numer-neum
595 5285 615 5314 ²
645 5283 836 5325 ΩΙίηηίιΙ
873 5287 922 5325 in
957 5289 1150 5325 Inttginq
1178 5292 1509 5325 nnntinnnsno
1554 5295 1612 5325 ΑΙ
1741 5288 1836 5325 ποιιί
1879 5303 2071 5325 ηπηιοα
2111 5288 2329 5325 ηιιίηιιηὶ
2365 5295 2664 5325 lemma-nm
2720 5288 2881 5325 nudae
2918 5295 3132 5325 mccnnl
3188 5287 3304 5325 εει-Δ

111 5284 200 5359 Ipse
239 5285 615 5336 numerosum’
644 5283 836 5353 aliquid
873 5287 922 5340 in
957 5289 1151 5343 musica
1178 5292 1512 5348 continuatus
1553 5295 1634 5351 ef-
1741 5288 1839 5344 teri
1879 5303 2072 5344 omnes
2111 5288 2330 5359 quinum
2365 5295 2664 5358 temporum
2720 5288 2882 5357 pedes
2918 5295 3137 5359 possunt
3188 5287 3304 5342 sine

111 5357 263 5452 litim?
283 5367 453 5425 Potest
482 5374 622 5426 enim
654 5374 806 5427 simili
836 5377 1037 5433 ratione
1053 5379 1221 5434 media
1247 5397 1456 5452 quoque
1485 5385 1634 5452 pedis
1740 5379 1848 5433 Ilua
1871 5357 2257 5434 Clavdicatvione
2284 5357 2541 5447 Copulal'i-
2567 5377 2682 5432 ’3'"
2712 5357 3027 5444 ίηοτυηι-(Ιηί
3055 5388 3142 5427 50"
3165 5381 3302 5430 ten“

109 5450 202 5516 eius
230 5457 435 5526 syllaba,
465 5479 584 5533 qua:
612 5465 764 5534 longa
811 5475 912 5532 est,
956 5469 1142 5536 plausu
1177 5450 1339 5526 dividi
1357 5450 1385 5536 ;_
1426 5450 1635 5530 ut—cum
1747 5471 1962 5540 poribus
1990 5479 2252 5536 constant,
2277 5469 2517 5524 omnium
2549 5469 2686 5523 inter
2726 5481 2784 5521 se
2813 5470 2996 5519 miram
3021 5462 3303 5533 quamdam

159 5600 240 5689 LI?
260 5609 336 5689 BL,
356 5615 436 5658 aut
457 5623 476 5669 ;
496 5612 680 5661 rectius
693 5625 802 5662 cum
821 5620 894 5663 Er.
908 5617 1050 5680 Lugd.
1069 5627 1185 5668 ven.
1205 5626 1312 5669 ων.
1345 5628 1398 5670 et
1430 5628 1537 5673 Mss.
1562 5633 1636 5687 A.,
1805 5628 1822 5661 ι
1847 5633 1897 5676 ιιι
1917 5627 2056 5689 prius
2070 5626 2215 5676 editis
2251 5625 2485 5689 ouaittitur
2813 5628 2977 5689 rogem
3009 5615 3309 5689 reﬁgitttinius

205 5675 261 5748 ᾗ,
278 5672 356 5748 5;
398 5745 407 5748 _
461 5739 498 5748 ,,
536 5739 585 5748 ,ί
700 5734 729 5748 ,,
954 5672 1020 5748 ξ,
1172 5741 1185 5748 ,
1234 5743 1244 5748 _
1507 5672 1514 5673 ί
1620 5672 1636 5687 ’
1743 5672 2788 5748 exﬁesﬁ'nFcntufex'iﬁémpiulo'inlra,
2831 5672 3187 5748 furerem
3217 5677 3305 5729 de-

193 5725 410 5790 ﬂetus;
455 5739 505 5783 at
536 5739 643 5783 Iov.
670 5734 874 5799 aliteque
907 5739 1142 5790 editiones
1172 5741 1384 5804 habent,
1417 5758 1637 5798 mtmero-
1970 5725 2808 5808 ialﬁThEFérﬁiW
2832 5725 3045 5808 ἀθλία-ἥι-

105 5789 187 5831 -ι
398 5789 403 5790 ί
795 5789 806 5799 ·
1743 5789 3154 5868 “Tt;stitissﬁausssuustatuentes.
3212 5803 3273 5848 κ.
