3804 6394
611 590 780 651 Nunc
804 583 1069 644 dubitabit
1111 581 1276 657 priori
1316 593 1437 639 esse
1472 576 1726 636 dandum.
1773 575 1853 632 Ι.
1884 576 2018 644 Quid
2059 590 2187 645 ergo

611 683 825 742 dubitas
844 680 912 736 de
937 678 1037 735 hac
1060 691 1119 732 re
1141 674 1416 732 consultus
1441 669 1763 742 respondere
1781 709 1796 731 ,
1828 666 2187 740 pyrrhichium

614 780 791 855 potius
816 789 978 848 quam
1014 768 1513 844 proceleumaticum
1541 761 2040 843 istum.rbytbmum
2069 774 2188 855 esse

614 850 1057 940 nuncupandum?
1084 862 1156 918 υ.
1197 861 1315 917 .lam
1351 858 1568 915 omnino
1614 870 1718 910 non
1763 853 1949 908 dubito
1979 867 1992 906 :
2024 850 2186 920 pudet

610 971 719 1017 tam
763 957 1097 1015 manifestam
1137 952 1396 1009 rationem
1439 962 1545 1005 non
1594 961 1680 1001 me
1721 945 1828 1001 cito
1855 943 2187 999 animadver-

609 1054 757 1109 tisse.

852 1136 1081 1197 CAPUT
1118 1134 1208 1192 Π.
1234 1161 1305 1178 -ι
1331 1130 1624 1204 Rhymmus
1652 1129 1934 1183 continuus.

678 1236 734 1291 7.
760 1231 840 1288 Π.
865 1229 1100 1287 Videsne
1128 1226 1254 1284 illud
1278 1226 1436 1281 etiam
1465 1227 1561 1277 ista
1585 1223 1786 1276 ratione
1811 1223 1948 1289 cogi,
1981 1227 2037 1275 ut
2065 1220 2184 1289 qni-

609 1326 729 1383 dam
777 1323 942 1397 pedes
968 1323 1095 1381 sint,
1126 1319 1216 1389 qui
1250 1316 1553 1387 rhythmum
1582 1314 1891 1369 continuare
1921 1328 2027 1368 non
2065 1327 2186 1381 pos-

608 1418 750 1475 sint?
778 1416 908 1472 Nam
935 1412 1074 1483 quod
1101 1410 1169 1466 de
1197 1407 1637 1479 proceleumatico
1676 1406 1942 1459 inventum
1974 1413 2074 1467 est,
2098 1403 2185 1458 cui

610 1510 748 1565 tollit
791 1502 1127 1577 pyrrhichius
1166 1498 1536 1570 principatum,
1569 1496 1671 1550 hoc
1694 1504 1748 1550 et
1775 1495 1841 1549 de
1874 1495 2107 1549 diiambo
2130 1502 2186 1549 et

609 1602 677 1657 de
701 1596 941 1655 dichorio
962 1605 1017 1650 et
1044 1593 1109 1648 de
1135 1590 1426 1661 dispondeo
1454 1589 1721 1644 inventum
1764 1596 1890 1655 puto
1922 1604 1934 1640 :
1964 1586 2061 1640 nisi
2092 1586 2183 1639 tibi

610 1690 755 1747 aliud
792 1688 1021 1743 videtur.
1050 1684 1117 1737 D.
1144 1681 1279 1749 Quid
1306 1680 1431 1734 mihi
1458 1679 1598 1733 aliud
1632 1678 1792 1731 videri
1825 1685 2033 1747 potest,
2062 1690 2184 1728 cum

611 1782 830 1853 probata
856 1778 941 1833 illa
973 1777 1175 1832 ratione
1202 1773 1301 1827 hoc
1324 1771 1461 1842 quod
1489 1770 1727 1839 sequitur
1755 1767 2053 1837 improbare
2077 1782 2183 1821 non

611 1869 850 1943 possim?
882 1867 950 1922 Μ.
982 1866 1113 1921 Vide
1140 1864 1300 1920 etiam
1332 1862 1450 1923 ista,
1497 1869 1552 1915 et
1593 1873 1842 1927 compara
1886 1872 1949 1912 ac
1983 1858 2180 1927 judica.

610 1960 738 2021 Nam
764 1959 993 2022 videtur,
1020 1972 1139 2011 cum
1172 1955 1275 2008 tale
1304 1953 1557 2007 incertum
1584 1949 1784 2013 evenit,
1806 1949 1987 2017 plausu
2013 1948 2185 2016 potius

608 2053 806 2109 debere
830 2047 1059 2104 discerni
1092 2046 1108 2078 ί
1140 2058 1246 2115 quo
1268 2043 1399 2113 pede
1418 2049 1659 2096 curratur
1688 2056 1700 2089 :
1733 2048 1788 2091 ut
1813 2039 1855 2091 si
1879 2037 2183 2109 pyrrlnehio

610 2144 740 2199 velis
780 2153 1015 2199 currere,
1061 2150 1222 2189 unum
1276 2134 1366 2187 tibi
1423 2140 1630 2199 tempus
1673 2129 1990 2190 levandum,
2023 2143 2183 2181 unum

608 2233 908 2307 ponendum
939 2230 1040 2294 sit;
1066 2228 1112 2284 si
1141 2224 1601 2296 proceleumatico,
1637 2221 1743 2275 duo
1782 2230 1835 2275 et
1860 2220 1965 2273 duo
1992 2237 2006 2273 :
2038 2221 2103 2271 ita
2132 2210 2214 2273 ρι’

607 2340 702 2398 pes
745 2320 1038 2391 apparebit,
1080 2328 1129 2373 et
1161 2316 1334 2370 nullus
1367 2313 1555 2383 pedum
1582 2311 1731 2367 erita
1763 2308 1994 2379 rhythmi
2015 2310 2187 2361 couti-

607 2416 859 2472 nuatione
901 2412 1155 2467 seclusus.
1186 2407 1250 2461 Β.
1298 2409 1426 2462 liuic
1467 2406 1633 2475 magis
1682 2404 1831 2457 faveo
1865 2402 2181 2467 sententize,

608 2522 726 2580 quae
748 2506 948 2560 nullum
968 2503 1154 2573 pedem
1175 2501 1241 2555 ab
1268 2499 1367 2554 ltac
1390 2496 1724 2552 contextione
1754 2510 1872 2549 esse
1896 2496 2184 2549 immunem

608 2598 755 2653 sinit.
788 2594 865 2649 Μ.
899 2594 1065 2649 Recte
1094 2592 1243 2656 facis,
1284 2600 1337 2644 et
1382 2605 1487 2659 quo
1533 2588 1697 2658 magis
1740 2587 1840 2639 hoc
1880 2586 2141 2655 approbes
2166 2629 2182 2653 ,

607 2686 884 2742 considera
900 2683 967 2738 de
984 2682 1250 2737 tribracho
1270 2680 1401 2750 pede
1417 2679 1544 2750 quid
1565 2678 1884 2747 reSpoudere
1899 2679 2181 2747 possimus,

609 2778 653 2831 si
684 2776 1025 2831 nihilominus
1064 2774 1286 2842 quisque
1322 2770 1608 2825 contendat
1634 2784 1737 2823 non
1768 2767 2071 2839 pyrrhichio
2096 2778 2187 2823 aut

609 2864 1052 2939 proceleumatico
1083 2864 1239 2918 istum
1270 2861 1597 2933 rhythmum,
1641 2861 1733 2915 sed
1777 2862 2041 2915 tribracho
2064 2875 2184 2915 cur-

608 2973 745 3013 rere.
781 2954 844 3009 D.
878 2954 1043 3010 Video
1065 2952 1319 3023 judicium
1350 2952 1415 3005 ad
1445 2951 1682 3021 plausum
1716 2951 1859 3005 illum
1888 2966 2006 3006 esse
2027 2968 2183 3004 revo-

607 3048 855 3109 candum,
888 3055 947 3100 ut
983 3047 1027 3099 si
1068 3061 1231 3099 unum
1270 3052 1478 3113 tempus
1502 3052 1585 3098 est
1614 3044 1663 3097 in
1694 3043 1974 3108 levatione,
2000 3044 2107 3098 duo
2131 3045 2183 3098 iu

612 3142 892 3209 positione,
916 3138 966 3193 id
989 3145 1088 3199 est.
1109 3152 1209 3191 una
1240 3143 1294 3191 et
1319 3136 1437 3191 dua;
1466 3136 1716 3207 syllab.e;
1746 3145 1836 3189 aut
1859 3145 2038 3189 contra
2066 3136 2186 3190 dua:

609 3233 665 3288 in
696 3233 998 3295 levatione,
1025 3244 1128 3284 una
1156 3231 1209 3283 in
1238 3228 1531 3298 positione;
1573 3227 1870 3282 tribrachus
1906 3228 2186 3298 rhythmos

607 3340 729 3381 esse
751 3326 975 3379 dicatur.

678 3413 733 3469 8.
762 3411 841 3466 Μ.
875 3411 1038 3466 Recte
1080 3408 1348 3480 intelligis.
1382 3408 1735 3478 Quamobrem
1779 3409 1887 3479 jam
1934 3409 2020 3464 dic
2056 3410 2184 3465 mihi

617 3489 792 3561 utrum
844 3503 1111 3573 spondeus
1149 3516 1243 3573 pes
1282 3501 1585 3573 pyrrhichio
1622 3502 1868 3574 rhythmo
1909 3504 2072 3571 possit
2094 3504 2183 3558 ad-

617 3596 785 3667 jungi.
819 3595 866 3649 ι)
913 3594 1068 3651 Nullo
1093 3593 1251 3649 modo
1278 3611 1293 3647 :
1323 3609 1425 3648 non
1453 3595 1594 3649 enim
1620 3595 2008 3649 eoutinuabitur
2034 3596 2183 3661 plau—

616 3705 710 3744 sus
735 3689 984 3759 aqualis;
1014 3702 1134 3742 cum
1164 3686 1354 3742 levatio
1379 3696 1433 3741 et
1457 3688 1647 3757 positio
1676 3688 1725 3741 in
1755 3686 2054 3757 pyrrhichio
2079 3687 2188 3741 sin-

612 3781 757 3850 gula,
780 3780 830 3832 iu
852 3777 1088 3844 Spondeo
1109 3791 1237 3831 vero
1254 3777 1373 3831 bina
1397 3786 1631 3847 tempora
1651 3788 1880 3832 teneant.
1901 3776 1977 3830 Μ.
2009 3778 2186 3832 Potest

611 3887 741 3941 ergo
768 3868 1207 3940 proceleumatico
1225 3867 1457 3938 adjungi.
1480 3867 1546 3921 ι).
1576 3869 1773 3923 Potest.
1804 3868 1880 3922 Μ.
1913 3868 2046 3935 Quid
2065 3885 2185 3924 cum

608 3962 659 4017 ei
703 3960 1039 4031 adjuugitur?
1092 3960 1395 4029 interrogati
1445 3968 1618 4013 utrum
1679 3959 1957 4031 rhythmos
2004 3975 2186 4027 proce-

611 4052 925 4109 leumaticus
951 4068 1017 4105 an
1048 4051 1362 4120 spondiaeus
1404 4051 1502 4115 sit,
1544 4051 1671 4121 quid
1702 4052 2186 4121 respondebimus?

609 4148 680 4205 D.
708 4148 842 4218 Quid
867 4163 1077 4208 censes.
1108 4148 1207 4202 nisi
1238 4147 1474 4217 Spondeo
1501 4147 1731 4202 dandum
1761 4163 1879 4204 esse
1919 4149 2184 4218 principa-

611 4245 760 4298 tum?
788 4244 917 4297 Cum
949 4242 1089 4297 enim
1118 4243 1301 4309 plausu
1342 4242 1440 4295 ista
1478 4244 1833 4298 controversia
1865 4257 1966 4297 non
1994 4243 2186 4311 dijudi-

611 4346 783 4397 cetur,
804 4347 928 4387 nam
959 4332 1010 4386 iu
1039 4342 1260 4401 utroque
1289 4332 1407 4386 bina
1434 4331 1671 4387 levamus
1694 4347 1758 4387 ac
1784 4334 2028 4400 pooimns
2054 4343 2187 4388 tem-

613 4439 777 4496 pora;
808 4423 933 4494 quid
957 4422 1098 4478 aliud
1128 4430 1310 4486 restat,
1346 4422 1445 4477 nisi
1473 4432 1529 4476 ut
1555 4424 1642 4477 i'le
1679 4435 1858 4494 regnet
1884 4425 1971 4494 qui
1997 4426 2046 4477 io
2068 4424 2185 4493 ipso

614 4514 804 4584 pedum
832 4513 1018 4568 ordine
1045 4513 1189 4583 prior
1205 4521 1286 4567 est
1300 4512 1324 4567 ἲ
1338 4510 1418 4566 Η.
1439 4512 1713 4568 Rationem
1738 4523 1789 4568 te
1809 4525 2045 4569 secutum
2066 4532 2185 4571 esse

618 4606 749 4660 satis
774 4603 1045 4674 approbo;
1076 4613 1131 4658 et
1157 4603 1323 4667 vides,
1366 4612 1422 4658 ut
1458 4604 1705 4668 arbitror,
1743 4605 1869 4674 quid
1910 4617 2181 4677 sequatur.

614 4693 677 4747 D,
703 4693 840 4760 Quid
869 4693 1121 4748 tandem?
1145 4693 1219 4749 Μ.
1242 4694 1376 4762 Quid
1414 4704 1586 4764 putas,
1614 4695 1713 4752 nisi
1744 4697 2185 4765 proceleumatico

609 4784 857 4855 rhythmo
871 4788 891 4819 ’
907 4785 1107 4840 nullum
1128 4788 1287 4842 alium
1311 4788 1494 4857 pedem
1506 4804 1665 4861 posse
1682 4791 1922 4845 misceri?
1937 4793 2182 4860 quoniam

613 4874 851 4945 quisquis
891 4878 1194 4933 miscebitur
1237 4879 1452 4933 totidem
1507 4888 1842 4949 temporum,
1889 4896 1995 4935 non
2042 4883 2182 4938 enim

612 4963 767 5018 aliter
792 4973 962 5033 potest
988 4966 1230 5033 misceri,
1258 4968 1308 5021 in
1333 4984 1452 5023 eum
1480 4970 1711 5041 rhythmi
1738 4987 1932 5027 nomen
1961 4972 2185 5028 transfe-

612 5063 760 5110 ratur
791 5068 1006 5109 necesse
1031 5066 1131 5112 est.
1158 5058 1357 5114 Omnes
1386 5061 1524 5115 enim
1554 5062 1757 5130 priores
1794 5062 1884 5117 illo
1920 5072 2065 5131 sunt,
2095 5064 2184 5135 qui

613 5143 831 5203 totidem
853 5145 1178 5216 temporibus
1197 5158 1459 5204 constant.
1490 5150 1555 5204 Et
1578 5153 1826 5220 quoniam
1848 5154 1911 5209 iis
1934 5154 2021 5223 qui
2045 5154 2186 5225 prio-

619 5248 707 5292 res
737 5235 937 5291 inventi
969 5234 1199 5303 fuerint,
1241 5240 1386 5308 cogit
1429 5254 1529 5294 nos
1578 5242 1743 5307 ratio,
1806 5260 1961 5313 quam
2005 5246 2181 5302 vidisti

613 5325 968 5397 principatum
993 5326 1143 5393 dare,
1170 5327 1220 5381 id
1240 5336 1343 5392 est,
1370 5346 1433 5384 ex
1449 5346 1516 5385 eo
1530 5331 1833 5403 rhythmum
1852 5352 2180 5408 nuncupare;

612 5434 720 5477 non
749 5417 851 5473 erit
886 5416 996 5487 jam
1027 5418 1500 5487 proceleumaticus
1543 5421 1839 5493 rhythmos,
1870 5427 2047 5496 aliquo
2081 5432 2185 5487 alio

670 5526 692 5563 ἶ
1098 5534 1181 5592 Is,
1199 5537 1249 5592 Α.
1304 5536 1361 5581 Ι.

614 5588 1896 5668 ῑέβξὲέ,οξιίξ¹ζρξξ4ριξενιίξίφπξρνοεειενυηωίοοηιιφη
1910 5606 2188 5668 muenia

608 5650 830 5724 ahytlmto
846 5650 882 5702 7:
908 5650 1132 5724 eoirupte
1155 5650 1400 5724 profecto;
1428 5669 1534 5706 nam
1561 5670 1709 5724 cu'uy
1727 5650 2188 5724 humidior-Tu;

608 5711 734 5783 glios
749 5714 985 5783 procedat
1011 5711 1169 5776 pedes
1178 5750 1192 5775 ,
1204 5718 1271 5783 A'ei
1285 5711 2003 5783 maleAaccommodareturrafi'o
2019 5711 2187 5782 3326:

617 5774 802 5881 2312330
815 5774 1062 5881 |subjecta,
1077 5774 1186 5840 quze
1201 5779 1250 5828 in
1264 5779 1719 5843 proceleumaticmn
1733 5774 2186 5845 convenientis-sime

1772 463 1859 521 DE
1897 461 2171 531 Ml’SlCA,
2211 460 2270 518 s.
2310 463 2673 522 AUGUSTI)"
3220 428 3223 429 ί
3677 490 3766 551 με(

2291 586 2518 645 quatuor
2551 586 2846 649 temporum
2875 582 3040 639 mixto
3057 627 3072 651 ,
3103 586 3196 644 sed
3220 590 3518 660 spondiacus
3539 610 3619 653 aut
3639 602 3766 663 datu.

2294 666 2424 722 licus
2452 678 2544 724 aut
2574 674 2940 741 anapaasticus.
2987 678 3422 747 Ampltibrachum
3456 687 3581 742 enim
3602 691 3656 745 ab
3679 666 3766 750 is“;

2293 771 2413 812 rum
2475 761 2807 829 copulatione
2852 780 3189 823 numerorum
3247 781 3384 828 recte
3428 789 3653 835 remotum
3684 801 3766 847 esse

2290 851 2555 906 convenit.
2586 853 2649 908 ι).
2681 853 2871 911 Fateor
2899 856 2969 913 ita
2996 873 3136 915 esse.

2361 941 2414 997 9.
2468 943 2542 997 Μ.
2580 944 2729 1002 Nunc
2763 963 2889 1017 ergo
2925 966 2989 1005 ex
3036 952 3221 1008 ordine
3259 955 3520 1013 considera
3547 959 3765 1021 iambicum

2291 1032 2601 1105 rhythmum
2622 1076 2638 1103 ,
2668 1040 2916 1108 quoniam
2966 1042 3320 1111 pyrrhichium
3362 1056 3414 1101 et
3446 1051 3766 1117 proceleunnti.

2289 1139 2432 1188 cum,
2461 1128 2550 1197 qui
2578 1126 2842 1198 duplicato
2871 1132 3172 1200 pyrrhichio
3196 1134 3448 1205 gignitur,
3490 1140 3601 1194 satis
3620 1134 3765 1197 dist-us}

2293 1216 2479 1272 simus.
2531 1218 2705 1287 Quare
2731 1220 2878 1275 dicas
2921 1223 3075 1277 velint
3120 1211 3243 1280 huic
3270 1243 3420 1295 quem
3456 1245 3619 1286 censes
3650 1236 3765 1289 adrui.

2290 1310 2545 1365 scendum
2578 1318 2786 1381 pedem,
2811 1324 2866 1368 ut
2890 1315 3144 1371 iambicos
3172 1318 3440 1389 rhythmos
3462 1338 3595 1379 suum
3627 1343 3765 1383 nomen.

2288 1403 2546 1458 obtineat.
2569 1403 2635 1459 ὓ.
2658 1406 2846 1473 Quem,
2868 1408 2967 1462 nisi
2992 1410 3333 1479 tribrachum,
3351 1416 3436 1484 qui
3456 1425 3505 1469 et
3522 1423 3765 1487 temporibus

2288 1504 2341 1550 et
2369 1497 2551 1567 plausu
2577 1501 2847 1567 congruit;
2879 1512 2933 1557 et
2960 1503 3081 1574 quia
3110 1506 3368 1573 posterior
3394 1516 3469 1561 est
3486 1551 3500 1573 ,
3527 1526 3658 1580 regno
3685 1516 3765 1581 pol-

2289 1587 2398 1641 lere
2425 1604 2528 1642 non
2561 1591 2767 1657 potest?
2797 1591 2925 1647 Nam
2967 1593 3185 1650 chorios
3212 1608 3289 1650 est
3319 1600 3514 1666 quidem
3555 1609 3760 1670 psterior,

2288 1686 2344 1732 et
2369 1680 2583 1732 totidem
2616 1691 2935 1753 letnporutn,
2967 1687 3058 1739 sed
3108 1703 3212 1741 non
3238 1690 3419 1744 eodem
3463 1693 3765 1762 mod0plautliu

2290 1778 2393 1823 tur.
2424 1769 2498 1823 Μ.
2533 1772 2642 1840 Age
2661 1814 2675 1835 ,
2702 1774 2809 1840 jam
2843 1775 2965 1830 vide
2994 1778 3302 1847 rhythmum
3332 1781 3635 1847 trochaicum,
3656 1798 3692 1837 et
3714 1787 3759 1839 ad

2287 1859 2470 1914 eadem
2498 1860 2564 1914 de
2594 1861 2695 1916 hoc
2720 1878 2928 1933 quoque
2956 1869 3237 1936 responde.
3265 1868 3327 1923 υ.
3358 1870 3487 1926 Idem
3517 1875 3758 1942 rrspOndeo:

2291 1967 2411 2005 nam
2444 1964 2614 2022 potest
2651 1966 2703 2009 et
2749 1956 2873 2011 huic
2902 1974 3004 2012 non
3035 1961 3208 2013 solum
3237 1962 3402 2031 spatio
3430 1966 3663 2033 temporis,
3696 1967 3765 2041 sed;

2290 2041 2473 2109 plausu
2500 2045 2658 2098 etiam
2686 2048 2969 2102 concinere
2998 2050 3318 2104 tribracbus.
3351 2054 3614 2107 Cavendum
3636 2066 3755 2109 autem

2292 2129 2520 2185 iambum
2546 2135 2664 2203 quis
2694 2152 2796 2189 tt0u
2816 2138 3024 2193 videat?
3055 2142 3142 2209 qtti
3170 2142 3325 2196 etiam
3346 2144 3386 2196 si
3412 2144 3765 2219 arqualiterplau-y

2287 2220 2521 2284 deretur,
2546 2226 2892 2294 principatum
2915 2240 3090 2284 tamen
3113 2232 3307 2285 mixtus
3323 2232 3548 2288 auferret.
3568 2234 3627 2288 ll.
3641 2236 3765 2302 Quid!

2288 2314 2575 2383 spondiaCo
2624 2318 2875 2389 rhythmo
2904 2337 3059 2390 quem
3104 2320 3315 2379 tandem
3361 2325 3661 2392 copulabitum
3694 2308 3765 2394 pe.

2288 2402 2407 2457 dem
2428 2406 2452 2458 ?
2473 2405 2536 2458 ο.
2565 2407 2701 2462 Sane
2731 2410 2779 2463 ιιι
2800 2410 2899 2466 hoc
2917 2412 3210 2480 largissima
3227 2416 3375 2484 copia
3399 2423 3474 2469 est
3499 2430 3621 2469 :nam
3639 2426 3674 2469 et
3690 2417 3765 2481 dan

2287 2498 2486 2566 etylum
2520 2508 2572 2552 et
2597 2512 2921 2569 anapaestum
2965 2514 3018 2557 et
3047 2506 3525 2573 proceleumaticum
3562 2508 3665 2562 nulla
3687 2508 3765 2563 illl'i

2290 2588 2548 2655 parilitate
2602 2601 2930 2662 temporum,
2976 2597 3123 2650 nulla
3173 2598 3531 2652 claudicatione
3575 2600 3765 2669 plausum

2290 2679 2426 2732 nulla
2460 2680 2781 2752 principatus
2816 2686 3158 2756 ademptione
3188 2688 3505 2757 impediente,
3533 2687 3629 2742 huic
3650 2682 3765 2755 video;

2289 2788 2496 2827 misceri
2530 2789 2699 2840 posse.

2361 2864 2445 2918 l0.
2480 2864 2554 2917 Μ.
2607 2866 2769 2919 Video
2810 2866 2918 2935 jam
2961 2876 3013 2922 te
3060 2867 3217 2923 facile
3255 2883 3400 2938 posse
3434 2878 3589 2924 caetera
3624 2868 3765 2929 ordine;

2291 2954 2537 3022 persequi
2574 2972 2586 3006 :
2630 2954 2872 3022 quocirCa
2920 2965 3127 3011 remota
3158 2960 3532 3028 interrogatione
3563 2973 3665 3021 mea,
3697 2957 3765 3017 rei;

2290 3043 2465 3113 potius
2506 3055 2753 3113 tauquam
2797 3045 2862 3099 de
2900 3048 3154 3101 omnibus
3209 3049 3524 3118 interrogatus
3559 3046 3765 3119 respondej

2290 3136 2536 3201 breviter,
2579 3137 2913 3208 dilucideque
2954 3152 3212 3207 quantum
3258 3138 3651 3209 potes,quomodo
3670 3139 3765 3219 siu-i

2287 3231 2394 3301 guli
2432 3232 2520 3299 qui
2553 3240 2754 3285 reStant
2782 3231 2965 3299 pedes,
3002 3233 3126 3287 aliis
3167 3235 3393 3303 legitime
3415 3232 3624 3290 immixtis.
3647 3229 3765 3283 obliu

2291 3330 2450 3373 neaut
2479 3335 2631 3373 suunt
2660 3335 2856 3374 nomen
2888 3321 2939 3373 in
2969 3321 3243 3392 rhythmo.
3292 3322 3356 3376 D.
3387 3322 3556 3377 Faciam
3581 3339 3592 3371 :
3627 3334 3765 3387 neque.

2288 3412 2430 3465 enim
2453 3411 2609 3465 ullius
2631 3412 2825 3481 negotii
2856 3422 2958 3476 est,
2984 3422 3129 3467 tanta
3154 3415 3405 3468 rationum
3419 3415 3514 3468 luce
3534 3411 3765 3481 ιιπιτιιιίεςιιπ

2288 3502 2418 3555 Nam
2450 3502 2717 3557 tribmclto
2749 3504 2922 3557 nullus
2950 3503 3296 3567 miscebitur;
3324 3519 3489 3559 omnes
3511 3503 3620 3557 enim
3645 3502 3741 3568 [ιι-ιο·
3764 3534 3765 3567 ι

2289 3610 2377 3650 res
2404 3605 2545 3661 sunt,
2576 3596 2663 3664 qui
2694 3596 2740 3649 ei
2771 3603 2897 3649 sunt
2921 3596 3253 3665 temporibus
3281 3611 3438 3666 pares.
3467 3594 3636 3662 Dactylo
3658 3606 3765 3667 ana-1

2290 3696 2488 3755 paestus
2518 3694 2717 3755 potest;
2747 3702 2865 3739 nam
2896 3695 2950 3740 et
2986 3696 3070 3740 est
3101 3688 3371 3756 posterior,
3400 3696 3445 3741 et
3474 3686 3485 3716 ί
3514 3688 3765 3751 temporum

2290 3778 2473 3848 plausu
2510 3779 2675 3832 currit
2703 3777 2977 3845 aequaliter
3005 3797 3018 3832 :
3053 3783 3261 3850 utrique
3288 3787 3448 3831 autem
3486 3772 3765 3845 praelautus-1

2289 3868 2425 3921 ticus
2451 3868 2635 3921 eadem
2686 3868 2890 3923 scilicet
2930 3869 3134 3923 ratione
3166 3869 3444 3939 copulatur.
3481 3854 3765 3919 Jambacchioi

2288 3957 2534 4023 creticus,
2565 3966 2617 4011 et
2661 3956 2729 4011 de
2760 3959 3030 4026 paeonibus
3076 3960 3305 4029 primus,
3342 3955 3567 4012 secundus
3588 3962 3765 4027 etquae;

2290 4058 2373 4103 tus
2415 4048 2624 4102 misceri
2664 4060 2901 4118 possunt.
2954 4050 3122 4104 Porro
3150 4052 3247 4120 ipsi
3282 4052 3657 4114 cretico,omnes
3682 4038 3739 4107 ιιυί

2289 4140 2567 4209 pastillum
2589 4148 2710 4193 sunt
2732 4140 2964 4210 quinque
2998 4150 3295 4211 temporum
3318 4139 3461 4209 pedes
3476 4139 3572 4204 jure
3587 4133 3740 4186 misren—

2289 4239 2393 4296 tur,
2424 4230 2516 4286 sed
2547 4247 2651 4284 non
2678 4247 2864 4286 oumes
2889 4232 3075 4287 eadem
3102 4234 3374 4287 divisione.
3400 4231 3490 4286 Alii
3515 4240 3681 4293 namque
3698 4220 3741 4273 ad

2290 4322 2395 4376 duo
2420 4335 2472 4377 et
2504 4325 2622 4389 tria,
2669 4324 2757 4377 alii
2786 4325 2851 4377 ad
2883 4325 2980 4378 tria
3019 4335 3072 4380 et
3097 4327 3204 4379 duo
3251 4337 3468 4394 tempora
3507 4318 3736 4375 dividuntur.

2290 4413 2395 4469 Iste
2422 4427 2595 4469 autem
2622 4415 2848 4468 creticus
2878 4424 3100 4485 utroque
3128 4416 3283 4469 modo
3310 4414 3457 4470 dividi
3493 4417 3639 4479 potest.
3659 4401 3740 4470 quia

2291 4504 2461 4557 media
2512 4504 2685 4558 brevis
2711 4504 2927 4560 cuilibet
2967 4507 3099 4573 parti
3142 4506 3394 4560 tribuitur.
3428 4493 3739 4556 Palimbacchius

2289 4603 2465 4646 autem
2489 4634 2502 4656 ,
2536 4594 2653 4662 quia
2684 4593 2799 4663 ejus
2826 4595 3017 4648 divisio
3042 4610 3070 4648 a
3122 4595 3323 4650 duobus
3366 4587 3633 4660 temporibus
3653 4577 3733 4635 inci.

2289 4683 2459 4752 piens,
2489 4684 2540 4737 in
2568 4684 2667 4737 tria
2695 4684 2909 4745 desinit.
2941 4698 3208 4755 eungruos
3252 4693 3305 4739 et
3339 4678 3613 4751 copulabiles
3636 4669 3737 4724 11³⁸³⁸³

2290 4788 2501 4842 ριιτοιιθε
2547 4788 2753 4839 omnes,
2804 4785 2998 4843 praeter
3027 4774 3330 4830 secundum.
3377 4755 3733 4827 MolossttSdCl'i‘

2287 4864 2504 4933 syllabis
2540 4872 2725 4929 restat,
2758 4880 2788 4918 a
2813 4879 2919 4935 quo
2948 4866 3118 4935 primo
3146 4866 3391 4934 incipiunt
3426 4876 3506 4915 sex
3526 4857 3735 4923 tervp‘tNI‘

2290 4954 2473 5024 pedes,
2521 4955 2608 5022 qui
2643 4969 2831 5009 omnes
2876 4955 3048 5009 eidem
3088 4954 3328 5025 conjungi
3372 4956 3574 5022 possunt,
3610 4936 3735 5010 ιηηίιι

2289 5053 2507 5115 propter
2557 5044 2731 5113 simpli
2785 5043 3034 5113 duplique
3081 5046 3361 5105 rationem;
3399 5042 3560 5109 partim
3591 5034 3736 5101 μωρία

2290 5135 2432 5189 illam
2459 5151 2615 5205 quam
2638 5136 2789 5191 nobis
2820 5137 3030 5204 plausus
3049 5134 3294 5196 ostendit,
3317 5130 3601 5202 partitionem
3620 5119 3734 5215 Ιοιιξῒ

2290 5230 2528 5301 syllabze,
2560 5246 2677 5300 qua:
2704 5230 2903 5301 singula
2934 5241 3163 5300 tempora
3195 5227 3320 5298 parti
3346 5224 3529 5291 utrique
3548 5205 3728 5271 σοιιωάίίν

2290 5320 2410 5392 quia
2442 5321 2491 5374 in
2542 5318 2751 5374 senario
2798 5335 3019 5374 numero
3066 5335 3156 5390 par
3197 5316 3429 5371 lateribus
3466 5301 3727 5363 mcdinmﬁl‘

2292 5410 2373 5466 Οἳ)
2392 5425 2550 5480 quam
2577 5425 2789 5464 causam
2817 5418 2872 5464 et
2895 5412 3173 5473 molossus,
3202 5416 3253 5461 et
3277 5404 3420 5458 ambo
3435 5395 3566 5455 ionici
3587 5394 3728 5446 ιιοιηθ⁸

2293 5502 2400 5556 lum
2434 5503 2485 5556 in
2515 5502 2761 5571 simplum
2789 5510 2843 5556 et
2865 5501 3103 5570 duplum,
3131 5497 3220 5553 sed
3256 5496 3399 5551 etiam
3423 5492 3468 5544 in
3491 5486 3727 5578 W9?"

2294 5603 2373 5648 tes
2400 5609 2494 5662 per
2511 5569 2656 5647 terna
2679 5603 2911 5662 tempora
2933 5569 3201 5648 ierinntur.
3224 5590 3345 5644 Hinc
3357 5583 3550 5639 efficitur
3565 5584 3608 5628 ut

2297 5699 2421 5754 ceps
2450 5685 2695 5739 omnibus
2714 5700 2806 5739 sex
2838 5694 3127 5753 temporum
3158 5680 3378 5752 pedibus,
3398 5683 3556 5727 omnes
3578 5657 3727 5719 totidl‘m

2356 5801 2513 5869 una-
2545 5802 2594 5845 ει
2621 5796 3029 5869 moveatis.
3055 5773 3727 5869 Maximam":

2296 5838 2451 5913 lieni-a-
2463 5838 2535 5918 Et,
2548 5838 2999 5920 ibi'ib‘iéri'usi'ii
3015 5838 3083 5907 ἒξ
3091 5838 3194 5905 sine
3209 5838 3309 5917 qua
3318 5838 3450 5900 oratiu
3459 5838 3653 5891 claudicat.
