3804 6392
565 479 701 541 11ὶῖ

567 594 803 652 membra
833 605 951 646 esse
987 593 1252 659 Oportere.
1306 580 1372 642 υ.
1402 584 1559 641 Nullo
1593 581 1769 639 modo.
1814 579 1893 636 Μ.
1934 579 1987 635 ld
2013 594 2140 650 ergo

567 688 713 758 prius
733 687 783 740 in
809 682 1112 756 pyrrhichio
1133 678 1548 737 consideremus.
1572 676 1615 728 si
1639 676 1824 743 placet.
1842 674 1896 727 in
1911 687 2015 743 quo
2029 671 2138 741 jam

566 780 727 835 credo
753 776 916 832 videri
946 776 1037 830 tibi
1078 775 1251 828 minus
1285 770 1455 825 tribus
1493 766 1815 835 temporibus
1844 765 2137 818 membrum

568 884 687 925 esse
709 886 741 922 ιι
763 886 811 922 .vn
836 882 1008 937 posse,
1028 866 1272 933 quoniam
1296 861 1346 916 id
1370 862 1593 927 primum
1613 866 1693 912 est
1709 858 1824 924 plus
1843 871 2001 923 quam
2024 870 2136 924 pes.

570 962 638 1017 ι).
671 960 961 1017 Assentior.
995 956 1069 1012 Π.
1105 957 1241 1025 Ergo
1265 954 1511 1008 minimus
1536 964 1720 1005 versus
1747 958 1870 1018 quot
1904 958 2138 1015 tempora

569 1050 891 1122 possidebit?
915 1048 977 1102 ι).
1006 1048 1242 1102 Dicerem
1269 1059 1383 1108 sev,
1408 1042 1506 1096 nisi
1529 1058 1613 1095 me
1632 1040 1720 1094 illa
1747 1037 2141 1110 [impcmteratio

570 1153 859 1201 revocaret.
884 1141 1098 1209 Septem
1119 1153 1245 1207 ergo
1266 1134 1510 1190 habebit:
1531 1132 1652 1201 quia
1675 1131 1846 1185 minus
1864 1144 2020 1198 quam
2042 1129 2140 1183 tria

571 1233 865 1289 membrum
890 1231 1084 1285 habere
1104 1243 1207 1283 non
1233 1232 1405 1293 potest
1424 1239 1438 1286 ;
1456 1224 1574 1294 plus
1592 1231 1765 1276 autem
1787 1219 1997 1277 habere.
2012 1235 2143 1274 non-

569 1326 695 1381 dum
725 1323 1042 1395 prohibitum
1067 1327 1167 1376 est.
1197 1315 1273 1372 Μ.
1300 1316 1463 1371 Recte
1484 1314 1749 1383 intelligis.
1776 1311 1880 1367 Sed
1905 1311 1991 1366 die
2015 1320 2143 1376 quot

572 1416 734 1486 pedes
769 1413 1100 1486 pyrrhichius
1128 1409 1354 1462 habeant
1381 1416 1582 1474 septem
1612 1415 1847 1472 tempora
1904 1400 1967 1455 υ.
1998 1400 2145 1456 .Trcs

571 1515 627 1560 et
652 1504 833 1559 semis.
866 1499 943 1554 Μ.
979 1499 1207 1552 Debetur
1228 1511 1353 1563 ergo
1380 1494 1532 1547 unius
1558 1492 1812 1561 temporis
1849 1490 2140 1556 silentium,

570 1593 696 1647 dum
717 1592 779 1643 ad
801 1589 1110 1657 principium
1129 1586 1348 1648 reditur,
1367 1593 1419 1637 ut
1446 1581 1671 1650 spatium
1695 1580 1840 1649 mdis
1863 1580 2026 1648 possit
2047 1580 2142 1635 im-

574 1683 725 1752 pleri.
758 1679 825 1734 ι).
852 1679 1080 1734 Debetur
1104 1692 1248 1732 sane.
1277 1673 1351 1727 Μ.
1374 1673 1483 1728 Hoc
1503 1683 1849 1727 annumerato
1863 1682 1992 1741 quot
2013 1680 2143 1726 tem-

572 1787 701 1843 pora
732 1770 919 1826 erunt?
951 1768 1015 1822 ο.
1044 1769 1196 1823 Octo.
1227 1765 1302 1820 Μ.
1332 1764 1395 1821 Ut
1417 1780 1545 1829 ergo
1568 1764 1846 1828 minimus,
1866 1763 1953 1833 qui
1985 1762 2142 1818 etiam

574 1862 775 1932 primus
808 1868 890 1915 est
928 1874 1021 1928 pes
1043 1899 1058 1920 ,
1083 1857 1255 1911 minus
1288 1869 1444 1926 quam
1475 1852 1618 1916 duo;
1660 1852 1729 1907 ita
1770 1852 2019 1905 minimus
2054 1851 2142 1922 qui

575 1945 776 2022 primus
800 1960 883 2004 est.
912 1964 1003 2002 ver
1034 1963 1111 2005 us.
1143 1949 1315 2000 minus
1347 1945 1539 1997 habere
1574 1957 1732 2013 quam
1760 1951 1879 1997 octo
1906 1952 2143 2009 tempora

574 2056 678 2097 non
708 2049 897 2111 potest.
931 2038 998 2092 ο.
1029 2038 1100 2092 lta
1125 2046 1226 2091 est.
1259 2034 1335 2089 Μ.
1365 2034 1499 2102 Quid
1525 2034 1785 2088 maximus
1808 2049 2011 2095 versus,
2039 2047 2145 2103 quo

574 2133 883 2201 ampliorem
906 2144 1022 2184 esse
1049 2144 1151 2182 non
1177 2126 1454 2189 mortem?
1473 2136 1600 2194 quot
1621 2124 1832 2179 tandem
1850 2137 2143 2194 temporum

572 2220 908 2280 essedebet?
932 2219 1116 2274 Nonne
1140 2218 1315 2272 statim
1339 2216 1558 2278 videbis,
1588 2216 1631 2271 si
1656 2214 1720 2269 ad
1746 2216 1883 2269 illam
1908 2228 2146 2286 progres-

568 2316 773 2370 sionem
806 2314 1142 2367 relnlerimus
1168 2312 1421 2368 animum.
1453 2307 1520 2363 de
1543 2323 1642 2374 qua
1668 2300 1823 2361 toties
1851 2317 1954 2361 tam
1984 2308 2145 2362 multa

570 2405 711 2462 dicta
735 2415 853 2462 su..t
872 2404 898 2458 Υ
925 2403 970 2458 D
1014 2403 1128 2459 Jam
1155 2404 1388 2471 intelligo
1422 2399 1731 2469 ampliorem
1757 2412 1911 2470 quam
1936 2400 2145 2466 triginta

571 2498 733 2554 duum
766 2508 1057 2566 temporum
1083 2511 1292 2549 venum
1318 2508 1437 2548 c559.
1461 2506 1564 2546 nan
1598 2506 1770 2559 posse.

641 2589 733 2645 2i.
774 2585 850 2640 Μ.
892 2586 1026 2654 Quid
1064 2584 1133 2639 de
1170 2584 1321 2639 metri
1358 2581 1718 2651 longitudme?
1747 2593 2002 2635 censesne
2028 2595 2142 2636 am-

572 2678 793 2748 pliorem
820 2691 938 2732 esse
966 2674 1166 2730 debere
1200 2688 1356 2744 quam
1388 2672 1631 2736 versus‘,
1670 2686 1789 2724 cum
1830 2681 2054 2724 metrum
2093 2669 2145 2726 id

571 2768 712 2841 quod
737 2780 814 2822 rat
842 2767 1138 2828 minimum,
1164 2775 1271 2820 tam
1293 2764 1467 2819 minus
1486 2762 1731 2833 sitquam
1758 2762 2010 2818 minimus
2027 2778 2147 2819 ver-

635 2902 656 2936 ³
678 2908 732 2953 tn
751 2907 822 2963 3.,
846 2909 1056 2951 eam.
1081 2895 1373 2948 leliuseum
1394 2900 1477 2944 Its.
1503 2901 1556 2952 Α,
1579 2904 1758 2944 versus.
1809 2900 1866 2943 Μ.

1738 458 1828 520 DE
1865 460 2136 527 MUSICA,
2175 459 2234 519 ὃ.
2276 460 2638 520 AUGUSTINI

3632 476 3741 536 ιιει

2245 577 2374 633 sus?
2402 576 2469 631 Β.
2500 577 2612 633 Non
2642 594 2854 635 censeo.
2889 577 2963 633 ΙΙ.
3000 577 3128 636 Cum
3170 594 3293 653 ergo
3331 593 3537 641 metrum
3566 587 3742 662 incipiat

2244 683 2276 723 a
2304 667 2512 722 duobus
2539 668 2779 739 pedibus,
2808 687 2990 726 versus
3018 687 3047 726 a
3070 683 3321 743 quatuor;
3346 685 3432 733 aut
3447 677 3560 733 illud
3578 682 3635 734 ab
3647 695 3743 753 spa-

2247 758 2322 810 tio
2349 758 2572 812 diarum
2604 759 2814 828 pedum,
2851 760 2951 816 hoc
2975 776 3004 816 a
3030 773 3255 834 quatuor
3272 780 3593 836 annumerato
3611 772 3740 828 silen-

2246 850 2352 913 tio;
2395 862 2618 905 metrum
2660 863 2835 907 autem
2870 862 2990 907 octo
3026 854 3188 925 pedes
3214 870 3314 910 non
3341 859 3542 914 excedat
3566 878 3581 916 :
3606 878 3742 921 nonne

2246 954 2367 994 cum
2408 950 2461 993 et
2504 956 2686 995 versus
2726 953 2951 997 metrum
2988 945 3082 1003 sit.
3123 955 3337 1001 necesse
3375 957 3452 1003 est
3488 965 3594 1006 cum
3618 954 3741 1022 pedes

2247 1028 2467 1083 totidem
2514 1045 2618 1084 non
2657 1030 2953 1085 excedere?
2991 1030 3061 1086 ι).
3104 1033 3177 1087 Ita
3215 1044 3313 1090 est.
3358 1035 3429 1089 ιι.
3460 1037 3739 1097 Rursuscum

2246 1132 2431 1172 versus
2457 1132 2561 1172 non
2587 1118 2656 1173 sit
2675 1118 2882 1190 longior
2899 1136 3055 1191 quam
3078 1122 3288 1193 triginta
3307 1123 3459 1180 duum
3480 1134 3755 1199 temporum,

2247 1219 2296 1265 et
2334 1222 2560 1266 metrum
2599 1211 2669 1266 sit
2693 1212 2850 1267 etiam
2881 1213 3152 1283 longitudo
3176 1229 3384 1279 versus,
3407 1217 3451 1272 si
3475 1219 3737 1289 conjunctio-

2248 1315 2370 1356 nem
2396 1300 2621 1357 duorum
2652 1303 3008 1358 membrorum
3036 1306 3191 1360 talem
3223 1297 3525 1362 non'babrat
3547 1310 3683 1380 qualis
3700 1314 3735 1368 ia

2248 1405 2403 1446 versu
2446 1392 2766 1462 percipitur.
2798 1393 2892 1448 sed
2923 1397 3159 1450 tantum‘
3198 1406 3344 1452 certo
3376 1397 3474 1454 line
3508 1400 3733 1468 obnitatur.

2249 1497 2420 1551 neque
2444 1482 2636 1538 debeat
2666 1485 2876 1555 longius
2913 1500 3033 1542 esse
3067 1502 3224 1558 quam
3249 1474 3427 1544 versus
3448 1506 3464 1544 :
3484 1506 3631 1549 nonne
3654 1509 3736 1548 Ina-

2249 1572 2494 1629 nil'estnm
2539 1584 2622 1629 est
2659 1584 2715 1628 ut
2753 1590 2962 1630 versum
3005 1578 3168 1647 pedes
3192 1588 3344 1642 octo,
3369 1578 3436 1634 ita
3463 1584 3734 1638 meti-amtti-

2247 1664 2391 1734 ginta
2420 1666 2524 1721 duo
2554 1675 2791 1737 tempora
2813 1667 3071 1724 excedere
3097 1683 3204 1723 non
3224 1669 3493 1735 oportere?
3515 1668 3572 1726 υ.
3593 1673 3737 1728 Assen-

2249 1754 2370 1809 tior.
2414 1753 2491 1808 lt.
2537 1756 2649 1810 Erit
2695 1772 2823 1828 ergo
2867 1758 3004 1813 idem
3038 1759 3267 1828 spatium
3292 1756 3755 1831 tempoﬁs,etidcm‘

2249 1858 2503 1900 numerus
2542 1846 2734 1914 pedum
2775 1856 2830 1902 et
2867 1859 3041 1903 metro
3075 1856 3130 1903 et
3172 1850 3378 1916 versui,
3420 1851 3736 1922 communisque

2249 1937 2461 2007 quidam
2509 1938 2827 2005 terminus’,
2870 1940 3006 1994 ultra
3049 1956 3210 2009 quem
3258 1941 3486 2011 progredi
3525 1944 3755 2012 numaque‘

2252 2014 2358 2082 non
2403 2026 2594 2083 debeat
2626 2045 2642 2083 :
2679 2031 2920 2099 quamvis
2962 2039 3191 2085 metrum
3230 2032 3599 2102 quadruplicath
3629 2033 3734 2101 pedi-

2250 2118 2350 2174 bus
2369 2159 2383 2182 ,
2412 2135 2443 2172 a
2471 2119 2661 2189 quibus
2686 2136 2805 2176 esse
2837 2122 3050 2191 incipit;
3080 2137 3266 2177 versus
3301 2133 3465 2179 autem
3498 2125 3755 2195 quadrupli-l

2250 2208 2384 2262 catis
2411 2209 2756 2278 temporibus,
2787 2225 2817 2265 a
2843 2210 3036 2281 quibus
3063 2218 3120 2266 et
3148 2211 3260 2281 ipse
3285 2228 3399 2268 esse
3428 2213 3600 2284 incipit.
3628 2214 3755 2268 liniaw

2252 2308 2339 2353 tur
2378 2316 2390 2351 :
2432 2309 2490 2354 ut
2528 2302 2803 2356 crescendi
2848 2303 3053 2357 scilicet
3095 2303 3308 2358 modum
3356 2306 3637 2374 quaternaria
3670 2305 3755 2359 illa‘

2251 2389 2457 2444 ratione
2499 2400 2704 2444 servata
2750 2400 2974 2446 metrum
3014 2407 3139 2448 cum
3180 2408 3334 2448 versu
3359 2395 3755 2449 communicarent

2254 2478 2306 2532 in
2346 2478 2589 2547 pedibus,
2621 2495 2807 2536 versus
2836 2498 2956 2537 cum
2983 2492 3161 2539 metro
3188 2485 3240 2538 in
3268 2485 3575 2555 temporibus.
3597 2483 3652 2540 Β.
3671 2484 3731 2539 la-

2255 2570 2460 2638 telligo,
2490 2580 2545 2627 et
2575 2573 2779 2642 probo;
2810 2585 2970 2645 atque
2998 2576 3070 2629 ita
3103 2593 3164 2632 se
3204 2577 3390 2633 habere
3413 2578 3545 2633 iatam
3566 2591 3729 2633 concor-
3754 2586 3755 2615 ι

2253 2659 2395 2716 diam
2424 2664 2934 2734 consensionemque
2961 2665 3220 2722 delector.

2315 2776 2333 2839 ξ
2364 2776 2697 2839 manendum:
2718 2778 2864 2829 Vatic.
2942 2784 3001 2829 κ.

2314 2837 2336 2868 ³
2361 2843 2428 2906 Ita
2464 2837 2601 2907 legit
2624 2840 2769 2907 sane.
2795 2853 2809 2889 :
2837 2844 2905 2907 α,
2924 2840 3057 2892 idem
3092 2854 3315 2907 ηιριιειςιω
3334 2838 3727 2907 patme

2257 2899 2488 2948 termimw
2510 2899 2661 2951 {taetro
2681 2906 2727 2951 et
2748 2900 2905 2952 versui
2926 2901 3184 2963 cornmum',
3210 2899 3509 2968 uttra'qwa.'
3548 2909 3594 2952 Ι.

1526 3065 2001 3175 LIBER
2101 3064 2551 3191 QUAR
2578 3071 2895 3181 TUS.

1783 3227 2088 3274 Continuatur
2109 3226 2325 3275 tractatio
2345 3225 2409 3277 de
2430 3236 2604 3280 metro.

1977 3345 2394 3405 τοιοοιοιοοχὺ

571 3480 798 3542 CAPUT
836 3475 1118 3537 PRIMUM.
1140 3505 1211 3518 -
1241 3472 1655 3599 .Uttimzosyllaba
1679 3487 1832 3543 quare
1855 3468 2148 3543 indi/Ibunt

1235 3562 1289 3599 ιιι
1317 3562 1397 3599 me
1479 3583 1493 3597 .

1235 3562 1289 3600 111
1317 3562 1493 3599 ιιιειι-ο.

645 3644 673 3701 1
685 3682 700 3697 .
716 3640 769 3697 ι
781 3683 793 3695 .
805 3638 1106 3696 Redeamus
1115 3650 1243 3709 ergo
1255 3634 1324 3691 ad
1340 3633 1494 3691 metri
1509 3632 2009 3699 considerationem,
2028 3646 2151 3702 pro-

573 3743 695 3805 pter
714 3731 867 3801 cujns
891 3742 1224 3800 progressum
1256 3742 1320 3782 ac
1348 3724 1730 3799 longitudinem
1760 3723 1826 3780 de
1854 3739 2017 3779 versu
2058 3732 2143 3779 te-

573 3838 695 3880 cum
714 3819 910 3892 aliquid
930 3832 1085 3890 agere
1108 3825 1326 3875 coactus
1345 3830 1483 3878 sum.
1510 3815 1664 3884 cujus
1687 3815 1944 3871 tractandi
1967 3824 2147 3883 postea

576 3915 733 3974 nobis
759 3922 839 3971 est
871 3911 1190 3969 constitutus
1216 3911 1385 3967 locus.
1415 3908 1521 3966 Sed
1562 3909 1734 3980 primo
1776 3908 1905 3964 illud
1943 3922 2144 3977 quaero,

572 4017 749 4064 utrum
778 4017 884 4059 non
929 4001 1200 4072 repudies,
1230 4000 1369 4073 quod
1422 4000 1661 4056 ultimam
1705 3999 1983 4070 syllabam,
2026 4014 2146 4069 qua:

570 4106 801 4155 metrum
829 4094 1098 4159 terminat,
1126 4108 1220 4148 seu
1251 4092 1405 4165 longa
1430 4106 1525 4149 seu
1551 4092 1727 4147 brevis
1749 4092 1840 4156 sit,
1868 4098 2036 4160 poetae
2060 4098 2143 4145 at-

568 4207 674 4263 que
699 4188 887 4244 horum
908 4185 1118 4256 judices
1137 4185 1466 4254 grammatici
1497 4183 1627 4239 nihil
1654 4183 1720 4238 ad
1746 4197 1857 4237 rem
1880 4182 2147 4252 pertinere

567 4281 808 4340 arbitrati
842 4288 987 4336 sunt.
1012 4276 1092 4337 D.
1121 4278 1350 4334 Omnino
1391 4276 1614 4346 repudio
1657 4293 1672 4330 :
1705 4288 1810 4328 non
1847 4272 1988 4328 enim
2014 4271 2144 4327 mihi

567 4373 778 4431 videtur
801 4388 922 4429 esse
945 4373 1187 4429 rationis.
1217 4368 1295 4425 ll.
1321 4368 1419 4423 Die
1441 4365 1591 4432 mihi,
1609 4366 1853 4428 obsecro,
1874 4362 2014 4434 quod
2033 4377 2146 4419 me-

568 4475 709 4521 trum
736 4466 806 4520 sit
829 4466 881 4521 in
911 4463 1218 4538 pyrrhichio
1244 4459 1541 4515 minimum.
1572 4453 1644 4509 D.
1669 4454 1803 4510 Tres
1831 4453 2035 4508 breves.
2062 4452 2139 4508 Π.

567 4555 833 4622 Quantum
853 4571 980 4625 ergo
999 4552 1260 4609 silendum
1289 4556 1391 4613 est,
1412 4547 1539 4602 dum
1567 4544 1854 4614 repetitur?
1880 4542 1945 4596 ι).
1970 4543 2142 4600 Unum

567 4653 814 4716 tempus,
849 4645 987 4713 quod
1024 4655 1106 4700 est
1144 4645 1298 4698 unius
1337 4637 1511 4695 brevis
1540 4637 1755 4709 syllabae
1782 4637 2029 4706 spatium.
2064 4632 2140 4689 ll.

571 4736 703 4805 Age,
720 4736 829 4804 jam
853 4745 1068 4805 percute
1098 4736 1198 4790 hoc
1223 4742 1472 4800 metrum,
1503 4744 1610 4785 non
1638 4744 1788 4793 voce,
1808 4728 1899 4784 sed
1931 4728 2137 4798 plausu.

574 4822 643 4878 υ.
672 4824 815 4881 Feci.
845 4825 922 4881 λι.
949 4826 1174 4881 Percute
1194 4824 1356 4879 etiam
1385 4823 1484 4878 hoc
1510 4821 1672 4877 modo
1695 4827 2041 4889 anaptestum.
2069 4817 2140 4872 ι).

571 4913 634 4969 Et
685 4916 786 4969 hoc
824 4914 924 4969 feci
989 4913 1066 4968 Π.
1114 4913 1249 4979 Quid
1289 4912 1382 4968 tibi
1423 4913 1592 4967 visum
1629 4920 1714 4966 est
1750 4909 2045 4966 interesse?
2071 4908 2139 4964 υ.

578 5004 800 5058 Prorsus
826 5004 975 5060 nihil.
1015 5002 1088 5057 ΙΙ.
1119 5003 1292 5070 Quid?
1314 5017 1548 5065 causam.
1578 5018 1674 5057 cur
1702 5003 1771 5057 ita
1800 5003 1888 5063 sit,
1925 5011 2142 5069 potesne

567 5093 786 5149 dicere?
816 5094 880 5146 ι).
911 5094 1129 5149 Videtur
1154 5094 1280 5148 mihi
1307 5092 1435 5149 satis
1461 5108 1717 5163 apparere
1744 5110 1758 5147 :
1781 5109 1901 5147 nam
1926 5091 2140 5161 quodin

566 5186 659 5240 illo
680 5186 747 5242 ad
776 5185 1071 5250 silentium,
1097 5184 1200 5240 hoc
1223 5185 1274 5239 in
1301 5185 1402 5239 isto
1426 5186 1491 5239 ad
1524 5184 1917 5255 productionem
1944 5182 2142 5236 ultimae

568 5275 789 5346 syllaba:
809 5275 1064 5341 refertur;
1096 5291 1217 5331 nam
1245 5274 1429 5329 rodem
1455 5275 1614 5329 modo
1637 5274 1705 5327 ibi
1737 5274 1911 5327 brevis
1935 5274 2137 5342 ultima,

569 5375 626 5421 ut
651 5366 739 5422 hic
764 5366 940 5439 longa,
971 5367 1290 5435 percutitur;
1313 5374 1368 5419 et
1393 5374 1509 5434 post
1540 5364 1864 5417 tantumdem
1895 5361 2142 5417 interval-

570 5459 676 5515 lum
706 5459 911 5515 reditur
938 5459 1002 5513 ad
1043 5471 1221 5529 (εειιιιιι.
1247 5457 1351 5514 Sed
1384 5456 1454 5511 ibi
1482 5456 1770 5526 quiescitur
1806 5452 1974 5508 donec
2014 5468 2142 5525 spa-

568 5549 699 5604 tium
729 5549 1015 5622 pyrrhichii
1045 5546 1341 5617 prdis._hic
1379 5545 1549 5599 dmiec
1590 5545 1758 5613 longm
1797 5544 2012 5615 syllaba:
2039 5544 2139 5599 im-

566 5642 790 5711 pleatur.
821 5643 892 5696 Ita
925 5644 975 5695 in
1005 5653 1233 5710 utroque
1262 5652 1355 5705 [war
1381 5650 1528 5690 mora
1552 5642 1663 5700 est,
1689 5650 1790 5703 qua
1833 5634 2140 5703 interposita

568 5716 888 5787 retineamus.
920 5732 992 5786 Μ.
1024 5732 1137 5786 Non
1184 5732 1342 5800 igitur
1364 5725 1592 5781 absurde
1625 5725 1695 5778 illi
1723 5724 1954 5777 ultimam
1982 5724 2141 5795 sylla-

567 5821 688 5878 bam
715 5824 891 5890 metri,
912 5837 1005 5878 seu
1028 5824 1182 5894 longa
1211 5837 1305 5877 seu
1331 5819 1503 5874 brevis
1527 5818 1613 5884 sit,
1640 5817 1766 5873 nihil
1793 5817 1859 5873 ad
1890 5832 2000 5873 rem
2023 5832 2142 5891 per-

2258 3474 2425 3529 linere
2448 3476 2729 3536 voluerunt
2754 3499 2767 3535 :
2791 3481 2878 3536 ubi
2905 3484 3046 3540 enim
3079 3485 3203 3542 ﬁnis
3228 3496 3328 3555 est,
3356 3486 3579 3543 silentium
3596 3482 3722 3553 mtili-
3754 3488 3755 3531 ι

2253 3574 2357 3632 tur,
2393 3578 2648 3639 quantum
2672 3571 2739 3628 ad
2772 3574 2940 3644 ipsum
2969 3586 3203 3633 metrum
3240 3579 3415 3635 attinet
3439 3578 3553 3648 quod
3579 3576 3718 3631 ﬁnitur.
3754 3596 3755 3603 η

2251 3657 2332 3711 Au
2358 3674 2452 3715 eos
2479 3660 2531 3716 in
2558 3660 2658 3718 hac
2692 3678 2850 3719 causa
2893 3680 3020 3736 repe
3045 3667 3265 3725 itionem
3289 3669 3436 3726 ullam
3460 3668 3529 3724 vel
3557 3665 3719 3721 reditum
3754 3668 3755 3677 ‘

2249 3747 2316 3803 ad
2342 3762 2499 3822 caput
2521 3754 2863 3812 considerare
2888 3756 3142 3815 debuisse
3167 3762 3444 3826 existimas,
3464 3774 3518 3815 ac
3536 3771 3616 3815 non
3634 3764 3716 3810 hn-

2253 3841 2526 3897 tuminodo
2551 3843 2673 3913 quia
2703 3844 2904 3914 linitur,
2932 3850 3086 3917 quasi
3109 3850 3352 3920 deinceps
3374 3848 3490 3905 nihil
3510 3844 3715 3903 dicundum
3754 3832 3755 3889 ἲ

2250 3929 2353 3984 sit?
2376 3928 2446 3984 Β.
2469 3929 2585 3986 Jam
2610 3935 2893 3999 assentior,
2922 3938 3163 3995 ultimam
3189 3939 3428 4011 syllabam
3449 3936 3717 3994 indiferenler
3754 3928 3755 3985 Ὺ

2249 4033 2370 4076 esse
2392 4022 2771 4093 accipiendam.
2798 4026 2876 4081 Π.
2907 4027 3093 4084 Recte.
3113 4010 3281 4086 Sedsi
3301 4024 3714 4100 Ιιιιορωριεηίια..
3754 4010 3755 4077 l

2248 4111 2380 4167 tium
2421 4114 2509 4183 tit,
2550 4119 2796 4185 quoniam
2836 4118 2907 4174 ita
2944 4122 3311 4178 consideratus
3346 4131 3425 4178 est
3458 4120 3584 4182 ﬁniri.
3610 4113 3715 4187 ll“si

2247 4202 2503 4273 deinceps
2546 4208 2672 4263 nihil
2719 4210 3019 4267 soniturua‘
3048 4213 3123 4270 sit
3151 4214 3239 4284 qui
3279 4214 3483 4279 tinieﬁt,
3504 4220 3548 4267 et
3575 4207 3628 4264 ob
3647 4207 3715 4260 hoc

2250 4297 2478 4364 spatium
2505 4301 2756 4369 temporis
2781 4301 2833 4355 in
2862 4302 2973 4372 ipsa
3001 4304 3181 4375 quiete
3206 4304 3527 4375 largimimum
3547 4293 3715 4354 nilnildi'

2247 4396 2354 4468 stat
2388 4402 2507 4459 qua:
2533 4389 2603 4445 ibi
2632 4391 2834 4461 syllaba
2877 4393 3111 4461 locetur;
3144 4410 3315 4450 nonne
3339 4392 3455 4450 illud
3488 4399 3555 4447 est
3583 4398 3716 4445 conse-

2249 4492 2439 4548 quens,
2470 4491 2530 4536 ut
2554 4482 2665 4553 ipsa
2693 4482 2892 4538 ultima:
2918 4484 3139 4557 syllaba:
3163 4483 3506 4542 ittdiﬂereatia.
3522 4493 3615 4550 φη
3631 4486 3715 4544 Ιπ⁰⁶

2248 4579 2368 4639 pter
2406 4571 2605 4642 largum
2645 4575 2874 4643 spatium
2914 4575 3241 4639 conceditur,
3268 4573 3330 4629 ad
3367 4573 3414 4628 id
3440 4567 3714 4641 μαίσωνα

2245 4661 2360 4716 sive
2388 4662 2460 4716 ibi
2492 4663 2666 4721 brevis
2693 4664 2893 4736 syllaba
2930 4666 3041 4721 sive
3071 4666 3223 4736 longa
3259 4665 3352 4726 sit.
3378 4676 3483 4717 eam
3504 4656 3586 4713 sibi
3603 4661 3711 4709 aut!

2248 4765 2345 4819 pro
2378 4751 2531 4823 longa
2554 4754 2853 4810 vindicent?
2870 4754 2940 4809 υ.
2971 4754 3136 4811 Video
3155 4756 3307 4827 plane
3321 4753 3707 4817 θεοεωωθιωω

2245 4870 2470 4929 CAPUT
2493 4873 2555 4929 ll.
2576 4904 2648 4914 —
2670 4873 2802 4942 Quot
2823 4875 3031 4947 syllabis
3056 4876 3309 4930 minimum
3327 4872 3610 4929 condimur
3627 4875 3710 4935 η’

2383 4964 2632 5019 rhtcln'um
2657 4975 2868 5021 metrum
2899 4982 2917 5023 :
2945 4967 3182 5037 quamdiu
3204 4982 3385 5039 quoque
3398 4959 3618 5021 silendum

2314 5075 2368 5130 2.
2402 5074 2480 5129 Μ.
2514 5076 2741 5131 Videsne
2769 5079 2926 5133 etiam
2957 5078 3104 5143 illud,
3134 5094 3251 5134 cum
3275 5076 3480 5133 dicimus
3503 5066 3705 5126 minimum

2245 5176 2471 5221 metrum
2519 5181 2638 5222 esse
2682 5166 3040 5237 pyrrhichium
3081 5180 3184 5224 tres
3221 5167 3396 5222 breves
3431 5159 3638 5235 syllabas.
3666 5156 3704 5204 Il

2246 5258 2402 5311 unius
2432 5256 2605 5311 brevis
2643 5257 2814 5326 spatio
2840 5258 3074 5328 sileatur,
3102 5258 3225 5313 dum
3248 5256 3311 5311 ad
3338 5255 3516 5310 initium
3541 5239 3701 5304 reverli‘

2244 5362 2389 5410 mur;
2423 5347 2552 5401 nihil
2583 5348 2870 5413 interesse,
2901 5357 3075 5404 utrum
3113 5347 3212 5403 hoc
3234 5354 3468 5405 metrum.
3504 5355 3560 5394 an
3590 5330 3701 5405 ped“

2242 5448 2539 5506 anapaastos
2564 5441 2899 5509 repetamus?
2926 5437 2996 5495 υ.
3025 5439 3136 5495 Jam
3157 5439 3253 5493 hoc
3270 5436 3458 5507 quidem
3482 5427 3701 5517 paulo

2246 5532 2334 5585 illa
2361 5532 2698 5598 percussione
2726 5531 2958 5600 percepi.
2991 5530 3067 5585 ll.
3093 5529 3269 5586 Nonne
3290 5542 3405 5597 ergo
3422 5510 3701 5593 quidquid“c

2243 5632 2328 5677 est
2355 5620 2662 5686 confusum,
2692 5620 3117 5703 distinguendum
3142 5619 3306 5688 aliqua
3340 5616 3519 5703 ηιὶυειθ

2245 5711 2357 5767 ris?
2383 5710 2452 5765 D.
2482 5711 2709 5767 Onmino
2745 5689 2993 5768 arbiirur.
3026 5709 3101 5768 Μ.
3130 5712 3217 5765 Dic
3239 5718 3396 5765 ultum
3418 5701 3549 5758 aliam
3569 5689 3699 5750 1W”

2313 5825 3201 5890 ‘sonattu'us,juxtavatlc.etib.a.
3262 5828 3311 5875 Il.
