3804 6382
198 454 305 524 i129

203 598 295 642 esse
320 580 618 643 rationem,
658 591 777 642 qua:
817 573 914 628 ista
960 564 1274 641 distinguat,
1306 569 1406 623 nisi
1438 579 1494 623 ut
1523 580 1748 623 taetrum

201 669 532 747 pyrrhichium
558 685 664 721 non
693 667 820 747 illud
842 667 909 719 sit
935 665 1231 727 minimum,
1261 662 1400 733 quod
1425 662 1515 715 tibi
1540 661 1750 715 videba-

200 776 266 824 tur
290 768 334 820 in
364 764 534 817 tribus
581 746 864 824 brevibus,
905 758 999 814 sed
1043 759 1093 812 in
1129 757 1380 826 quinque.
1426 756 1549 808 P0st
1587 771 1746 808 unum

198 861 308 918 enim
349 856 536 928 pedem
587 870 650 908 ac
690 850 1014 921 semipedem
1061 850 1219 902 silere
1271 863 1414 900 mora
1463 846 1747 914 semipedis

197 954 290 1023 ejus
313 951 394 1020 qui
422 946 649 1002 debetur
688 943 954 1014 implendo
985 940 1133 1010 pedi,
1163 950 1322 1008 atque
1362 939 1430 992 ita
1472 938 1645 992 redire
1679 937 1746 991 ad

195 1044 399 1106 initium,
425 1047 479 1093 ct
509 1038 611 1092 hoc
636 1037 909 1090 minimqu
948 1042 1173 1087 metrum
1205 1031 1255 1085 in
1289 1030 1590 1102 pyrrhichio
1618 1044 1745 1082 con-

193 1139 382 1193 stituere
406 1149 515 1187 non
553 1149 648 1184 nos
687 1131 814 1184 sinit
841 1127 1091 1195 anapa-sti
1122 1124 1377 1192 parilitas,
1409 1133 1460 1176 ut
1498 1123 1606 1191 jam
1645 1122 1740 1175 de-

190 1236 510 1286 monstratum
533 1233 611 1278 est
642 1241 654 1274 :
678 1235 840 1290 quare
863 1229 977 1288 post
1001 1217 1136 1270 duos
1161 1215 1320 1284 pedes
1344 1224 1397 1268 et
1420 1213 1742 1280 semipedem

189 1319 421 1376 sileudum
444 1324 529 1369 est
558 1311 682 1366 illud
715 1325 876 1365 unum
903 1319 1129 1376 tempus,
1154 1307 1198 1359 si
1223 1304 1533 1360 coal'usione
1561 1317 1742 1357 Carere

184 1414 424 1470 volumus.
456 1409 526 1462 Β.
555 1407 662 1462 Cur
690 1407 830 1460 enim
859 1419 964 1458 non
988 1401 1093 1455 duo
1124 1397 1406 1470 pyrrhichii
1436 1405 1559 1451 sunt
1586 1396 1740 1449 mini-

185 1522 309 1561 mum
334 1511 558 1557 metrum
578 1502 629 1554 in
653 1497 975 1570 pyrrhichio.
1001 1505 1051 1550 et
1072 1503 1298 1564 quatuor
1317 1491 1533 1561 syllaba:
1557 1490 1740 1542 breves

182 1600 371 1668 potius,
401 1601 520 1663 post
545 1606 675 1661 quas
713 1590 870 1643 silere
897 1601 1028 1656 Opus
1061 1599 1162 1639 non
1193 1584 1295 1644 sit,
1325 1596 1481 1651 quam
1508 1581 1740 1651 quinque

181 1701 285 1764 post
311 1704 436 1760 quas
465 1700 600 1756 opus
637 1683 740 1737 sit?
784 1681 857 1734 Μ.
895 1680 1178 1746 Vigilanter
1209 1676 1456 1746 quidem,
1500 1674 1591 1729 sed
1635 1691 1738 1729 non

178 1797 320 1839 cares
340 1798 405 1834 ne
428 1780 495 1833 ab
523 1778 622 1830 hoc
650 1787 700 1830 te.
726 1775 792 1827 ita
823 1769 1308 1840 proceleumaticus.
1333 1777 1388 1820 ιιι
1411 1768 1477 1820 ab
1505 1767 1592 1820 illa
1614 1781 1738 1819 ana-

179 1884 358 1946 paestus
381 1869 643 1926 excludat.
676 1866 742 1919 ο.
772 1863 966 1918 Verum
996 1862 1145 1915 dicis.
1179 1859 1253 1912 Μ.
1286 1859 1460 1913 Placet
1489 1873 1616 1927 ergo
1654 1856 1739 1911 hic

181 1965 350 2020 modus
377 1964 427 2014 in
457 1959 693 2029 quinque
721 1955 968 2010 brevibus
988 1994 1000 2011 .
1033 1962 1085 2006 et
1110 1949 1318 2003 silentio
1345 1949 1497 2002 unius
1530 1958 1735 2016 tempo-

182 2055 281 2111 ris?
303 2052 368 2106 D.
395 2053 571 2106 Placet
590 2064 734 2102 vero.
763 2045 837 2098 Μ.
871 2044 1085 2097 Videtur
1112 2041 1237 2094 mihi
1267 2041 1484 2094 oblitum
1512 2053 1632 2092 esse
1663 2050 1729 2101 te,

181 2142 600 2215 quenadmodum
641 2139 693 2191 in
735 2134 984 2207 rhythmo
1009 2133 1296 2186 dixerimus
1324 2143 1480 2200 posse
1507 2129 1734 2182 discerni

182 2246 339 2288 utrum
380 2229 685 2301 pyrrhichio
725 2241 791 2279 an
837 2222 1276 2294 proceleumatico
1303 2231 1620 2274 curreretur.
1662 2218 1731 2271 Ι).

181 2323 310 2380 Bene
328 2324 573 2377 admones
597 2339 612 2374 :
637 2335 754 2373 nam
782 2318 968 2386 plausu
993 2315 1120 2368 istos
1146 2328 1396 2367 numeros
1418 2313 1485 2364 ab
1512 2312 1733 2365 invicem

181 2412 552 2485 distiuguendos
601 2408 958 2477 comperimus
1004 2423 1017 2456 :
1061 2418 1222 2473 quare
1269 2403 1377 2472 jam
1429 2418 1600 2472 neque
1650 2402 1734 2456 hic

180 2506 325 2561 istum
351 2501 840 2572 proceleumaticum
871 2507 1069 2556 metuo,
1101 2510 1256 2564 quem
1289 2494 1472 2563 plausu
1499 2493 1732 2548 adhibito

179 2611 206 2650 ι
244 2595 535 2665 pyrrhichio
572 2593 878 2646 discernere
921 2597 1124 2657 potero.
1168 2585 1244 2639 Μ.
1285 2585 1389 2640 Cur
1431 2585 1589 2654 igitur
1627 2601 1730 2639 non

180 2687 403 2742 eumdem
434 2687 674 2755 plausum
715 2679 1070 2735 adhibendum
1102 2678 1296 2739 vidisti,
1331 2688 1386 2730 ut
1411 2677 1478 2729 ab
1508 2678 1608 2731 illis
1633 2677 1729 2731 tri-

178 2777 268 2832 bus
308 2778 574 2838 brevibus,
622 2773 672 2827 id
720 2783 800 2827 est
842 2769 1142 2841 pyrrhichio
1179 2778 1234 2822 et
1270 2768 1570 2835 semipede,
1614 2777 1731 2835 post

176 2883 322 2939 quem
355 2875 621 2937 oporteret
661 2881 823 2919 unum
869 2873 1075 2930 tempus
1115 2860 1305 2922 silere,
1342 2858 1730 2913 dis-cerneretur

176 2959 485 3028 anapestus?
517 2956 579 3009 D.
611 2955 725 3010 Jam
769 2952 1022 3021 intelligo,
1055 2960 1108 3005 et
1151 2951 1202 3003 in
1236 2950 1370 3002 riam
1403 2949 1580 3013 redeo,
1614 2965 1727 3003 me-

175 3057 399 3120 trumque
423 3051 476 3105 in
505 3048 806 3119 pyrrhichio
827 3045 1098 3099 minimum
1129 3054 1234 3096 tres
1260 3041 1490 3111 syllabas
1520 3042 1723 3107 breves,

175 3155 311 3208 qua.
352 3147 696 3196 annumerato
744 3137 989 3198 silentio,
1035 3135 1258 3187 ducrnnt
1305 3131 1726 3201 pyrrhichiornm

176 3238 364 3300 tempus
407 3239 698 3298 occupant.
743 3242 861 3280 esse
908 3223 1184 3279 confirmo.
1231 3221 1307 3274 Μ.
1343 3222 1567 3275 Prohant
1601 3237 1726 3291 ergo

175 3334 314 3376 aures
331 3331 426 3375 tuae
448 3321 548 3374 hoc
575 3332 743 3388 genus
767 3316 967 3370 numeri
990 3333 1004 3368 :
1031 3314 1091 3367 Si
1115 3315 1300 3383 aliqua,
1328 3311 1462 3365 Bene
1479 3313 1570 3374 vis,
1593 3310 1727 3365 Bene

178 3410 269 3474 dic,
294 3409 414 3464 Bene
443 3413 544 3479 fac,
577 3408 807 3467 Animus,
838 3403 897 3459 Si
927 3403 1136 3470 aliquid,
1175 3401 1311 3455 Male
1333 3403 1425 3463 vis,
1459 3401 1593 3453 Male
1620 3402 1720 3466 die,

185 3495 308 3552 Nate
338 3504 440 3571 fac,
472 3499 721 3560 Animus,
766 3495 991 3550 Medium
1034 3503 1124 3546 est.
1173 3491 1239 3544 Ι).
1284 3491 1424 3546 Satis
1468 3492 1721 3560 probant,

182 3587 436 3650 praesrtim
478 3596 600 3637 cum
639 3582 747 3648 jam
789 3577 1092 3633 recordatus
1139 3575 1237 3628 sim
1281 3573 1722 3643 quemadmodum

174 3685 260 3728 eos
294 3676 452 3742 plaudi
496 3680 773 3742 oporteat,
800 3687 868 3726 ne
894 3685 1015 3724 cum
1049 3676 1223 3722 metro
1265 3665 1570 3737 pyrrhichio
1595 3681 1722 3720 ana-

168 3766 302 3832 Ριειί
326 3764 715 3820 confundantur

225 3858 276 3913 ὃ.
299 3856 370 3911 Ι.
397 3859 528 3914 Vide
560 3868 616 3912 et
644 3857 741 3911 ista
772 3876 785 3910 :
817 3857 875 3910 Si
920 3855 1112 3918 aliquid
1137 3871 1188 3908 es
1211 3894 1226 3917 ,
1259 3854 1366 3924 Age
1391 3853 1546 3917 bene,
1583 3852 1720 3907 Male

161 3947 382 4020 μίαςὶι.
419 3949 564 4002 Nihil
607 3949 730 4016 agit,
780 3946 842 4000 Et
869 3946 1000 4006 ideo,
1035 3943 1192 3998 Miser
1231 3945 1343 3997 erit.
1378 3943 1444 3996 Β.
1475 3944 1719 3998 Suaviter

75 4059 78 4064 ·
163 4039 306 4092 etiam
330 4041 426 4094 ista
450 4055 512 4094 se
541 4040 837 4104 insinuant,
869 4037 967 4090 nisi
999 4052 1104 4089 uno
1133 4038 1250 4090 loco
1270 4077 1284 4099 ,
1312 4037 1398 4090 ubi
1431 4035 1548 4089 linis
1577 4037 1716 4090 tertii

159 4140 270 4182 um
292 4128 438 4184 initio
467 4130 638 4197 quarti
658 4131 954 4198 copulatur.
989 4125 1066 4179 Μ.
1097 4126 1323 4196 ldipsum
1360 4127 1577 4180 omnino
1601 4136 1713 4194 est,

161 4221 285 4289 Quod
306 4238 334 4275 a
363 4223 465 4276 tuis
483 4221 703 4275 auribus
735 4219 1048 4274 desideravi.
1082 4218 1194 4273 Non
1221 4220 1363 4274 enim
1389 4219 1581 4273 frustm
1603 4234 1712 4274 scn-

81 4315 86 4358 ἰ
161 4322 243 4365 Ius
269 4312 584 4374 otl'euditur,
615 4326 735 4365 cum
765 4309 1000 4364 omnium
1029 4309 1349 4380 syllabarum
1379 4310 1520 4362 nullo
1549 4310 1712 4362 inter-

84 5019 98 5268 ξ

54 5333 82 5506 l

48 5511 58 5538 δ.

26 5570 42 5650 il

163 4401 316 4468 posito
339 4401 561 4457 silentio
599 4410 836 4470 tempora
879 4401 1081 4468 singula
1111 4407 1383 4468 exsliectat
1403 4418 1417 4454 :
1439 4415 1594 4467 quam
1615 4414 1708 4452 ex-

161 4493 516 4558 spectationem
588 4491 825 4561 profecto
888 4489 1095 4545 fraudat
1149 4505 1438 4545 concursus
1489 4491 1708 4545 duarum

163 4585 562 4648 consonantium,
614 4593 632 4636 ι
668 4593 718 4637 et
758 4600 824 4648 η,
878 4599 996 4651 qua:
1045 4585 1426 4651 ptui-cedentem
1474 4583 1708 4638 vocalem

167 4668 351 4740 longam
404 4691 526 4732 esse
574 4684 803 4746 cogunt,
833 4684 888 4728 et
918 4676 967 4728 iu
994 4675 1099 4728 duo
1120 4684 1356 4746 tempora
1383 4677 1706 4744 extendunt;

166 4767 283 4834 quod
323 4784 490 4837 genus
537 4767 867 4837 grammatici
911 4766 1171 4836 positione
1219 4767 1426 4837 longam
1456 4769 1706 4839 syllabam

167 4867 347 4914 Vocant.
379 4860 482 4916 Sed
525 4869 742 4929 promer
769 4859 912 4913 illam
945 4859 1145 4914 ultima:
1173 4860 1386 4931 syllaba:
1414 4862 1709 4916 indill‘eren-

170 4943 271 5002 tiam
291 4991 306 5014 ,
335 4966 489 5005 nemo
519 4950 832 5005 criminatur
860 4949 959 5002 hoc
986 4960 1210 5004 metrum
1231 4992 1247 5016 ,
1291 4965 1408 5006 cum
1437 4953 1486 5006 id
1531 4954 1704 5008 since-

171 5051 228 5092 ra:
257 5051 398 5114 atque
423 5058 626 5097 severa:
671 5056 826 5096 aures
851 5043 1008 5095 etiam
1035 5042 1149 5097 sine
1165 5053 1473 5099 accusatore
1506 5046 1702 5100 conde-

173 5141 338 5186 mnem.
365 5133 497 5188 Nam
528 5132 650 5189 vide
670 5175 685 5199 ,
717 5147 896 5204 quaeso
916 5175 930 5199 ,
962 5142 1213 5204 quantum
1245 5136 1460 5193 interest
1487 5179 1502 5203 ,
1533 5139 1576 5193 si
1607 5155 1702 5209 pro

175 5233 222 5273 eo
245 5223 369 5292 quod
397 5234 500 5291 est,

587 5314 708 5380 nale
729 5315 812 5380 qui
835 5317 952 5378 agit,
977 5316 1096 5364 Nihil
1117 5318 1217 5380 agit
1241 5332 1253 5367 :

589 5346 708 5364 """’
729 5346 812 5387 ""3
835 5346 952 5386 “55"
1117 5346 1217 5380 ’δη
1235 5356 1253 5392 .'
1383 5346 1586 5405 dicatur

587 5376 708 5425 Itale
730 5390 814 5439 qut
836 5385 952 5439 agit,
979 5383 1122 5426 Homo
1142 5388 1285 5441 perit.
1590 5392 1604 5417 ’

1499 447 1700 510 LIBER
1735 445 2075 523 QUARTUS.

1858 575 1995 641 quod
2027 576 2237 634 silentio
2264 599 2652 656 compensatur,
2685 612 2776 652 eas
2806 617 3058 668 ponamus
3077 610 3283 666 ultimas
3303 619 3419 686 syl‘
3497 639 3500 641 λ

1858 662 1999 686 ,ΛΜ
2050 685 2055 686 γ
2326 676 2336 686 .
2427 679 2435 686 .

1855 662 2002 718 [abas
2029 684 2158 735 quas
2188 671 2264 726 lex
2291 676 2524 742 ejusdem
2562 687 2769 738 numeri
2796 688 3021 759 ﬂagitat:
3061 715 3126 754 ne
3162 718 3281 756 cum
3325 662 3422 761 εἴη·
3484 764 3487 766 _

1853 772 1953 824 qua
1994 759 2282 819 offensione
2315 772 2517 824 aUl'illlll
2552 786 2603 828 et
2653 779 2876 836 falsitate
2922 801 3211 850 mensuras.
3244 811 3272 848 a
3316 798 3420 854 (lue

1852 848 1920 900 ad
1967 849 2173 906 initium
2205 857 2514 926 redeamus;
2548 870 2895 925 eoncedcutns
2935 883 3110 932 tamen
3139 882 3318 938 illisut
3349 887 3420 942 ita

1854 949 2019 1041 metra
2070 944 2189 998 talia
2239 949 2418 1003 liniaut
2439 992 2454 1018 ,
2501 960 2645 1022 quasi
2677 960 2926 1032 deinceps
2956 968 3084 1021 nihil
3113 972 3333 1041 dicturi,
3364 988 3422 1033 et

1855 1028 1974 1082 ideo
1998 1043 2287 1089 extremam
2315 1041 2570 1108 syllabam
2597 1063 2687 1102 seu
2725 1050 2932 1122 longun
2961 1074 3051 1113 seu
3074 1063 3285 1119 brevem

1855 1138 1992 1191 pune
2031 1131 2360 1184 constituant
2392 1150 2404 1185 :
2441 1151 2557 1190 nam
2614 1140 2662 1191 in
2703 1150 3092 1206 eontinuatmne
3126 1165 3414 1214 metrorum

1849 1216 2184 1280 apertissime
2227 1224 2609 1281 convincuntur
2668 1235 2869 1287 aurium
2917 1238 3143 1306 judicio,
3205 1258 3306 1302 non
3355 1267 3416 1307 se

1848 1302 2043 1359 debere
2075 1323 2276 1375 ponere
2304 1315 2570 1380 ultimam,
2614 1321 2712 1374 nisi
2759 1340 2875 1392 qua:
2906 1302 3066 1395 ipsius
3107 1302 3261 1390 metri
3292 1340 3416 1408 jure

1846 1401 2004 1461 atque
2047 1401 2252 1454 ratione
2299 1406 2538 1469 ponenda
2580 1418 2684 1462 est.
2727 1412 2851 1466 Ilaec
2889 1429 3062 1472 amem
3092 1401 3416 1484 continuatio

1848 1485 1905 1537 lit
1930 1527 1944 1549 ,
1975 1503 2094 1541 cum
2128 1492 2244 1559 pedi
2276 1495 2403 1547 nihil
2455 1498 2678 1554 debetur
2709 1514 2923 1573 propter
2955 1513 3092 1576 quod
3134 1517 3290 1572 silere
3324 1537 3414 1576 co-

1844 1591 2049 1646 gantur.
2081 1582 2144 1634 ι).
2181 1585 2446 1655 Intelligo,
2479 1601 2528 1644 ct
2561 1604 2768 1660 gratum
2800 1597 2968 1652 habeo
2993 1607 3130 1670 quod
3155 1610 3274 1664 talia
3303 1613 3415 1680 pol-

1845 1667 2022 1724 liceris
2049 1677 2291 1742 exempla
2318 1718 2332 1742 ,
2374 1679 2564 1747 quibus
2595 1685 2791 1739 nullam
2849 1667 3075 1756 patiatur
3103 1667 3412 1756 sensus'in-

1839 1775 2052 1828 Jurtatn.

1913 1849 2142 1908 CAPUT
2191 1855 2279 1909 Ill.
2301 1887 2370 1896 —
2395 1858 2810 1929 Pyrrhicliiorum
2840 1879 3110 1926 metrorum
3154 1877 3278 1931 ordo
3302 1888 3347 1931 at

2498 1973 2755 2015 numerus.

1909 2041 1961 2092 4.
2001 2041 2074 2094 Μ.
2107 2047 2237 2114 Age,
2274 2064 2413 2103 nunc
2439 2052 2626 2107 ordine
2667 2057 2732 2110 de
2776 2057 2857 2113 his
2912 2078 3118 2133 quoque
3163 2072 3408 2126 renuntia

1840 2131 2158 2202 pyrrhichiis
2184 2156 2194 2189 :

2385 2232 2498 2289 Quid
2525 2235 2617 2282 erit
2639 2235 2781 2286 homo

2386 2293 2469 2362 gul
2494 2303 2619 2362 amat
2645 2298 2902 2362 hominem,

2385 2353 2427 2400 Si
2452 2365 2581 2404 aznet
2606 2358 2651 2403 in
2677 2371 2736 2406 eo

2387 2416 2569 2476 Fragile
2592 2427 2717 2479 quod
2742 2422 2851 2470 est?

2387 2482 2522 2538 Amet
2547 2478 2691 2538 igitur

2385 2537 2597 2602 anin‘xnm
2623 2540 2840 2602 hominis,

2382 2600 2434 2644 Et
2459 2600 2550 2646 erit
2575 2600 2715 2648 homo

2383 2657 2564 2719 Aliquid
2590 2675 2769 2712 amans.

1907 2727 2038 2794 Quid
2071 2732 2181 2786 haec
2207 2735 2491 2791 videntur?
2524 2740 2587 2793 D.
2626 2745 2757 2808 Quid
2783 2748 2878 2802 nisi
2906 2754 3214 2811 suavissime
3241 2764 3405 2827 atque

1743 2855 1760 2868 .
1835 2817 2174 2890 integerrime
2198 2831 2454 2884 currere?
2484 2832 2558 2883 Μ.
2584 2837 2716 2898 Quid
2747 2838 2882 2892 ista?

2353 2926 2507 2987 Bonus
2531 2924 2623 2987 erit
2644 2937 2792 2987 amor,

2351 2983 2511 3028 Anima
2538 2986 2656 3031 bona
2680 2987 2760 3034 sit:

2354 3047 2491 3090 Antor
2517 3045 2762 3104 inhabitat,

2351 3106 2401 3150 Et
2423 3107 2577 3152 anima
2599 3107 2780 3156 domus.

2348 3169 2413 3226 lla
2436 3167 2565 3213 bene
2589 3166 2618 3212 Ιι
2635 3169 2784 3226 ibitat,

2350 3224 2431 3289 Ubi
2456 3228 2577 3289 bona
2600 3224 2794 3289 domus;

2351 3286 2434 3333 L‘bi
2451 3288 2590 3346 mala,
2615 3289 2757 3338 male.

1906 3355 1968 3409 υ.
2000 3358 2169 3414 Etiam
2223 3364 2316 3417 ista
2355 3371 2656 3423 continuata
2707 3374 3013 3431 suavissime
3065 3379 3282 3450 accipio.
3311 3381 3391 3439 Ι.

1829 3445 1977 3504 Nunc
2004 3457 2110 3506 tres
2129 3455 2289 3508 semis
2317 3458 2500 3526 pedes,
2534 3461 2652 3515 vide
2685 3479 2697 3512 :

2343 3551 2538 3599 Animus
2559 3551 2763 3602 hominis
2787 3564 2864 3605 est

2352 3611 2462 3658 hala
2488 3617 2671 3662 boaare
2694 3617 2896 3675 agitans.

2348 3675 2470 3739 bona
2497 3675 2659 3739 voluit,
2689 3678 2862 3739 hauet;

2343 3733 2461 3781 Itala
2489 3734 2654 3795 voluit,
2680 3739 2828 3787 hauet

1895 3806 1962 3860 D.
1999 3809 2120 3865 llam
2143 3829 2350 3883 quoque
2378 3817 2684 3883 interposito
2714 3824 2865 3876 llltillS
2885 3827 3137 3891 temporis
3157 3828 3388 3895 silentio.

1817 3897 2050 3966 jurunda
2083 3914 2223 3958 sunt.
2260 3905 2333 3957 Μ.
2391 3907 2694 3976 Sequuntur
2722 3923 2944 3980 quatuor
2990 3917 3127 3983 pleni
3175 3918 3386 3986 pyrrhi-

1823 3992 1964 4056 chii;
1995 3996 2089 4049 hos
2133 3997 2333 4065 accipe,
2364 4009 2413 4050 ιιι
2437 3999 2652 4064 jndica:

2337 4091 2528 4155 Animus
2550 4093 2750 4140 hominis
2770 4095 2868 4155 agit

2333 4155 2386 4199 Ut
2413 4152 2468 4198 ha
2491 4161 2584 4200 teat
2610 4167 2664 4199 ra
2692 4152 2829 4212 tona’,

2534 4215 2765 4276 inhanitot
2789 4215 2947 4276 homo,

2337 4271 2452 4319 nihil
2479 4275 2543 4321 i..i
2567 4275 2812 4323 metuitur.

1892 4349 1958 4401 ι).
2007 4350 2060 4404 1η
2107 4349 2190 4404 his
2224 4368 2432 4421 quoque
2460 4365 2604 4409 certa
2643 4367 2694 4409 et
2724 4357 2952 4422 jucunda
2999 4374 3245 4414 mensura
3277 4371 3379 4418 est.

1825 4438 1901 4493 Μ.
1938 4443 2070 4498 AuJi
2109 4443 2219 4512 jam
2259 4460 2398 4499 nunc
2426 4463 2615 4502 novem
2658 4449 2888 4516 syllabas
2917 4451 3144 4517 breves;
3172 4452 3295 4507 audi
3327 4463 3383 4510 et

1816 4530 1991 4600 judica
2012 4550 2023 4586 :

1881 4633 1883 4635 ‘
2238 4633 2385 4694 Homo
2406 4627 2557 4694 malus
2577 4637 2703 4680 amat
2726 4637 2772 4680 et
2798 4638 2940 4694 eget;

2240 4688 2384 4753 Malus
2406 4691 2586 4753 etenim
2612 4704 2668 4739 ea
2695 4695 2816 4741 bona
2831 4688 2982 4753 imm,

2239 4748 2354 4795 λιιι]
2381 4752 2459 4797 ubi
2485 4753 2624 4800 saziat
2649 4766 2777 4800 eum.

1889 4824 1954 4878 υ.
1984 4825 2171 4882 Prome
2198 4844 2336 4882 nunc
2364 4834 2591 4900 quinth
2620 4835 2968 4902 pyrrhichius.
3000 4835 3078 4891 Μ.

2231 4921 2447 4968 ιεγῑυιιιι
2480 4921 2643 4984 ragilia
2668 4926 2807 4984 bona,

2233 4985 2316 5038 Qui
2341 4990 2467 5031 amat
2491 4983 2648 5040 homo,
2665 4983 2884 5035 similiter
2898 4987 3061 5038 habet.

1881 5057 1948 5112 D.
1975 5059 2089 5114 Jam
2138 5061 2237 5116 hoc
2285 5072 2366 5116 sat
2405 5076 2520 5132 est,
2570 5077 2622 5121 ct
2653 5070 2854 5136 probo;
2887 5087 3024 5126 nunc
3055 5072 3187 5128 addc
3213 5077 3374 5129 semi-

1806 5149 2016 5219 pedem.
2049 5151 2124 5205 Η.
2157 5154 2364 5208 Faciant
2393 5175 2408 5210 :

2233 5253 2357 5308 Vaga
2379 5246 2502 5314 levia
2527 5247 2711 5311 fragilia
2735 5253 2893 5314 bona,“

2228 5316 2310 5365 Qui
2335 5317 2461 5357 amat
2483 5311 2641 5371 homo,
2665 5314 2833 5366 similis
2855 5311 2947 5367 erit
2971 5320 3056 5366 eis.

1874 5386 1944 5439 Β.
1971 5388 2113 5442 Bene
2138 5404 2353 5458 prorsus
2380 5409 2392 5453 ;
2424 5402 2474 5447 ci
2495 5408 2586 5447 sex
2609 5395 2717 5464 jam
2743 5409 2990 5466 ettspecto
3017 5396 3361 5468 pyrrhichios.

173 5472 223 5532 D.
245 5477 345 5534 Hoc
385 5495 515 5535 sane
544 5481 799 5551 liquidum
838 5492 996 5548 atque
1041 5483 1298 5552 integrum
1329 5498 1427 5542 est.
1463 5490 1539 5544 Μ.
1587 5493 1697 5548 lloc

1870 5518 1884 5533 .
1919 5481 1980 5534 Et
2010 5481 2105 5536 llos
2131 5481 2249 5536 audi
2284 5502 2296 5536 :

164 5585 268 5641 ergo
299 5589 394 5627 nos
415 5575 762 5628 observemus
799 5588 1012 5645 propter
1037 5579 1251 5631 nmsicaa
1297 5581 1649 5639 sinceritatem
1675 5627 1690 5652 ,

155 5666 272 5736 quod
295 5676 459 5734 poetae
487 5682 590 5721 non
633 5668 914 5723 observant
938 5680 1148 5738 prepti-r
1175 5672 1470 5726 facilitath
1499 5691 1694 5731 canen-

151 5757 230 5811 di:
256 5765 309 5810 ut
330 5759 536 5825 quoties
555 5799 572 5821 ,
601 5759 826 5826 exempli
857 5775 1008 5813 (anisi
1035 5801 1050 5824 ,
1083 5763 1232 5815 nobis
1259 5780 1474 5820 necesse
1497 5783 1576 5822 ρει
1599 5769 1692 5822 ali-

149 5863 239 5924 qua
263 5860 423 5902 metra
459 5850 792 5917 interponere
811 5890 824 5909 .
861 5852 910 5904 in
939 5851 1127 5921 quibus
1156 5855 1284 5910 nihil
1314 5857 1532 5914 debetur
1571 5861 1689 5932 pedi

313 5943 534 6007 Sacr.
590 5947 866 6009 Auensr.
918 5947 944 6009 Ι

2224 5577 2347 5635 Viga
2373 5572 2574 5624 loricula
2598 5575 2777 5637 fragilia
2799 5577 2938 5637 bona,

2222 5642 2304 5692 Qui
2329 5637 2513 5685 adamat
2537 5635 2693 5692 homo,
2717 5635 2883 5684 similis
2906 5637 2997 5684 erit
3019 5636 3106 5685 eis.

1872 5714 1940 5770 D.
1965 5714 2105 5771 Sitis
2133 5729 2206 5770 est
2243 5735 2255 5772 :
2303 5719 2436 5769 adde
2474 5719 2809 5785 semipedem.
2845 5717 2920 5772 Μ.

2222 5809 2379 5858 FluiJa
2406 5811 2605 5859 loricula
2647 5811 2811 5869 ragilia
2835 5813 2957 5859 bona

2221 5879 2332 5928 Qttc:
2354 5873 2540 5920 adamat
2561 5873 2730 5926 intima,
2755 5871 2924 5920 similis
2949 5873 3042 5924 erit
3061 5872 3150 5926 eis.

2513 5967 2542 6032 ί
2553 5958 2970 6035 Tremo-six.)
