  <div class='ocr_page' id='page_1' title='image "/cluster/home/n/w/nwhite01/storage/ocr_20150623/32/uva.x000669813/577.png"; bbox 0 0 3804 6390; ppageno 0'>
   <div class='ocr_carea' id='block_1_1' title="bbox 439 480 579 540">
    <p class='ocr_par' dir='ltr' id='par_1_1' title="bbox 439 480 579 540">
     <span class='ocr_line' id='line_1_1' title="bbox 439 480 579 540; baseline -0.014 0"><span class='ocrx_word' id='word_1_1' title='bbox 439 480 579 540; x_wconf 76' lang='grc'><strong>1153</strong></span> 
     </span>
    </p>
   </div>
   <div class='ocr_carea' id='block_1_2' title="bbox 435 570 2024 667">
    <p class='ocr_par' dir='ltr' id='par_1_2' title="bbox 435 570 2024 667">
     <span class='ocr_line' id='line_1_2' title="bbox 435 570 2024 667; baseline -0.022 -8"><span class='ocrx_word' id='word_1_2' title='bbox 435 618 557 660; x_wconf 88' lang='lat' dir='ltr'><strong>cum</strong></span> <span class='ocrx_word' id='word_1_3' title='bbox 606 613 672 653; x_wconf 86' lang='lat' dir='ltr'><strong>eo</strong></span> <span class='ocrx_word' id='word_1_4' title='bbox 715 610 872 667; x_wconf 85' lang='lat' dir='ltr'><strong>posse</strong></span> <span class='ocrx_word' id='word_1_5' title='bbox 906 594 1094 647; x_wconf 84' lang='lat' dir='ltr'><strong>omnes</strong></span> <span class='ocrx_word' id='word_1_6' title='bbox 1133 599 1319 643; x_wconf 74' lang='lat' dir='ltr'><strong>sentem</strong></span> <span class='ocrx_word' id='word_1_7' title='bbox 1348 591 1644 651; x_wconf 76' lang='lat' dir='ltr'><strong>mapornm</strong></span> <span class='ocrx_word' id='word_1_8' title='bbox 1685 574 1881 667; x_wconf 77' lang='lat' dir='ltr'><strong>pedes,</strong></span> <span class='ocrx_word' id='word_1_9' title='bbox 1919 570 2024 626; x_wconf 89' lang='lat' dir='ltr'><strong>erit</strong></span> 
     </span>
    </p>
   </div>
   <div class='ocr_carea' id='block_1_3' title="bbox 442 664 2023 765">
    <p class='ocr_par' dir='ltr' id='par_1_3' title="bbox 442 664 2023 765">
     <span class='ocr_line' id='line_1_3' title="bbox 442 664 2023 765; baseline -0.02 -16"><span class='ocrx_word' id='word_1_10' title='bbox 442 702 561 765; x_wconf 89' lang='lat' dir='ltr'><strong>post</strong></span> <span class='ocrx_word' id='word_1_11' title='bbox 589 664 885 745; x_wconf 26' lang='lat' dir='ltr'><strong>enm‘lncus</strong></span> <span class='ocrx_word' id='word_1_12' title='bbox 917 693 969 735; x_wconf 86' lang='lat' dir='ltr'><strong>ct</strong></span> <span class='ocrx_word' id='word_1_13' title='bbox 997 677 1201 738; x_wconf 88' lang='lat' dir='ltr'><strong>iambo,</strong></span> <span class='ocrx_word' id='word_1_14' title='bbox 1232 684 1287 730; x_wconf 89' lang='lat' dir='ltr'><strong>et</strong></span> <span class='ocrx_word' id='word_1_15' title='bbox 1317 675 1416 727; x_wconf 98' lang='lat' dir='ltr'><strong>tria</strong></span> <span class='ocrx_word' id='word_1_16' title='bbox 1444 683 1681 740; x_wconf 88' lang='lat' dir='ltr'><strong>tempora</strong></span> <span class='ocrx_word' id='word_1_17' title='bbox 1704 664 1906 765; x_wconf 72' lang='lat' dir='ltr'><strong>silenda</strong></span> <span class='ocrx_word' id='word_1_18' title='bbox 1921 677 2023 765; x_wconf 41' lang='lat' dir='ltr'><strong>‘re-</strong></span> 
     </span>
    </p>
   </div>
   <div class='ocr_carea' id='block_1_4' title="bbox 443 754 2022 840">
    <p class='ocr_par' dir='ltr' id='par_1_4' title="bbox 443 754 2022 840">
     <span class='ocr_line' id='line_1_4' title="bbox 443 754 2022 840; baseline -0.018 -1"><span class='ocrx_word' id='word_1_19' title='bbox 443 754 769 840; x_wconf 74' lang='lat' dir='ltr'><strong>manebunt;</strong></span> <span class='ocrx_word' id='word_1_20' title='bbox 799 775 895 829; x_wconf 87' lang='lat' dir='ltr'><strong>crit</strong></span> <span class='ocrx_word' id='word_1_21' title='bbox 927 780 981 827; x_wconf 90' lang='lat' dir='ltr'><strong>et</strong></span> <span class='ocrx_word' id='word_1_22' title='bbox 1008 770 1206 824; x_wconf 82' lang='lat' dir='ltr'><strong>cretico</strong></span> <span class='ocrx_word' id='word_1_23' title='bbox 1228 808 1245 834; x_wconf 88' lang='lat'><strong>,</strong></span> <span class='ocrx_word' id='word_1_24' title='bbox 1276 775 1330 820; x_wconf 80' lang='lat' dir='ltr'><strong>ct</strong></span> <span class='ocrx_word' id='word_1_25' title='bbox 1375 777 1537 819; x_wconf 90' lang='lat' dir='ltr'><strong>unum</strong></span> <span class='ocrx_word' id='word_1_26' title='bbox 1589 759 1879 820; x_wconf 81' lang='lat' dir='ltr'><strong>tacebitur;</strong></span> <span class='ocrx_word' id='word_1_27' title='bbox 1921 754 2022 810; x_wconf 87' lang='lat' dir='ltr'><strong>hac</strong></span> 
     </span>
    </p>
   </div>
   <div class='ocr_carea' id='block_1_5' title="bbox 441 845 2016 930">
    <p class='ocr_par' dir='ltr' id='par_1_5' title="bbox 441 845 2016 930">
     <span class='ocr_line' id='line_1_5' title="bbox 441 845 2016 930; baseline -0.02 0"><span class='ocrx_word' id='word_1_28' title='bbox 441 872 747 930; x_wconf 85' lang='lat' dir='ltr'><strong>conditione</strong></span> <span class='ocrx_word' id='word_1_29' title='bbox 776 865 875 920; x_wconf 77' lang='lat' dir='ltr'><strong>erit</strong></span> <span class='ocrx_word' id='word_1_30' title='bbox 900 872 956 917; x_wconf 90' lang='lat' dir='ltr'><strong>et</strong></span> <span class='ocrx_word' id='word_1_31' title='bbox 978 858 1219 914; x_wconf 78' lang='lat' dir='ltr'><strong>bacchio.</strong></span> <span class='ocrx_word' id='word_1_32' title='bbox 1256 858 1323 910; x_wconf 78' lang='lat' dir='ltr'><strong>At</strong></span> <span class='ocrx_word' id='word_1_33' title='bbox 1354 856 1398 908; x_wconf 89' lang='lat' dir='ltr'><strong>si</strong></span> <span class='ocrx_word' id='word_1_34' title='bbox 1446 854 1500 907; x_wconf 90' lang='lat' dir='ltr'><strong>in</strong></span> <span class='ocrx_word' id='word_1_35' title='bbox 1524 851 1656 906; x_wconf 89' lang='lat' dir='ltr'><strong>duas</strong></span> <span class='ocrx_word' id='word_1_36' title='bbox 1680 849 1870 903; x_wconf 78' lang='lat' dir='ltr'><strong>breves</strong></span> <span class='ocrx_word' id='word_1_37' title='bbox 1908 845 2016 914; x_wconf 83' lang='lat' dir='ltr'><strong>pri-</strong></span> 
     </span>
    </p>
   </div>
   <div class='ocr_carea' id='block_1_6' title="bbox 439 937 2022 1023">
    <p class='ocr_par' dir='ltr' id='par_1_6' title="bbox 439 937 2022 1023">
     <span class='ocr_line' id='line_1_6' title="bbox 439 937 2022 1023; baseline -0.02 -1"><span class='ocrx_word' id='word_1_38' title='bbox 439 981 582 1023; x_wconf 85' lang='lat' dir='ltr'><strong>mam</strong></span> <span class='ocrx_word' id='word_1_39' title='bbox 610 958 814 1020; x_wconf 89' lang='lat' dir='ltr'><strong>cretici,</strong></span> <span class='ocrx_word' id='word_1_40' title='bbox 846 965 898 1011; x_wconf 89' lang='lat' dir='ltr'><strong>et</strong></span> <span class='ocrx_word' id='word_1_41' title='bbox 925 949 1217 1009; x_wconf 71' lang='lat' dir='ltr'><strong>secundam</strong></span> <span class='ocrx_word' id='word_1_42' title='bbox 1245 944 1450 1002; x_wconf 88' lang='lat' dir='ltr'><strong>baechii</strong></span> <span class='ocrx_word' id='word_1_43' title='bbox 1474 941 1813 1004; x_wconf 66' lang='lat' dir='ltr'><strong>solverimus,</strong></span> <span class='ocrx_word' id='word_1_44' title='bbox 1841 937 1936 993; x_wconf 86' lang='lat' dir='ltr'><strong>erit</strong></span> <span class='ocrx_word' id='word_1_45' title='bbox 1964 944 2022 992; x_wconf 91' lang='lat' dir='ltr'><strong>et</strong></span> 
     </span>
    </p>
   </div>
   <div class='ocr_carea' id='block_1_7' title="bbox 439 1028 2019 1131">
    <p class='ocr_par' dir='ltr' id='par_1_7' title="bbox 439 1028 2019 1131">
     <span class='ocr_line' id='line_1_7' title="bbox 439 1028 2019 1131; baseline -0.02 -15"><span class='ocrx_word' id='word_1_46' title='bbox 439 1058 614 1131; x_wconf 68' lang='grc' dir='ltr'><strong>νει-οιιὶ</strong></span> <span class='ocrx_word' id='word_1_47' title='bbox 642 1063 850 1126; x_wconf 77' lang='lat' dir='ltr'><strong>quarto.</strong></span> <span class='ocrx_word' id='word_1_48' title='bbox 877 1048 1029 1117; x_wconf 77' lang='lat' dir='ltr'><strong>Quod</strong></span> <span class='ocrx_word' id='word_1_49' title='bbox 1059 1054 1234 1100; x_wconf 86' lang='lat' dir='ltr'><strong>autem</strong></span> <span class='ocrx_word' id='word_1_50' title='bbox 1262 1042 1328 1096; x_wconf 89' lang='lat' dir='ltr'><strong>de</strong></span> <span class='ocrx_word' id='word_1_51' title='bbox 1358 1038 1624 1131; x_wconf 71' lang='lat' dir='ltr'><strong>nnilosso,</strong></span> <span class='ocrx_word' id='word_1_52' title='bbox 1655 1033 1706 1131; x_wconf 67' lang='lat' dir='ltr'><strong>id</strong></span> <span class='ocrx_word' id='word_1_53' title='bbox 1746 1032 1908 1088; x_wconf 84' lang='lat' dir='ltr'><strong>etiam</strong></span> <span class='ocrx_word' id='word_1_54' title='bbox 1950 1028 2019 1085; x_wconf 87' lang='lat' dir='ltr'><strong>de</strong></span> 
     </span>
    </p>
   </div>
   <div class='ocr_carea' id='block_1_8' title="bbox 437 1123 2021 1209">
    <p class='ocr_par' dir='ltr' id='par_1_8' title="bbox 437 1123 2021 1209">
     <span class='ocr_line' id='line_1_8' title="bbox 437 1123 2021 1209; baseline -0.02 -3"><span class='ocrx_word' id='word_1_55' title='bbox 437 1123 646 1206; x_wconf 77' lang='lat' dir='ltr'><strong>caeteris</strong></span> <span class='ocrx_word' id='word_1_56' title='bbox 663 1123 769 1201; x_wconf 75' lang='lat' dir='ltr'><strong>sex</strong></span> <span class='ocrx_word' id='word_1_57' title='bbox 804 1152 1102 1209; x_wconf 85' lang='lat' dir='ltr'><strong>temporqu</strong></span> <span class='ocrx_word' id='word_1_58' title='bbox 1133 1132 1360 1204; x_wconf 90' lang='lat' dir='ltr'><strong>pedibus</strong></span> <span class='ocrx_word' id='word_1_59' title='bbox 1387 1126 1635 1182; x_wconf 79' lang='lat' dir='ltr'><strong>dixerim.</strong></span> <span class='ocrx_word' id='word_1_60' title='bbox 1666 1123 1783 1179; x_wconf 80' lang='lat' dir='ltr'><strong>lam</strong></span> <span class='ocrx_word' id='word_1_61' title='bbox 1833 1134 2021 1192; x_wconf 85' lang='lat' dir='ltr'><strong>prooe-</strong></span> 
     </span>
    </p>
   </div>
   <div class='ocr_carea' id='block_1_9' title="bbox 437 1220 2020 1297">
    <p class='ocr_par' dir='ltr' id='par_1_9' title="bbox 437 1220 2020 1297">
     <span class='ocr_line' id='line_1_9' title="bbox 437 1220 2020 1297; baseline -0.02 -1"><span class='ocrx_word' id='word_1_62' title='bbox 437 1240 775 1297; x_wconf 89' lang='lat' dir='ltr'><strong>leumaticum</strong></span> <span class='ocrx_word' id='word_1_63' title='bbox 830 1233 1060 1287; x_wconf 89' lang='lat' dir='ltr'><strong>arbitror</strong></span> <span class='ocrx_word' id='word_1_64' title='bbox 1085 1226 1150 1281; x_wconf 87' lang='lat' dir='ltr'><strong>ad</strong></span> <span class='ocrx_word' id='word_1_65' title='bbox 1181 1232 1405 1280; x_wconf 85' lang='lat' dir='ltr'><strong>ca-teros</strong></span> <span class='ocrx_word' id='word_1_66' title='bbox 1431 1220 1518 1290; x_wconf 94' lang='lat' dir='ltr'><strong>qui</strong></span> <span class='ocrx_word' id='word_1_67' title='bbox 1548 1226 1775 1286; x_wconf 91' lang='lat' dir='ltr'><strong>quatuor</strong></span> <span class='ocrx_word' id='word_1_68' title='bbox 1816 1224 2020 1283; x_wconf 76' lang='lat' dir='ltr'><strong>tempo-</strong></span> 
     </span>
    </p>
   </div>
   <div class='ocr_carea' id='block_1_10' title="bbox 438 1308 2019 1392">
    <p class='ocr_par' dir='ltr' id='par_1_10' title="bbox 438 1308 2019 1392">
     <span class='ocr_line' id='line_1_10' title="bbox 438 1308 2019 1392; baseline -0.019 -2"><span class='ocrx_word' id='word_1_69' title='bbox 438 1336 588 1392; x_wconf 80' lang='lat' dir='ltr'><strong>ribus</strong></span> <span class='ocrx_word' id='word_1_70' title='bbox 612 1334 892 1391; x_wconf 92' lang='lat' dir='ltr'><strong>constant,</strong></span> <span class='ocrx_word' id='word_1_71' title='bbox 922 1337 1041 1379; x_wconf 77' lang='lat' dir='ltr'><strong>esse</strong></span> <span class='ocrx_word' id='word_1_72' title='bbox 1064 1316 1405 1374; x_wconf 78' lang='lat' dir='ltr'><strong>referendum</strong></span> <span class='ocrx_word' id='word_1_73' title='bbox 1426 1355 1443 1373; x_wconf 89' lang='lat'><strong>.</strong></span> <span class='ocrx_word' id='word_1_74' title='bbox 1475 1312 1575 1367; x_wconf 86' lang='lat' dir='ltr'><strong>nisi</strong></span> <span class='ocrx_word' id='word_1_75' title='bbox 1600 1326 1719 1366; x_wconf 89' lang='lat' dir='ltr'><strong>cum</strong></span> <span class='ocrx_word' id='word_1_76' title='bbox 1747 1319 1856 1363; x_wconf 77' lang='lat' dir='ltr'><strong>tres</strong></span> <span class='ocrx_word' id='word_1_77' title='bbox 1897 1308 2019 1364; x_wconf 79' lang='lat' dir='ltr'><strong>bre-</strong></span> 
     </span>
    </p>
   </div>
   <div class='ocr_carea' id='block_1_11' title="bbox 436 1405 2016 1495">
    <p class='ocr_par' dir='ltr' id='par_1_11' title="bbox 436 1405 2016 1495">
     <span class='ocr_line' id='line_1_11' title="bbox 436 1405 2016 1495; baseline -0.018 -14"><span class='ocrx_word' id='word_1_78' title='bbox 436 1442 531 1481; x_wconf 80' lang='lat' dir='ltr'><strong>ves</strong></span> <span class='ocrx_word' id='word_1_79' title='bbox 557 1431 679 1495; x_wconf 88' lang='lat' dir='ltr'><strong>post</strong></span> <span class='ocrx_word' id='word_1_80' title='bbox 705 1435 825 1477; x_wconf 90' lang='lat' dir='ltr'><strong>eum</strong></span> <span class='ocrx_word' id='word_1_81' title='bbox 852 1418 1105 1471; x_wconf 87' lang='lat' dir='ltr'><strong>locamus.</strong></span> <span class='ocrx_word' id='word_1_82' title='bbox 1140 1409 1291 1477; x_wconf 84' lang='lat' dir='ltr'><strong>Quod</strong></span> <span class='ocrx_word' id='word_1_83' title='bbox 1323 1410 1391 1461; x_wconf 92' lang='lat' dir='ltr'><strong>ita</strong></span> <span class='ocrx_word' id='word_1_84' title='bbox 1418 1415 1502 1461; x_wconf 87' lang='lat' dir='ltr'><strong>est</strong></span> <span class='ocrx_word' id='word_1_85' title='bbox 1524 1419 1589 1460; x_wconf 89' lang='lat' dir='ltr'><strong>ac</strong></span> <span class='ocrx_word' id='word_1_86' title='bbox 1613 1405 1659 1459; x_wconf 90' lang='lat' dir='ltr'><strong>si</strong></span> <span class='ocrx_word' id='word_1_87' title='bbox 1687 1411 2016 1495; x_wconf 66' lang='lat' dir='ltr'><strong>anapmstnm</strong></span> 
     </span>
    </p>
   </div>
   <div class='ocr_carea' id='block_1_12' title="bbox 439 1493 2018 1580">
    <p class='ocr_par' dir='ltr' id='par_1_12' title="bbox 439 1493 2018 1580">
     <span class='ocr_line' id='line_1_12' title="bbox 439 1493 2018 1580; baseline -0.018 -7"><span class='ocrx_word' id='word_1_88' title='bbox 439 1493 678 1572; x_wconf 78' lang='lat' dir='ltr'><strong>locemus</strong></span> <span class='ocrx_word' id='word_1_89' title='bbox 698 1553 713 1575; x_wconf 91' lang='lat'><strong>,</strong></span> <span class='ocrx_word' id='word_1_90' title='bbox 742 1516 959 1580; x_wconf 85' lang='lat' dir='ltr'><strong>propter</strong></span> <span class='ocrx_word' id='word_1_91' title='bbox 979 1504 1219 1558; x_wconf 89' lang='lat' dir='ltr'><strong>ultimam</strong></span> <span class='ocrx_word' id='word_1_92' title='bbox 1240 1499 1495 1570; x_wconf 85' lang='lat' dir='ltr'><strong>syllabam</strong></span> <span class='ocrx_word' id='word_1_93' title='bbox 1520 1511 1638 1566; x_wconf 70' lang='lat' dir='ltr'><strong>qum</strong></span> <span class='ocrx_word' id='word_1_94' title='bbox 1661 1509 1780 1549; x_wconf 90' lang='lat' dir='ltr'><strong>cum</strong></span> <span class='ocrx_word' id='word_1_95' title='bbox 1807 1493 2018 1547; x_wconf 85' lang='lat' dir='ltr'><strong>silentio</strong></span> 
     </span>
    </p>
   </div>
   <div class='ocr_carea' id='block_1_13' title="bbox 436 1584 2018 1675">
    <p class='ocr_par' dir='ltr' id='par_1_13' title="bbox 436 1584 2018 1675">
     <span class='ocr_line' id='line_1_13' title="bbox 436 1584 2018 1675; baseline -0.016 -13"><span class='ocrx_word' id='word_1_96' title='bbox 436 1608 597 1675; x_wconf 78' lang='lat' dir='ltr'><strong>longa</strong></span> <span class='ocrx_word' id='word_1_97' title='bbox 622 1601 789 1671; x_wconf 86' lang='lat' dir='ltr'><strong>accipi</strong></span> <span class='ocrx_word' id='word_1_98' title='bbox 824 1597 979 1651; x_wconf 75' lang='lat' dir='ltr'><strong>solet.</strong></span> <span class='ocrx_word' id='word_1_99' title='bbox 1029 1592 1208 1647; x_wconf 82' lang='lat' dir='ltr'><strong>Primo</strong></span> <span class='ocrx_word' id='word_1_100' title='bbox 1235 1605 1361 1643; x_wconf 74' lang='lat' dir='ltr'><strong>vero</strong></span> <span class='ocrx_word' id='word_1_101' title='bbox 1386 1587 1602 1656; x_wconf 78' lang='lat' dir='ltr'><strong>epitrito</strong></span> <span class='ocrx_word' id='word_1_102' title='bbox 1638 1584 1843 1639; x_wconf 78' lang='lat' dir='ltr'><strong>iambus</strong></span> <span class='ocrx_word' id='word_1_103' title='bbox 1872 1589 2018 1637; x_wconf 76' lang='lat' dir='ltr'><strong>recte</strong></span> 
     </span>
    </p>
   </div>
   <div class='ocr_carea' id='block_1_14' title="bbox 436 1680 2017 1767">
    <p class='ocr_par' dir='ltr' id='par_1_14' title="bbox 436 1680 2017 1767">
     <span class='ocr_line' id='line_1_14' title="bbox 436 1680 2017 1767; baseline -0.018 -14"><span class='ocrx_word' id='word_1_104' title='bbox 436 1694 807 1767; x_wconf 70' lang='lat' dir='ltr'><strong>subiungitur,</strong></span> <span class='ocrx_word' id='word_1_105' title='bbox 835 1698 887 1744; x_wconf 90' lang='lat' dir='ltr'><strong>et</strong></span> <span class='ocrx_word' id='word_1_106' title='bbox 940 1684 1188 1739; x_wconf 82' lang='lat' dir='ltr'><strong>bacchius</strong></span> <span class='ocrx_word' id='word_1_107' title='bbox 1222 1689 1277 1735; x_wconf 82' lang='lat' dir='ltr'><strong>ct</strong></span> <span class='ocrx_word' id='word_1_108' title='bbox 1320 1680 1549 1735; x_wconf 81' lang='lat' dir='ltr'><strong>cretirus</strong></span> <span class='ocrx_word' id='word_1_109' title='bbox 1578 1685 1631 1731; x_wconf 83' lang='lat' dir='ltr'><strong>ct</strong></span> <span class='ocrx_word' id='word_1_110' title='bbox 1659 1690 1808 1745; x_wconf 59' lang='lat' dir='ltr'><strong>paron</strong></span> <span class='ocrx_word' id='word_1_111' title='bbox 1854 1688 2017 1767; x_wconf 78' lang='lat' dir='ltr'><strong>quar-</strong></span> 
     </span>
    </p>
   </div>
   <div class='ocr_carea' id='block_1_15' title="bbox 438 1763 2019 1844">
    <p class='ocr_par' dir='ltr' id='par_1_15' title="bbox 438 1763 2019 1844">
     <span class='ocr_line' id='line_1_15' title="bbox 438 1763 2019 1844; baseline -0.018 0"><span class='ocrx_word' id='word_1_112' title='bbox 438 1763 551 1844; x_wconf 44' lang='lat' dir='ltr'><strong>tus:</strong></span> <span class='ocrx_word' id='word_1_113' title='bbox 589 1786 701 1842; x_wconf 80' lang='lat' dir='ltr'><strong>Hoc</strong></span> <span class='ocrx_word' id='word_1_114' title='bbox 738 1781 937 1835; x_wconf 90' lang='lat' dir='ltr'><strong>dictum</strong></span> <span class='ocrx_word' id='word_1_115' title='bbox 984 1777 1053 1829; x_wconf 88' lang='lat' dir='ltr'><strong>sit</strong></span> <span class='ocrx_word' id='word_1_116' title='bbox 1093 1784 1145 1828; x_wconf 87' lang='lat' dir='ltr'><strong>et</strong></span> <span class='ocrx_word' id='word_1_117' title='bbox 1182 1773 1249 1827; x_wconf 90' lang='lat' dir='ltr'><strong>de</strong></span> <span class='ocrx_word' id='word_1_118' title='bbox 1277 1768 1544 1830; x_wconf 73' lang='lat' dir='ltr'><strong>Secundo,</strong></span> <span class='ocrx_word' id='word_1_119' title='bbox 1569 1777 1625 1821; x_wconf 91' lang='lat' dir='ltr'><strong>ut</strong></span> <span class='ocrx_word' id='word_1_120' title='bbox 1653 1776 1890 1836; x_wconf 84' lang='lat' dir='ltr'><strong>tempora</strong></span> <span class='ocrx_word' id='word_1_121' title='bbox 1943 1763 2019 1818; x_wconf 89' lang='lat' dir='ltr'><strong>si-</strong></span> 
     </span>
    </p>
   </div>
   <div class='ocr_carea' id='block_1_16' title="bbox 437 1857 2018 1940">
    <p class='ocr_par' dir='ltr' id='par_1_16' title="bbox 437 1857 2018 1940">
     <span class='ocr_line' id='line_1_16' title="bbox 437 1857 2018 1940; baseline -0.016 -6"><span class='ocrx_word' id='word_1_122' title='bbox 437 1881 647 1934; x_wconf 86' lang='lat' dir='ltr'><strong>leantur</strong></span> <span class='ocrx_word' id='word_1_123' title='bbox 683 1880 774 1926; x_wconf 89' lang='lat' dir='ltr'><strong>attt</strong></span> <span class='ocrx_word' id='word_1_124' title='bbox 819 1879 1087 1940; x_wconf 79' lang='lat' dir='ltr'><strong>quatuor,</strong></span> <span class='ocrx_word' id='word_1_125' title='bbox 1108 1875 1199 1920; x_wconf 88' lang='lat' dir='ltr'><strong>aut</strong></span> <span class='ocrx_word' id='word_1_126' title='bbox 1237 1863 1361 1917; x_wconf 88' lang='lat' dir='ltr'><strong>duo.</strong></span> <span class='ocrx_word' id='word_1_127' title='bbox 1397 1862 1540 1915; x_wconf 90' lang='lat' dir='ltr'><strong>Duos</strong></span> <span class='ocrx_word' id='word_1_128' title='bbox 1565 1867 1740 1914; x_wconf 89' lang='lat' dir='ltr'><strong>autem</strong></span> <span class='ocrx_word' id='word_1_129' title='bbox 1785 1857 2018 1926; x_wconf 88' lang='lat' dir='ltr'><strong>reliquos</strong></span> 
     </span>
    </p>
   </div>
   <div class='ocr_carea' id='block_1_17' title="bbox 439 1947 2018 2037">
    <p class='ocr_par' dir='ltr' id='par_1_17' title="bbox 439 1947 2018 2037">
     <span class='ocr_line' id='line_1_17' title="bbox 439 1947 2018 2037; baseline -0.014 -15"><span class='ocrx_word' id='word_1_130' title='bbox 439 1966 683 2037; x_wconf 82' lang='lat' dir='ltr'><strong>epitritos</strong></span> <span class='ocrx_word' id='word_1_131' title='bbox 711 1970 855 2017; x_wconf 83' lang='lat' dir='ltr'><strong>recte</strong></span> <span class='ocrx_word' id='word_1_132' title='bbox 895 1970 1113 2028; x_wconf 78' lang='lat' dir='ltr'><strong>possunt</strong></span> <span class='ocrx_word' id='word_1_133' title='bbox 1140 1952 1390 2023; x_wconf 74' lang='lat' dir='ltr'><strong>consequi</strong></span> <span class='ocrx_word' id='word_1_134' title='bbox 1420 1950 1686 2021; x_wconf 81' lang='lat' dir='ltr'><strong>spondeus</strong></span> <span class='ocrx_word' id='word_1_135' title='bbox 1724 1959 1777 2001; x_wconf 88' lang='lat' dir='ltr'><strong>et</strong></span> <span class='ocrx_word' id='word_1_136' title='bbox 1818 1947 2018 2002; x_wconf 85' lang='lat' dir='ltr'><strong>molos-</strong></span> 
     </span>
    </p>
   </div>
   <div class='ocr_carea' id='block_1_18' title="bbox 438 2038 2015 2121">
    <p class='ocr_par' dir='ltr' id='par_1_18' title="bbox 438 2038 2015 2121">
     <span class='ocr_line' id='line_1_18' title="bbox 438 2038 2015 2121; baseline -0.013 -10"><span class='ocrx_word' id='word_1_137' title='bbox 438 2072 569 2111; x_wconf 89' lang='lat' dir='ltr'><strong>sus:</strong></span> <span class='ocrx_word' id='word_1_138' title='bbox 596 2055 666 2109; x_wconf 88' lang='lat' dir='ltr'><strong>ita</strong></span> <span class='ocrx_word' id='word_1_139' title='bbox 701 2061 761 2106; x_wconf 90' lang='lat' dir='ltr'><strong>ut</strong></span> <span class='ocrx_word' id='word_1_140' title='bbox 807 2051 1032 2121; x_wconf 87' lang='lat' dir='ltr'><strong>primam</strong></span> <span class='ocrx_word' id='word_1_141' title='bbox 1057 2043 1276 2114; x_wconf 57' lang='lat' dir='ltr'><strong>spondei</strong></span> <span class='ocrx_word' id='word_1_142' title='bbox 1303 2083 1318 2108; x_wconf 93' lang='lat'><strong>,</strong></span> <span class='ocrx_word' id='word_1_143' title='bbox 1366 2052 1415 2097; x_wconf 90' lang='lat' dir='ltr'><strong>et</strong></span> <span class='ocrx_word' id='word_1_144' title='bbox 1449 2041 1671 2109; x_wconf 87' lang='lat' dir='ltr'><strong>primam</strong></span> <span class='ocrx_word' id='word_1_145' title='bbox 1698 2038 1783 2093; x_wconf 87' lang='lat' dir='ltr'><strong>vel</strong></span> <span class='ocrx_word' id='word_1_146' title='bbox 1823 2052 2015 2092; x_wconf 81' lang='lat' dir='ltr'><strong>secun-</strong></span> 
     </span>
    </p>
   </div>
   <div class='ocr_carea' id='block_1_19' title="bbox 438 2126 2016 2203">
    <p class='ocr_par' dir='ltr' id='par_1_19' title="bbox 438 2126 2016 2203">
     <span class='ocr_line' id='line_1_19' title="bbox 438 2126 2016 2203; baseline -0.015 0"><span class='ocrx_word' id='word_1_147' title='bbox 438 2148 561 2203; x_wconf 86' lang='lat' dir='ltr'><strong>dam</strong></span> <span class='ocrx_word' id='word_1_148' title='bbox 592 2143 808 2199; x_wconf 88' lang='lat' dir='ltr'><strong>molossi</strong></span> <span class='ocrx_word' id='word_1_149' title='bbox 857 2142 906 2194; x_wconf 93' lang='lat' dir='ltr'><strong>iu</strong></span> <span class='ocrx_word' id='word_1_150' title='bbox 937 2139 1069 2191; x_wconf 87' lang='lat' dir='ltr'><strong>duas</strong></span> <span class='ocrx_word' id='word_1_151' title='bbox 1121 2136 1310 2189; x_wconf 87' lang='lat' dir='ltr'><strong>breves</strong></span> <span class='ocrx_word' id='word_1_152' title='bbox 1338 2133 1547 2187; x_wconf 86' lang='lat' dir='ltr'><strong>solvere</strong></span> <span class='ocrx_word' id='word_1_153' title='bbox 1584 2132 1763 2184; x_wconf 77' lang='lat' dir='ltr'><strong>liceat.</strong></span> <span class='ocrx_word' id='word_1_154' title='bbox 1796 2128 1932 2197; x_wconf 79' lang='lat' dir='ltr'><strong>Ergo</strong></span> <span class='ocrx_word' id='word_1_155' title='bbox 1962 2126 2016 2180; x_wconf 90' lang='lat' dir='ltr'><strong>in</strong></span> 
     </span>
    </p>
   </div>
   <div class='ocr_carea' id='block_1_20' title="bbox 442 2220 2013 2295">
    <p class='ocr_par' dir='ltr' id='par_1_20' title="bbox 442 2220 2013 2295">
     <span class='ocr_line' id='line_1_20' title="bbox 442 2220 2013 2295; baseline -0.015 -1"><span class='ocrx_word' id='word_1_156' title='bbox 442 2240 527 2294; x_wconf 88' lang='lat' dir='ltr'><strong>his</strong></span> <span class='ocrx_word' id='word_1_157' title='bbox 574 2235 757 2292; x_wconf 88' lang='lat' dir='ltr'><strong>metris</strong></span> <span class='ocrx_word' id='word_1_158' title='bbox 796 2242 887 2287; x_wconf 87' lang='lat' dir='ltr'><strong>aut</strong></span> <span class='ocrx_word' id='word_1_159' title='bbox 924 2231 1020 2286; x_wconf 84' lang='lat' dir='ltr'><strong>tria</strong></span> <span class='ocrx_word' id='word_1_160' title='bbox 1070 2237 1343 2295; x_wconf 88' lang='lat' dir='ltr'><strong>tempora,</strong></span> <span class='ocrx_word' id='word_1_161' title='bbox 1393 2234 1483 2279; x_wconf 85' lang='lat' dir='ltr'><strong>aut</strong></span> <span class='ocrx_word' id='word_1_162' title='bbox 1525 2238 1687 2276; x_wconf 90' lang='lat' dir='ltr'><strong>unum</strong></span> <span class='ocrx_word' id='word_1_163' title='bbox 1736 2220 2013 2276; x_wconf 84' lang='lat' dir='ltr'><strong>tacebitur.</strong></span> 
     </span>
    </p>
   </div>
   <div class='ocr_carea' id='block_1_21' title="bbox 440 2314 2017 2395">
    <p class='ocr_par' dir='ltr' id='par_1_21' title="bbox 440 2314 2017 2395">
     <span class='ocr_line' id='line_1_21' title="bbox 440 2314 2017 2395; baseline -0.011 -12"><span class='ocrx_word' id='word_1_164' title='bbox 440 2326 773 2395; x_wconf 77' lang='lat' dir='ltr'><strong>Dispondeus</strong></span> <span class='ocrx_word' id='word_1_165' title='bbox 812 2330 1008 2385; x_wconf 88' lang='lat' dir='ltr'><strong>restat,</strong></span> <span class='ocrx_word' id='word_1_166' title='bbox 1040 2329 1159 2390; x_wconf 91' lang='lat' dir='ltr'><strong>post</strong></span> <span class='ocrx_word' id='word_1_167' title='bbox 1187 2333 1344 2387; x_wconf 90' lang='lat' dir='ltr'><strong>quem</strong></span> <span class='ocrx_word' id='word_1_168' title='bbox 1389 2316 1433 2369; x_wconf 87' lang='lat' dir='ltr'><strong>si</strong></span> <span class='ocrx_word' id='word_1_169' title='bbox 1475 2314 1810 2384; x_wconf 87' lang='lat' dir='ltr'><strong>posuerimus</strong></span> <span class='ocrx_word' id='word_1_170' title='bbox 1851 2328 2017 2382; x_wconf 85' lang='lat' dir='ltr'><strong>spon-</strong></span> 
     </span>
    </p>
   </div>
   <div class='ocr_carea' id='block_1_22' title="bbox 439 2404 2013 2488">
    <p class='ocr_par' dir='ltr' id='par_1_22' title="bbox 439 2404 2013 2488">
     <span class='ocr_line' id='line_1_22' title="bbox 439 2404 2013 2488; baseline -0.012 -13"><span class='ocrx_word' id='word_1_171' title='bbox 439 2420 621 2485; x_wconf 86' lang='lat' dir='ltr'><strong>deum,</strong></span> <span class='ocrx_word' id='word_1_172' title='bbox 653 2426 879 2488; x_wconf 87' lang='lat' dir='ltr'><strong>quatuor</strong></span> <span class='ocrx_word' id='word_1_173' title='bbox 905 2424 1142 2484; x_wconf 63' lang='lat' dir='ltr'><strong>tempora</strong></span> <span class='ocrx_word' id='word_1_174' title='bbox 1174 2408 1378 2464; x_wconf 84' lang='lat' dir='ltr'><strong>silenda</strong></span> <span class='ocrx_word' id='word_1_175' title='bbox 1400 2414 1590 2469; x_wconf 89' lang='lat' dir='ltr'><strong>erunt;</strong></span> <span class='ocrx_word' id='word_1_176' title='bbox 1619 2405 1664 2459; x_wconf 90' lang='lat' dir='ltr'><strong>si</strong></span> <span class='ocrx_word' id='word_1_177' title='bbox 1684 2404 1973 2458; x_wconf 83' lang='lat' dir='ltr'><strong>molossutn</strong></span> <span class='ocrx_word' id='word_1_178' title='bbox 1997 2442 2013 2469; x_wconf 95' lang='lat'><strong>,</strong></span> 
     </span>
    </p>
   </div>
   <div class='ocr_carea' id='block_1_23' title="bbox 436 2494 2019 2576">
    <p class='ocr_par' dir='ltr' id='par_1_23' title="bbox 436 2494 2019 2576">
     <span class='ocr_line' id='line_1_23' title="bbox 436 2494 2019 2576; baseline -0.013 -8"><span class='ocrx_word' id='word_1_179' title='bbox 436 2512 576 2576; x_wconf 91' lang='lat' dir='ltr'><strong>duo,</strong></span> <span class='ocrx_word' id='word_1_180' title='bbox 612 2517 859 2563; x_wconf 90' lang='lat' dir='ltr'><strong>manente</strong></span> <span class='ocrx_word' id='word_1_181' title='bbox 902 2504 1111 2559; x_wconf 77' lang='lat' dir='ltr'><strong>licentia</strong></span> <span class='ocrx_word' id='word_1_182' title='bbox 1136 2499 1374 2556; x_wconf 80' lang='lat' dir='ltr'><strong>solvendi</strong></span> <span class='ocrx_word' id='word_1_183' title='bbox 1406 2500 1615 2567; x_wconf 78' lang='lat' dir='ltr'><strong>longam</strong></span> <span class='ocrx_word' id='word_1_184' title='bbox 1645 2496 1696 2550; x_wconf 91' lang='lat' dir='ltr'><strong>in</strong></span> <span class='ocrx_word' id='word_1_185' title='bbox 1724 2496 1855 2549; x_wconf 88' lang='lat' dir='ltr'><strong>duas</strong></span> <span class='ocrx_word' id='word_1_186' title='bbox 1898 2494 2019 2548; x_wconf 89' lang='lat' dir='ltr'><strong>bre-</strong></span> 
     </span>
    </p>
   </div>
   <div class='ocr_carea' id='block_1_24' title="bbox 434 2586 2015 2670">
    <p class='ocr_par' dir='ltr' id='par_1_24' title="bbox 434 2586 2015 2670">
     <span class='ocr_line' id='line_1_24' title="bbox 434 2586 2015 2670; baseline -0.011 -13"><span class='ocrx_word' id='word_1_187' title='bbox 434 2618 571 2670; x_wconf 86' lang='lat' dir='ltr'><strong>ves,</strong></span> <span class='ocrx_word' id='word_1_188' title='bbox 602 2602 686 2656; x_wconf 90' lang='lat' dir='ltr'><strong>vel</strong></span> <span class='ocrx_word' id='word_1_189' title='bbox 740 2600 792 2653; x_wconf 93' lang='lat' dir='ltr'><strong>in</strong></span> <span class='ocrx_word' id='word_1_190' title='bbox 846 2596 1116 2667; x_wconf 66' lang='lat' dir='ltr'><strong>spondeo,</strong></span> <span class='ocrx_word' id='word_1_191' title='bbox 1156 2593 1241 2647; x_wconf 89' lang='lat' dir='ltr'><strong>vel</strong></span> <span class='ocrx_word' id='word_1_192' title='bbox 1277 2592 1327 2645; x_wconf 91' lang='lat' dir='ltr'><strong>in</strong></span> <span class='ocrx_word' id='word_1_193' title='bbox 1376 2590 1640 2653; x_wconf 84' lang='lat' dir='ltr'><strong>molosso,</strong></span> <span class='ocrx_word' id='word_1_194' title='bbox 1671 2596 1891 2656; x_wconf 78' lang='lat' dir='ltr'><strong>excepta</strong></span> <span class='ocrx_word' id='word_1_195' title='bbox 1930 2586 2015 2641; x_wconf 90' lang='lat' dir='ltr'><strong>ul-</strong></span> 
     </span>
    </p>
   </div>
   <div class='ocr_carea' id='block_1_25' title="bbox 436 2676 2017 2759">
    <p class='ocr_par' dir='ltr' id='par_1_25' title="bbox 436 2676 2017 2759">
     <span class='ocr_line' id='line_1_25' title="bbox 436 2676 2017 2759; baseline -0.013 -9"><span class='ocrx_word' id='word_1_196' title='bbox 436 2695 587 2749; x_wconf 88' lang='lat' dir='ltr'><strong>tima.</strong></span> <span class='ocrx_word' id='word_1_197' title='bbox 619 2691 796 2745; x_wconf 86' lang='lat' dir='ltr'><strong>llabes</strong></span> <span class='ocrx_word' id='word_1_198' title='bbox 821 2688 963 2759; x_wconf 92' lang='lat' dir='ltr'><strong>quod</strong></span> <span class='ocrx_word' id='word_1_199' title='bbox 988 2702 1075 2741; x_wconf 88' lang='lat' dir='ltr'><strong>me</strong></span> <span class='ocrx_word' id='word_1_200' title='bbox 1113 2696 1397 2740; x_wconf 78' lang='lat' dir='ltr'><strong>excurrere</strong></span> <span class='ocrx_word' id='word_1_201' title='bbox 1421 2678 1655 2735; x_wconf 84' lang='lat' dir='ltr'><strong>voluisti.</strong></span> <span class='ocrx_word' id='word_1_202' title='bbox 1681 2677 1792 2733; x_wconf 84' lang='lat' dir='ltr'><strong>Nisi</strong></span> <span class='ocrx_word' id='word_1_203' title='bbox 1820 2676 2017 2748; x_wconf 87' lang='lat' dir='ltr'><strong>aliquid</strong></span> 
     </span>
    </p>
   </div>
   <div class='ocr_carea' id='block_1_26' title="bbox 436 2780 1303 2848">
    <p class='ocr_par' dir='ltr' id='par_1_26' title="bbox 436 2780 1303 2848">
     <span class='ocr_line' id='line_1_26' title="bbox 436 2780 1303 2848; baseline -0.015 -8"><span class='ocrx_word' id='word_1_204' title='bbox 436 2790 573 2841; x_wconf 78' lang='lat' dir='ltr'><strong>forte</strong></span> <span class='ocrx_word' id='word_1_205' title='bbox 595 2780 923 2838; x_wconf 76' lang='lat' dir='ltr'><strong>emendabis.</strong></span> <span class='ocrx_word' id='word_1_206' title='bbox 1292 2836 1303 2848; x_wconf 82' lang='lat'>_</span> 
     </span>
    </p>
   </div>
   <div class='ocr_carea' id='block_1_27' title="bbox 437 2861 1976 2938">
    <p class='ocr_par' dir='ltr' id='par_1_27' title="bbox 437 2861 1976 2938">
     <span class='ocr_line' id='line_1_27' title="bbox 437 2861 1976 2938; baseline -0.013 -5"><span class='ocrx_word' id='word_1_207' title='bbox 437 2874 662 2932; x_wconf 80' lang='lat' dir='ltr'><strong>CAPUT</strong></span> <span class='ocrx_word' id='word_1_208' title='bbox 701 2872 792 2927; x_wconf 74' lang='lat' dir='ltr'><strong>XI.</strong></span> <span class='ocrx_word' id='word_1_209' title='bbox 816 2901 886 2911; x_wconf 98' lang='lat'><strong><em>—</em></strong></span> <span class='ocrx_word' id='word_1_210' title='bbox 913 2869 1120 2923; x_wconf 83' lang='lat' dir='ltr'><strong>lumbus</strong></span> <span class='ocrx_word' id='word_1_211' title='bbox 1146 2875 1258 2938; x_wconf 76' lang='lat' dir='ltr'><strong>post</strong></span> <span class='ocrx_word' id='word_1_212' title='bbox 1286 2865 1569 2919; x_wconf 83' lang='lat' dir='ltr'><strong>dichorium</strong></span> <span class='ocrx_word' id='word_1_213' title='bbox 1597 2862 1725 2917; x_wconf 75' lang='lat' dir='ltr'><strong>male</strong></span> <span class='ocrx_word' id='word_1_214' title='bbox 1754 2861 1976 2933; x_wconf 75' lang='lat' dir='ltr'><strong>ponitur.</strong></span> 
     </span>
    </p>
   </div>
   <div class='ocr_carea' id='block_1_28' title="bbox 509 2951 2015 3027">
    <p class='ocr_par' dir='ltr' id='par_1_28' title="bbox 509 2951 2015 3027">
     <span class='ocr_line' id='line_1_28' title="bbox 509 2951 2015 3027; baseline -0.011 -6"><span class='ocrx_word' id='word_1_215' title='bbox 509 2966 595 3022; x_wconf 75' lang='grc'><strong>12.</strong></span> <span class='ocrx_word' id='word_1_216' title='bbox 633 2964 710 3019; x_wconf 81' lang='grc' dir='ltr'><strong>Μ.</strong></span> <span class='ocrx_word' id='word_1_217' title='bbox 756 2964 866 3018; x_wconf 84' lang='lat' dir='ltr'><strong>luto</strong></span> <span class='ocrx_word' id='word_1_218' title='bbox 895 2978 997 3015; x_wconf 88' lang='lat' dir='ltr'><strong>nou</strong></span> <span class='ocrx_word' id='word_1_219' title='bbox 1030 2975 1149 3027; x_wconf 82' lang='lat' dir='ltr'><strong>ego,</strong></span> <span class='ocrx_word' id='word_1_220' title='bbox 1179 2958 1271 3013; x_wconf 85' lang='lat' dir='ltr'><strong>sed</strong></span> <span class='ocrx_word' id='word_1_221' title='bbox 1303 2968 1379 3022; x_wconf 89' lang='lat' dir='ltr'><strong>tu,</strong></span> <span class='ocrx_word' id='word_1_222' title='bbox 1426 2973 1547 3010; x_wconf 87' lang='lat' dir='ltr'><strong>cunt</strong></span> <span class='ocrx_word' id='word_1_223' title='bbox 1571 2971 1751 3010; x_wconf 69' lang='lat' dir='ltr'><strong>aurem</strong></span> <span class='ocrx_word' id='word_1_224' title='bbox 1778 2953 1842 3007; x_wconf 87' lang='lat' dir='ltr'><strong>ad</strong></span> <span class='ocrx_word' id='word_1_225' title='bbox 1868 2951 2015 3021; x_wconf 83' lang='lat' dir='ltr'><strong>judi-</strong></span> 
     </span>
    </p>
   </div>
   <div class='ocr_carea' id='block_1_29' title="bbox 438 3042 2019 3119">
    <p class='ocr_par' dir='ltr' id='par_1_29' title="bbox 438 3042 2019 3119">
     <span class='ocr_line' id='line_1_29' title="bbox 438 3042 2019 3119; baseline -0.009 -7"><span class='ocrx_word' id='word_1_226' title='bbox 438 3052 664 3114; x_wconf 50' lang='lat' dir='ltr'><strong>can&#39;tlum</strong></span> <span class='ocrx_word' id='word_1_227' title='bbox 691 3052 995 3109; x_wconf 85' lang='lat' dir='ltr'><strong>adhibueris</strong></span> <span class='ocrx_word' id='word_1_228' title='bbox 1027 3068 1040 3103; x_wconf 89' lang='lat'><strong>:</strong></span> <span class='ocrx_word' id='word_1_229' title='bbox 1071 3065 1189 3104; x_wconf 85' lang='lat' dir='ltr'><strong>nam</strong></span> <span class='ocrx_word' id='word_1_230' title='bbox 1214 3063 1396 3119; x_wconf 81' lang='lat' dir='ltr'><strong>quer</strong></span> <span class='ocrx_word' id='word_1_231' title='bbox 1424 3064 1453 3102; x_wconf 87' lang='lat' dir='ltr'><strong>a</strong></span> <span class='ocrx_word' id='word_1_232' title='bbox 1483 3057 1553 3111; x_wconf 93' lang='lat' dir='ltr'><strong>te,</strong></span> <span class='ocrx_word' id='word_1_233' title='bbox 1586 3057 1759 3099; x_wconf 88' lang='lat' dir='ltr'><strong>utrum</strong></span> <span class='ocrx_word' id='word_1_234' title='bbox 1786 3060 1907 3099; x_wconf 91' lang='lat' dir='ltr'><strong>cum</strong></span> <span class='ocrx_word' id='word_1_235' title='bbox 1937 3042 2019 3098; x_wconf 84' lang='lat' dir='ltr'><strong>di-</strong></span> 
     </span>
    </p>
   </div>
   <div class='ocr_carea' id='block_1_30' title="bbox 438 3136 1993 3218">
    <p class='ocr_par' dir='ltr' id='par_1_30' title="bbox 438 3136 1993 3218">
     <span class='ocr_line' id='line_1_30' title="bbox 438 3136 1993 3218; baseline -0.012 -13"><span class='ocrx_word' id='word_1_236' title='bbox 438 3165 505 3205; x_wconf 91' lang='lat' dir='ltr'><strong>co</strong></span> <span class='ocrx_word' id='word_1_237' title='bbox 533 3158 585 3204; x_wconf 91' lang='lat' dir='ltr'><strong>et</strong></span> <span class='ocrx_word' id='word_1_238' title='bbox 633 3145 829 3218; x_wconf 88' lang='lat' dir='ltr'><strong>plaudo</strong></span> <span class='ocrx_word' id='word_1_239' title='bbox 873 3143 1008 3198; x_wconf 80' lang='lat' dir='ltr'><strong>istud</strong></span> <span class='ocrx_word' id='word_1_240' title='bbox 1037 3153 1283 3198; x_wconf 85' lang='lat' dir='ltr'><strong>metrum.</strong></span> <span class='ocrx_word' id='word_1_241' title='bbox 1323 3138 1478 3194; x_wconf 83' lang='lat' dir='ltr'><strong>Verus</strong></span> <span class='ocrx_word' id='word_1_242' title='bbox 1521 3136 1993 3208; x_wconf 78' lang='lat' dir='ltr'><strong>optimus;etboc,</strong></span> 
     </span>
    </p>
   </div>
   <div class='ocr_carea' id='block_1_31' title="bbox 449 3229 2019 3308">
    <p class='ocr_par' dir='ltr' id='par_1_31' title="bbox 449 3229 2019 3308">
     <span class='ocr_line' id='line_1_31' title="bbox 449 3229 2019 3308; baseline -0.008 -13"><span class='ocrx_word' id='word_1_243' title='bbox 449 3238 608 3295; x_wconf 83' lang='lat' dir='ltr'><strong>Verus</strong></span> <span class='ocrx_word' id='word_1_244' title='bbox 636 3240 972 3308; x_wconf 85' lang='lat' dir='ltr'><strong>optimorum;</strong></span> <span class='ocrx_word' id='word_1_245' title='bbox 999 3234 1194 3297; x_wconf 86' lang='lat' dir='ltr'><strong>ethoc,</strong></span> <span class='ocrx_word' id='word_1_246' title='bbox 1241 3231 1470 3284; x_wconf 75' lang='lat' dir='ltr'><strong>Veritatis</strong></span> <span class='ocrx_word' id='word_1_247' title='bbox 1490 3231 1635 3299; x_wconf 83' lang='lat' dir='ltr'><strong>inops</strong></span> <span class='ocrx_word' id='word_1_248' title='bbox 1659 3247 1676 3283; x_wconf 89' lang='lat'><strong><em>:</em></strong></span> <span class='ocrx_word' id='word_1_249' title='bbox 1702 3238 1804 3283; x_wconf 84' lang='lat' dir='ltr'><strong>tatu</strong></span> <span class='ocrx_word' id='word_1_250' title='bbox 1827 3229 2019 3298; x_wconf 86' lang='lat' dir='ltr'><strong>jucun-</strong></span> 
     </span>
    </p>
   </div>
   <div class='ocr_carea' id='block_1_32' title="bbox 442 3317 2022 3394">
    <p class='ocr_par' dir='ltr' id='par_1_32' title="bbox 442 3317 2022 3394">
     <span class='ocr_line' id='line_1_32' title="bbox 442 3317 2022 3394; baseline -0.008 -9"><span class='ocrx_word' id='word_1_251' title='bbox 442 3330 512 3385; x_wconf 89' lang='lat' dir='ltr'><strong>de</strong></span> <span class='ocrx_word' id='word_1_252' title='bbox 535 3329 633 3383; x_wconf 85' lang='lat' dir='ltr'><strong>boc</strong></span> <span class='ocrx_word' id='word_1_253' title='bbox 663 3328 875 3381; x_wconf 88' lang='lat' dir='ltr'><strong>tertium</strong></span> <span class='ocrx_word' id='word_1_254' title='bbox 903 3341 1057 3394; x_wconf 86' lang='lat' dir='ltr'><strong>quam</strong></span> <span class='ocrx_word' id='word_1_255' title='bbox 1088 3324 1173 3377; x_wconf 87' lang='lat' dir='ltr'><strong>illa</strong></span> <span class='ocrx_word' id='word_1_256' title='bbox 1204 3321 1475 3390; x_wconf 78' lang='lat' dir='ltr'><strong>superiora</strong></span> <span class='ocrx_word' id='word_1_257' title='bbox 1507 3331 1624 3374; x_wconf 86' lang='lat' dir='ltr'><strong>tuus</strong></span> <span class='ocrx_word' id='word_1_258' title='bbox 1653 3336 1841 3375; x_wconf 81' lang='lat' dir='ltr'><strong>sensus</strong></span> <span class='ocrx_word' id='word_1_259' title='bbox 1883 3317 2022 3373; x_wconf 88' lang='lat' dir='ltr'><strong>acci-</strong></span> 
     </span>
    </p>
   </div>
   <div class='ocr_carea' id='block_1_33' title="bbox 440 3410 2024 3489">
    <p class='ocr_par' dir='ltr' id='par_1_33' title="bbox 440 3410 2024 3489">
     <span class='ocr_line' id='line_1_33' title="bbox 440 3410 2024 3489; baseline -0.005 -17"><span class='ocrx_word' id='word_1_260' title='bbox 440 3419 588 3489; x_wconf 72' lang='lat' dir='ltr'><strong>piat;</strong></span> <span class='ocrx_word' id='word_1_261' title='bbox 625 3415 763 3485; x_wconf 92' lang='lat' dir='ltr'><strong>quod</strong></span> <span class='ocrx_word' id='word_1_262' title='bbox 791 3430 853 3470; x_wconf 87' lang='lat' dir='ltr'><strong>ea</strong></span> <span class='ocrx_word' id='word_1_263' title='bbox 881 3412 1189 3483; x_wconf 65' lang='lat' dir='ltr'><strong>repetendo,</strong></span> <span class='ocrx_word' id='word_1_264' title='bbox 1212 3424 1263 3465; x_wconf 84' lang='lat' dir='ltr'><strong>et</strong></span> <span class='ocrx_word' id='word_1_265' title='bbox 1287 3426 1405 3465; x_wconf 87' lang='lat' dir='ltr'><strong>cum</strong></span> <span class='ocrx_word' id='word_1_266' title='bbox 1430 3410 1619 3465; x_wconf 85' lang='lat' dir='ltr'><strong>debitis</strong></span> <span class='ocrx_word' id='word_1_267' title='bbox 1640 3411 1861 3465; x_wconf 60' lang='lat' dir='ltr'><strong>silenliis</strong></span> <span class='ocrx_word' id='word_1_268' title='bbox 1885 3411 2024 3479; x_wconf 87' lang='lat' dir='ltr'><strong>plau-</strong></span> 
     </span>
    </p>
   </div>
   <div class='ocr_carea' id='block_1_34' title="bbox 441 3500 2021 3574">
    <p class='ocr_par' dir='ltr' id='par_1_34' title="bbox 441 3500 2021 3574">
     <span class='ocr_line' id='line_1_34' title="bbox 441 3500 2021 3574; baseline -0.005 -11"><span class='ocrx_word' id='word_1_269' title='bbox 441 3508 619 3563; x_wconf 89' lang='lat' dir='ltr'><strong>dendo</strong></span> <span class='ocrx_word' id='word_1_270' title='bbox 642 3503 1084 3574; x_wconf 83' lang='lat' dir='ltr'><strong>facilejndicabit.</strong></span> <span class='ocrx_word' id='word_1_271' title='bbox 1111 3502 1176 3555; x_wconf 84' lang='grc' dir='ltr'><strong>υ.</strong></span> <span class='ocrx_word' id='word_1_272' title='bbox 1208 3500 1534 3555; x_wconf 79' lang='lat' dir='ltr'><strong>Manifestum</strong></span> <span class='ocrx_word' id='word_1_273' title='bbox 1566 3502 1803 3571; x_wconf 87' lang='lat' dir='ltr'><strong>estquod</strong></span> <span class='ocrx_word' id='word_1_274' title='bbox 1829 3502 2021 3571; x_wconf 89' lang='lat' dir='ltr'><strong>jucun-</strong></span> 
     </span>
    </p>
   </div>
   <div class='ocr_carea' id='block_1_35' title="bbox 440 3594 2019 3667">
    <p class='ocr_par' dir='ltr' id='par_1_35' title="bbox 440 3594 2019 3667">
     <span class='ocr_line' id='line_1_35' title="bbox 440 3594 2019 3667; baseline -0.006 -8"><span class='ocrx_word' id='word_1_275' title='bbox 440 3603 509 3659; x_wconf 85' lang='lat' dir='ltr'><strong>de</strong></span> <span class='ocrx_word' id='word_1_276' title='bbox 539 3603 648 3666; x_wconf 87' lang='lat' dir='ltr'><strong>illa,</strong></span> <span class='ocrx_word' id='word_1_277' title='bbox 697 3601 800 3655; x_wconf 86' lang='lat' dir='ltr'><strong>hoc</strong></span> <span class='ocrx_word' id='word_1_278' title='bbox 844 3598 1129 3667; x_wconf 71' lang='lat' dir='ltr'><strong>injttcunslc</strong></span> <span class='ocrx_word' id='word_1_279' title='bbox 1157 3596 1400 3664; x_wconf 69' lang='lat' dir='ltr'><strong>accipiat‘</strong></span> <span class='ocrx_word' id='word_1_280' title='bbox 1429 3635 1442 3648; x_wconf 95' lang='lat'><strong>.</strong></span> <span class='ocrx_word' id='word_1_281' title='bbox 1474 3594 1549 3648; x_wconf 73' lang='grc' dir='ltr'><strong>Μ.</strong></span> <span class='ocrx_word' id='word_1_282' title='bbox 1582 3594 1693 3649; x_wconf 85' lang='lat' dir='ltr'><strong>Non</strong></span> <span class='ocrx_word' id='word_1_283' title='bbox 1722 3611 1848 3665; x_wconf 55' lang='lat' dir='ltr'><strong>erga</strong></span> <span class='ocrx_word' id='word_1_284' title='bbox 1877 3604 2019 3650; x_wconf 89' lang='lat' dir='ltr'><strong>recte</strong></span> 
     </span>
    </p>
   </div>
   <div class='ocr_carea' id='block_1_36' title="bbox 441 3686 2021 3764">
    <p class='ocr_par' dir='ltr' id='par_1_36' title="bbox 441 3686 2021 3764">
     <span class='ocr_line' id='line_1_36' title="bbox 441 3686 2021 3764; baseline -0.006 -14"><span class='ocrx_word' id='word_1_285' title='bbox 441 3704 567 3764; x_wconf 86' lang='lat' dir='ltr'><strong>post</strong></span> <span class='ocrx_word' id='word_1_286' title='bbox 591 3691 887 3747; x_wconf 82' lang='lat' dir='ltr'><strong>dicliorinm</strong></span> <span class='ocrx_word' id='word_1_287' title='bbox 916 3690 1122 3743; x_wconf 86' lang='lat' dir='ltr'><strong>iambus</strong></span> <span class='ocrx_word' id='word_1_288' title='bbox 1149 3689 1380 3758; x_wconf 88' lang='lat' dir='ltr'><strong>ponitur.</strong></span> <span class='ocrx_word' id='word_1_289' title='bbox 1409 3686 1478 3742; x_wconf 82' lang='grc' dir='ltr'><strong>ι).</strong></span> <span class='ocrx_word' id='word_1_290' title='bbox 1513 3688 1583 3742; x_wconf 86' lang='lat' dir='ltr'><strong>Ita</strong></span> <span class='ocrx_word' id='word_1_291' title='bbox 1609 3696 1711 3742; x_wconf 89' lang='lat' dir='ltr'><strong>est.</strong></span> <span class='ocrx_word' id='word_1_292' title='bbox 1745 3687 1822 3742; x_wconf 83' lang='lat' dir='ltr'><strong>M.</strong></span> <span class='ocrx_word' id='word_1_293' title='bbox 1855 3686 2021 3742; x_wconf 81' lang='lat' dir='ltr'><strong>Recte</strong></span> 
     </span>
    </p>
   </div>
   <div class='ocr_carea' id='block_1_37' title="bbox 439 3779 2019 3854">
    <p class='ocr_par' dir='ltr' id='par_1_37' title="bbox 439 3779 2019 3854">
     <span class='ocr_line' id='line_1_37' title="bbox 439 3779 2019 3854; baseline -0.003 -14"><span class='ocrx_word' id='word_1_294' title='bbox 439 3797 617 3841; x_wconf 89' lang='lat' dir='ltr'><strong>autem</strong></span> <span class='ocrx_word' id='word_1_295' title='bbox 664 3783 786 3854; x_wconf 89' lang='lat' dir='ltr'><strong>poni</strong></span> <span class='ocrx_word' id='word_1_296' title='bbox 843 3796 997 3853; x_wconf 84' lang='lat' dir='ltr'><strong>posse</strong></span> <span class='ocrx_word' id='word_1_297' title='bbox 1034 3790 1150 3849; x_wconf 65' lang='lat' dir='ltr'><strong>post</strong></span> <span class='ocrx_word' id='word_1_298' title='bbox 1197 3789 1419 3834; x_wconf 58' lang='lat' dir='ltr'><strong>ca&#39;tcros</strong></span> <span class='ocrx_word' id='word_1_299' title='bbox 1466 3781 1753 3835; x_wconf 86' lang='lat' dir='ltr'><strong>assentitnr</strong></span> <span class='ocrx_word' id='word_1_300' title='bbox 1781 3779 2019 3850; x_wconf 77' lang='lat' dir='ltr'><strong>quisquis</strong></span> 
     </span>
    </p>
   </div>
   <div class='ocr_carea' id='block_1_38' title="bbox 441 3871 2020 3944">
    <p class='ocr_par' dir='ltr' id='par_1_38' title="bbox 441 3871 2020 3944">
     <span class='ocr_line' id='line_1_38' title="bbox 441 3871 2020 3944; baseline -0.005 -10"><span class='ocrx_word' id='word_1_301' title='bbox 441 3879 563 3934; x_wconf 69' lang='lat' dir='ltr'><strong>hmo</strong></span> <span class='ocrx_word' id='word_1_302' title='bbox 593 3886 759 3932; x_wconf 87' lang='lat' dir='ltr'><strong>metra</strong></span> <span class='ocrx_word' id='word_1_303' title='bbox 780 3890 900 3929; x_wconf 92' lang='lat' dir='ltr'><strong>cum</strong></span> <span class='ocrx_word' id='word_1_304' title='bbox 947 3873 1225 3943; x_wconf 88' lang='lat' dir='ltr'><strong>disciplina</strong></span> <span class='ocrx_word' id='word_1_305' title='bbox 1252 3871 1755 3944; x_wconf 84' lang='lat' dir='ltr'><strong>interponendornm</strong></span> <span class='ocrx_word' id='word_1_306' title='bbox 1775 3872 2020 3929; x_wconf 81' lang='lat' dir='ltr'><strong>silentio-</strong></span> 
     </span>
    </p>
   </div>
   <div class='ocr_carea' id='block_1_39' title="bbox 440 3968 883 4042">
    <p class='ocr_par' dir='ltr' id='par_1_39' title="bbox 440 3968 883 4042">
     <span class='ocr_line' id='line_1_39' title="bbox 440 3968 883 4042; baseline -0.018 -12"><span class='ocrx_word' id='word_1_307' title='bbox 440 3988 561 4030; x_wconf 89' lang='lat' dir='ltr'><strong>rum</strong></span> <span class='ocrx_word' id='word_1_308' title='bbox 589 3968 883 4042; x_wconf 59' lang='lat' dir='ltr'><strong>repetierit.</strong></span> 
     </span>
    </p>
   </div>
   <div class='ocr_carea' id='block_1_40' title="bbox 958 4056 1349 4108">
    <p class='ocr_par' dir='ltr' id='par_1_40' title="bbox 958 4056 1349 4108">
     <span class='ocr_line' id='line_1_40' title="bbox 958 4056 1349 4108; baseline 0 -3"><span class='ocrx_word' id='word_1_309' title='bbox 958 4056 1190 4108; x_wconf 74' lang='lat' dir='ltr'><strong>Fallacem</strong></span> <span class='ocrx_word' id='word_1_310' title='bbox 1212 4069 1349 4106; x_wconf 86' lang='lat' dir='ltr'><strong>cave.</strong></span> 
     </span>
    </p>
   </div>
   <div class='ocr_carea' id='block_1_41' title="bbox 957 4118 1443 4168">
    <p class='ocr_par' dir='ltr' id='par_1_41' title="bbox 957 4118 1443 4168">
     <span class='ocr_line' id='line_1_41' title="bbox 957 4118 1443 4168; baseline -0.004 0"><span class='ocrx_word' id='word_1_311' title='bbox 957 4118 1078 4168; x_wconf 68' lang='lat' dir='ltr'><strong>Male</strong></span> <span class='ocrx_word' id='word_1_312' title='bbox 1100 4128 1285 4167; x_wconf 75' lang='lat' dir='ltr'><strong>castum</strong></span> <span class='ocrx_word' id='word_1_313' title='bbox 1309 4129 1443 4168; x_wconf 80' lang='lat' dir='ltr'><strong>cave.</strong></span> 
     </span>
    </p>
   </div>
   <div class='ocr_carea' id='block_1_42' title="bbox 956 4180 1426 4243">
    <p class='ocr_par' dir='ltr' id='par_1_42' title="bbox 956 4180 1426 4243">
     <span class='ocr_line' id='line_1_42' title="bbox 956 4180 1426 4243; baseline -0.006 -13"><span class='ocrx_word' id='word_1_314' title='bbox 956 4180 1266 4243; x_wconf 77' lang='lat' dir='ltr'><strong>Ilutiloqnum</strong></span> <span class='ocrx_word' id='word_1_315' title='bbox 1289 4193 1426 4230; x_wconf 85' lang='lat' dir='ltr'><strong>cave.</strong></span> 
     </span>
    </p>
   </div>
   <div class='ocr_carea' id='block_1_43' title="bbox 954 4241 1356 4292">
    <p class='ocr_par' dir='ltr' id='par_1_43' title="bbox 954 4241 1356 4292">
     <span class='ocr_line' id='line_1_43' title="bbox 954 4241 1356 4292; baseline -0.007 0"><span class='ocrx_word' id='word_1_316' title='bbox 954 4241 1198 4292; x_wconf 72' lang='lat' dir='ltr'><strong>Fallaciam</strong></span> <span class='ocrx_word' id='word_1_317' title='bbox 1219 4254 1356 4292; x_wconf 87' lang='lat' dir='ltr'><strong>cave.</strong></span> 
     </span>
    </p>
   </div>
   <div class='ocr_carea' id='block_1_44' title="bbox 955 4302 1401 4354">
    <p class='ocr_par' dir='ltr' id='par_1_44' title="bbox 955 4302 1401 4354">
     <span class='ocr_line' id='line_1_44' title="bbox 955 4302 1401 4354; baseline 0.002 -3"><span class='ocrx_word' id='word_1_318' title='bbox 955 4307 1009 4354; x_wconf 78' lang='lat' dir='ltr'><strong>Et</strong></span> <span class='ocrx_word' id='word_1_319' title='bbox 1032 4302 1242 4352; x_wconf 77' lang='lat' dir='ltr'><strong>invidum</strong></span> <span class='ocrx_word' id='word_1_320' title='bbox 1266 4316 1401 4353; x_wconf 63' lang='lat' dir='ltr'><strong>(ave.</strong></span> 
     </span>
    </p>
   </div>
   <div class='ocr_carea' id='block_1_45' title="bbox 959 4364 1428 4415">
    <p class='ocr_par' dir='ltr' id='par_1_45' title="bbox 959 4364 1428 4415">
     <span class='ocr_line' id='line_1_45' title="bbox 959 4364 1428 4415; baseline -0.004 0"><span class='ocrx_word' id='word_1_321' title='bbox 959 4368 1012 4415; x_wconf 75' lang='lat' dir='ltr'><strong>Et</strong></span> <span class='ocrx_word' id='word_1_322' title='bbox 1035 4364 1271 4413; x_wconf 77' lang='lat' dir='ltr'><strong>inﬁrmum</strong></span> <span class='ocrx_word' id='word_1_323' title='bbox 1292 4376 1428 4415; x_wconf 66' lang='lat' dir='ltr'><strong>ave.</strong></span> 
     </span>
    </p>
   </div>
   <div class='ocr_carea' id='block_1_46' title="bbox 523 4446 2019 4517">
    <p class='ocr_par' dir='ltr' id='par_1_46' title="bbox 523 4446 2019 4517">
     <span class='ocr_line' id='line_1_46' title="bbox 523 4446 2019 4517; baseline -0.003 -10"><span class='ocrx_word' id='word_1_324' title='bbox 523 4451 596 4507; x_wconf 89' lang='lat' dir='ltr'><strong>D.</strong></span> <span class='ocrx_word' id='word_1_325' title='bbox 632 4450 814 4506; x_wconf 78' lang='lat' dir='ltr'><strong>Sentio</strong></span> <span class='ocrx_word' id='word_1_326' title='bbox 841 4446 982 4517; x_wconf 90' lang='lat' dir='ltr'><strong>quod</strong></span> <span class='ocrx_word' id='word_1_327' title='bbox 1028 4448 1183 4511; x_wconf 87' lang='lat' dir='ltr'><strong>dicis,</strong></span> <span class='ocrx_word' id='word_1_328' title='bbox 1222 4456 1274 4499; x_wconf 84' lang='lat' dir='ltr'><strong>et</strong></span> <span class='ocrx_word' id='word_1_329' title='bbox 1314 4447 1571 4515; x_wconf 85' lang='lat' dir='ltr'><strong>approbo.</strong></span> <span class='ocrx_word' id='word_1_330' title='bbox 1596 4446 1672 4500; x_wconf 78' lang='grc' dir='ltr'><strong>Μ.</strong></span> <span class='ocrx_word' id='word_1_331' title='bbox 1705 4447 1835 4502; x_wconf 76' lang='lat' dir='ltr'><strong>Vide</strong></span> <span class='ocrx_word' id='word_1_332' title='bbox 1860 4448 2019 4504; x_wconf 84' lang='lat' dir='ltr'><strong>etiam</strong></span> 
     </span>
    </p>
   </div>
   <div class='ocr_carea' id='block_1_47' title="bbox 441 4538 2023 4608">
    <p class='ocr_par' dir='ltr' id='par_1_47' title="bbox 441 4538 2023 4608">
     <span class='ocr_line' id='line_1_47' title="bbox 441 4538 2023 4608; baseline -0.004 -7"><span class='ocrx_word' id='word_1_333' title='bbox 441 4556 617 4602; x_wconf 90' lang='lat' dir='ltr'><strong>utrum</strong></span> <span class='ocrx_word' id='word_1_334' title='bbox 650 4553 701 4598; x_wconf 90' lang='lat' dir='ltr'><strong>te</strong></span> <span class='ocrx_word' id='word_1_335' title='bbox 725 4541 855 4595; x_wconf 90' lang='lat' dir='ltr'><strong>nihil</strong></span> <span class='ocrx_word' id='word_1_336' title='bbox 880 4538 1133 4601; x_wconf 72' lang='lat' dir='ltr'><strong>odendat,</strong></span> <span class='ocrx_word' id='word_1_337' title='bbox 1164 4552 1285 4593; x_wconf 91' lang='lat' dir='ltr'><strong>cum</strong></span> <span class='ocrx_word' id='word_1_338' title='bbox 1311 4538 1856 4608; x_wconf 81' lang='lat' dir='ltr'><strong>interpositoduorum</strong></span> <span class='ocrx_word' id='word_1_339' title='bbox 1888 4550 2023 4596; x_wconf 89' lang='lat' dir='ltr'><strong>tem-</strong></span> 
     </span>
    </p>
   </div>
   <div class='ocr_carea' id='block_1_48' title="bbox 443 4631 2019 4710">
    <p class='ocr_par' dir='ltr' id='par_1_48' title="bbox 443 4631 2019 4710">
     <span class='ocr_line' id='line_1_48' title="bbox 443 4631 2019 4710; baseline -0.001 -20"><span class='ocrx_word' id='word_1_340' title='bbox 443 4653 638 4710; x_wconf 84' lang='lat' dir='ltr'><strong>porum</strong></span> <span class='ocrx_word' id='word_1_341' title='bbox 668 4634 901 4697; x_wconf 77' lang='lat' dir='ltr'><strong>siientio,</strong></span> <span class='ocrx_word' id='word_1_342' title='bbox 933 4631 1033 4685; x_wconf 85' lang='lat' dir='ltr'><strong>hoc</strong></span> <span class='ocrx_word' id='word_1_343' title='bbox 1059 4640 1284 4685; x_wconf 87' lang='lat' dir='ltr'><strong>metrum</strong></span> <span class='ocrx_word' id='word_1_344' title='bbox 1303 4632 1584 4701; x_wconf 57' lang='lat' dir='ltr'><strong>repetitum</strong></span> <span class='ocrx_word' id='word_1_345' title='bbox 1611 4633 1867 4705; x_wconf 69' lang='lat' dir='ltr'><strong>intequale</strong></span> <span class='ocrx_word' id='word_1_346' title='bbox 1895 4648 2019 4704; x_wconf 85' lang='lat' dir='ltr'><strong>per-</strong></span> 
     </span>
    </p>
   </div>
   <div class='ocr_carea' id='block_1_49' title="bbox 446 4724 1458 4803">
    <p class='ocr_par' dir='ltr' id='par_1_49' title="bbox 446 4724 1458 4803">
     <span class='ocr_line' id='line_1_49' title="bbox 446 4724 1458 4803; baseline -0.006 -18"><span class='ocrx_word' id='word_1_347' title='bbox 446 4731 525 4802; x_wconf 71' lang='lat' dir='ltr'><strong>git</strong></span> <span class='ocrx_word' id='word_1_348' title='bbox 562 4731 611 4803; x_wconf 53' lang='grc' dir='ltr'>ἐ</span> <span class='ocrx_word' id='word_1_349' title='bbox 631 4727 766 4783; x_wconf 83' lang='grc' dir='ltr'>Νυιιι</span> <span class='ocrx_word' id='word_1_350' title='bbox 789 4726 931 4783; x_wconf 88' lang='lat' dir='ltr'><strong>enim</strong></span> <span class='ocrx_word' id='word_1_351' title='bbox 964 4725 1034 4779; x_wconf 91' lang='lat' dir='ltr'><strong>ita</strong></span> <span class='ocrx_word' id='word_1_352' title='bbox 1060 4734 1210 4779; x_wconf 85' lang='lat' dir='ltr'><strong>sonet</strong></span> <span class='ocrx_word' id='word_1_353' title='bbox 1232 4734 1290 4778; x_wconf 92' lang='lat' dir='ltr'><strong>nt</strong></span> <span class='ocrx_word' id='word_1_354' title='bbox 1313 4724 1458 4779; x_wconf 86' lang='lat' dir='ltr'><strong>ista?</strong></span> 
     </span>
    </p>
   </div>
   <div class='ocr_carea' id='block_1_50' title="bbox 926 4823 1377 4880">
    <p class='ocr_par' dir='ltr' id='par_1_50' title="bbox 926 4823 1377 4880">
     <span class='ocr_line' id='line_1_50' title="bbox 926 4823 1377 4880; baseline 0.011 -15"><span class='ocrx_word' id='word_1_355' title='bbox 926 4823 1135 4868; x_wconf 71' lang='lat' dir='ltr'><strong>V&#39;eraces</strong></span> <span class='ocrx_word' id='word_1_356' title='bbox 1153 4826 1377 4880; x_wconf 76' lang='lat' dir='ltr'><strong>regnant.</strong></span> 
     </span>
    </p>
   </div>
   <div class='ocr_carea' id='block_1_51' title="bbox 928 4880 1422 4942">
    <p class='ocr_par' dir='ltr' id='par_1_51' title="bbox 928 4880 1422 4942">
     <span class='ocr_line' id='line_1_51' title="bbox 928 4880 1422 4942; baseline 0.004 -16"><span class='ocrx_word' id='word_1_357' title='bbox 928 4880 1179 4942; x_wconf 45' lang='lat' dir='ltr'><strong>Sapientes</strong></span> <span class='ocrx_word' id='word_1_358' title='bbox 1201 4885 1422 4942; x_wconf 79' lang='lat' dir='ltr'><strong>regnant.</strong></span> 
     </span>
    </p>
   </div>
   <div class='ocr_carea' id='block_1_52' title="bbox 927 4938 1406 5003">
    <p class='ocr_par' dir='ltr' id='par_1_52' title="bbox 927 4938 1406 5003">
     <span class='ocr_line' id='line_1_52' title="bbox 927 4938 1406 5003; baseline 0.01 -19"><span class='ocrx_word' id='word_1_359' title='bbox 927 4938 1167 5003; x_wconf 60' lang='lat' dir='ltr'><strong>\‘érilorgui</strong></span> <span class='ocrx_word' id='word_1_360' title='bbox 1183 4938 1406 5003; x_wconf 65' lang='lat' dir='ltr'><strong>reg&#39;nant.</strong></span> 
     </span>
    </p>
   </div>
   <div class='ocr_carea' id='block_1_53' title="bbox 930 5001 1394 5063">
    <p class='ocr_par' dir='ltr' id='par_1_53' title="bbox 930 5001 1394 5063">
     <span class='ocr_line' id='line_1_53' title="bbox 930 5001 1394 5063; baseline 0.013 -17"><span class='ocrx_word' id='word_1_361' title='bbox 930 5001 1184 5063; x_wconf 73' lang='lat' dir='ltr'><strong>Prudentia</strong></span> <span class='ocrx_word' id='word_1_362' title='bbox 1205 5001 1394 5063; x_wconf 69' lang='lat' dir='ltr'><strong>regnat.</strong></span> 
     </span>
    </p>
   </div>
   <div class='ocr_carea' id='block_1_54' title="bbox 935 5059 1517 5126">
    <p class='ocr_par' dir='ltr' id='par_1_54' title="bbox 935 5059 1517 5126">
     <span class='ocr_line' id='line_1_54' title="bbox 935 5059 1517 5126; baseline 0.012 -20"><span class='ocrx_word' id='word_1_363' title='bbox 935 5059 1043 5126; x_wconf 62' lang='lat' dir='ltr'><strong>poni</strong></span> <span class='ocrx_word' id='word_1_364' title='bbox 1068 5062 1115 5108; x_wconf 82' lang='lat' dir='ltr'><strong>in</strong></span> <span class='ocrx_word' id='word_1_365' title='bbox 1137 5059 1279 5112; x_wconf 64' lang='lat' dir='ltr'><strong>bouis</strong></span> <span class='ocrx_word' id='word_1_366' title='bbox 1293 5072 1517 5126; x_wconf 77' lang='lat' dir='ltr'><strong>regnant.</strong></span> 
     </span>
    </p>
   </div>
   <div class='ocr_carea' id='block_1_55' title="bbox 929 5124 1477 5187">
    <p class='ocr_par' dir='ltr' id='par_1_55' title="bbox 929 5124 1477 5187">
     <span class='ocr_line' id='line_1_55' title="bbox 929 5124 1477 5187; baseline 0.011 -20"><span class='ocrx_word' id='word_1_367' title='bbox 929 5124 1048 5168; x_wconf 82' lang='lat' dir='ltr'><strong>Pura</strong></span> <span class='ocrx_word' id='word_1_368' title='bbox 1067 5131 1235 5172; x_wconf 87' lang='lat' dir='ltr'><strong>cuncta</strong></span> <span class='ocrx_word' id='word_1_369' title='bbox 1255 5124 1477 5187; x_wconf 73' lang='lat' dir='ltr'><strong>regnant.</strong></span> 
     </span>
    </p>
   </div>
   <div class='ocr_carea' id='block_1_56' title="bbox 402 5183 2021 5273">
    <p class='ocr_par' dir='ltr' id='par_1_56' title="bbox 402 5183 2021 5273">
     <span class='ocr_line' id='line_1_56' title="bbox 402 5183 2021 5273; baseline 0.004 -13"><span class='ocrx_word' id='word_1_370' title='bbox 402 5183 418 5247; x_wconf 51' lang='grc' dir='ltr'><strong>Ῐ</strong></span> <span class='ocrx_word' id='word_1_371' title='bbox 515 5207 586 5261; x_wconf 89' lang='lat' dir='ltr'><strong>D.</strong></span> <span class='ocrx_word' id='word_1_372' title='bbox 619 5206 731 5262; x_wconf 82' lang='lat' dir='ltr'><strong>imo</strong></span> <span class='ocrx_word' id='word_1_373' title='bbox 752 5204 869 5259; x_wconf 71' lang='lat' dir='ltr'><strong>btec</strong></span> <span class='ocrx_word' id='word_1_374' title='bbox 893 5202 1164 5272; x_wconf 73' lang='lat' dir='ltr'><strong>tequaliter</strong></span> <span class='ocrx_word' id='word_1_375' title='bbox 1192 5212 1247 5258; x_wconf 89' lang='lat' dir='ltr'><strong>et</strong></span> <span class='ocrx_word' id='word_1_376' title='bbox 1273 5183 1523 5273; x_wconf 78' lang='lat' dir='ltr'><strong>suaviter,</strong></span> <span class='ocrx_word' id='word_1_377' title='bbox 1555 5206 1683 5262; x_wconf 90' lang='lat' dir='ltr'><strong>illud</strong></span> <span class='ocrx_word' id='word_1_378' title='bbox 1724 5217 1900 5264; x_wconf 85' lang='lat' dir='ltr'><strong>autem</strong></span> <span class='ocrx_word' id='word_1_379' title='bbox 1928 5209 2021 5265; x_wconf 78' lang='lat' dir='ltr'><strong>ab-</strong></span> 
     </span>
    </p>
   </div>
   <div class='ocr_carea' id='block_1_57' title="bbox 443 5295 2018 5372">
    <p class='ocr_par' dir='ltr' id='par_1_57' title="bbox 443 5295 2018 5372">
     <span class='ocr_line' id='line_1_57' title="bbox 443 5295 2018 5372; baseline -0.001 -17"><span class='ocrx_word' id='word_1_380' title='bbox 443 5299 630 5355; x_wconf 86' lang='lat' dir='ltr'><strong>surde.</strong></span> <span class='ocrx_word' id='word_1_381' title='bbox 668 5297 742 5352; x_wconf 81' lang='grc' dir='ltr'><strong>Μ.</strong></span> <span class='ocrx_word' id='word_1_382' title='bbox 777 5296 888 5351; x_wconf 87' lang='lat' dir='ltr'><strong>lloe</strong></span> <span class='ocrx_word' id='word_1_383' title='bbox 912 5310 1042 5365; x_wconf 80' lang='lat' dir='ltr'><strong>ergo</strong></span> <span class='ocrx_word' id='word_1_384' title='bbox 1068 5295 1360 5352; x_wconf 87' lang='lat' dir='ltr'><strong>tenebimus</strong></span> <span class='ocrx_word' id='word_1_385' title='bbox 1391 5298 1441 5352; x_wconf 90' lang='lat' dir='ltr'><strong>in</strong></span> <span class='ocrx_word' id='word_1_386' title='bbox 1473 5301 1655 5355; x_wconf 87' lang='lat' dir='ltr'><strong>metris</strong></span> <span class='ocrx_word' id='word_1_387' title='bbox 1692 5316 1785 5354; x_wconf 76' lang='lat' dir='ltr'><strong>sex</strong></span> <span class='ocrx_word' id='word_1_388' title='bbox 1815 5311 2018 5372; x_wconf 82' lang='lat' dir='ltr'><strong>tempo-</strong></span> 
     </span>
    </p>
   </div>
   <div class='ocr_carea' id='block_1_58' title="bbox 442 5387 2020 5463">
    <p class='ocr_par' dir='ltr' id='par_1_58' title="bbox 442 5387 2020 5463">
     <span class='ocr_line' id='line_1_58' title="bbox 442 5387 2020 5463; baseline 0.003 -18"><span class='ocrx_word' id='word_1_389' title='bbox 442 5407 563 5445; x_wconf 93' lang='lat' dir='ltr'><strong>rnm</strong></span> <span class='ocrx_word' id='word_1_390' title='bbox 596 5390 811 5460; x_wconf 88' lang='lat' dir='ltr'><strong>pedum,</strong></span> <span class='ocrx_word' id='word_1_391' title='bbox 838 5387 1135 5444; x_wconf 89' lang='lat' dir='ltr'><strong>dicborinm</strong></span> <span class='ocrx_word' id='word_1_392' title='bbox 1162 5387 1362 5455; x_wconf 86' lang='lat' dir='ltr'><strong>iambo,</strong></span> <span class='ocrx_word' id='word_1_393' title='bbox 1402 5389 1747 5459; x_wconf 79' lang='lat' dir='ltr'><strong>antispastum</strong></span> <span class='ocrx_word' id='word_1_394' title='bbox 1785 5393 2020 5463; x_wconf 87' lang='lat' dir='ltr'><strong>spondeo</strong></span> 
     </span>
    </p>
   </div>
   <div class='ocr_carea' id='block_1_59' title="bbox 444 5480 1411 5540">
    <p class='ocr_par' dir='ltr' id='par_1_59' title="bbox 444 5480 1411 5540">
     <span class='ocr_line' id='line_1_59' title="bbox 444 5480 1411 5540; baseline -0.006 -1"><span class='ocrx_word' id='word_1_395' title='bbox 444 5483 585 5540; x_wconf 84' lang='lat' dir='ltr'><strong>male</strong></span> <span class='ocrx_word' id='word_1_396' title='bbox 614 5481 804 5536; x_wconf 79' lang='lat' dir='ltr'><strong>claudi.</strong></span> <span class='ocrx_word' id='word_1_397' title='bbox 838 5480 904 5535; x_wconf 89' lang='lat' dir='ltr'><strong>D.</strong></span> <span class='ocrx_word' id='word_1_398' title='bbox 923 5480 1243 5537; x_wconf 85' lang='lat' dir='ltr'><strong>Tenebimus</strong></span> <span class='ocrx_word' id='word_1_399' title='bbox 1265 5493 1411 5534; x_wconf 83' lang='lat' dir='ltr'><strong>sane.</strong></span> 
     </span>
    </p>
   </div>
   <div class='ocr_carea' id='block_1_60' title="bbox 523 5570 2016 5646">
    <p class='ocr_par' dir='ltr' id='par_1_60' title="bbox 523 5570 2016 5646">
     <span class='ocr_line' id='line_1_60' title="bbox 523 5570 2016 5646; baseline 0.003 -18"><span class='ocrx_word' id='word_1_400' title='bbox 523 5573 612 5628; x_wconf 78' lang='lat' dir='ltr'><strong>l5.</strong></span> <span class='ocrx_word' id='word_1_401' title='bbox 642 5572 716 5627; x_wconf 76' lang='grc' dir='ltr'><em>Μ.</em></span> <span class='ocrx_word' id='word_1_402' title='bbox 744 5572 923 5639; x_wconf 79' lang='lat' dir='ltr'><strong>Quid?</strong></span> <span class='ocrx_word' id='word_1_403' title='bbox 946 5587 1160 5627; x_wconf 79' lang='lat' dir='ltr'><strong>causam</strong></span> <span class='ocrx_word' id='word_1_404' title='bbox 1190 5586 1285 5626; x_wconf 92' lang='lat' dir='ltr'><strong>cur</strong></span> <span class='ocrx_word' id='word_1_405' title='bbox 1306 5571 1374 5625; x_wconf 88' lang='lat' dir='ltr'><strong>ita</strong></span> <span class='ocrx_word' id='word_1_406' title='bbox 1391 5570 1459 5627; x_wconf 90' lang='lat' dir='ltr'><strong>sit</strong></span> <span class='ocrx_word' id='word_1_407' title='bbox 1482 5587 1656 5630; x_wconf 88' lang='lat' dir='ltr'><strong>nonne</strong></span> <span class='ocrx_word' id='word_1_408' title='bbox 1680 5574 2016 5646; x_wconf 85' lang='lat' dir='ltr'><strong>approbabis,</strong></span> 
     </span>
    </p>
   </div>
   <div class='ocr_carea' id='block_1_61' title="bbox 513 5682 2020 5765">
    <p class='ocr_par' dir='ltr' id='par_1_61' title="bbox 513 5682 2020 5765">
     <span class='ocr_line' id='line_1_61' title="bbox 513 5682 2020 5765; baseline 0.008 -33"><span class='ocrx_word' id='word_1_409' title='bbox 513 5692 531 5757; x_wconf 62' lang='grc' dir='ltr'><strong>ι</strong></span> <span class='ocrx_word' id='word_1_410' title='bbox 556 5693 878 5765; x_wconf 34' lang='lat' dir='ltr'><strong>uesicas,</strong></span> <span class='ocrx_word' id='word_1_411' title='bbox 902 5687 1065 5765; x_wconf 71' lang='lat' dir='ltr'><strong>ierunt</strong></span> <span class='ocrx_word' id='word_1_412' title='bbox 1089 5700 1102 5735; x_wconf 90' lang='lat'><strong>:</strong></span> <span class='ocrx_word' id='word_1_413' title='bbox 1143 5682 1443 5765; x_wconf 70' lang='lat' dir='ltr'><strong>Manifestum</strong></span> <span class='ocrx_word' id='word_1_414' title='bbox 1462 5692 1531 5738; x_wconf 73' lang='lat' dir='ltr'><strong>est</strong></span> <span class='ocrx_word' id='word_1_415' title='bbox 1556 5684 1773 5750; x_wconf 83' lang='lat' dir='ltr'><strong>jucunde</strong></span> <span class='ocrx_word' id='word_1_416' title='bbox 1793 5688 1905 5753; x_wconf 77' lang='lat' dir='ltr'><strong>illa,</strong></span> <span class='ocrx_word' id='word_1_417' title='bbox 1931 5690 2020 5744; x_wconf 82' lang='lat' dir='ltr'><strong>hoc</strong></span> 
     </span>
    </p>
   </div>
   <div class='ocr_carea' id='block_1_62' title="bbox 441 5745 978 5813">
    <p class='ocr_par' dir='ltr' id='par_1_62' title="bbox 441 5745 978 5813">
     <span class='ocr_line' id='line_1_62' title="bbox 441 5745 978 5813; baseline 0 0"><span class='ocrx_word' id='word_1_418' title='bbox 441 5748 706 5813; x_wconf 57' lang='lat' dir='ltr'><strong>iracunde</strong></span> <span class='ocrx_word' id='word_1_419' title='bbox 723 5745 895 5813; x_wconf 64' lang='grc' dir='ltr'><strong>αςρίρίι</strong></span> <span class='ocrx_word' id='word_1_420' title='bbox 921 5755 978 5813; x_wconf 57' lang='grc' dir='ltr'>μι-</span> 
     </span>
    </p>
   </div>
   <div class='ocr_carea' id='block_1_63' title="bbox 508 5808 2021 5879">
    <p class='ocr_par' dir='ltr' id='par_1_63' title="bbox 508 5808 2021 5879">
     <span class='ocr_line' id='line_1_63' title="bbox 508 5808 2021 5879; baseline 0.005 -21"><span class='ocrx_word' id='word_1_421' title='bbox 508 5814 529 5879; x_wconf 74' lang='lat'><strong>_&#39;</strong></span> <span class='ocrx_word' id='word_1_422' title='bbox 542 5808 895 5879; x_wconf 57' lang='grc' dir='ltr'><strong>λιιιιειηςιιιξιξν,⁵</strong></span> <span class='ocrx_word' id='word_1_423' title='bbox 921 5812 1172 5879; x_wconf 48' lang='lat' dir='ltr'><strong>juxtaﬁts.</strong></span> <span class='ocrx_word' id='word_1_424' title='bbox 1196 5816 1241 5879; x_wconf 51' lang='grc' dir='ltr'><strong>Α</strong></span> <span class='ocrx_word' id='word_1_425' title='bbox 1273 5816 1327 5860; x_wconf 87' lang='lat' dir='ltr'><strong>et</strong></span> <span class='ocrx_word' id='word_1_426' title='bbox 1350 5823 1520 5862; x_wconf 86' lang='lat' dir='ltr'><strong>omnes</strong></span> <span class='ocrx_word' id='word_1_427' title='bbox 1545 5811 1716 5866; x_wconf 65' lang='lat' dir='ltr'><strong>editos.</strong></span> <span class='ocrx_word' id='word_1_428' title='bbox 1744 5822 1822 5865; x_wconf 70' lang='lat' dir='ltr'><strong>MS.</strong></span> <span class='ocrx_word' id='word_1_429' title='bbox 1847 5822 1879 5863; x_wconf 78' lang='grc' dir='ltr'>Β</span> <span class='ocrx_word' id='word_1_430' title='bbox 1898 5815 2021 5879; x_wconf 68' lang='lat' dir='ltr'><strong>legit</strong></span> 
     </span>
    </p>
   </div>
   <div class='ocr_carea' id='block_1_64' title="bbox 448 5869 1245 5935">
    <p class='ocr_par' dir='ltr' id='par_1_64' title="bbox 448 5869 1245 5935">
     <span class='ocr_line' id='line_1_64' title="bbox 448 5869 1245 5935; baseline -0.005 -12"><span class='ocrx_word' id='word_1_431' title='bbox 448 5871 517 5925; x_wconf 77' lang='lat' dir='ltr'><strong>uti</strong></span> <span class='ocrx_word' id='word_1_432' title='bbox 542 5869 854 5929; x_wconf 77' lang='lat' dir='ltr'><strong>Benedictini,</strong></span> <span class='ocrx_word' id='word_1_433' title='bbox 876 5869 1125 5935; x_wconf 62' lang='lat' dir='ltr'><strong>iiiis-quale.</strong></span> <span class='ocrx_word' id='word_1_434' title='bbox 1194 5877 1245 5919; x_wconf 73' lang='lat' dir='ltr'><strong>tt.</strong></span> 
     </span>
    </p>
   </div>
   <div class='ocr_carea' id='block_1_65' title="bbox 1624 426 2519 517">
    <p class='ocr_par' dir='ltr' id='par_1_65' title="bbox 1624 426 2519 517">
     <span class='ocr_line' id='line_1_65' title="bbox 1624 426 2519 517; baseline -0.007 -5"><span class='ocrx_word' id='word_1_435' title='bbox 1624 432 1714 512; x_wconf 71' lang='lat' dir='ltr'><strong>bs</strong></span> <span class='ocrx_word' id='word_1_436' title='bbox 1752 426 2026 517; x_wconf 71' lang='lat' dir='ltr'><strong>tlUSlCA,</strong></span> <span class='ocrx_word' id='word_1_437' title='bbox 2062 444 2124 507; x_wconf 86' lang='lat' dir='ltr'><strong>s.</strong></span> <span class='ocrx_word' id='word_1_438' title='bbox 2161 442 2519 509; x_wconf 72' lang='lat' dir='ltr'><strong>mensum</strong></span> 
     </span>
    </p>
   </div>
   <div class='ocr_carea' id='block_1_66' title="bbox 2128 568 3648 661">
    <p class='ocr_par' dir='ltr' id='par_1_66' title="bbox 2128 568 3648 661">
     <span class='ocr_line' id='line_1_66' title="bbox 2128 568 3648 661; baseline 0.018 -43"><span class='ocrx_word' id='word_1_439' title='bbox 2200 569 2634 661; x_wconf 82' lang='lat' dir='ltr'><strong>animadverteris</strong></span> <span class='ocrx_word' id='word_1_440' title='bbox 2649 570 2911 631; x_wconf 81' lang='lat' dir='ltr'><strong>levatione</strong></span> <span class='ocrx_word' id='word_1_441' title='bbox 2929 585 2994 633; x_wconf 87' lang='lat' dir='ltr'><strong>ae</strong></span> <span class='ocrx_word' id='word_1_442' title='bbox 3015 579 3267 646; x_wconf 78' lang='lat' dir='ltr'><strong>posititme</strong></span> <span class='ocrx_word' id='word_1_443' title='bbox 3291 583 3341 640; x_wconf 90' lang='lat' dir='ltr'><strong>in</strong></span> <span class='ocrx_word' id='word_1_444' title='bbox 3358 584 3478 643; x_wconf 79' lang='lat' dir='ltr'><strong>duas</strong></span> <span class='ocrx_word' id='word_1_445' title='bbox 3492 605 3648 661; x_wconf 65' lang='lat' dir='ltr'><strong>[tenes</strong></span> 
     </span>
    </p>
   </div>
   <div class='ocr_carea' id='block_1_67' title="bbox 2127 657 3646 753">
    <p class='ocr_par' dir='ltr' id='par_1_67' title="bbox 2127 657 3646 753">
     <span class='ocr_line' id='line_1_67' title="bbox 2127 657 3646 753; baseline 0.042 -40"><span class='ocrx_word' id='word_1_446' title='bbox 2127 657 2288 714; x_wconf 85' lang='lat' dir='ltr'><strong>dividi</strong></span> <span class='ocrx_word' id='word_1_447' title='bbox 2331 661 2541 731; x_wconf 88' lang='lat' dir='ltr'><strong>pedem,</strong></span> <span class='ocrx_word' id='word_1_448' title='bbox 2573 664 2643 717; x_wconf 83' lang='lat' dir='ltr'><strong>ita</strong></span> <span class='ocrx_word' id='word_1_449' title='bbox 2671 673 2728 719; x_wconf 91' lang='lat' dir='ltr'><strong>ut</strong></span> <span class='ocrx_word' id='word_1_450' title='bbox 2767 666 2811 721; x_wconf 72' lang='lat' dir='ltr'><strong>si</strong></span> <span class='ocrx_word' id='word_1_451' title='bbox 2842 682 2947 735; x_wconf 66' lang='lat' dir='ltr'><strong>qua</strong></span> <span class='ocrx_word' id='word_1_452' title='bbox 2974 668 3026 722; x_wconf 68' lang='lat' dir='ltr'><strong>i&quot;</strong></span> <span class='ocrx_word' id='word_1_453' title='bbox 3052 683 3118 725; x_wconf 81' lang='grc' dir='ltr'><strong>θ⁰</strong></span> <span class='ocrx_word' id='word_1_454' title='bbox 3142 672 3334 744; x_wconf 52' lang='lat' dir='ltr'><strong>“ml”</strong></span> <span class='ocrx_word' id='word_1_455' title='bbox 3362 657 3519 736; x_wconf 35' lang='lat' dir='ltr'><strong>me“;</strong></span> <span class='ocrx_word' id='word_1_456' title='bbox 3558 696 3646 753; x_wconf 55' lang='grc' dir='ltr'><strong>δί’</strong></span> 
     </span>
    </p>
   </div>
   <div class='ocr_carea' id='block_1_68' title="bbox 2133 752 3649 839">
    <p class='ocr_par' dir='ltr' id='par_1_68' title="bbox 2133 752 3649 839">
     <span class='ocr_line' id='line_1_68' title="bbox 2133 752 3649 839; baseline 0.018 -34"><span class='ocrx_word' id='word_1_457' title='bbox 2133 752 2215 807; x_wconf 94' lang='lat' dir='ltr'><strong>vel</strong></span> <span class='ocrx_word' id='word_1_458' title='bbox 2244 769 2345 808; x_wconf 91' lang='lat' dir='ltr'><strong>una</strong></span> <span class='ocrx_word' id='word_1_459' title='bbox 2377 754 2457 808; x_wconf 71' lang='lat' dir='ltr'><strong>vel</strong></span> <span class='ocrx_word' id='word_1_460' title='bbox 2483 754 2627 820; x_wconf 66' lang='lat' dir='ltr'><strong>dum,</strong></span> <span class='ocrx_word' id='word_1_461' title='bbox 2654 764 2747 811; x_wconf 83' lang='lat' dir='ltr'><strong>aut</strong></span> <span class='ocrx_word' id='word_1_462' title='bbox 2769 758 2858 812; x_wconf 86' lang='grc' dir='ltr'>ιιιιί</span> <span class='ocrx_word' id='word_1_463' title='bbox 2890 761 3022 829; x_wconf 84' lang='lat' dir='ltr'><strong>parti</strong></span> <span class='ocrx_word' id='word_1_464' title='bbox 3049 763 3391 822; x_wconf 80' lang='lat' dir='ltr'><strong>attribuantur</strong></span> <span class='ocrx_word' id='word_1_465' title='bbox 3411 772 3558 839; x_wconf 85' lang='lat' dir='ltr'><strong>priori</strong></span> <span class='ocrx_word' id='word_1_466' title='bbox 3577 776 3649 833; x_wconf 86' lang='lat' dir='ltr'><strong>vel</strong></span> 
     </span>
    </p>
   </div>
   <div class='ocr_carea' id='block_1_69' title="bbox 2127 844 3649 936">
    <p class='ocr_par' dir='ltr' id='par_1_69' title="bbox 2127 844 3649 936">
     <span class='ocr_line' id='line_1_69' title="bbox 2127 844 3649 936; baseline 0.013 -38"><span class='ocrx_word' id='word_1_467' title='bbox 2127 844 2424 936; x_wconf 74' lang='lat' dir='ltr'><strong>pOSteriori,</strong></span> <span class='ocrx_word' id='word_1_468' title='bbox 2456 856 2543 900; x_wconf 83' lang='lat' dir='ltr'><strong>aut</strong></span> <span class='ocrx_word' id='word_1_469' title='bbox 2570 847 2622 901; x_wconf 90' lang='lat' dir='ltr'><strong>in</strong></span> <span class='ocrx_word' id='word_1_470' title='bbox 2649 857 2927 920; x_wconf 87' lang='lat' dir='ltr'><strong>utramque</strong></span> <span class='ocrx_word' id='word_1_471' title='bbox 2973 854 3297 920; x_wconf 74' lang='lat' dir='ltr'><strong>partiamur?</strong></span> <span class='ocrx_word' id='word_1_472' title='bbox 3316 857 3384 914; x_wconf 76' lang='grc' dir='ltr'><strong>υ.</strong></span> <span class='ocrx_word' id='word_1_473' title='bbox 3409 860 3528 918; x_wconf 78' lang='lat' dir='ltr'><strong>Novi</strong></span> <span class='ocrx_word' id='word_1_474' title='bbox 3546 869 3649 936; x_wconf 72' lang='lat' dir='ltr'><strong>qui-</strong></span> 
     </span>
    </p>
   </div>
   <div class='ocr_carea' id='block_1_70' title="bbox 2127 933 3650 1013">
    <p class='ocr_par' dir='ltr' id='par_1_70' title="bbox 2127 933 3650 1013">
     <span class='ocr_line' id='line_1_70' title="bbox 2127 933 3650 1013; baseline 0.016 -25"><span class='ocrx_word' id='word_1_475' title='bbox 2127 933 2250 988; x_wconf 74' lang='lat' dir='ltr'><strong>di-m</strong></span> <span class='ocrx_word' id='word_1_476' title='bbox 2283 934 2437 1002; x_wconf 89' lang='lat' dir='ltr'><strong>istuc,</strong></span> <span class='ocrx_word' id='word_1_477' title='bbox 2469 946 2522 991; x_wconf 90' lang='lat' dir='ltr'><strong>et</strong></span> <span class='ocrx_word' id='word_1_478' title='bbox 2550 952 2733 992; x_wconf 85' lang='lat' dir='ltr'><strong>verum</strong></span> <span class='ocrx_word' id='word_1_479' title='bbox 2760 949 2839 994; x_wconf 88' lang='lat' dir='ltr'><strong>est</strong></span> <span class='ocrx_word' id='word_1_480' title='bbox 2867 957 2882 994; x_wconf 92' lang='lat'><strong>:</strong></span> <span class='ocrx_word' id='word_1_481' title='bbox 2911 941 3008 997; x_wconf 88' lang='lat' dir='ltr'><strong>sed</strong></span> <span class='ocrx_word' id='word_1_482' title='bbox 3050 944 3173 1013; x_wconf 90' lang='lat' dir='ltr'><strong>quid</strong></span> <span class='ocrx_word' id='word_1_483' title='bbox 3197 946 3261 1001; x_wconf 88' lang='lat' dir='ltr'><strong>ad</strong></span> <span class='ocrx_word' id='word_1_484' title='bbox 3289 950 3433 1004; x_wconf 74' lang='lat' dir='ltr'><strong>rem?</strong></span> <span class='ocrx_word' id='word_1_485' title='bbox 3459 950 3529 1007; x_wconf 82' lang='grc' dir='ltr'>ιι.</span> <span class='ocrx_word' id='word_1_486' title='bbox 3556 933 3650 1013; x_wconf 77' lang='lat' dir='ltr'><strong>iloc</strong></span> 
     </span>
    </p>
   </div>
   <div class='ocr_carea' id='block_1_71' title="bbox 2123 1026 3649 1113">
    <p class='ocr_par' dir='ltr' id='par_1_71' title="bbox 2123 1026 3649 1113">
     <span class='ocr_line' id='line_1_71' title="bbox 2123 1026 3649 1113; baseline 0.014 -36"><span class='ocrx_word' id='word_1_487' title='bbox 2123 1039 2336 1095; x_wconf 84' lang='lat' dir='ltr'><strong>quoque</strong></span> <span class='ocrx_word' id='word_1_488' title='bbox 2354 1026 2568 1082; x_wconf 84' lang='lat' dir='ltr'><strong>attende</strong></span> <span class='ocrx_word' id='word_1_489' title='bbox 2582 1028 2722 1097; x_wconf 88' lang='lat' dir='ltr'><strong>quod</strong></span> <span class='ocrx_word' id='word_1_490' title='bbox 2748 1028 2945 1096; x_wconf 87' lang='lat' dir='ltr'><strong>dicam,</strong></span> <span class='ocrx_word' id='word_1_491' title='bbox 2975 1042 3082 1087; x_wconf 89' lang='lat' dir='ltr'><strong>tum</strong></span> <span class='ocrx_word' id='word_1_492' title='bbox 3104 1034 3301 1091; x_wconf 61' lang='lat' dir='ltr'><strong>videbis</strong></span> <span class='ocrx_word' id='word_1_493' title='bbox 3327 1035 3517 1096; x_wconf 74' lang='lat' dir='ltr'><strong>facilius</strong></span> <span class='ocrx_word' id='word_1_494' title='bbox 3530 1046 3649 1113; x_wconf 81' lang='lat' dir='ltr'><strong>quod</strong></span> 
     </span>
    </p>
   </div>
   <div class='ocr_carea' id='block_1_72' title="bbox 2123 1118 3650 1199">
    <p class='ocr_par' dir='ltr' id='par_1_72' title="bbox 2123 1118 3650 1199">
     <span class='ocr_line' id='line_1_72' title="bbox 2123 1118 3650 1199; baseline 0.015 -28"><span class='ocrx_word' id='word_1_495' title='bbox 2123 1119 2372 1189; x_wconf 82' lang='lat' dir='ltr'><strong>requiris.</strong></span> <span class='ocrx_word' id='word_1_496' title='bbox 2422 1118 2556 1174; x_wconf 82' lang='lat' dir='ltr'><strong>Nam</strong></span> <span class='ocrx_word' id='word_1_497' title='bbox 2600 1119 2936 1178; x_wconf 77' lang='lat' dir='ltr'><strong>manifestum</strong></span> <span class='ocrx_word' id='word_1_498' title='bbox 2986 1125 3079 1181; x_wconf 90' lang='lat' dir='ltr'><strong>tibi</strong></span> <span class='ocrx_word' id='word_1_499' title='bbox 3120 1142 3241 1184; x_wconf 85' lang='lat' dir='ltr'><strong>esse</strong></span> <span class='ocrx_word' id='word_1_500' title='bbox 3284 1129 3514 1199; x_wconf 82' lang='lat' dir='ltr'><strong>arbitror,</strong></span> <span class='ocrx_word' id='word_1_501' title='bbox 3540 1136 3650 1195; x_wconf 82' lang='lat' dir='ltr'><strong>alios</strong></span> 
     </span>
    </p>
   </div>
   <div class='ocr_carea' id='block_1_73' title="bbox 2127 1209 3650 1293">
    <p class='ocr_par' dir='ltr' id='par_1_73' title="bbox 2127 1209 3650 1293">
     <span class='ocr_line' id='line_1_73' title="bbox 2127 1209 3650 1293; baseline 0.014 -31"><span class='ocrx_word' id='word_1_502' title='bbox 2127 1221 2249 1263; x_wconf 82' lang='lat' dir='ltr'><strong>esse</strong></span> <span class='ocrx_word' id='word_1_503' title='bbox 2298 1209 2413 1265; x_wconf 89' lang='lat' dir='ltr'><strong>sine</strong></span> <span class='ocrx_word' id='word_1_504' title='bbox 2464 1210 2654 1266; x_wconf 86' lang='lat' dir='ltr'><strong>mediis</strong></span> <span class='ocrx_word' id='word_1_505' title='bbox 2700 1213 2919 1282; x_wconf 78' lang='lat' dir='ltr'><strong>syllabis</strong></span> <span class='ocrx_word' id='word_1_506' title='bbox 2961 1215 3146 1285; x_wconf 83' lang='lat' dir='ltr'><strong>pedes,</strong></span> <span class='ocrx_word' id='word_1_507' title='bbox 3177 1229 3235 1275; x_wconf 90' lang='lat' dir='ltr'><strong>ut</strong></span> <span class='ocrx_word' id='word_1_508' title='bbox 3261 1221 3650 1293; x_wconf 55' lang='lat' dir='ltr'><strong>pyrrhichiuset</strong></span> 
     </span>
    </p>
   </div>
   <div class='ocr_carea' id='block_1_74' title="bbox 2126 1301 3648 1384">
    <p class='ocr_par' dir='ltr' id='par_1_74' title="bbox 2126 1301 3648 1384">
     <span class='ocr_line' id='line_1_74' title="bbox 2126 1301 3648 1384; baseline 0.014 -30"><span class='ocrx_word' id='word_1_509' title='bbox 2126 1302 2304 1356; x_wconf 67' lang='lat' dir='ltr'><strong>caeteri</strong></span> <span class='ocrx_word' id='word_1_510' title='bbox 2331 1301 2572 1357; x_wconf 85' lang='lat' dir='ltr'><strong>binarnm</strong></span> <span class='ocrx_word' id='word_1_511' title='bbox 2610 1304 2972 1375; x_wconf 79' lang='lat' dir='ltr'><strong>syllabarum;</strong></span> <span class='ocrx_word' id='word_1_512' title='bbox 3001 1310 3136 1366; x_wconf 86' lang='lat' dir='ltr'><strong>alios</strong></span> <span class='ocrx_word' id='word_1_513' title='bbox 3160 1311 3213 1366; x_wconf 91' lang='lat' dir='ltr'><strong>in</strong></span> <span class='ocrx_word' id='word_1_514' title='bbox 3236 1314 3418 1384; x_wconf 82' lang='lat' dir='ltr'><strong>quibus</strong></span> <span class='ocrx_word' id='word_1_515' title='bbox 3450 1317 3648 1377; x_wconf 80' lang='lat' dir='ltr'><strong>medium</strong></span> 
     </span>
    </p>
   </div>
   <div class='ocr_carea' id='block_1_75' title="bbox 2122 1394 3647 1477">
    <p class='ocr_par' dir='ltr' id='par_1_75' title="bbox 2122 1394 3647 1477">
     <span class='ocr_line' id='line_1_75' title="bbox 2122 1394 3647 1477; baseline 0.013 -31"><span class='ocrx_word' id='word_1_516' title='bbox 2122 1402 2213 1447; x_wconf 85' lang='lat' dir='ltr'><strong>aut</strong></span> <span class='ocrx_word' id='word_1_517' title='bbox 2242 1394 2424 1464; x_wconf 71' lang='lat' dir='ltr'><strong>prima:</strong></span> <span class='ocrx_word' id='word_1_518' title='bbox 2452 1397 2609 1465; x_wconf 81' lang='lat' dir='ltr'><strong>parti,</strong></span> <span class='ocrx_word' id='word_1_519' title='bbox 2639 1406 2733 1453; x_wconf 83' lang='lat' dir='ltr'><strong>aut</strong></span> <span class='ocrx_word' id='word_1_520' title='bbox 2750 1407 3027 1468; x_wconf 66' lang='lat' dir='ltr'><strong>extremae,</strong></span> <span class='ocrx_word' id='word_1_521' title='bbox 3059 1411 3150 1458; x_wconf 85' lang='lat' dir='ltr'><strong>aut</strong></span> <span class='ocrx_word' id='word_1_522' title='bbox 3192 1405 3407 1477; x_wconf 82' lang='lat' dir='ltr'><strong>utrique,</strong></span> <span class='ocrx_word' id='word_1_523' title='bbox 3436 1420 3515 1463; x_wconf 86' lang='lat' dir='ltr'><strong>aut</strong></span> <span class='ocrx_word' id='word_1_524' title='bbox 3539 1426 3647 1466; x_wconf 82' lang='lat' dir='ltr'><strong>neu-</strong></span> 
     </span>
    </p>
   </div>
   <div class='ocr_carea' id='block_1_76' title="bbox 2124 1487 3643 1569">
    <p class='ocr_par' dir='ltr' id='par_1_76' title="bbox 2124 1487 3643 1569">
     <span class='ocr_line' id='line_1_76' title="bbox 2124 1487 3643 1569; baseline 0.014 -30"><span class='ocrx_word' id='word_1_525' title='bbox 2124 1487 2213 1554; x_wconf 89' lang='lat' dir='ltr'><strong>tri,</strong></span> <span class='ocrx_word' id='word_1_526' title='bbox 2243 1488 2415 1557; x_wconf 83' lang='lat' dir='ltr'><strong>spatio</strong></span> <span class='ocrx_word' id='word_1_527' title='bbox 2433 1490 2715 1546; x_wconf 86' lang='lat' dir='ltr'><strong>conveniat</strong></span> <span class='ocrx_word' id='word_1_528' title='bbox 2742 1509 2755 1543; x_wconf 93' lang='lat'>:</span> <span class='ocrx_word' id='word_1_529' title='bbox 2788 1493 2994 1561; x_wconf 61' lang='lat' dir='ltr'><strong>primae,</strong></span> <span class='ocrx_word' id='word_1_530' title='bbox 3018 1504 3076 1549; x_wconf 89' lang='lat' dir='ltr'><strong>ut</strong></span> <span class='ocrx_word' id='word_1_531' title='bbox 3101 1495 3153 1549; x_wconf 91' lang='lat' dir='ltr'><strong>in</strong></span> <span class='ocrx_word' id='word_1_532' title='bbox 3178 1509 3456 1569; x_wconf 70' lang='lat' dir='ltr'><strong>anapa&#39;sto,</strong></span> <span class='ocrx_word' id='word_1_533' title='bbox 3500 1503 3572 1559; x_wconf 81' lang='lat' dir='ltr'><strong>vel</strong></span> <span class='ocrx_word' id='word_1_534' title='bbox 3600 1502 3643 1560; x_wconf 92' lang='lat' dir='ltr'><strong>in</strong></span> 
     </span>
    </p>
   </div>
   <div class='ocr_carea' id='block_1_77' title="bbox 2124 1577 3646 1656">
    <p class='ocr_par' dir='ltr' id='par_1_77' title="bbox 2124 1577 3646 1656">
     <span class='ocr_line' id='line_1_77' title="bbox 2124 1577 3646 1656; baseline 0.014 -26"><span class='ocrx_word' id='word_1_535' title='bbox 2124 1577 2523 1646; x_wconf 83' lang='lat' dir='ltr'><strong>palimbacchio,</strong></span> <span class='ocrx_word' id='word_1_536' title='bbox 2571 1581 2653 1635; x_wconf 85' lang='lat' dir='ltr'><strong>vel</strong></span> <span class='ocrx_word' id='word_1_537' title='bbox 2697 1581 2750 1637; x_wconf 93' lang='lat' dir='ltr'><strong>in</strong></span> <span class='ocrx_word' id='word_1_538' title='bbox 2800 1598 2984 1652; x_wconf 56' lang='lat' dir='ltr'><strong>paratio</strong></span> <span class='ocrx_word' id='word_1_539' title='bbox 3030 1586 3239 1655; x_wconf 90' lang='lat' dir='ltr'><strong>primo:</strong></span> <span class='ocrx_word' id='word_1_540' title='bbox 3264 1598 3520 1656; x_wconf 65' lang='lat' dir='ltr'><strong>extremm,</strong></span> <span class='ocrx_word' id='word_1_541' title='bbox 3543 1595 3646 1650; x_wconf 86' lang='lat' dir='ltr'><strong>utin</strong></span> 
     </span>
    </p>
   </div>
   <div class='ocr_carea' id='block_1_78' title="bbox 2122 1667 3645 1754">
    <p class='ocr_par' dir='ltr' id='par_1_78' title="bbox 2122 1667 3645 1754">
     <span class='ocr_line' id='line_1_78' title="bbox 2122 1667 3645 1754; baseline 0.012 -31"><span class='ocrx_word' id='word_1_542' title='bbox 2122 1667 2432 1740; x_wconf 72' lang='lat' dir='ltr'><strong>dactylovt-l</strong></span> <span class='ocrx_word' id='word_1_543' title='bbox 2463 1672 2515 1726; x_wconf 92' lang='lat' dir='ltr'><strong>in</strong></span> <span class='ocrx_word' id='word_1_544' title='bbox 2544 1671 2786 1742; x_wconf 87' lang='lat' dir='ltr'><strong>bacchio,</strong></span> <span class='ocrx_word' id='word_1_545' title='bbox 2810 1675 2896 1730; x_wconf 86' lang='lat' dir='ltr'><strong>vel</strong></span> <span class='ocrx_word' id='word_1_546' title='bbox 2924 1675 2977 1730; x_wconf 91' lang='lat' dir='ltr'><strong>in</strong></span> <span class='ocrx_word' id='word_1_547' title='bbox 3018 1691 3203 1746; x_wconf 62' lang='lat' dir='ltr'><strong>pit-one</strong></span> <span class='ocrx_word' id='word_1_548' title='bbox 3229 1682 3645 1754; x_wconf 78' lang='lat' dir='ltr'><strong>quartozntrique,</strong></span> 
     </span>
    </p>
   </div>
   <div class='ocr_carea' id='block_1_79' title="bbox 2128 1762 3645 1844">
    <p class='ocr_par' dir='ltr' id='par_1_79' title="bbox 2128 1762 3645 1844">
     <span class='ocr_line' id='line_1_79' title="bbox 2128 1762 3645 1844; baseline 0.01 -29"><span class='ocrx_word' id='word_1_549' title='bbox 2128 1771 2184 1815; x_wconf 92' lang='lat' dir='ltr'><strong>ut</strong></span> <span class='ocrx_word' id='word_1_550' title='bbox 2211 1762 2262 1815; x_wconf 90' lang='lat' dir='ltr'><strong>in</strong></span> <span class='ocrx_word' id='word_1_551' title='bbox 2291 1762 2582 1824; x_wconf 88' lang='lat' dir='ltr'><strong>tribracbo.</strong></span> <span class='ocrx_word' id='word_1_552' title='bbox 2625 1767 2738 1822; x_wconf 82' lang='lat' dir='ltr'><strong>sive</strong></span> <span class='ocrx_word' id='word_1_553' title='bbox 2762 1765 2814 1819; x_wconf 91' lang='lat' dir='ltr'><strong>in</strong></span> <span class='ocrx_word' id='word_1_554' title='bbox 2844 1765 3096 1832; x_wconf 87' lang='lat' dir='ltr'><strong>molosso,</strong></span> <span class='ocrx_word' id='word_1_555' title='bbox 3141 1768 3253 1824; x_wconf 85' lang='lat' dir='ltr'><strong>sive</strong></span> <span class='ocrx_word' id='word_1_556' title='bbox 3276 1769 3327 1825; x_wconf 91' lang='lat' dir='ltr'><strong>in</strong></span> <span class='ocrx_word' id='word_1_557' title='bbox 3361 1771 3645 1844; x_wconf 74' lang='lat' dir='ltr'><strong>clior-iambo,</strong></span> 
     </span>
    </p>
   </div>
   <div class='ocr_carea' id='block_1_80' title="bbox 2121 1855 3647 1927">
    <p class='ocr_par' dir='ltr' id='par_1_80' title="bbox 2121 1855 3647 1927">
     <span class='ocr_line' id='line_1_80' title="bbox 2121 1855 3647 1927; baseline 0.01 -18"><span class='ocrx_word' id='word_1_558' title='bbox 2121 1855 2237 1909; x_wconf 88' lang='lat' dir='ltr'><strong>sive</strong></span> <span class='ocrx_word' id='word_1_559' title='bbox 2265 1856 2315 1908; x_wconf 92' lang='lat' dir='ltr'><strong>in</strong></span> <span class='ocrx_word' id='word_1_560' title='bbox 2346 1856 2584 1925; x_wconf 88' lang='lat' dir='ltr'><strong>quolibet</strong></span> <span class='ocrx_word' id='word_1_561' title='bbox 2610 1856 2837 1912; x_wconf 87' lang='lat' dir='ltr'><strong>ionieo&#39;:</strong></span> <span class='ocrx_word' id='word_1_562' title='bbox 2863 1859 3063 1923; x_wconf 86' lang='lat' dir='ltr'><strong>neutri,</strong></span> <span class='ocrx_word' id='word_1_563' title='bbox 3087 1868 3149 1913; x_wconf 92' lang='lat' dir='ltr'><strong>ut</strong></span> <span class='ocrx_word' id='word_1_564' title='bbox 3177 1859 3230 1914; x_wconf 91' lang='lat' dir='ltr'><strong>in</strong></span> <span class='ocrx_word' id='word_1_565' title='bbox 3256 1862 3462 1927; x_wconf 77' lang='lat' dir='ltr'><strong>cretim,</strong></span> <span class='ocrx_word' id='word_1_566' title='bbox 3487 1866 3583 1922; x_wconf 82' lang='lat' dir='ltr'><strong>sive</strong></span> <span class='ocrx_word' id='word_1_567' title='bbox 3602 1865 3647 1923; x_wconf 84' lang='lat' dir='ltr'><strong>in</strong></span> 
     </span>
    </p>
   </div>
   <div class='ocr_carea' id='block_1_81' title="bbox 2127 1946 3644 2017">
    <p class='ocr_par' dir='ltr' id='par_1_81' title="bbox 2127 1946 3644 2017">
     <span class='ocr_line' id='line_1_81' title="bbox 2127 1946 3644 2017; baseline 0.011 -20"><span class='ocrx_word' id='word_1_568' title='bbox 2127 1946 2401 2015; x_wconf 70' lang='lat' dir='ltr'><strong>pmonibus</strong></span> <span class='ocrx_word' id='word_1_569' title='bbox 2450 1947 2685 2002; x_wconf 86' lang='lat' dir='ltr'><strong>secundo</strong></span> <span class='ocrx_word' id='word_1_570' title='bbox 2711 1957 2766 2002; x_wconf 90' lang='lat' dir='ltr'><strong>ct</strong></span> <span class='ocrx_word' id='word_1_571' title='bbox 2794 1951 2973 2013; x_wconf 80' lang='lat' dir='ltr'><strong>tertio,</strong></span> <span class='ocrx_word' id='word_1_572' title='bbox 3009 1951 3123 2006; x_wconf 87' lang='lat' dir='ltr'><strong>sive</strong></span> <span class='ocrx_word' id='word_1_573' title='bbox 3149 1952 3202 2006; x_wconf 91' lang='lat' dir='ltr'><strong>in</strong></span> <span class='ocrx_word' id='word_1_574' title='bbox 3229 1951 3469 2017; x_wconf 84' lang='lat' dir='ltr'><strong>diiambo,</strong></span> <span class='ocrx_word' id='word_1_575' title='bbox 3490 1954 3644 2014; x_wconf 85' lang='lat' dir='ltr'><strong>dicho-</strong></span> 
     </span>
    </p>
   </div>
   <div class='ocr_carea' id='block_1_82' title="bbox 2120 2035 3645 2117">
    <p class='ocr_par' dir='ltr' id='par_1_82' title="bbox 2120 2035 3645 2117">
     <span class='ocr_line' id='line_1_82' title="bbox 2120 2035 3645 2117; baseline 0.009 -29"><span class='ocrx_word' id='word_1_576' title='bbox 2120 2035 2221 2094; x_wconf 87' lang='lat' dir='ltr'><strong>rio.</strong></span> <span class='ocrx_word' id='word_1_577' title='bbox 2250 2036 2563 2105; x_wconf 78' lang='lat' dir='ltr'><strong>antispaslo.</strong></span> <span class='ocrx_word' id='word_1_578' title='bbox 2596 2036 2726 2092; x_wconf 83' lang='lat' dir='ltr'><strong>Nam</strong></span> <span class='ocrx_word' id='word_1_579' title='bbox 2755 2040 2844 2109; x_wconf 91' lang='lat' dir='ltr'><strong>qui</strong></span> <span class='ocrx_word' id='word_1_580' title='bbox 2873 2041 3036 2110; x_wconf 86' lang='lat' dir='ltr'><strong>pedes</strong></span> <span class='ocrx_word' id='word_1_581' title='bbox 3080 2042 3134 2096; x_wconf 94' lang='lat' dir='ltr'><strong>in</strong></span> <span class='ocrx_word' id='word_1_582' title='bbox 3179 2052 3286 2099; x_wconf 89' lang='lat' dir='ltr'><strong>tres</strong></span> <span class='ocrx_word' id='word_1_583' title='bbox 3318 2046 3530 2114; x_wconf 68' lang='lat' dir='ltr'><strong>requa-les</strong></span> <span class='ocrx_word' id='word_1_584' title='bbox 3548 2062 3645 2117; x_wconf 76' lang='lat' dir='ltr'><strong>par-</strong></span> 
     </span>
    </p>
   </div>
   <div class='ocr_carea' id='block_1_83' title="bbox 2125 2126 3644 2199">
    <p class='ocr_par' dir='ltr' id='par_1_83' title="bbox 2125 2126 3644 2199">
     <span class='ocr_line' id='line_1_83' title="bbox 2125 2126 3644 2199; baseline 0.009 -20"><span class='ocrx_word' id='word_1_585' title='bbox 2125 2136 2207 2180; x_wconf 69' lang='lat' dir='ltr'><strong>tes</strong></span> <span class='ocrx_word' id='word_1_586' title='bbox 2247 2126 2409 2181; x_wconf 87' lang='lat' dir='ltr'><strong>dividi</strong></span> <span class='ocrx_word' id='word_1_587' title='bbox 2439 2137 2679 2197; x_wconf 78' lang='lat' dir='ltr'><strong>possunt,</strong></span> <span class='ocrx_word' id='word_1_588' title='bbox 2702 2129 2873 2183; x_wconf 89' lang='lat' dir='ltr'><strong>media</strong></span> <span class='ocrx_word' id='word_1_589' title='bbox 2918 2144 3039 2199; x_wconf 87' lang='lat' dir='ltr'><strong>pars</strong></span> <span class='ocrx_word' id='word_1_590' title='bbox 3086 2131 3140 2186; x_wconf 89' lang='lat' dir='ltr'><strong>in</strong></span> <span class='ocrx_word' id='word_1_591' title='bbox 3173 2132 3255 2190; x_wconf 89' lang='lat' dir='ltr'><strong>bis</strong></span> <span class='ocrx_word' id='word_1_592' title='bbox 3293 2136 3517 2191; x_wconf 89' lang='lat' dir='ltr'><strong>convenit</strong></span> <span class='ocrx_word' id='word_1_593' title='bbox 3547 2150 3644 2193; x_wconf 80' lang='lat' dir='ltr'><strong>cum</strong></span> 
     </span>
    </p>
   </div>
   <div class='ocr_carea' id='block_1_84' title="bbox 2122 2210 3646 2286">
    <p class='ocr_par' dir='ltr' id='par_1_84' title="bbox 2122 2210 3646 2286">
     <span class='ocr_line' id='line_1_84' title="bbox 2122 2210 3646 2286; baseline 0.008 -23"><span class='ocrx_word' id='word_1_594' title='bbox 2122 2210 2289 2279; x_wconf 88' lang='lat' dir='ltr'><strong>prima</strong></span> <span class='ocrx_word' id='word_1_595' title='bbox 2319 2220 2375 2265; x_wconf 90' lang='lat' dir='ltr'><strong>et</strong></span> <span class='ocrx_word' id='word_1_596' title='bbox 2416 2219 2687 2275; x_wconf 76' lang='lat' dir='ltr'><strong>extrema;</strong></span> <span class='ocrx_word' id='word_1_597' title='bbox 2712 2213 2996 2282; x_wconf 87' lang='lat' dir='ltr'><strong>quiantem</strong></span> <span class='ocrx_word' id='word_1_598' title='bbox 3024 2230 3133 2268; x_wconf 85' lang='lat' dir='ltr'><strong>non</strong></span> <span class='ocrx_word' id='word_1_599' title='bbox 3176 2227 3410 2286; x_wconf 87' lang='lat' dir='ltr'><strong>possunt,</strong></span> <span class='ocrx_word' id='word_1_600' title='bbox 3448 2228 3646 2276; x_wconf 78' lang='lat' dir='ltr'><strong>autcum</strong></span> 
     </span>
    </p>
   </div>
   <div class='ocr_carea' id='block_1_85' title="bbox 2121 2301 3640 2371">
    <p class='ocr_par' dir='ltr' id='par_1_85' title="bbox 2121 2301 3640 2371">
     <span class='ocr_line' id='line_1_85' title="bbox 2121 2301 3640 2371; baseline 0.007 -16"><span class='ocrx_word' id='word_1_601' title='bbox 2121 2301 2287 2371; x_wconf 84' lang='lat' dir='ltr'><strong>prima</strong></span> <span class='ocrx_word' id='word_1_602' title='bbox 2317 2312 2541 2370; x_wconf 89' lang='lat' dir='ltr'><strong>tantum,</strong></span> <span class='ocrx_word' id='word_1_603' title='bbox 2569 2312 2660 2358; x_wconf 92' lang='lat' dir='ltr'><strong>aut</strong></span> <span class='ocrx_word' id='word_1_604' title='bbox 2682 2317 2804 2358; x_wconf 91' lang='lat' dir='ltr'><strong>cum</strong></span> <span class='ocrx_word' id='word_1_605' title='bbox 2829 2314 3094 2370; x_wconf 79' lang='lat' dir='ltr'><strong>extrema,</strong></span> <span class='ocrx_word' id='word_1_606' title='bbox 3125 2315 3215 2362; x_wconf 84' lang='lat' dir='ltr'><strong>aut</strong></span> <span class='ocrx_word' id='word_1_607' title='bbox 3245 2323 3361 2363; x_wconf 86' lang='lat' dir='ltr'><strong>cum</strong></span> <span class='ocrx_word' id='word_1_608' title='bbox 3389 2319 3568 2365; x_wconf 84' lang='lat' dir='ltr'><strong>neutra.</strong></span> <span class='ocrx_word' id='word_1_609' title='bbox 3585 2309 3640 2367; x_wconf 80' lang='grc' dir='ltr'><strong>υ.</strong></span> 
     </span>
    </p>
   </div>
   <div class='ocr_carea' id='block_1_86' title="bbox 2121 2393 3645 2470">
    <p class='ocr_par' dir='ltr' id='par_1_86' title="bbox 2121 2393 3645 2470">
     <span class='ocr_line' id='line_1_86' title="bbox 2121 2393 3645 2470; baseline 0.005 -22"><span class='ocrx_word' id='word_1_610' title='bbox 2121 2393 2188 2448; x_wconf 78' lang='lat' dir='ltr'><strong>Et</strong></span> <span class='ocrx_word' id='word_1_611' title='bbox 2217 2393 2318 2449; x_wconf 87' lang='lat' dir='ltr'><strong>hoc</strong></span> <span class='ocrx_word' id='word_1_612' title='bbox 2331 2410 2484 2463; x_wconf 79' lang='lat' dir='ltr'><strong>a-quc</strong></span> <span class='ocrx_word' id='word_1_613' title='bbox 2511 2395 2641 2461; x_wconf 85' lang='lat' dir='ltr'><strong>scio,</strong></span> <span class='ocrx_word' id='word_1_614' title='bbox 2663 2405 2715 2450; x_wconf 87' lang='lat' dir='ltr'><strong>et</strong></span> <span class='ocrx_word' id='word_1_615' title='bbox 2742 2410 2849 2467; x_wconf 88' lang='lat' dir='ltr'><strong>quo</strong></span> <span class='ocrx_word' id='word_1_616' title='bbox 2873 2398 3056 2452; x_wconf 83' lang='lat' dir='ltr'><strong>tendat</strong></span> <span class='ocrx_word' id='word_1_617' title='bbox 3071 2409 3340 2470; x_wconf 73' lang='lat' dir='ltr'><strong>exspecto.</strong></span> <span class='ocrx_word' id='word_1_618' title='bbox 3359 2399 3429 2454; x_wconf 75' lang='grc' dir='ltr'><strong>ΙΙ.</strong></span> <span class='ocrx_word' id='word_1_619' title='bbox 3443 2400 3545 2468; x_wconf 83' lang='lat' dir='ltr'><strong>Quo</strong></span> <span class='ocrx_word' id='word_1_620' title='bbox 3559 2410 3645 2457; x_wconf 78' lang='lat' dir='ltr'><strong>tan-</strong></span> 
     </span>
    </p>
   </div>
   <div class='ocr_carea' id='block_1_87' title="bbox 2120 2483 3643 2558">
    <p class='ocr_par' dir='ltr' id='par_1_87' title="bbox 2120 2483 3643 2558">
     <span class='ocr_line' id='line_1_87' title="bbox 2120 2483 3643 2558; baseline 0.006 -19"><span class='ocrx_word' id='word_1_621' title='bbox 2120 2483 2241 2539; x_wconf 86' lang='lat' dir='ltr'><strong>dem</strong></span> <span class='ocrx_word' id='word_1_622' title='bbox 2271 2494 2440 2554; x_wconf 74' lang='lat' dir='ltr'><strong>putas,</strong></span> <span class='ocrx_word' id='word_1_623' title='bbox 2476 2485 2574 2539; x_wconf 87' lang='lat' dir='ltr'><strong>nisi</strong></span> <span class='ocrx_word' id='word_1_624' title='bbox 2597 2496 2654 2539; x_wconf 92' lang='lat' dir='ltr'><strong>ut</strong></span> <span class='ocrx_word' id='word_1_625' title='bbox 2676 2486 2853 2541; x_wconf 81' lang='lat' dir='ltr'><strong>videas</strong></span> <span class='ocrx_word' id='word_1_626' title='bbox 2873 2487 3106 2542; x_wconf 86' lang='lat' dir='ltr'><strong>iambum</strong></span> <span class='ocrx_word' id='word_1_627' title='bbox 3125 2498 3242 2558; x_wconf 81' lang='lat' dir='ltr'><strong>post</strong></span> <span class='ocrx_word' id='word_1_628' title='bbox 3260 2489 3530 2547; x_wconf 74' lang='lat' dir='ltr'><strong>diclzoritnn</strong></span> <span class='ocrx_word' id='word_1_629' title='bbox 3550 2489 3643 2548; x_wconf 82' lang='lat' dir='ltr'><strong>ideo</strong></span> 
     </span>
    </p>
   </div>
   <div class='ocr_carea' id='block_1_88' title="bbox 2123 2577 3642 2653">
    <p class='ocr_par' dir='ltr' id='par_1_88' title="bbox 2123 2577 3642 2653">
     <span class='ocr_line' id='line_1_88' title="bbox 2123 2577 3642 2653; baseline 0.006 -23"><span class='ocrx_word' id='word_1_630' title='bbox 2123 2577 2260 2631; x_wconf 79' lang='lat' dir='ltr'><strong>male</strong></span> <span class='ocrx_word' id='word_1_631' title='bbox 2289 2577 2409 2646; x_wconf 91' lang='lat' dir='ltr'><strong>poni</strong></span> <span class='ocrx_word' id='word_1_632' title='bbox 2438 2593 2557 2630; x_wconf 79' lang='grc' dir='ltr'>ιιιηι</span> <span class='ocrx_word' id='word_1_633' title='bbox 2585 2577 2816 2641; x_wconf 88' lang='lat' dir='ltr'><strong>silentio,</strong></span> <span class='ocrx_word' id='word_1_634' title='bbox 2862 2580 2982 2648; x_wconf 86' lang='lat' dir='ltr'><strong>quia</strong></span> <span class='ocrx_word' id='word_1_635' title='bbox 3024 2581 3261 2636; x_wconf 90' lang='lat' dir='ltr'><strong>medium</strong></span> <span class='ocrx_word' id='word_1_636' title='bbox 3303 2582 3412 2653; x_wconf 87' lang='lat' dir='ltr'><strong>ejus</strong></span> <span class='ocrx_word' id='word_1_637' title='bbox 3446 2592 3534 2649; x_wconf 84' lang='lat' dir='ltr'><strong>est,</strong></span> <span class='ocrx_word' id='word_1_638' title='bbox 3566 2597 3642 2639; x_wconf 79' lang='lat' dir='ltr'><strong>nec</strong></span> 
     </span>
    </p>
   </div>
   <div class='ocr_carea' id='block_1_89' title="bbox 2119 2667 3642 2739">
    <p class='ocr_par' dir='ltr' id='par_1_89' title="bbox 2119 2667 3642 2739">
     <span class='ocr_line' id='line_1_89' title="bbox 2119 2667 3642 2739; baseline 0.009 -23"><span class='ocrx_word' id='word_1_639' title='bbox 2119 2668 2304 2739; x_wconf 74' lang='lat' dir='ltr'><strong>prima:</strong></span> <span class='ocrx_word' id='word_1_640' title='bbox 2351 2667 2486 2736; x_wconf 85' lang='lat' dir='ltr'><strong>parti</strong></span> <span class='ocrx_word' id='word_1_641' title='bbox 2513 2668 2715 2739; x_wconf 72' lang='lat' dir='ltr'><strong>aequale</strong></span> <span class='ocrx_word' id='word_1_642' title='bbox 2745 2683 2842 2723; x_wconf 89' lang='lat' dir='ltr'><strong>nec</strong></span> <span class='ocrx_word' id='word_1_643' title='bbox 2864 2682 3147 2738; x_wconf 68' lang='lat' dir='ltr'><strong>extremm,</strong></span> <span class='ocrx_word' id='word_1_644' title='bbox 3174 2682 3224 2728; x_wconf 90' lang='lat' dir='ltr'><strong>et</strong></span> <span class='ocrx_word' id='word_1_645' title='bbox 3257 2672 3440 2729; x_wconf 80' lang='lat' dir='ltr'><strong>idcirco</strong></span> <span class='ocrx_word' id='word_1_646' title='bbox 3462 2689 3488 2728; x_wconf 82' lang='lat' dir='ltr'><strong>a</strong></span> <span class='ocrx_word' id='word_1_647' title='bbox 3527 2675 3642 2730; x_wconf 75' lang='lat' dir='ltr'><strong>leva-</strong></span> 
     </span>
    </p>
   </div>
   <div class='ocr_carea' id='block_1_90' title="bbox 2122 2758 3642 2835">
    <p class='ocr_par' dir='ltr' id='par_1_90' title="bbox 2122 2758 3642 2835">
     <span class='ocr_line' id='line_1_90' title="bbox 2122 2758 3642 2835; baseline 0.005 -22"><span class='ocrx_word' id='word_1_648' title='bbox 2122 2758 2268 2813; x_wconf 89' lang='lat' dir='ltr'><strong>tione</strong></span> <span class='ocrx_word' id='word_1_649' title='bbox 2289 2773 2352 2813; x_wconf 88' lang='lat' dir='ltr'><strong>ac</strong></span> <span class='ocrx_word' id='word_1_650' title='bbox 2381 2758 2641 2827; x_wconf 83' lang='lat' dir='ltr'><strong>positione</strong></span> <span class='ocrx_word' id='word_1_651' title='bbox 2689 2759 3003 2816; x_wconf 72' lang='lat' dir='ltr'><strong>discordat?</strong></span> <span class='ocrx_word' id='word_1_652' title='bbox 3033 2762 3149 2818; x_wconf 81' lang='lat' dir='ltr'><strong>Hoc</strong></span> <span class='ocrx_word' id='word_1_653' title='bbox 3188 2765 3341 2819; x_wconf 87' lang='lat' dir='ltr'><strong>etiam</strong></span> <span class='ocrx_word' id='word_1_654' title='bbox 3368 2766 3430 2820; x_wconf 86' lang='lat' dir='ltr'><strong>de</strong></span> <span class='ocrx_word' id='word_1_655' title='bbox 3449 2764 3642 2835; x_wconf 78' lang='lat' dir='ltr'><strong>spomleo</strong></span> 
     </span>
    </p>
   </div>
   <div class='ocr_carea' id='block_1_91' title="bbox 2128 2850 3638 2927">
    <p class='ocr_par' dir='ltr' id='par_1_91' title="bbox 2128 2850 3638 2927">
     <span class='ocr_line' id='line_1_91' title="bbox 2128 2850 3638 2927; baseline 0.005 -21"><span class='ocrx_word' id='word_1_656' title='bbox 2128 2850 2459 2921; x_wconf 73' lang='lat' dir='ltr'><strong>intelligitur,</strong></span> <span class='ocrx_word' id='word_1_657' title='bbox 2488 2853 2576 2921; x_wconf 87' lang='lat' dir='ltr'><strong>qttl</strong></span> <span class='ocrx_word' id='word_1_658' title='bbox 2606 2852 2852 2907; x_wconf 83' lang='lat' dir='ltr'><strong>similiter</strong></span> <span class='ocrx_word' id='word_1_659' title='bbox 2881 2864 2999 2925; x_wconf 71' lang='lat' dir='ltr'><strong>post</strong></span> <span class='ocrx_word' id='word_1_660' title='bbox 3022 2855 3487 2927; x_wconf 81' lang='lat' dir='ltr'><strong>autispaslumcum</strong></span> <span class='ocrx_word' id='word_1_661' title='bbox 3508 2856 3638 2913; x_wconf 82' lang='lat' dir='ltr'><strong>silen-</strong></span> 
     </span>
    </p>
   </div>
   <div class='ocr_carea' id='block_1_92' title="bbox 2124 2941 3638 3014">
    <p class='ocr_par' dir='ltr' id='par_1_92' title="bbox 2124 2941 3638 3014">
     <span class='ocr_line' id='line_1_92' title="bbox 2124 2941 3638 3014; baseline 0.005 -20"><span class='ocrx_word' id='word_1_662' title='bbox 2124 2941 2197 2994; x_wconf 91' lang='lat' dir='ltr'><strong>tio</strong></span> <span class='ocrx_word' id='word_1_663' title='bbox 2245 2955 2349 2996; x_wconf 92' lang='lat' dir='ltr'><strong>non</strong></span> <span class='ocrx_word' id='word_1_664' title='bbox 2377 2950 2520 2995; x_wconf 88' lang='lat' dir='ltr'><strong>amat</strong></span> <span class='ocrx_word' id='word_1_665' title='bbox 2547 2942 2690 3010; x_wconf 86' lang='lat' dir='ltr'><strong>poni.</strong></span> <span class='ocrx_word' id='word_1_666' title='bbox 2730 2944 2810 2996; x_wconf 81' lang='lat' dir='ltr'><strong>An</strong></span> <span class='ocrx_word' id='word_1_667' title='bbox 2857 2944 3149 3014; x_wconf 87' lang='lat' dir='ltr'><strong>quidquam</strong></span> <span class='ocrx_word' id='word_1_668' title='bbox 3176 2946 3268 3001; x_wconf 77' lang='lat' dir='ltr'><strong>llbl</strong></span> <span class='ocrx_word' id='word_1_669' title='bbox 3293 2947 3539 3003; x_wconf 82' lang='lat' dir='ltr'><strong>adversum</strong></span> <span class='ocrx_word' id='word_1_670' title='bbox 3559 2947 3638 3003; x_wconf 75' lang='lat' dir='ltr'><strong>ista</strong></span> 
     </span>
    </p>
   </div>
   <div class='ocr_carea' id='block_1_93' title="bbox 2123 3030 3637 3109">
    <p class='ocr_par' dir='ltr' id='par_1_93' title="bbox 2123 3030 3637 3109">
     <span class='ocr_line' id='line_1_93' title="bbox 2123 3030 3637 3109; baseline 0.007 -24"><span class='ocrx_word' id='word_1_671' title='bbox 2123 3030 2401 3087; x_wconf 85' lang='lat' dir='ltr'><strong>dicendum</strong></span> <span class='ocrx_word' id='word_1_672' title='bbox 2417 3032 2532 3088; x_wconf 81' lang='lat' dir='ltr'><strong>est?</strong></span> <span class='ocrx_word' id='word_1_673' title='bbox 2559 3031 2623 3085; x_wconf 78' lang='grc' dir='ltr'><strong>Ι).</strong></span> <span class='ocrx_word' id='word_1_674' title='bbox 2646 3031 2768 3088; x_wconf 78' lang='lat' dir='ltr'><strong>Mihi</strong></span> <span class='ocrx_word' id='word_1_675' title='bbox 2792 3049 2919 3090; x_wconf 87' lang='lat' dir='ltr'><strong>vero</strong></span> <span class='ocrx_word' id='word_1_676' title='bbox 2943 3034 3119 3090; x_wconf 84' lang='lat' dir='ltr'><strong>nihil?</strong></span> <span class='ocrx_word' id='word_1_677' title='bbox 3146 3037 3251 3093; x_wconf 87' lang='lat' dir='ltr'><strong>nisi</strong></span> <span class='ocrx_word' id='word_1_678' title='bbox 3264 3039 3395 3109; x_wconf 86' lang='lat' dir='ltr'><strong>quod</strong></span> <span class='ocrx_word' id='word_1_679' title='bbox 3409 3040 3492 3094; x_wconf 77' lang='lat' dir='ltr'><strong>ista</strong></span> <span class='ocrx_word' id='word_1_680' title='bbox 3506 3038 3637 3095; x_wconf 71' lang='grc' dir='ltr'><strong>οπαι·</strong></span> 
     </span>
    </p>
   </div>
   <div class='ocr_carea' id='block_1_94' title="bbox 2124 3124 3628 3198">
    <p class='ocr_par' dir='ltr' id='par_1_94' title="bbox 2124 3124 3628 3198">
     <span class='ocr_line' id='line_1_94' title="bbox 2124 3124 3628 3198; baseline 0.003 -21"><span class='ocrx_word' id='word_1_681' title='bbox 2124 3124 2204 3177; x_wconf 89' lang='lat' dir='ltr'><strong>sio</strong></span> <span class='ocrx_word' id='word_1_682' title='bbox 2229 3139 2347 3193; x_wconf 67' lang='lat' dir='ltr'><strong>quae</strong></span> <span class='ocrx_word' id='word_1_683' title='bbox 2372 3126 2428 3178; x_wconf 85' lang='lat' dir='ltr'><strong>lit</strong></span> <span class='ocrx_word' id='word_1_684' title='bbox 2451 3125 2691 3186; x_wconf 87' lang='lat' dir='ltr'><strong>auribus.</strong></span> <span class='ocrx_word' id='word_1_685' title='bbox 2720 3139 2841 3180; x_wconf 85' lang='lat' dir='ltr'><strong>cum</strong></span> <span class='ocrx_word' id='word_1_686' title='bbox 2882 3126 2950 3180; x_wconf 88' lang='lat' dir='ltr'><strong>ita</strong></span> <span class='ocrx_word' id='word_1_687' title='bbox 2999 3127 3052 3181; x_wconf 86' lang='lat' dir='ltr'><strong>bi</strong></span> <span class='ocrx_word' id='word_1_688' title='bbox 3081 3128 3247 3198; x_wconf 88' lang='lat' dir='ltr'><strong>pedes</strong></span> <span class='ocrx_word' id='word_1_689' title='bbox 3271 3129 3565 3194; x_wconf 70' lang='lat' dir='ltr'><strong>collocantur,</strong></span> <span class='ocrx_word' id='word_1_690' title='bbox 3585 3128 3628 3182; x_wconf 87' lang='lat' dir='ltr'><strong>in</strong></span> 
     </span>
    </p>
   </div>
   <div class='ocr_carea' id='block_1_95' title="bbox 2124 3213 3627 3290">
    <p class='ocr_par' dir='ltr' id='par_1_95' title="bbox 2124 3213 3627 3290">
     <span class='ocr_line' id='line_1_95' title="bbox 2124 3213 3627 3290; baseline 0.001 -18"><span class='ocrx_word' id='word_1_691' title='bbox 2124 3217 2518 3287; x_wconf 85' lang='lat' dir='ltr'><strong>comparatione</strong></span> <span class='ocrx_word' id='word_1_692' title='bbox 2548 3218 2606 3271; x_wconf 87' lang='lat' dir='ltr'><strong>lit</strong></span> <span class='ocrx_word' id='word_1_693' title='bbox 2657 3219 2773 3287; x_wconf 85' lang='lat' dir='ltr'><strong>ejus</strong></span> <span class='ocrx_word' id='word_1_694' title='bbox 2799 3213 3102 3286; x_wconf 76' lang='lat' dir='ltr'><strong>suavitatis,</strong></span> <span class='ocrx_word' id='word_1_695' title='bbox 3130 3235 3249 3290; x_wconf 55' lang='lat' dir='ltr'><strong>qua</strong></span> <span class='ocrx_word' id='word_1_696' title='bbox 3299 3220 3493 3276; x_wconf 77' lang='lat' dir='ltr'><strong>oblectat</strong></span> <span class='ocrx_word' id='word_1_697' title='bbox 3510 3216 3627 3273; x_wconf 77' lang='lat' dir='ltr'><strong>audi-</strong></span> 
     </span>
    </p>
   </div>
   <div class='ocr_carea' id='block_1_96' title="bbox 2124 3312 3638 3383">
    <p class='ocr_par' dir='ltr' id='par_1_96' title="bbox 2124 3312 3638 3383">
     <span class='ocr_line' id='line_1_96' title="bbox 2124 3312 3638 3383; baseline 0.002 -20"><span class='ocrx_word' id='word_1_698' title='bbox 2124 3317 2257 3374; x_wconf 87' lang='lat' dir='ltr'><strong>tum,</strong></span> <span class='ocrx_word' id='word_1_699' title='bbox 2305 3325 2425 3364; x_wconf 90' lang='lat' dir='ltr'><strong>cum</strong></span> <span class='ocrx_word' id='word_1_700' title='bbox 2456 3318 2575 3380; x_wconf 89' lang='lat' dir='ltr'><strong>post</strong></span> <span class='ocrx_word' id='word_1_701' title='bbox 2618 3319 2843 3366; x_wconf 70' lang='lat' dir='ltr'><strong>cancros</strong></span> <span class='ocrx_word' id='word_1_702' title='bbox 2865 3325 3052 3367; x_wconf 87' lang='lat' dir='ltr'><strong>senum</strong></span> <span class='ocrx_word' id='word_1_703' title='bbox 3083 3321 3373 3383; x_wconf 88' lang='lat' dir='ltr'><strong>temporum</strong></span> <span class='ocrx_word' id='word_1_704' title='bbox 3404 3314 3448 3368; x_wconf 88' lang='lat' dir='ltr'><strong>bi</strong></span> <span class='ocrx_word' id='word_1_705' title='bbox 3469 3327 3566 3368; x_wconf 80' lang='lat' dir='ltr'><strong>eum</strong></span> <span class='ocrx_word' id='word_1_706' title='bbox 3586 3312 3638 3367; x_wconf 83' lang='lat' dir='ltr'><strong>si-</strong></span> 
     </span>
    </p>
   </div>
   <div class='ocr_carea' id='block_1_97' title="bbox 2124 3400 3635 3471">
    <p class='ocr_par' dir='ltr' id='par_1_97' title="bbox 2124 3400 3635 3471">
     <span class='ocr_line' id='line_1_97' title="bbox 2124 3400 3635 3471; baseline 0.001 -17"><span class='ocrx_word' id='word_1_707' title='bbox 2124 3400 2288 3455; x_wconf 80' lang='lat' dir='ltr'><strong>lentio</strong></span> <span class='ocrx_word' id='word_1_708' title='bbox 2317 3413 2583 3470; x_wconf 89' lang='lat' dir='ltr'><strong>ponuntur</strong></span> <span class='ocrx_word' id='word_1_709' title='bbox 2606 3400 2789 3471; x_wconf 74' lang='lat' dir='ltr'><strong>pedes.</strong></span> <span class='ocrx_word' id='word_1_710' title='bbox 2817 3400 2947 3456; x_wconf 87' lang='lat' dir='ltr'><strong>Nam</strong></span> <span class='ocrx_word' id='word_1_711' title='bbox 2975 3403 3020 3458; x_wconf 86' lang='lat' dir='ltr'><strong>si</strong></span> <span class='ocrx_word' id='word_1_712' title='bbox 3044 3403 3168 3458; x_wconf 85' lang='lat' dir='ltr'><strong>aliis</strong></span> <span class='ocrx_word' id='word_1_713' title='bbox 3197 3405 3362 3458; x_wconf 87' lang='lat' dir='ltr'><strong>tacitis</strong></span> <span class='ocrx_word' id='word_1_714' title='bbox 3387 3418 3460 3458; x_wconf 86' lang='lat' dir='ltr'><strong>me</strong></span> <span class='ocrx_word' id='word_1_715' title='bbox 3481 3414 3635 3457; x_wconf 75' lang='lat' dir='ltr'><strong>consu-</strong></span> 
     </span>
    </p>
   </div>
   <div class='ocr_carea' id='block_1_98' title="bbox 2127 3491 3632 3564">
    <p class='ocr_par' dir='ltr' id='par_1_98' title="bbox 2127 3491 3632 3564">
     <span class='ocr_line' id='line_1_98' title="bbox 2127 3491 3632 3564; baseline 0.003 -21"><span class='ocrx_word' id='word_1_716' title='bbox 2127 3491 2263 3546; x_wconf 87' lang='lat' dir='ltr'><strong>leres</strong></span> <span class='ocrx_word' id='word_1_717' title='bbox 2309 3491 2755 3561; x_wconf 88' lang='lat' dir='ltr'><strong>quemadmodum</strong></span> <span class='ocrx_word' id='word_1_718' title='bbox 2812 3504 3091 3560; x_wconf 88' lang='lat' dir='ltr'><strong>sonarent,</strong></span> <span class='ocrx_word' id='word_1_719' title='bbox 3131 3495 3380 3564; x_wconf 76' lang='lat' dir='ltr'><strong>exemplis</strong></span> <span class='ocrx_word' id='word_1_720' title='bbox 3412 3492 3632 3561; x_wconf 72' lang='lat' dir='ltr'><strong>subjectis,</strong></span> 
     </span>
    </p>
   </div>
   <div class='ocr_carea' id='block_1_99' title="bbox 2123 3581 3638 3655">
    <p class='ocr_par' dir='ltr' id='par_1_99' title="bbox 2123 3581 3638 3655">
     <span class='ocr_line' id='line_1_99' title="bbox 2123 3581 3638 3655; baseline 0.002 -20"><span class='ocrx_word' id='word_1_721' title='bbox 2123 3591 2213 3636; x_wconf 88' lang='lat' dir='ltr'><strong>aut</strong></span> <span class='ocrx_word' id='word_1_722' title='bbox 2237 3592 2353 3650; x_wconf 86' lang='lat' dir='ltr'><strong>post</strong></span> <span class='ocrx_word' id='word_1_723' title='bbox 2369 3581 2662 3638; x_wconf 90' lang='lat' dir='ltr'><strong>dichorimu</strong></span> <span class='ocrx_word' id='word_1_724' title='bbox 2688 3583 2912 3643; x_wconf 89' lang='lat' dir='ltr'><strong>iambus.</strong></span> <span class='ocrx_word' id='word_1_725' title='bbox 2933 3595 3025 3639; x_wconf 88' lang='lat' dir='ltr'><strong>aut</strong></span> <span class='ocrx_word' id='word_1_726' title='bbox 3041 3596 3163 3655; x_wconf 88' lang='lat' dir='ltr'><strong>post</strong></span> <span class='ocrx_word' id='word_1_727' title='bbox 3178 3587 3500 3655; x_wconf 77' lang='lat' dir='ltr'><strong>amispastuni</strong></span> <span class='ocrx_word' id='word_1_728' title='bbox 3515 3598 3638 3653; x_wconf 46' lang='lat' dir='ltr'><strong>ppon-</strong></span> 
     </span>
    </p>
   </div>
   <div class='ocr_carea' id='block_1_100' title="bbox 2125 3673 3640 3749">
    <p class='ocr_par' dir='ltr' id='par_1_100' title="bbox 2125 3673 3640 3749">
     <span class='ocr_line' id='line_1_100' title="bbox 2125 3673 3640 3749; baseline 0 -20"><span class='ocrx_word' id='word_1_729' title='bbox 2125 3673 2280 3733; x_wconf 87' lang='lat' dir='ltr'><strong>dens.</strong></span> <span class='ocrx_word' id='word_1_730' title='bbox 2327 3691 2447 3730; x_wconf 91' lang='lat' dir='ltr'><strong>cum</strong></span> <span class='ocrx_word' id='word_1_731' title='bbox 2504 3676 2719 3731; x_wconf 89' lang='lat' dir='ltr'><strong>silentio</strong></span> <span class='ocrx_word' id='word_1_732' title='bbox 2748 3677 2942 3748; x_wconf 84' lang='lat' dir='ltr'><strong>positi;</strong></span> <span class='ocrx_word' id='word_1_733' title='bbox 2972 3677 3149 3734; x_wconf 90' lang='lat' dir='ltr'><strong>dicam</strong></span> <span class='ocrx_word' id='word_1_734' title='bbox 3199 3695 3282 3749; x_wconf 87' lang='lat' dir='ltr'><strong>qtn</strong></span> <span class='ocrx_word' id='word_1_735' title='bbox 3303 3678 3336 3734; x_wconf 90' lang='lat' dir='ltr'><strong>d</strong></span> <span class='ocrx_word' id='word_1_736' title='bbox 3371 3680 3537 3743; x_wconf 88' lang='lat' dir='ltr'><strong>sentio,</strong></span> <span class='ocrx_word' id='word_1_737' title='bbox 3559 3675 3640 3730; x_wconf 82' lang='lat' dir='ltr'><strong>ior-</strong></span> 
     </span>
    </p>
   </div>
   <div class='ocr_carea' id='block_1_101' title="bbox 2127 3765 3638 3838">
    <p class='ocr_par' dir='ltr' id='par_1_101' title="bbox 2127 3765 3638 3838">
     <span class='ocr_line' id='line_1_101' title="bbox 2127 3765 3638 3838; baseline 0.001 -19"><span class='ocrx_word' id='word_1_738' title='bbox 2127 3773 2269 3821; x_wconf 84' lang='lat' dir='ltr'><strong>tasse</strong></span> <span class='ocrx_word' id='word_1_739' title='bbox 2318 3766 2665 3835; x_wconf 71' lang='lat' dir='ltr'><strong>approbarem</strong></span> <span class='ocrx_word' id='word_1_740' title='bbox 2721 3777 2776 3822; x_wconf 91' lang='lat' dir='ltr'><strong>ct</strong></span> <span class='ocrx_word' id='word_1_741' title='bbox 2824 3767 3118 3824; x_wconf 88' lang='lat' dir='ltr'><strong>laudarem.</strong></span> <span class='ocrx_word' id='word_1_742' title='bbox 3170 3767 3247 3823; x_wconf 73' lang='grc' dir='ltr'><strong>Π.</strong></span> <span class='ocrx_word' id='word_1_743' title='bbox 3290 3768 3399 3825; x_wconf 80' lang='lat' dir='ltr'><strong>Non</strong></span> <span class='ocrx_word' id='word_1_744' title='bbox 3440 3765 3638 3838; x_wconf 80' lang='lat' dir='ltr'><strong>equidem</strong></span> 
     </span>
    </p>
   </div>
   <div class='ocr_carea' id='block_1_102' title="bbox 2126 3856 3639 3932">
    <p class='ocr_par' dir='ltr' id='par_1_102' title="bbox 2126 3856 3639 3932">
     <span class='ocr_line' id='line_1_102' title="bbox 2126 3856 3639 3932; baseline 0 -20"><span class='ocrx_word' id='word_1_745' title='bbox 2126 3857 2320 3912; x_wconf 87' lang='lat' dir='ltr'><strong>resisto</strong></span> <span class='ocrx_word' id='word_1_746' title='bbox 2346 3857 2457 3912; x_wconf 82' lang='lat' dir='ltr'><strong>tibi.</strong></span> <span class='ocrx_word' id='word_1_747' title='bbox 2487 3856 2628 3913; x_wconf 81' lang='lat' dir='ltr'><strong>Satis</strong></span> <span class='ocrx_word' id='word_1_748' title='bbox 2651 3866 2737 3914; x_wconf 71' lang='lat' dir='ltr'><strong>est</strong></span> <span class='ocrx_word' id='word_1_749' title='bbox 2758 3857 2885 3913; x_wconf 90' lang='lat' dir='ltr'><strong>mihi</strong></span> <span class='ocrx_word' id='word_1_750' title='bbox 2908 3869 3108 3922; x_wconf 87' lang='lat' dir='ltr'><strong>tamen,</strong></span> <span class='ocrx_word' id='word_1_751' title='bbox 3130 3860 3270 3932; x_wconf 85' lang='lat' dir='ltr'><strong>quod</strong></span> <span class='ocrx_word' id='word_1_752' title='bbox 3288 3861 3397 3916; x_wconf 68' lang='lat' dir='ltr'><strong>lucc</strong></span> <span class='ocrx_word' id='word_1_753' title='bbox 3413 3857 3639 3915; x_wconf 67' lang='lat' dir='ltr'><strong>colloutio</strong></span> 
     </span>
    </p>
   </div>
   <div class='ocr_carea' id='block_1_103' title="bbox 2125 3947 3639 4019">
    <p class='ocr_par' dir='ltr' id='par_1_103' title="bbox 2125 3947 3639 4019">
     <span class='ocr_line' id='line_1_103' title="bbox 2125 3947 3639 4019; baseline 0 -16"><span class='ocrx_word' id='word_1_754' title='bbox 2125 3947 2179 4003; x_wconf 87' lang='lat' dir='ltr'><strong>in</strong></span> <span class='ocrx_word' id='word_1_755' title='bbox 2196 3949 2593 4018; x_wconf 84' lang='lat' dir='ltr'><strong>comparatione</strong></span> <span class='ocrx_word' id='word_1_756' title='bbox 2620 3948 2801 4004; x_wconf 85' lang='lat' dir='ltr'><strong>talium</strong></span> <span class='ocrx_word' id='word_1_757' title='bbox 2841 3965 3209 4019; x_wconf 79' lang='lat' dir='ltr'><strong>numerorum,</strong></span> <span class='ocrx_word' id='word_1_758' title='bbox 3246 3952 3337 4007; x_wconf 83' lang='lat' dir='ltr'><strong>sed</strong></span> <span class='ocrx_word' id='word_1_759' title='bbox 3377 3951 3543 4007; x_wconf 78' lang='lat' dir='ltr'><strong>melius</strong></span> <span class='ocrx_word' id='word_1_760' title='bbox 3572 3961 3639 4003; x_wconf 81' lang='lat' dir='ltr'><strong>so-</strong></span> 
     </span>
    </p>
   </div>
   <div class='ocr_carea' id='block_1_104' title="bbox 2126 4040 3637 4111">
    <p class='ocr_par' dir='ltr' id='par_1_104' title="bbox 2126 4040 3637 4111">
     <span class='ocr_line' id='line_1_104' title="bbox 2126 4040 3637 4111; baseline 0.001 -18"><span class='ocrx_word' id='word_1_761' title='bbox 2126 4040 2388 4103; x_wconf 88' lang='lat' dir='ltr'><strong>nantium,</strong></span> <span class='ocrx_word' id='word_1_762' title='bbox 2435 4042 2573 4095; x_wconf 89' lang='lat' dir='ltr'><strong>sicut</strong></span> <span class='ocrx_word' id='word_1_763' title='bbox 2615 4041 2768 4108; x_wconf 91' lang='lat' dir='ltr'><strong>dicis,</strong></span> <span class='ocrx_word' id='word_1_764' title='bbox 2799 4041 3021 4098; x_wconf 83' lang='lat' dir='ltr'><strong>oll‘endit</strong></span> <span class='ocrx_word' id='word_1_765' title='bbox 3048 4061 3061 4097; x_wconf 91' lang='lat'><strong>:</strong></span> <span class='ocrx_word' id='word_1_766' title='bbox 3091 4058 3159 4099; x_wconf 90' lang='lat' dir='ltr'><strong>eo</strong></span> <span class='ocrx_word' id='word_1_767' title='bbox 3203 4044 3339 4100; x_wconf 86' lang='lat' dir='ltr'><strong>enim</strong></span> <span class='ocrx_word' id='word_1_768' title='bbox 3379 4052 3455 4099; x_wconf 87' lang='lat' dir='ltr'><strong>est</strong></span> <span class='ocrx_word' id='word_1_769' title='bbox 3479 4043 3637 4111; x_wconf 82' lang='lat' dir='ltr'><strong>impro-</strong></span> 
     </span>
    </p>
   </div>
   <div class='ocr_carea' id='block_1_105' title="bbox 2123 4129 3635 4204">
    <p class='ocr_par' dir='ltr' id='par_1_105' title="bbox 2123 4129 3635 4204">
     <span class='ocr_line' id='line_1_105' title="bbox 2123 4129 3635 4204; baseline 0.002 -18"><span class='ocrx_word' id='word_1_770' title='bbox 2123 4129 2317 4193; x_wconf 89' lang='lat' dir='ltr'><strong>banda,</strong></span> <span class='ocrx_word' id='word_1_771' title='bbox 2344 4132 2485 4201; x_wconf 89' lang='lat' dir='ltr'><strong>quod</strong></span> <span class='ocrx_word' id='word_1_772' title='bbox 2512 4147 2632 4187; x_wconf 91' lang='lat' dir='ltr'><strong>cum</strong></span> <span class='ocrx_word' id='word_1_773' title='bbox 2651 4132 2887 4204; x_wconf 78' lang='lat' dir='ltr'><strong>ejusdem</strong></span> <span class='ocrx_word' id='word_1_774' title='bbox 2914 4136 3129 4203; x_wconf 73' lang='lat' dir='ltr'><strong>generis</strong></span> <span class='ocrx_word' id='word_1_775' title='bbox 3151 4137 3307 4190; x_wconf 87' lang='lat' dir='ltr'><strong>etiam</strong></span> <span class='ocrx_word' id='word_1_776' title='bbox 3331 4135 3399 4190; x_wconf 91' lang='lat' dir='ltr'><strong>illi</strong></span> <span class='ocrx_word' id='word_1_777' title='bbox 3436 4134 3529 4190; x_wconf 86' lang='lat' dir='ltr'><strong>sint</strong></span> <span class='ocrx_word' id='word_1_778' title='bbox 3562 4145 3635 4203; x_wconf 80' lang='lat' dir='ltr'><strong>pe-</strong></span> 
     </span>
    </p>
   </div>
   <div class='ocr_carea' id='block_1_106' title="bbox 2124 4219 3637 4299">
    <p class='ocr_par' dir='ltr' id='par_1_106' title="bbox 2124 4219 3637 4299">
     <span class='ocr_line' id='line_1_106' title="bbox 2124 4219 3637 4299; baseline 0.002 -23"><span class='ocrx_word' id='word_1_779' title='bbox 2124 4219 2241 4286; x_wconf 87' lang='lat' dir='ltr'><strong>des,</strong></span> <span class='ocrx_word' id='word_1_780' title='bbox 2267 4238 2400 4293; x_wconf 84' lang='lat' dir='ltr'><strong>quos</strong></span> <span class='ocrx_word' id='word_1_781' title='bbox 2418 4223 2500 4279; x_wconf 85' lang='lat' dir='ltr'><strong>his</strong></span> <span class='ocrx_word' id='word_1_782' title='bbox 2522 4224 2880 4293; x_wconf 87' lang='lat' dir='ltr'><strong>setnipedibus</strong></span> <span class='ocrx_word' id='word_1_783' title='bbox 2902 4225 3115 4281; x_wconf 84' lang='lat' dir='ltr'><strong>clausos</strong></span> <span class='ocrx_word' id='word_1_784' title='bbox 3144 4227 3246 4283; x_wconf 86' lang='lat' dir='ltr'><strong>labi</strong></span> <span class='ocrx_word' id='word_1_785' title='bbox 3260 4225 3637 4299; x_wconf 75' lang='lat' dir='ltr'><strong>jucundiusoon-</strong></span> 
     </span>
    </p>
   </div>
   <div class='ocr_carea' id='block_1_107' title="bbox 2126 4311 3636 4384">
    <p class='ocr_par' dir='ltr' id='par_1_107' title="bbox 2126 4311 3636 4384">
     <span class='ocr_line' id='line_1_107' title="bbox 2126 4311 3636 4384; baseline 0.001 -17"><span class='ocrx_word' id='word_1_786' title='bbox 2126 4312 2356 4373; x_wconf 81' lang='lat' dir='ltr'><strong>litcmnr.</strong></span> <span class='ocrx_word' id='word_1_787' title='bbox 2375 4312 2444 4367; x_wconf 85' lang='lat' dir='ltr'><strong>ab</strong></span> <span class='ocrx_word' id='word_1_788' title='bbox 2468 4313 2532 4368; x_wconf 90' lang='lat' dir='ltr'><strong>iis</strong></span> <span class='ocrx_word' id='word_1_789' title='bbox 2554 4314 2858 4384; x_wconf 80' lang='lat' dir='ltr'><strong>discrepare</strong></span> <span class='ocrx_word' id='word_1_790' title='bbox 2895 4331 3000 4370; x_wconf 93' lang='lat' dir='ltr'><strong>non</strong></span> <span class='ocrx_word' id='word_1_791' title='bbox 3030 4317 3233 4373; x_wconf 85' lang='lat' dir='ltr'><strong>debuit.</strong></span> <span class='ocrx_word' id='word_1_792' title='bbox 3265 4318 3367 4373; x_wconf 83' lang='lat' dir='ltr'><strong>Sed</strong></span> <span class='ocrx_word' id='word_1_793' title='bbox 3394 4330 3547 4371; x_wconf 69' lang='lat' dir='ltr'><strong>tronae</strong></span> <span class='ocrx_word' id='word_1_794' title='bbox 3564 4311 3636 4368; x_wconf 83' lang='lat' dir='ltr'><strong>tibi</strong></span> 
     </span>
    </p>
   </div>
   <div class='ocr_carea' id='block_1_108' title="bbox 2123 4405 3636 4481">
    <p class='ocr_par' dir='ltr' id='par_1_108' title="bbox 2123 4405 3636 4481">
     <span class='ocr_line' id='line_1_108' title="bbox 2123 4405 3636 4481; baseline 0.002 -23"><span class='ocrx_word' id='word_1_795' title='bbox 2123 4405 2330 4460; x_wconf 85' lang='lat' dir='ltr'><strong>videtur</strong></span> <span class='ocrx_word' id='word_1_796' title='bbox 2352 4408 2641 4461; x_wconf 69' lang='lat' dir='ltr'><strong>serundum</strong></span> <span class='ocrx_word' id='word_1_797' title='bbox 2663 4408 2815 4462; x_wconf 84' lang='lat' dir='ltr'><strong>istam</strong></span> <span class='ocrx_word' id='word_1_798' title='bbox 2845 4410 3128 4477; x_wconf 87' lang='lat' dir='ltr'><strong>rationem,</strong></span> <span class='ocrx_word' id='word_1_799' title='bbox 3165 4425 3263 4468; x_wconf 89' lang='lat' dir='ltr'><strong>nec</strong></span> <span class='ocrx_word' id='word_1_800' title='bbox 3284 4420 3395 4481; x_wconf 86' lang='lat' dir='ltr'><strong>post</strong></span> <span class='ocrx_word' id='word_1_801' title='bbox 3417 4408 3636 4479; x_wconf 81' lang='lat' dir='ltr'><strong>rpitritum</strong></span> 
     </span>
    </p>
   </div>
   <div class='ocr_carea' id='block_1_109' title="bbox 2124 4495 3635 4572">
    <p class='ocr_par' dir='ltr' id='par_1_109' title="bbox 2124 4495 3635 4572">
     <span class='ocr_line' id='line_1_109' title="bbox 2124 4495 3635 4572; baseline 0.005 -21"><span class='ocrx_word' id='word_1_802' title='bbox 2124 4497 2413 4553; x_wconf 80' lang='lat' dir='ltr'><strong>secundum</strong></span> <span class='ocrx_word' id='word_1_803' title='bbox 2461 4499 2691 4553; x_wconf 85' lang='lat' dir='ltr'><strong>iambum</strong></span> <span class='ocrx_word' id='word_1_804' title='bbox 2717 4514 2838 4555; x_wconf 90' lang='lat' dir='ltr'><strong>cum</strong></span> <span class='ocrx_word' id='word_1_805' title='bbox 2862 4499 3074 4557; x_wconf 87' lang='lat' dir='ltr'><strong>silentio</strong></span> <span class='ocrx_word' id='word_1_806' title='bbox 3101 4502 3221 4572; x_wconf 85' lang='lat' dir='ltr'><strong>poni</strong></span> <span class='ocrx_word' id='word_1_807' title='bbox 3248 4498 3511 4568; x_wconf 73' lang='lat' dir='ltr'><strong>Oportet-ei</strong></span> <span class='ocrx_word' id='word_1_808' title='bbox 3530 4495 3635 4553; x_wconf 67' lang='lat' dir='ltr'><strong>Nam</strong></span> 
     </span>
    </p>
   </div>
   <div class='ocr_carea' id='block_1_110' title="bbox 2125 4590 3637 4663">
    <p class='ocr_par' dir='ltr' id='par_1_110' title="bbox 2125 4590 3637 4663">
     <span class='ocr_line' id='line_1_110' title="bbox 2125 4590 3637 4663; baseline 0 -18"><span class='ocrx_word' id='word_1_809' title='bbox 2125 4590 2256 4645; x_wconf 90' lang='lat' dir='ltr'><strong>etin</strong></span> <span class='ocrx_word' id='word_1_810' title='bbox 2306 4591 2405 4645; x_wconf 83' lang='lat' dir='ltr'><strong>hoc</strong></span> <span class='ocrx_word' id='word_1_811' title='bbox 2432 4591 2569 4663; x_wconf 85' lang='lat' dir='ltr'><strong>pede</strong></span> <span class='ocrx_word' id='word_1_812' title='bbox 2611 4592 2816 4647; x_wconf 84' lang='lat' dir='ltr'><strong>iambus</strong></span> <span class='ocrx_word' id='word_1_813' title='bbox 2845 4595 2912 4647; x_wconf 89' lang='lat' dir='ltr'><strong>ita</strong></span> <span class='ocrx_word' id='word_1_814' title='bbox 2955 4596 3187 4650; x_wconf 83' lang='lat' dir='ltr'><strong>medium</strong></span> <span class='ocrx_word' id='word_1_815' title='bbox 3230 4598 3391 4652; x_wconf 86' lang='lat' dir='ltr'><strong>locum</strong></span> <span class='ocrx_word' id='word_1_816' title='bbox 3420 4602 3557 4655; x_wconf 88' lang='lat' dir='ltr'><strong>tenet,</strong></span> <span class='ocrx_word' id='word_1_817' title='bbox 3589 4598 3637 4645; x_wconf 85' lang='lat' dir='ltr'><strong>ut</strong></span> 
     </span>
    </p>
   </div>
   <div class='ocr_carea' id='block_1_111' title="bbox 2125 4680 3634 4757">
    <p class='ocr_par' dir='ltr' id='par_1_111' title="bbox 2125 4680 3634 4757">
     <span class='ocr_line' id='line_1_111' title="bbox 2125 4680 3634 4757; baseline 0.001 -22"><span class='ocrx_word' id='word_1_818' title='bbox 2125 4696 2225 4735; x_wconf 88' lang='lat' dir='ltr'><strong>nec</strong></span> <span class='ocrx_word' id='word_1_819' title='bbox 2251 4680 2441 4750; x_wconf 77' lang='lat' dir='ltr'><strong>prioris</strong></span> <span class='ocrx_word' id='word_1_820' title='bbox 2465 4697 2563 4737; x_wconf 89' lang='lat' dir='ltr'><strong>nec</strong></span> <span class='ocrx_word' id='word_1_821' title='bbox 2584 4684 2892 4753; x_wconf 76' lang='lat' dir='ltr'><strong>posterioris</strong></span> <span class='ocrx_word' id='word_1_822' title='bbox 2910 4686 3071 4756; x_wconf 86' lang='lat' dir='ltr'><strong>partis</strong></span> <span class='ocrx_word' id='word_1_823' title='bbox 3092 4687 3406 4757; x_wconf 85' lang='lat' dir='ltr'><strong>temporibus</strong></span> <span class='ocrx_word' id='word_1_824' title='bbox 3421 4693 3634 4757; x_wconf 78' lang='lat' dir='ltr'><strong>:equetttr.</strong></span> 
     </span>
    </p>
   </div>
   <div class='ocr_carea' id='block_1_112' title="bbox 2125 4770 3254 4845">
    <p class='ocr_par' dir='ltr' id='par_1_112' title="bbox 2125 4770 3254 4845">
     <span class='ocr_line' id='line_1_112' title="bbox 2125 4770 3254 4845; baseline 0.006 -18"><span class='ocrx_word' id='word_1_825' title='bbox 2125 4771 2194 4827; x_wconf 90' lang='lat' dir='ltr'><strong>D.</strong></span> <span class='ocrx_word' id='word_1_826' title='bbox 2222 4770 2369 4843; x_wconf 80' lang='lat' dir='ltr'><strong>Cogit</strong></span> <span class='ocrx_word' id='word_1_827' title='bbox 2405 4790 2490 4828; x_wconf 82' lang='lat' dir='ltr'><strong>nte</strong></span> <span class='ocrx_word' id='word_1_828' title='bbox 2512 4776 2755 4845; x_wconf 79' lang='lat' dir='ltr'><strong>superior</strong></span> <span class='ocrx_word' id='word_1_829' title='bbox 2783 4776 2916 4831; x_wconf 81' lang='lat' dir='ltr'><strong>ratio</strong></span> <span class='ocrx_word' id='word_1_830' title='bbox 2943 4778 3254 4835; x_wconf 71' lang='lat' dir='ltr'><strong>concedere.</strong></span> 
     </span>
    </p>
   </div>
   <div class='ocr_carea' id='block_1_113' title="bbox 2269 4863 3523 4926">
    <p class='ocr_par' dir='ltr' id='par_1_113' title="bbox 2269 4863 3523 4926">
     <span class='ocr_line' id='line_1_113' title="bbox 2269 4863 3523 4926; baseline 0.003 -9"><span class='ocrx_word' id='word_1_831' title='bbox 2269 4863 2496 4920; x_wconf 83' lang='lat' dir='ltr'><strong>CAPUT</strong></span> <span class='ocrx_word' id='word_1_832' title='bbox 2524 4863 2641 4919; x_wconf 76' lang='lat' dir='ltr'><strong>XII.</strong></span> <span class='ocrx_word' id='word_1_833' title='bbox 2668 4895 2743 4906; x_wconf 93' lang='grc'><strong>-</strong></span> <span class='ocrx_word' id='word_1_834' title='bbox 2768 4866 2981 4922; x_wconf 84' lang='lat' dir='ltr'><strong>Summa</strong></span> <span class='ocrx_word' id='word_1_835' title='bbox 3005 4870 3223 4925; x_wconf 74' lang='lat' dir='ltr'><strong>omnium</strong></span> <span class='ocrx_word' id='word_1_836' title='bbox 3258 4879 3523 4926; x_wconf 62' lang='lat' dir='ltr'><strong>metrorum.</strong></span> 
     </span>
    </p>
   </div>
   <div class='ocr_carea' id='block_1_114' title="bbox 2122 4953 3633 5037">
    <p class='ocr_par' dir='ltr' id='par_1_114' title="bbox 2122 4953 3633 5037">
     <span class='ocr_line' id='line_1_114' title="bbox 2122 4953 3633 5037; baseline 0.004 -29"><span class='ocrx_word' id='word_1_837' title='bbox 2122 4953 2150 5037; x_wconf 57' lang='grc' dir='ltr'><em>ξ</em></span> <span class='ocrx_word' id='word_1_838' title='bbox 2194 4954 2281 5009; x_wconf 74' lang='grc' dir='ltr'><strong>Η.</strong></span> <span class='ocrx_word' id='word_1_839' title='bbox 2312 4953 2390 5010; x_wconf 72' lang='grc' dir='ltr'><strong>Η.</strong></span> <span class='ocrx_word' id='word_1_840' title='bbox 2422 4954 2535 5025; x_wconf 77' lang='lat' dir='ltr'><strong>Age</strong></span> <span class='ocrx_word' id='word_1_841' title='bbox 2559 4972 2720 5024; x_wconf 90' lang='lat' dir='ltr'><strong>nunc,</strong></span> <span class='ocrx_word' id='word_1_842' title='bbox 2762 4959 2927 5015; x_wconf 89' lang='lat' dir='ltr'><strong>redde</strong></span> <span class='ocrx_word' id='word_1_843' title='bbox 2967 4960 3098 5016; x_wconf 86' lang='lat' dir='ltr'><strong>mihi</strong></span> <span class='ocrx_word' id='word_1_844' title='bbox 3123 4963 3351 5017; x_wconf 88' lang='lat' dir='ltr'><strong>omnium</strong></span> <span class='ocrx_word' id='word_1_845' title='bbox 3393 4970 3633 5017; x_wconf 82' lang='lat' dir='ltr'><strong>metrorum</strong></span> 
     </span>
    </p>
   </div>
   <div class='ocr_carea' id='block_1_115' title="bbox 2123 5046 3631 5121">
    <p class='ocr_par' dir='ltr' id='par_1_115' title="bbox 2123 5046 3631 5121">
     <span class='ocr_line' id='line_1_115' title="bbox 2123 5046 3631 5121; baseline 0.004 -22"><span class='ocrx_word' id='word_1_846' title='bbox 2123 5061 2419 5109; x_wconf 89' lang='lat' dir='ltr'><strong>numerum,</strong></span> <span class='ocrx_word' id='word_1_847' title='bbox 2455 5046 2499 5101; x_wconf 91' lang='lat' dir='ltr'><strong>si</strong></span> <span class='ocrx_word' id='word_1_848' title='bbox 2528 5047 2722 5117; x_wconf 86' lang='lat' dir='ltr'><strong>placet,</strong></span> <span class='ocrx_word' id='word_1_849' title='bbox 2749 5066 2868 5121; x_wconf 75' lang='lat' dir='ltr'><strong>qua:</strong></span> <span class='ocrx_word' id='word_1_850' title='bbox 2886 5053 2996 5120; x_wconf 89' lang='lat' dir='ltr'><strong>jam</strong></span> <span class='ocrx_word' id='word_1_851' title='bbox 3025 5052 3381 5119; x_wconf 66' lang='lat' dir='ltr'><strong>traetm&#39;imus;</strong></span> <span class='ocrx_word' id='word_1_852' title='bbox 3403 5053 3451 5108; x_wconf 86' lang='lat' dir='ltr'><strong>id</strong></span> <span class='ocrx_word' id='word_1_853' title='bbox 3472 5059 3631 5107; x_wconf 59' lang='lat' dir='ltr'><strong>esteo-</strong></span> 
     </span>
    </p>
   </div>
   <div class='ocr_carea' id='block_1_116' title="bbox 2121 5139 3633 5215">
    <p class='ocr_par' dir='ltr' id='par_1_116' title="bbox 2121 5139 3633 5215">
     <span class='ocr_line' id='line_1_116' title="bbox 2121 5139 3633 5215; baseline 0 -20"><span class='ocrx_word' id='word_1_854' title='bbox 2121 5155 2239 5195; x_wconf 88' lang='lat' dir='ltr'><strong>rum</strong></span> <span class='ocrx_word' id='word_1_855' title='bbox 2259 5154 2378 5209; x_wconf 75' lang='lat' dir='ltr'><strong>qum</strong></span> <span class='ocrx_word' id='word_1_856' title='bbox 2413 5155 2440 5193; x_wconf 91' lang='lat' dir='ltr'><strong>a</strong></span> <span class='ocrx_word' id='word_1_857' title='bbox 2466 5139 2579 5196; x_wconf 90' lang='lat' dir='ltr'><strong>suis</strong></span> <span class='ocrx_word' id='word_1_858' title='bbox 2611 5141 2781 5212; x_wconf 88' lang='lat' dir='ltr'><strong>plenis</strong></span> <span class='ocrx_word' id='word_1_859' title='bbox 2809 5143 3028 5214; x_wconf 87' lang='lat' dir='ltr'><strong>pedibus</strong></span> <span class='ocrx_word' id='word_1_860' title='bbox 3056 5144 3322 5215; x_wconf 90' lang='lat' dir='ltr'><strong>incipiunt,</strong></span> <span class='ocrx_word' id='word_1_861' title='bbox 3362 5143 3633 5198; x_wconf 79' lang='lat' dir='ltr'><strong>clauduntur</strong></span> 
     </span>
    </p>
   </div>
   <div class='ocr_carea' id='block_1_117' title="bbox 2124 5231 3630 5304">
    <p class='ocr_par' dir='ltr' id='par_1_117' title="bbox 2124 5231 3630 5304">
     <span class='ocr_line' id='line_1_117' title="bbox 2124 5231 3630 5304; baseline 0.001 -19"><span class='ocrx_word' id='word_1_862' title='bbox 2124 5242 2300 5286; x_wconf 87' lang='lat' dir='ltr'><strong>autem</strong></span> <span class='ocrx_word' id='word_1_863' title='bbox 2322 5238 2413 5285; x_wconf 89' lang='lat' dir='ltr'><strong>aut</strong></span> <span class='ocrx_word' id='word_1_864' title='bbox 2432 5231 2541 5284; x_wconf 88' lang='lat' dir='ltr'><strong>suis</strong></span> <span class='ocrx_word' id='word_1_865' title='bbox 2581 5231 2802 5302; x_wconf 87' lang='lat' dir='ltr'><strong>pedibus</strong></span> <span class='ocrx_word' id='word_1_866' title='bbox 2844 5233 3034 5304; x_wconf 90' lang='lat' dir='ltr'><strong>plenis,</strong></span> <span class='ocrx_word' id='word_1_867' title='bbox 3060 5236 3135 5290; x_wconf 87' lang='lat' dir='ltr'><strong>ita</strong></span> <span class='ocrx_word' id='word_1_868' title='bbox 3163 5247 3220 5291; x_wconf 91' lang='lat' dir='ltr'><strong>ut</strong></span> <span class='ocrx_word' id='word_1_869' title='bbox 3256 5236 3630 5300; x_wconf 77' lang='lat' dir='ltr'><strong>silentium,cutn</strong></span> 
     </span>
    </p>
   </div>
   <div class='ocr_carea' id='block_1_118' title="bbox 2122 5319 3630 5397">
    <p class='ocr_par' dir='ltr' id='par_1_118' title="bbox 2122 5319 3630 5397">
     <span class='ocr_line' id='line_1_118' title="bbox 2122 5319 3630 5397; baseline -0.001 -21"><span class='ocrx_word' id='word_1_870' title='bbox 2122 5320 2189 5377; x_wconf 85' lang='lat' dir='ltr'><strong>ad</strong></span> <span class='ocrx_word' id='word_1_871' title='bbox 2218 5329 2377 5391; x_wconf 87' lang='lat' dir='ltr'><strong>caput</strong></span> <span class='ocrx_word' id='word_1_872' title='bbox 2406 5321 2629 5385; x_wconf 90' lang='lat' dir='ltr'><strong>reditur,</strong></span> <span class='ocrx_word' id='word_1_873' title='bbox 2676 5339 2781 5378; x_wconf 88' lang='lat' dir='ltr'><strong>non</strong></span> <span class='ocrx_word' id='word_1_874' title='bbox 2813 5324 3207 5397; x_wconf 86' lang='lat' dir='ltr'><strong>interponamns</strong></span> <span class='ocrx_word' id='word_1_875' title='bbox 3230 5344 3246 5394; x_wconf 89' lang='lat'><strong>;</strong></span> <span class='ocrx_word' id='word_1_876' title='bbox 3270 5336 3357 5383; x_wconf 84' lang='lat' dir='ltr'><strong>aut</strong></span> <span class='ocrx_word' id='word_1_877' title='bbox 3378 5343 3471 5381; x_wconf 89' lang='lat' dir='ltr'><strong>non</strong></span> <span class='ocrx_word' id='word_1_878' title='bbox 3495 5319 3630 5395; x_wconf 83' lang='lat' dir='ltr'><strong>plenis</strong></span> 
     </span>
    </p>
   </div>
   <div class='ocr_carea' id='block_1_119' title="bbox 2122 5413 3630 5490">
    <p class='ocr_par' dir='ltr' id='par_1_119' title="bbox 2122 5413 3630 5490">
     <span class='ocr_line' id='line_1_119' title="bbox 2122 5413 3630 5490; baseline 0.001 -22"><span class='ocrx_word' id='word_1_879' title='bbox 2122 5414 2346 5484; x_wconf 88' lang='lat' dir='ltr'><strong>pedibus</strong></span> <span class='ocrx_word' id='word_1_880' title='bbox 2369 5429 2490 5470; x_wconf 81' lang='lat' dir='ltr'><strong>cum</strong></span> <span class='ocrx_word' id='word_1_881' title='bbox 2516 5415 2747 5479; x_wconf 84' lang='lat' dir='ltr'><strong>silentio,</strong></span> <span class='ocrx_word' id='word_1_882' title='bbox 2772 5432 2906 5488; x_wconf 90' lang='lat' dir='ltr'><strong>quos</strong></span> <span class='ocrx_word' id='word_1_883' title='bbox 2940 5429 3111 5475; x_wconf 87' lang='lat' dir='ltr'><strong>tamen</strong></span> <span class='ocrx_word' id='word_1_884' title='bbox 3136 5420 3212 5476; x_wconf 82' lang='lat' dir='ltr'><strong>eis</strong></span> <span class='ocrx_word' id='word_1_885' title='bbox 3235 5432 3503 5490; x_wconf 73' lang='lat' dir='ltr'><strong>congruere</strong></span> <span class='ocrx_word' id='word_1_886' title='bbox 3522 5413 3630 5470; x_wconf 76' lang='lat' dir='ltr'><strong>ratio</strong></span> 
     </span>
    </p>
   </div>
   <div class='ocr_carea' id='block_1_120' title="bbox 2123 5504 3628 5581">
    <p class='ocr_par' dir='ltr' id='par_1_120' title="bbox 2123 5504 3628 5581">
     <span class='ocr_line' id='line_1_120' title="bbox 2123 5504 3628 5581; baseline 0.001 -22"><span class='ocrx_word' id='word_1_887' title='bbox 2123 5504 2336 5569; x_wconf 90' lang='lat' dir='ltr'><strong>docuit;</strong></span> <span class='ocrx_word' id='word_1_888' title='bbox 2366 5505 2647 5575; x_wconf 88' lang='lat' dir='ltr'><strong>incipiente</strong></span> <span class='ocrx_word' id='word_1_889' title='bbox 2672 5524 2894 5566; x_wconf 89' lang='lat' dir='ltr'><strong>numero</strong></span> <span class='ocrx_word' id='word_1_890' title='bbox 2912 5525 2943 5565; x_wconf 88' lang='lat' dir='ltr'><strong>a</strong></span> <span class='ocrx_word' id='word_1_891' title='bbox 2976 5508 3181 5567; x_wconf 85' lang='lat' dir='ltr'><strong>duobus</strong></span> <span class='ocrx_word' id='word_1_892' title='bbox 3200 5526 3298 5566; x_wconf 87' lang='lat' dir='ltr'><strong>non</strong></span> <span class='ocrx_word' id='word_1_893' title='bbox 3325 5509 3476 5581; x_wconf 85' lang='lat' dir='ltr'><strong>plenis</strong></span> <span class='ocrx_word' id='word_1_894' title='bbox 3491 5517 3628 5574; x_wconf 82' lang='lat' dir='ltr'><strong>usque</strong></span> 
     </span>
    </p>
   </div>
   <div class='ocr_carea' id='block_1_121' title="bbox 2126 5596 3622 5674">
    <p class='ocr_par' dir='ltr' id='par_1_121' title="bbox 2126 5596 3622 5674">
     <span class='ocr_line' id='line_1_121' title="bbox 2126 5596 3622 5674; baseline 0.001 -24"><span class='ocrx_word' id='word_1_895' title='bbox 2126 5596 2191 5652; x_wconf 89' lang='lat' dir='ltr'><strong>ad</strong></span> <span class='ocrx_word' id='word_1_896' title='bbox 2221 5608 2342 5654; x_wconf 91' lang='lat' dir='ltr'><strong>octo</strong></span> <span class='ocrx_word' id='word_1_897' title='bbox 2360 5599 2563 5669; x_wconf 81' lang='lat' dir='ltr'><strong>plenos,</strong></span> <span class='ocrx_word' id='word_1_898' title='bbox 2594 5600 2663 5657; x_wconf 88' lang='lat' dir='ltr'><strong>ita</strong></span> <span class='ocrx_word' id='word_1_899' title='bbox 2683 5611 2857 5658; x_wconf 90' lang='lat' dir='ltr'><strong>tamen</strong></span> <span class='ocrx_word' id='word_1_900' title='bbox 2885 5614 2939 5658; x_wconf 91' lang='lat' dir='ltr'><strong>ut</strong></span> <span class='ocrx_word' id='word_1_901' title='bbox 2962 5603 3166 5674; x_wconf 76' lang='lat' dir='ltr'><strong>triginta</strong></span> <span class='ocrx_word' id='word_1_902' title='bbox 3186 5603 3287 5659; x_wconf 91' lang='lat' dir='ltr'><strong>duo</strong></span> <span class='ocrx_word' id='word_1_903' title='bbox 3309 5613 3518 5669; x_wconf 74' lang='lat' dir='ltr'><strong>tempora</strong></span> <span class='ocrx_word' id='word_1_904' title='bbox 3539 5609 3622 5651; x_wconf 82' lang='lat' dir='ltr'><strong>non</strong></span> 
     </span>
    </p>
   </div>
   <div class='ocr_carea' id='block_1_122' title="bbox 2126 5688 3618 5769">
    <p class='ocr_par' dir='ltr' id='par_1_122' title="bbox 2126 5688 3618 5769">
     <span class='ocr_line' id='line_1_122' title="bbox 2126 5688 3618 5769; baseline 0.004 -23"><span class='ocrx_word' id='word_1_905' title='bbox 2126 5692 2468 5748; x_wconf 78' lang='lat' dir='ltr'><strong>excedautur.</strong></span> <span class='ocrx_word' id='word_1_906' title='bbox 2492 5692 2561 5749; x_wconf 77' lang='grc' dir='ltr'><strong>Β.</strong></span> <span class='ocrx_word' id='word_1_907' title='bbox 2591 5696 2884 5766; x_wconf 87' lang='lat' dir='ltr'><strong>Operosum</strong></span> <span class='ocrx_word' id='word_1_908' title='bbox 2911 5698 3116 5769; x_wconf 90' lang='lat' dir='ltr'><strong>quidem</strong></span> <span class='ocrx_word' id='word_1_909' title='bbox 3139 5709 3219 5754; x_wconf 88' lang='lat' dir='ltr'><strong>est</strong></span> <span class='ocrx_word' id='word_1_910' title='bbox 3250 5695 3377 5768; x_wconf 86' lang='lat' dir='ltr'><strong>quod</strong></span> <span class='ocrx_word' id='word_1_911' title='bbox 3417 5688 3618 5765; x_wconf 65' lang='lat' dir='ltr'><strong>imponis.</strong></span> 
     </span>
    </p>
   </div>
   <div class='ocr_carea' id='block_1_123' title="bbox 2126 5783 3623 5861">
    <p class='ocr_par' dir='ltr' id='par_1_123' title="bbox 2126 5783 3623 5861">
     <span class='ocr_line' id='line_1_123' title="bbox 2126 5783 3623 5861; baseline -0.006 -20"><span class='ocrx_word' id='word_1_912' title='bbox 2126 5792 2209 5841; x_wconf 86' lang='lat' dir='ltr'><strong>cst</strong></span> <span class='ocrx_word' id='word_1_913' title='bbox 2234 5796 2407 5843; x_wconf 84' lang='lat' dir='ltr'><strong>tamen</strong></span> <span class='ocrx_word' id='word_1_914' title='bbox 2432 5802 2610 5859; x_wconf 67' lang='lat' dir='ltr'><strong>opera:</strong></span> <span class='ocrx_word' id='word_1_915' title='bbox 2640 5790 2888 5861; x_wconf 87' lang='lat' dir='ltr'><strong>pretium.</strong></span> <span class='ocrx_word' id='word_1_916' title='bbox 2916 5789 3020 5846; x_wconf 87' lang='lat' dir='ltr'><strong>Sed</strong></span> <span class='ocrx_word' id='word_1_917' title='bbox 3046 5788 3253 5845; x_wconf 88' lang='lat' dir='ltr'><strong>memini</strong></span> <span class='ocrx_word' id='word_1_918' title='bbox 3275 5802 3363 5843; x_wconf 85' lang='lat' dir='ltr'><strong>nos</strong></span> <span class='ocrx_word' id='word_1_919' title='bbox 3396 5783 3527 5856; x_wconf 82' lang='lat' dir='ltr'><strong>paulo</strong></span> <span class='ocrx_word' id='word_1_920' title='bbox 3551 5791 3623 5832; x_wconf 76' lang='lat' dir='ltr'><strong>sn-</strong></span> 
     </span>
    </p>
   </div>
   <div class='ocr_carea' id='block_1_124' title="bbox 2130 5880 3616 5955">
    <p class='ocr_par' dir='ltr' id='par_1_124' title="bbox 2130 5880 3616 5955">
     <span class='ocr_line' id='line_1_124' title="bbox 2130 5880 3616 5955; baseline -0.002 -21"><span class='ocrx_word' id='word_1_921' title='bbox 2130 5889 2182 5934; x_wconf 67' lang='grc' dir='ltr'><strong>ιθ</strong></span> <span class='ocrx_word' id='word_1_922' title='bbox 2223 5881 2327 5954; x_wconf 80' lang='lat' dir='ltr'><strong>jam</strong></span> <span class='ocrx_word' id='word_1_923' title='bbox 2375 5888 2673 5951; x_wconf 63' lang='lat' dir='ltr'><strong>grrvvnisco</strong></span> <span class='ocrx_word' id='word_1_924' title='bbox 2712 5886 2775 5940; x_wconf 85' lang='lat' dir='ltr'><strong>ad</strong></span> <span class='ocrx_word' id='word_1_925' title='bbox 2823 5880 3144 5955; x_wconf 69' lang='lat' dir='ltr'><strong>septuaginta</strong></span> <span class='ocrx_word' id='word_1_926' title='bbox 3192 5889 3377 5951; x_wconf 83' lang='lat' dir='ltr'><strong>septem</strong></span> <span class='ocrx_word' id='word_1_927' title='bbox 3419 5880 3558 5933; x_wconf 73' lang='lat' dir='ltr'><strong>mam</strong></span> <span class='ocrx_word' id='word_1_928' title='bbox 3591 5880 3616 5931; x_wconf 71' lang='grc' dir='ltr'><strong>ι</strong></span> 
     </span>
    </p>
   </div>
   <div class='ocr_carea' id='block_1_125' title="bbox 3759 4012 3762 6289">
    <p class='ocr_par' dir='ltr' id='par_1_125' title="bbox 3759 6132 3761 6289">
     <span class='ocr_line' id='line_1_125' title="bbox 3759 6132 3761 6289; baseline 0 0"><span class='ocrx_word' id='word_1_929' title='bbox 3759 6132 3761 6289; x_wconf 67' lang='lat' dir='ltr'><strong>l</strong></span> 
     </span>
    </p>
   </div>
  </div>
