3804 6396
416 461 549 518 “59

481 577 565 633 18.
603 578 676 632 Μ.
710 577 891 646 Quid?
917 577 1018 632 hoc
1042 585 1264 636 metrum
1290 584 1508 650 potesne
1530 576 1705 638 metiri
1731 585 1787 636 et
1809 577 1990 634 dicere

409 667 603 744 quibus
630 667 850 739 pedibus
879 665 1128 724 constet?
1545 734 1572 741 -

709 765 810 808 tum
831 757 952 806 satis
969 757 1114 806 terris
1138 755 1276 812 nivis.
1298 762 1448 818 atque
1468 755 1588 810 dirae

709 817 953 867 arundinis
976 819 1100 866 misit
1127 825 1136 863 t
1156 826 1279 871 ater,
1307 825 1352 866 et
1370 817 1588 867 ’rniiente

707 886 916 931 Dextera
936 891 1097 929 sect-as
1113 879 1348 939 jai-nlatus
1370 891 1521 927 arces.

958 943 1147 1003 (110ml.
1171 941 1255 994 liii.
1285 943 1301 992 t
1329 939 1621 998 (emuniuit,
1646 938 1740 992 ode
1757 938 1832 1005 2.)

401 1024 472 1080 D.
508 1021 726 1080 Possum
763 1023 1089 1078 constituere
1128 1025 1178 1079 in
1221 1023 1394 1090 capite
1435 1025 1726 1087 creticum,
1758 1032 1812 1080 et
1846 1023 1982 1077 duos

399 1116 573 1180 metiri
613 1114 846 1184 reliquos
872 1127 1058 1170 senum
1097 1123 1393 1179 temporum
1435 1113 1629 1182 pedes,
1658 1129 1818 1170 unum
1849 1112 1984 1168 ioni-

397 1222 516 1264 cum
553 1222 581 1260 a
626 1205 855 1274 majori,
882 1204 1109 1262 alterum
1145 1202 1476 1268 dieborinm,
1521 1213 1576 1262 et
1617 1205 1775 1258 silere
1815 1219 1977 1258 unum

397 1307 604 1366 tempus
629 1295 770 1367 quod
801 1295 1103 1364 adiungitur
1129 1293 1328 1348 cretico
1354 1303 1407 1348 ut
1439 1309 1532 1350 sex
1563 1303 1798 1364 tempora
1827 1309 1977 1348 com-

395 1391 654 1460 pleantur.
701 1387 778 1442 Μ.
841 1386 1088 1444 Nonnihil
1139 1385 1308 1442 defuit
1357 1386 1768 1442 considerationi
1826 1397 1974 1442 tu:e:

393 1497 514 1542 nam
545 1499 666 1538 cuni
695 1479 966 1535 dit-borius
990 1487 1074 1538 est
1103 1479 1154 1532 in
1183 1478 1306 1538 line,
1337 1487 1573 1533 restante
1600 1479 1812 1532 silentio
1835 1519 1850 1541 .
1896 1479 1974 1534 nl-

395 1577 517 1630 tima
549 1573 664 1643 ejus
688 1588 805 1642 quae
828 1571 1002 1626 brevis
1027 1579 1128 1635 est,
1158 1586 1256 1640 pro
1282 1569 1433 1636 longa
1463 1570 1732 1638 accipitur.
1763 1571 1843 1624 An
1871 1569 1973 1622 boc

395 1666 654 1736 iit-giliis?
690 1663 748 1716 Ι).
783 1664 892 1720 lino
911 1661 1098 1716 fateor.
1133 1661 1208 1713 Μ.
1243 1660 1352 1714 Non
1390 1675 1518 1730 ergo
1537 1660 1786 1716 constitui
1816 1660 1972 1714 decet

389 1760 443 1816 in
469 1760 569 1810 line
591 1757 660 1810 ιὶἱι
681 1757 910 1812 borium.
927 1752 1024 1806 nisi
1048 1752 1256 1806 nulloin
1279 1752 1590 1820 repetitione
1610 1760 1970 1819 consequente

389 1851 599 1911 silentio
620 1889 635 1908 .
671 1865 736 1900 ne
768 1862 869 1900 non
900 1849 1005 1912 jam
1031 1844 1329 1906 dichorins,
1373 1843 1464 1898 sed
1505 1844 1750 1910 epitritns
1775 1858 1966 1901 secun-

387 1941 483 1992 dus
515 1940 790 1993 sentiatur.
823 1936 890 1990 D.
917 1937 1244 1990 Manifestum
1273 1944 1373 1991 est.
1397 1934 1676 2002 Quomodo
1702 1951 1828 2005 ergo
1855 1951 1968 1989 me-

386 2033 576 2085 tiemur
600 2032 697 2084 hoc
726 2040 950 2084 meti-um
973 2027 995 2080 ?
1022 2027 1087 2080 Ι).
1118 2026 1324 2082 Nescio.

383 2122 609 2177 CAPUT
649 2119 786 2175 XIV.
808 2149 878 2160 —
910 2118 1230 2188 Persequitur
1254 2118 1496 2171 tationem
1517 2118 1787 2172 adhibendi
1813 2119 1963 2172 silen-

855 2214 923 2266 tia
948 2213 999 2266 in
1027 2211 1286 2265 metiendi:
1314 2212 1499 2264 metris.

453 2304 529 2360 ΙΙ.
560 2305 785 2359 Attende
813 2319 943 2374 ergo
979 2313 1154 2356 utrum
1195 2302 1330 2356 bene
1359 2311 1530 2367 sonet,
1563 2317 1682 2356 cum
1731 2302 1800 2354 ita
1843 2316 1964 2370 pro-

382 2398 586 2457 nuntio,
615 2408 668 2449 ut
700 2410 732 2464 p
761 2406 818 2446 st
849 2404 956 2449 tres
986 2395 1184 2462 primas
1213 2394 1442 2464 syllabas
1471 2409 1630 2445 unum
1655 2403 1865 2459 tempus
1891 2392 1962 2446 si-

375 2486 512 2542 leam
546 2505 558 2540 :
593 2486 658 2538 ita
691 2487 831 2537 enim
865 2485 915 2538 in
947 2484 1053 2537 ﬁne
1083 2482 1210 2537 nihil
1255 2482 1532 2538 debebitur
1555 2523 1571 2549 ,
1615 2492 1669 2536 ιιι
1707 2482 1962 2538 decenter

375 2574 446 2628 ibi
479 2575 642 2643 possit
689 2588 808 2628 esse
835 2573 1125 2626 dic-borius.
1160 2571 1226 2625 D.
1258 2571 1650 2628 Jucundissime
1676 2580 1849 2626 sonat.

449 2668 531 2722 i9.
579 2665 656 2718 Μ.
686 2664 796 2719 Iloc
824 2680 1034 2734 quoque
1061 2665 1218 2734 igitur
1241 2664 1588 2735 adjungauins
1614 2665 1736 2731 arti,
1769 2675 1826 2720 ut
1851 2680 1955 2719 non

372 2760 545 2814 solum
579 2759 630 2811 in
674 2759 778 2811 ﬁne
802 2800 815 2817 .
845 2757 939 2812 sed
970 2768 1024 2811 et
1057 2767 1180 2813 ante
1224 2759 1380 2810 linem
1405 2773 1523 2812 cum
1555 2768 1761 2826 oportet
1791 2758 1955 2813 silea-

371 2865 507 2905 mus.
538 2850 685 2904 Tunc
723 2859 901 2904 autem
943 2858 1182 2918 oportet,
1209 2863 1327 2902 cum
1357 2849 1407 2902 id
1439 2848 1578 2916 qttod
1605 2849 1828 2903 debetur
1857 2850 1955 2903 im-

369 2942 575 3012 plendis
596 2942 924 3010 temporibus
955 2940 1146 3010 pedum
1172 2983 1185 3002 .
1217 2953 1305 2994 aut
1345 2941 1651 2996 induci-nter
1689 2943 1874 2997 siletur
1899 2943 1953 2998 in

368 3033 478 3087 ﬁne
504 3043 719 3102 propter
741 3032 979 3087 ultimam
1008 3031 1254 3097 brevem,
1284 3040 1342 3087 ut
1379 3032 1430 3086 in
1461 3032 1561 3086 hoc
1590 3033 1726 3100 quod
1753 3032 1952 3087 dictum

367 3131 486 3185 eat;
534 3133 625 3177 aut
667 3137 788 3177 cum
835 3124 940 3178 duo
982 3124 1376 3178 constituuntur
1421 3137 1524 3177 non
1563 3124 1701 3192 pleni
1745 3124 1948 3193 pedes,

367 3214 583 3270 ariusia
608 3215 800 3281 capite.
827 3213 963 3269 alter
989 3210 1042 3266 iu
1071 3213 1197 3276 line.
1228 3215 1398 3282 qualis
1424 3215 1521 3267 iste.
1547 3225 1628 3268 est
1647 3255 1664 3281 ,

637 3303 856 3353 Gentiles
873 3309 1075 3355 nostros
1087 3303 1212 3354 inter
1232 3304 1428 3354 oberrat
1449 3316 1620 3367 equos.

367 3386 591 3444 Sensisti
627 3387 792 3452 enim,
821 3397 877 3439 ut
913 3387 1123 3458 epinor,
1156 3402 1242 3441 me
1279 3397 1397 3458 pust
1441 3390 1671 3458 quinque
1713 3391 1947 3459 syllabas

366 3476 554 3547 longas
578 3518 594 3542 ,
624 3491 826 3530 moram
868 3479 1091 3531 duorum
1123 3487 1418 3547 temporum
1445 3478 1654 3534 siluisse
1682 3523 1696 3547 ,
1743 3492 1796 3534 et
1824 3491 1945 3536 tan-

364 3566 600 3624 tumdem
632 3568 684 3621 in
711 3567 817 3621 ﬁne
851 3566 1113 3623 silendum
1140 3577 1220 3622 est
1238 3609 1254 3634 ,
1288 3567 1412 3623 dum
1441 3567 1642 3640 reditur
1669 3571 1734 3624 ad
1763 3579 1940 3640 caput.

361 3659 418 3715 Si
445 3657 587 3712 enim
619 3657 720 3712 lioc
753 3667 980 3712 metrtnn
1010 3658 1076 3712 ad
1107 3658 1276 3726 legem
1310 3673 1404 3714 sex
1435 3636 1730 3727 IEmporuin
1758 3661 1944 3715 metia-

359 3748 464 3810 ris;
495 3747 600 3804 erit
637 3747 729 3802 tibi
761 3749 964 3818 primus
1001 3749 1265 3818 spondeus
1286 3791 1299 3813 ,
1344 3751 1608 3805 secundus
1637 3753 1897 3807 motossus
1921 3796 1936 3819 ,

358 3840 546 3895 tertius
566 3839 938 3906 eboriambus,
966 3853 1183 3910 quartus
1215 3855 1533 3912 anapaestus.
1561 3844 1810 3915 Spondeo
1838 3847 1937 3917 igi-

358 3941 446 3988 tur
486 3933 748 3988 debentur
801 3932 908 3987 duo
953 3945 1185 4002 tempora
1218 3943 1273 3987 ut
1301 3951 1392 3989 sex
1421 3945 1718 4004 temporum
1750 3938 1937 4006 pedem

355 4027 592 4096 impleat.
621 4035 673 4081 et
711 4033 1021 4095 anapmsto:
1064 4028 1237 4097 itaque
1277 4028 1385 4081 duo
1413 4030 1636 4083 silentur
1666 4037 1780 4096 post
1819 4044 1936 4082 mo-

359 4117 559 4173 lossttm
587 4128 710 4172 ante
736 4117 920 4183 linem,
951 4128 1005 4171 et
1032 4118 1137 4172 duo
1165 4127 1282 4187 post
1310 4129 1633 4188 anaptcstum
1655 4121 1705 4174 in
1735 4120 1857 4174 fine.
1877 4120 1935 4177 Si

352 4219 529 4264 autem
555 4210 619 4263 ad
651 4210 820 4279 legem
865 4217 1162 4280 temporum
1203 4219 1467 4278 quatuor;
1511 4225 1614 4263 una
1653 4211 1804 4279 longa
1835 4213 1939 4267 erit

353 4301 408 4356 in
452 4303 654 4372 capite,
702 4301 894 4357 deinde
933 4302 1070 4357 duos
1112 4303 1364 4356 metimur
1400 4303 1696 4372 spondeos,
1745 4304 1936 4360 deinde

352 4392 486 4449 duos
525 4394 796 4466 dactylos,
841 4403 896 4448 et
937 4401 1062 4464 post
1097 4409 1199 4448 una
1234 4395 1390 4464 longa
1421 4395 1763 4452 coneludet'.
1795 4398 1934 4453 Sile-

351 4501 473 4542 mus
514 4487 688 4558 itaque
722 4484 830 4541 duo
875 4495 1113 4554 tempora
1160 4496 1278 4556 post
1324 4487 1591 4555 geminum
1637 4490 1931 4559 Spondeum

349 4586 475 4632 ante
501 4577 658 4631 liuent
679 4618 695 4641 ,
726 4587 776 4633 ct
804 4579 912 4633 duo
936 4579 989 4632 in
1015 4578 1155 4645 line,
1198 4589 1254 4633 ut
1283 4579 1439 4632 ambo
1469 4581 1630 4647 pedes
1674 4581 1929 4652 implean-

353 4677 458 4730 tur,
481 4685 702 4738 qunrum
737 4669 985 4726 dimidias
1015 4678 1190 4740 partes
1216 4670 1271 4724 in
1297 4673 1468 4741 capite
1489 4681 1648 4743 atque
1676 4673 1727 4727 in
1754 4682 1932 4731 extre-

349 4773 439 4812 mo
461 4759 752 4826 posuimus.

418 4849 508 4906 20.
542 4849 932 4922 Nonnunquam
963 4861 1139 4906 tamen
1184 4854 1323 4922 quod
1366 4855 1574 4910 duobus
1613 4872 1717 4912 non
1757 4859 1929 4926 plenis

346 4944 575 5015 pedibus
610 4942 832 4998 debetur
856 4944 910 4997 in
942 4943 1197 5016 principio
1237 4960 1299 5001 ac
1329 4946 1430 5001 line
1458 4949 1749 5011 collocatis,
1787 4949 1927 5007 ﬁnali

345 5044 555 5093 tantum
600 5035 814 5092 silentio
853 5035 1168 5100 redditur';
1210 5040 1254 5093 si
1291 5050 1491 5095 tantum
1533 5043 1599 5095 sit
1631 5054 1684 5096 ut
1723 5043 1926 5113 dimidii

342 5129 575 5200 spatium
604 5126 760 5198 pedis
786 5141 887 5184 non
919 5128 1139 5183 excedat
1159 5173 1174 5195 ,
1201 5130 1372 5201 qualia
1399 5129 1514 5186 haec
1541 5132 1645 5187 duo
1667 5144 1790 5190 sunt
1820 5154 1832 5189 :

711 5219 854 5286 sime
872 5219 1161 5286 laborantes.
1184 5219 1397 5286 geluque

712 5280 920 5333 Flumina
940 5280 1246 5335 constiterint
1266 5280 1423 5334 acino.

346 5363 546 5420 ﬂorum
573 5364 717 5421 enim
740 5367 884 5436 prius
907 5365 1090 5435 incipit
1113 5381 1140 5418 a
1165 5365 1562 5434 palimbacchio.
1592 5368 1714 5423 inde
1738 5385 1927 5425 excur-

345 5455 417 5511 rit
437 5457 489 5510 in
521 5457 829 5521 tnelossutn.
852 5468 905 5512 et
928 5456 1148 5510 bacchio
1171 5456 1482 5509 terminatur
1512 5475 1524 5508 :
1553 5459 1776 5512 silentur
1798 5476 1925 5529 ergo

344 5546 453 5601 duo
483 5557 762 5617 tempora;
802 5563 1029 5618 quorum
1072 5563 1232 5600 unum
1275 5546 1493 5600 baccbio
1517 5589 1532 5611 ,
1573 5549 1794 5604 alterum
1827 5567 1920 5620 pa-

343 5635 660 5695 limbacchio
688 5653 808 5691 eum
835 5637 1160 5700 reddideris,
1191 5650 1315 5689 seua
1347 5637 1534 5706 ubique
1560 5647 1790 5707 tempora
1819 5642 1918 5696 itit-

405 5764 423 5831 ξ
451 5773 500 5814 ιιι
525 5771 592 5831 8.,
611 5763 1236 5831 concludetur._cottrlndct,
1257 5769 1392 5831 juxta
1415 5774 1521 5831 Mss.
1537 5779 1566 5817 Α
1583 5779 1632 5820 et
1655 5778 1702 5821 Β.
1769 5779 1828 5826 ιι.

404 5826 426 5856 υ
452 5827 656 5891 myrtus
679 5831 899 5886 exuisisi
920 5826 1060 5891 [mali
1093 5826 1471 5880 mimis-itania
1504 5832 1740 5884 redditur.
1779 5844 1836 5888 At
1869 5838 1920 5888 in

341 5889 471 5942 18η
493 5883 628 5942 ﬁnali
647 5891 845 5936 tantum.

1646 460 1732 516 DE
1774 459 2040 527 MUSICA,
2081 462 2139 528 ὃ.
2183 464 2548 521 AUGUSTle

2592 393 2611 422 ι
2735 367 3031 425 ’ἑ
3039 378 3062 422 -ζ
3071 377 3086 388 ⁸
3137 394 3169 414 έ>
3177 386 3234 408 έιίο

2682 427 2700 432 _
2715 427 2733 432 _
2792 424 2808 432 _
2851 421 2871 425 ..

2099 579 2400 645 plcbuntur.
2449 582 2558 636 lioc
2601 592 2777 636 autem
2824 588 3082 650 posterius
3115 591 3322 663 dac'ylo
3361 597 3675 670 inchoatur,

2097 668 2225 722 inde
2255 671 2422 739 pergit
2462 673 2513 724 iu
2545 673 2947 741 dim-iambum,
2997 681 3252 734 clauditur
3292 684 3515 740 bacchio
3545 709 3559 742 :
3587 668 3677 747 tria

2097 758 2259 804 hitur
2285 769 2524 804 Imnnnn
2565 764 2724 804 nilum
2751 768 3013 804 M‘I'Illhil
3032 787 3045 799 -
3079 771 3202 804 Lim.
3234 789 3396 804 ...ι...-.
3429 781 3572 804 tu”.-.
3597 785 3638 804 ε-
3723 789 3734 794 ·-

2093 758 2259 827 gitur
2285 769 2524 828 tempore
2564 764 2724 818 silere.
2747 768 3045 834 oportebit:
3077 771 3202 826 bini-
3234 789 3397 830 unum
3428 781 3676 851 bacchio,
3701 758 3734 804 ι’

2085 847 2204 902 Διιο
2225 849 2439 922 dactylo
2469 854 2895 920 reditibebimus,
2936 868 2994 914 ιιι
3035 862 3083 914 in
3115 865 3363 922 erunibus
3405 871 3516 923 sint
3557 847 3676 927 sena

2091 947 2356 1008 tempora.

2163 1036 2254 1087 21.
2287 1034 2439 1089 Prius
2471 1046 2650 1091 autem
2695 1040 2932 1095 redditur
2969 1044 3107 1111 quod
3150 1047 3376 1104 ili-betur
3415 1053 3680 1119 implendo

2089 1128 2332 1179 extremo
2361 1126 2478 1195 pedi
2499 1170 2513 1190 ,
2541 1144 2701 1199 quam
2728 1131 2777 1184 in
2817 1136 3077 1204 principio
3105 1142 3415 1195 coiistitnto.
3447 1143 3555 1198 Nec
3582 1149 3676 1199 ali-

2086 1225 2174 1270 ter
2197 1219 2414 1272 omnino
2443 1221 2554 1273 lieri
2591 1237 2748 1276 aures
2784 1226 2984 1278 sinunt.
3031 1228 3137 1283 Nec
3181 1233 3372 1284 mit-nui
3409 1249 3427 1288 ε
3463 1237 3510 1289 id
3541 1240 3664 1292 enitr

2088 1320 2208 1361 eum
2237 1311 2543 1377 repetimus,
2575 1314 2885 1384 adjungitur
2907 1319 3060 1384 capiti
3090 1323 3227 1386 quod
3258 1338 3480 1390 probus
3504 1338 3673 1384 extre-

2079 1414 2229 1451 mum
2258 1409 2357 1453 est.
2386 1400 2568 1470 Itaque
2590 1403 2640 1456 in
2677 1407 2774 1457 hoc
2805 1417 2976 1460 metro
3003 1411 3142 1478 quod
3169 1413 3369 1466 dictum
3401 1427 3502 1478 cst,
3550 1416 3668 1470 Plu-

2083 1493 2220 1544 mitm
2241 1495 2550 1548 constiterint
2573 1509 2723 1550 acuto
2752 1515 2769 1552 .'
2801 1515 2920 1553 cum
2948 1503 3045 1555 t-ria
3071 1513 3306 1570 tamtzora
3329 1509 3480 1560 senis
3505 1510 3671 1579 utique

2085 1583 2369 1653 implendis
2405 1586 2737 1654 debeat-itur,
2787 1591 2830 1642 si
2861 1607 2921 1643 ea
2965 1607 3069 1646 non
3110 1595 3325 1648 silentio
3362 1598 3532 1662 velis,
3579 1602 3665 1654 sed

2080 1688 2214 1730 Nec
2249 1675 2502 1739 reddere,
2535 1681 2843 1748 possintque
2885 1684 3032 1736 reddi
3069 1695 3126 1738 et
3175 1701 3269 1754 per
3314 1687 3589 1750 iambum,
3617 1701 3666 1744 et

2082 1779 2179 1832 per
2195 1766 2439 1820 clioriuni
2465 1811 2479 1830 ,
2515 1777 2570 1822 et
2599 1785 2692 1837 per
2717 1773 3040 1826 H'iitl'alfiillm
3070 1815 3082 1835 ,
3124 1776 3247 1844 quia
3289 1791 3486 1831 omnes
3525 1789 3660 1832 terni

2075 1864 2319 1922 tempora
2341 1858 2610 1926 possident
2637 1875 2651 1921 ;
2685 1863 2828 1913 uultu
2863 1863 3019 1916 modo
3043 1879 3105 1918 ea
3133 1880 3226 1933 per
3253 1867 3501 1920 clior-ium
3525 1869 3661 1923 reddi

2075 1946 2704 2014 seosnsipsetxrrmittit,
2741 1953 2790 2002 in
2825 1967 2929 2019 quo
2947 1955 3098 2021 prior
3122 1963 3205 2008 est
3245 1957 3403 2025 longa
3437 1960 3657 2028 syllaba,

2071 2035 2253 2090 brevis
2287 2040 2551 2104 poSterior
2581 2059 2592 2093 :
2627 2041 2680 2096 id
2715 2044 2854 2095 enim
2888 2047 3032 2112 prius
3064 2060 3255 2100 sanare
3284 2049 3483 2113 debet,
3525 2053 3656 2119 quod

2071 2125 2296 2182 bacchio
2325 2128 2549 2184 debeth
2583 2145 2846 2198 extremo,
2885 2135 2936 2189 id
2965 2147 3044 2190 est
3073 2138 3245 2192 brevis
3274 2141 3514 2210 syllaba;
3559 2153 3652 2196 non

2069 2217 2225 2288 longa
2248 2261 2262 2282 ,
2296 2236 2414 2288 qum
2459 2223 2670 2295 dactylo
2699 2228 2889 2294 primo.
2941 2228 3086 2282 Licet
3118 2229 3224 2284 huc
3268 2233 3551 2299 explorare
3578 2235 3652 2289 bis

2069 2312 2332 2378 exemplis
2360 2329 2376 2365 :

2406 2403 2616 2474 ﬂumina
2637 2410 2938 2474 constiterint
2961 2417 3100 2462 acuto
3121 2411 3255 2474 gelu.

2405 2465 2613 2536 t‘lmnina
2631 2473 2931 2536 witsllicl'itu
2955 2486 2984 2520 a
3001 2482 3095 2536 tute
3119 2465 3296 2536 gelida.

2407 2529 2618 2577 Ηυιιιιιιει
2641 2533 2944 2582 constiterint
2967 2536 3012 2582 in
3038 2529 3315 2586 altavuoete.

2066 2599 2162 2659 Cui
2191 2605 2405 2661 dubium
2438 2621 2540 2675 est,
2570 2612 2677 2665 duo
2709 2614 2792 2665 illa
2831 2616 3062 2670 suaviter
3099 2620 3295 2687 repeti,
3331 2619 3436 2675 hoc
3475 2631 3637 2692 autem

2069 2701 2280 2753 tertium
2313 2703 2455 2754 nullo
2480 2705 2638 2757 modo
2659 2705 2683 2759 ?

2136 2788 2225 2842 22.
2265 2789 2390 2844 Item
2433 2809 2552 2847 cum
2595 2796 2796 2865 singula
2840 2804 3077 2866 tempora
3129 2799 3348 2870 singulis
3393 2802 3640 2868 debentur

2063 2879 2288 2950 pedibus
2319 2885 2491 2938 minus
2533 2887 2731 2954 plenis,
2762 2890 2803 2940 si
2842 2905 2904 2942 ea
2933 2905 3061 2946 vaec
3087 2893 3310 2946 reddere
3339 2895 3472 2948 vi-lis
3493 2936 3512 2968 ,
3541 2913 3635 2951 non

2062 2971 2187 3024 sinit
2213 2989 2400 3027 sensus
2425 2977 2474 3029 in
2499 2994 2652 3032 omni
2676 2981 2929 3051 syllabam
2959 2986 3243 3044 court-tari;
3273 2987 3405 3039 inira
3429 2990 3631 3044 omnino

2056 3060 2282 3130 justitia.
2314 3063 2429 3119 Non
2461 3069 2601 3122 enim
2631 3073 2902 3128 convenit.
2934 3077 3072 3143 quod
3103 3079 3390 3143 separatim
3420 3081 3627 3144 redden-

2060 3148 2185 3205 dum
2218 3163 2332 3219 est,
2378 3173 2482 3210 non
2514 3164 2671 3213 etiam
2701 3162 2947 3215 constitui
2978 3167 3280 3234 separatim.
3312 3169 3544 3240 Qum-ima
3570 3171 3619 3234 in

2058 3242 2150 3296 i110
2179 3255 2375 3304 metro.
2408 3246 2563 3302 Silere
2591 3249 2895 3314 laborantes,
2929 3257 3160 3325 geluque,
3195 3259 3238 3310 si
3259 3275 3410 3312 unnn
3433 3260 3619 3326 lentant

2059 3350 2156 3404 pro
2200 3337 2412 3391 silentio
2457 3340 2543 3393 lini
2588 3341 2785 3407 addas,
2839 3346 2990 3398 sicuti
3039 3359 3148 3410 est,
3181 3347 3625 3412 Silvaelnboruntc;

2055 3425 2169 3495 gelu
2189 3426 2345 3494 duro,
2380 3446 2484 3484 non
2512 3435 2732 3508 probam
2763 3452 2955 3499 aures;
3001 3439 3133 3502 sicut
3165 3443 3391 3510 probant
3417 3461 3525 3498 ('llill
3551 3445 3624 3502 di-

2055 3518 2226 3572 cimus
2250 3561 2266 3587 ,
2297 3520 2454 3574 Silva:
2483 3523 2764 3582 Iuliorantes
2791 3528 2906 3599 gelu
2933 3539 2977 3582 et
3002 3531 3210 3614 frigore.
3244 3534 3394 3601 Quod
3416 3537 3626 3600 satiatis~

2053 3606 2186 3662 sitne
2213 3611 2394 3702 sentis.
2426 3628 2545 3665 cuin
2576 3615 2777 3702 sinattla
2812 3620 3026 3687 repetis.
3067 3610 3070 3612 ’

2121 3697 2210 3751 25.
2243 3697 2371 3754 Item
2414 3719 2516 3756 non
2554 3697 2762 3772 Oportet
2785 3724 2905 3762 eum
2949 3709 3054 3763 duo
3091 3712 3268 3767 minus
3307 3715 3443 3784 pleni
3475 3717 3622 3786 pedes

2049 3803 2341 3857 ponuntur,
2377 3795 2630 3864 majorem
2662 3799 2710 3850 iu
2747 3801 3006 3870 principio
3030 3820 3187 3874 quam
3235 3807 3286 3860 in
3335 3811 3434 3869 line
3475 3810 3615 3879 poni;

2049 3895 2170 3935 nam
2211 3892 2264 3936 et
2304 3884 2402 3939 hoc
2445 3888 2765 3944 condemnat
2803 3893 3049 3960 auditus,
3101 3906 3350 3965 tanquam
3381 3901 3420 3952 si
3450 3883 3614 3970 dii-as,

2051 3959 2309 4040 Optimum
2336 3986 2532 4048 tempus
2556 3981 2695 4033 ades!
2720 3985 2922 4036 tandem
2943 4025 2958 4051 ,
2995 3997 3043 4038 nl
3078 3989 3279 4055 primus
3307 4006 3398 4057 pes
3423 3992 3486 4044 sit
3515 4007 3616 4046 rre-

2047 4063 2202 4126 ticus.
2234 4068 2496 4122 secundus
2524 4070 2882 4138 clioriatnltus,
2920 4079 3102 4131 tertius
3130 4080 3426 4146 spondeus;
3456 4091 3502 4134 ut
3520 4083 3611 4144 tria

2048 4162 2284 4223 tempora
2305 4158 2576 4226 sileamus,
2599 4179 2825 4231 quorum
2848 4166 2952 4221 duo
2973 4169 3230 4228 debentur
3260 4172 3438 4226 ultimo
3465 4188 3590 4242 span

2044 4243 2146 4296 deo
2170 4247 2233 4296 ad
2266 4262 2389 4300 sena
2423 4249 2706 4316 implenda,
2742 4263 2796 4306 et
2826 4271 2986 4307 unum
3032 4258 3204 4324 primo
3233 4263 3443 4313 cretico.
3470 4264 3532 4314 At
3566 4260 3608 4314 si

2041 4332 2112 4389 ita
2161 4337 2395 4401 dicatur,
2445 4339 2667 4394 Tandem
2711 4353 2904 4412 tempus
2945 4349 3086 4401 adest
3124 4352 3400 4420 Optimum,
3439 4352 3606 4416 eadem

2041 4426 2352 4497 interposita
2404 4432 2558 4483 trium
2603 4441 2896 4502 temporum
2937 4452 3082 4490 mora
3130 4438 3179 4492 in
3221 4441 3461 4502 silentio,
3497 4440 3605 4511 quis

2041 4533 2146 4571 non
2175 4520 2371 4573 sentiat
2393 4521 2772 4590 jUNIIIdiSSilllC
2799 4529 2963 4594 repeti
2985 4529 3010 4580 ?
3031 4527 3204 4594 Quare
3230 4543 3319 4585 aut
3347 4534 3467 4586 tanti
3491 4547 3604 4600 5pm-

2041 4609 2101 4662 tii
2131 4610 2283 4665 decet
2303 4627 2421 4667 esse
2449 4612 2498 4665 in
2531 4613 2634 4667 ﬁne
2656 4616 2829 4670 minus
2851 4617 3063 4684 plenum
3095 4621 3310 4690 pedem,
3341 4625 3506 4692 quanti
3528 4632 3602 4686 est

2042 4699 2091 4752 in
2125 4701 2409 4770 principio,
2445 4712 2499 4756 ut
2530 4703 2676 4770 illud,
2707 4704 2866 4768 Silva:
2887 4705 3166 4764 laborantes
3194 4752 3208 4774 ,
3233 4713 3439 4782 geluque
3460 4727 3478 4764 :
3503 4720 3584 4776 aut

2037 4792 2300 4846 minorem
2325 4792 2377 4846 in
2409 4795 2690 4868 principio,
2723 4807 2776 4854 et
2805 4798 2857 4864 in
2889 4799 2993 4862 line
3021 4801 3298 4877 majorem,
3323 4804 3473 4867 saluti
3495 4809 3600 4877 est.

2039 4875 2281 4933 Fluit-ina
2307 4884 2613 4938 constiterint
2657 4899 2824 4952 acuto.
2867 4888 3051 4960 Neque
3097 4875 3327 4959 injuria,
3366 4894 3478 4962 quia
3502 4875 3596 4959 ubi

2035 4979 2115 5023 est
2142 4974 2443 5042 :eqnalitas,
2489 4976 2630 5028 nulla
2662 4977 2924 5048 discordia
2957 4998 2970 5032 :
3001 4983 3085 5034 ubi
3116 4992 3289 5036 autem
3329 4986 3499 5053 dispar
3522 4988 3593 5049 est

2033 5059 2325 5132 numerus,
2370 5067 2412 5120 si
2457 5081 2486 5119 a
2539 5070 2742 5130 minore
2786 5071 2851 5125 ad
2900 5073 3153 5142 majorem
3202 5079 3496 5142 veniamus,
3533 5082 3588 5140 ,ιιι

2031 5153 2090 5208 in
2116 5156 2443 5211 numerando
2471 5158 2606 5214 solet
2624 5197 2644 5226 _,
2684 5159 2805 5216 facit
2845 5178 3030 5230 rursus
3067 5163 3182 5234 ipse
3222 5167 3353 5220 ordo
3387 5179 3586 5236 concur-

2031 5241 2195 5296 diam.

2102 5333 2190 5388 24.
2224 5335 2299 5389 Ex
2328 5351 2436 5405 qtto
2471 5337 2596 5390 illud
2639 5350 2720 5394 est
2750 5341 2906 5395 etiam
2937 5357 3299 5413 consequens,
3326 5356 3381 5400 ut
3420 5361 3529 5401 eum
3553 5343 3584 5398 ii

2020 5423 2098 5481 ‘de
2128 5428 2316 5496 quibus
2339 5429 2530 5498 agitur.
2555 5433 2726 5485 minus
2755 5434 2892 5502 pleni
2920 5447 3185 5503 ponuntur
3204 5437 3380 5506 pedes,
3406 5439 3447 5491 si
3467 5436 3583 5490 duo.

2030 5515 2130 5572 bus
2153 5519 2280 5573 locis
2307 5522 2430 5574 intet
2445 5524 2657 5592 ponitur
2681 5527 2973 5594 silentium,
2999 5529 3048 5583 id
3070 5539 3148 5586 est
3167 5541 3286 5586 ante
3308 5535 3456 5586 linem
3471 5540 3520 5584 ct
3535 5530 3580 5584 in

2032 5607 2171 5672 line;
2197 5619 2394 5663 tantum
2426 5622 2550 5665 ante
2575 5614 2734 5668 linem
2756 5618 2978 5671 s'Jeatur
3001 5631 3252 5688 quantum
3277 5619 3487 5678 debetur
3499 5634 3578 5672 ex-

2030 5706 2220 5766 tmmo,
2247 5710 2447 5755 tantum
2475 5714 2653 5757 autem
2674 5706 2725 5759 in
2747 5710 2848 5761 line
2866 5723 3115 5783 quantum
3134 5710 3328 5765 SCiiiCCl
3357 5708 3573 5778 primu‘i

2028 5789 2148 5860 quia
2180 5791 2410 5846 medium
2449 5794 2614 5848 tendit
2638 5797 2703 5849 ad
2747 5798 2931 5863 tinczn;
2963 5817 2990 5852 a
3025 5802 3126 5855 line
3161 5817 3280 5854 vero
3306 5801 3367 5853 ad
3393 5797 3566 5868 princi-

2094 5900 2114 5934 ί
2139 5908 2241 5950 Am.
2265 5907 2343 5951 Er.
2366 5908 2475 5953 tm.
2499 5905 2570 5955 sic
2610 5906 2794 5959 habent
2818 5924 2831 5958 :
2858 5917 3089 5970 (tumtum
3131 5908 3307 5962 scilicet
3325 5905 3567 5974 principio:
