3804 6384
546 336 679 392 1143

494 465 498 468 ’
538 449 694 503 unius
738 450 988 517 temporis
1036 450 1332 519 interjeelo,
1365 458 1415 503 et
1451 450 1607 504 unius
1647 453 1899 519 temporis
1924 468 2116 506 conse-

537 550 736 610 quente
764 541 995 595 silentio.
1036 541 1374 594 choriambus
1408 542 1619 594 ultimus
1663 558 1938 595 tmmcrum
1973 543 2119 597 clan-

538 629 649 693 dat,
682 631 748 682 ita
782 640 839 682 ιιι
877 630 1126 682 sileamus
1154 630 1258 681 duo
1286 640 1517 695 tempora
1551 632 1600 683 in
1632 632 1733 684 ﬁne
1758 672 1771 689 .
1802 647 1918 701 qtne
1945 633 2114 699 primo

533 720 795 776 debentur
813 721 1068 790 spondeo.
1103 722 1191 774 Est
1217 732 1268 774 et
1291 723 1440 775 tertia
1472 722 1751 785 dimensio,
1785 724 1829 775 si
1862 733 1978 791 post
2005 722 2112 790 pri-

534 828 678 867 nnnn
701 812 990 880 spmuleum
1020 819 1224 882 tempus
1251 829 1409 865 unum
1432 814 1666 871 sileatur,
1691 822 1743 865 et
1769 812 1965 880 reliqua
1994 828 2112 881 qua:

531 904 586 958 in
618 906 856 972 proximo
894 905 1164 972 superiore
1204 915 1511 966 διιινι·ιιιιιι·;
1556 906 1653 958 nisi
1688 905 1826 973 quod
1864 905 1913 958 in
1957 904 2112 972 hujus

531 994 637 1047 ﬁne
664 1010 825 1047 unum
854 1005 1058 1062 tempus
1084 995 1345 1055 silebitur.
1369 996 1487 1062 quia
1511 996 1780 1063 spondeus
1806 996 1891 1049 ille
1916 997 2001 1065 qui
2024 1011 2109 1050 so-

447 1127 459 1137 .
528 1081 599 1136 let
648 1084 700 1136 in
734 1084 991 1151 princzpio
1039 1086 1227 1142 lochi.
1270 1096 1629 1153 eonseqneute
1672 1086 1827 1140 unius
1859 1088 2108 1155 temporis

473 1233 479 1240 ,
528 1174 735 1228 silentio
760 1175 929 1229 factus
954 1187 1035 1229 est
1066 1176 1498 1243 palimbacchius,
1527 1188 1579 1229 ut
1606 1178 1720 1245 plus
1742 1194 1846 1231 uno
1867 1187 2106 1246 tempore

456 1252 477 1297 ί
525 1264 654 1318 nihil
687 1266 733 1318 ei
757 1264 1032 1329 ιΙ.·ι)‹·τιιιιι-,
1063 1266 1199 1333 quod
1225 1267 1273 1319 in
1300 1268 1399 1323 line
1422 1269 1681 1321 sileudmn
1703 1278 1785 1324 est
1832 1269 2101 1338 Uudejam

524 1357 780 1424 perspicis
808 1358 988 1409 metris
1017 1358 1278 1423 interponi
1310 1359 1513 1412 silentia
1532 1402 1546 1425 ,
1579 1362 1818 1427 qu:edam
1857 1378 2103 1417 necessa-

526 1448 601 1499 ria
628 1490 641 1509 ,
672 1449 911 1515 quanlam
943 1448 1232 1501 voluntaria
1259 1467 1271 1501 :
1298 1460 1348 1503 et
1382 1454 1673 1505 neces‘s‘aria
1703 1453 1914 1521 quidem
1937 1497 1951 1518 ,
1981 1471 2099 1509 cum

519 1539 714 1609 aliquid
759 1540 979 1608 pedibus
1018 1538 1242 1593 debetur
1284 1541 1595 1607 implendis;
1629 1544 1921 1597 voluntaria
1952 1561 2096 1611 vero,

521 1645 639 1682 cum
671 1630 808 1696 pleni
834 1639 949 1681 sunt
983 1630 1141 1696 pedes
1166 1642 1318 1698 atque
1342 1632 1548 1699 integri.

588 1719 675 1772 29.
708 1719 856 1784 Quod
886 1728 1058 1772 autem
1091 1721 1333 1786 superius
1357 1721 1553 1775 dictum
1582 1730 1682 1787 est,
1713 1723 1937 1791 amplius
1965 1740 2098 1792 qna-

518 1822 638 1864 tuor
680 1811 1005 1877 temporibus
1042 1812 1304 1867 silcmlmn
1353 1830 1455 1866 non
1504 1829 1650 1872 esse.
1694 1814 1760 1867 de
1788 1817 2097 1870 necessariis

516 1900 743 1954 silentiis
773 1900 969 1952 dictum
1019 1913 1094 1955 est
1123 1944 1136 1960 .
1180 1903 1266 1955 ubi
1311 1903 1483 1957 debita
1523 1913 1753 1974 tempora
1798 1905 2092 1974 explentur.

514 1990 644 2044 Nam
676 1994 725 2044 in
754 1991 817 2045 iis
843 2008 959 2059 qua!
982 1994 1274 2046 voluntaria
1304 1995 1511 2047 silenda
1544 1997 2097 2060 nominavimus,-licet

512 2081 672 2136 etiam
706 2081 891 2149 pedem
934 2096 1145 2145 Sonare,
1175 2093 1228 2135 et
1260 2083 1442 2150 [edem
1483 2084 1640 2138 silere
1665 2103 1677 2137 :
1702 2086 1843 2154 quod
1882 2088 1924 2139 si
1952 2090 2093 2156 p-iri-

512 2173 612 2227 bus
644 2174 931 2227 intervallis
957 2176 1255 2235 let-erimus.
1291 2177 1517 2230 nouerit
1555 2186 1800 2242 metrum,
1832 2180 1923 2233 sed
1964 2181 2091 2250 rhy-

512 2263 712 2327 thmus,
743 2264 888 2317 nullo
919 2277 1064 2319 rerto
1096 2266 1199 2319 line
1241 2278 1528 2335 apparente
1568 2269 1706 2322 umle
1753 2269 1998 2324 redeatur
2023 2272 2089 2326 ad

508 2364 688 2423 caput.
721 2356 1071 2420 Quamobrem
1122 2357 1164 2409 si
1212 2359 1436 2425 exempli
1481 2359 1645 2426 gratia
1690 2359 1912 2412 silentiis
1960 2362 2092 2416 velis

506 2446 871 2513 distinguere,
918 2455 974 2499 ut
1024 2458 1137 2514 lost
1182 2450 1406 2516 primum
1450 2449 1634 2515 pedem
1682 2450 1899 2503 alterius
1940 2453 2089 2520 pedis

506 2545 744 2604 tempora
774 2536 951 2596 sileas,
983 2554 1085 2589 tton
1121 2538 1219 2592 hoc
1247 2549 1499 2607 perpetuo
1529 2541 1843 2594 servandum
1870 2551 1967 2596 est.
2004 2543 2089 2597 Li-

503 2634 592 2679 cet
627 2635 799 2679 autem
848 2627 1104 2681 varietate
1150 2628 1382 2695 qualibet
1425 2634 1815 2687 eonnumeratis
1862 2634 2086 2689 silentiis

504 2732 671 2787 usque
699 2718 763 2770 ad
798 2718 1023 2786 legitima
1061 2730 1294 2787 tempora
1327 2731 1550 2775 metrum
1595 2724 1911 2790 producere,
1943 2726 2084 2780 velut

502 2810 555 2862 in
587 2810 705 2871 hoc,
738 2808 899 2862 Nobis
924 2827 1091 2863 rerum
1119 2816 1168 2864 in
1196 2824 1429 2883 promptu
1460 2826 1529 2867 est
1548 2858 1561 2877 ,
1600 2825 1650 2867 tu
1679 2817 1723 2869 si
1742 2833 1909 2869 verum
1935 2819 2079 2873 diris.

501 2901 647 2956 Licet
674 2903 757 2957 hic
781 2914 892 2970 post
923 2904 1146 2972 primum
1174 2904 1464 2974 spomleum
1494 2916 1718 2974 quatuor
1748 2918 1979 2978 tempora
2011 2910 2081 2963 si-

503 2993 634 3057 lere,
666 3004 715 3048 et
748 2994 846 3047 alia
892 3003 1117 3062 quatuor
1158 3007 1272 3063 post
1303 3008 1581 3065 sequentes
1610 2999 1742 3051 duo;
1772 3019 1783 3052 :
1817 3010 1934 3069 post
1973 3011 2080 3055 tres

499 3093 675 3137 autem
709 3085 892 3139 linales
936 3085 1058 3139 nihil
1089 3086 1364 3149 silebitur;
1405 3089 1512 3156 jam
1545 3089 1683 3142 enim
1732 3091 1937 3160 trig‘nta
1974 3092 2078 3145 duo

499 3184 736 3243 tempora
767 3178 1043 3231 terminata
1067 3189 1209 3232 sunt.
1237 3180 1338 3234 Sed
1364 3182 1526 3233 multo
1546 3191 1624 3234 est
1655 3183 1848 3249 aptius,
1872 3192 1926 3236 ct
1948 3200 2080 3252 quo-

496 3268 1029 3334 dammmlojustius.
1074 3279 1128 3323 nt
1156 3272 1236 3324 vel
1282 3273 1332 3324 in
1377 3274 1480 3327 line
1511 3284 1747 3335 tantum,
1799 3276 1878 3328 vel
1918 3278 2074 3331 etiam

496 3356 548 3409 in
576 3357 751 3411 medio
778 3371 829 3411 et
858 3358 959 3411 line
986 3360 1203 3412 sileatur
1235 3362 1249 3391 ι
1272 3402 1285 3423 ,
1317 3362 1454 3427 quod
1487 3363 1754 3417 subtracto
1795 3381 1901 3419 uno
1945 3367 2075 3434 pede

492 3443 608 3499 ﬁeri
642 3457 838 3512 potest,
883 3455 940 3499 ιιι
981 3449 1047 3499 ita
1080 3450 1140 3502 sit
1177 3467 1189 3501 :
1226 3448 1385 3503 Nobis
1422 3469 1587 3504 rerum
1629 3454 1679 3506 in
1711 3470 1942 3526 promp'u
1979 3469 2070 3524 est,

493 3546 549 3589 ιιι
597 3539 676 3591 dic
724 3555 911 3593 verum.
942 3540 1052 3595 Hoc
1104 3552 1157 3598 et
1208 3545 1257 3597 in
1310 3548 1490 3598 metris
1528 3562 1838 3603 rtcterorum
1884 3552 2071 3618 pedum

492 3631 775 3683 tenendum
828 3641 951 3693 est,
1008 3635 1207 3689 scilicet
1260 3640 1571 3692 necessariis
1634 3641 1895 3707 silentiis,
1961 3644 2073 3698 sive

492 3722 739 3777 ﬁnalibus
767 3725 877 3779 sive
902 3726 1091 3780 mediis
1120 3728 1264 3781 reddi
1305 3730 1500 3787 debita.
1532 3741 1588 3785 ut
1619 3734 1778 3799 pedes
1809 3734 2068 3800 implean-

490 3822 579 3867 tur
607 3830 620 3865 :
652 3830 753 3868 non
783 3826 955 3869 autem
997 3816 1138 3870 sileri
1162 3819 1182 3849 ³
1209 3830 1457 3887 Oportere
1482 3823 1704 3889 amplius
1732 3839 1888 3893 quam
1921 3825 2069 3891 pedis

485 3914 713 3973 partem.
743 3920 899 3974 quam
932 3907 1121 3961 levatio
1150 3911 1405 3976 positiove
1439 3922 1716 3978 occupant.
1751 3913 2068 3968 Volnntariis

484 4004 663 4049 autem
691 3995 916 4050 silentiis
941 4007 994 4050 et
1025 4008 1199 4065 partes
1228 4001 1418 4065 pedum
1463 4010 1516 4054 et
1550 4002 1783 4072 integros
1813 4005 1973 4072 pedes
1997 4006 2066 4060 si-

484 4088 595 4141 lere
615 4087 944 4149 Conceditur,
968 4090 1103 4142 sicut
1131 4092 1387 4159 ext-mplis
1407 4107 1562 4161 supra
1581 4094 1736 4148 editis
1757 4096 1777 4125 ³
1804 4107 2067 4151 numstra—

484 4178 679 4231 vimus.
731 4178 835 4232 Sed
885 4180 1138 4236 hactenus
1186 4184 1687 4254 interponendorum
1731 4188 2060 4245 silentiorum
2104 4206 2109 4211 ’

483 4269 618 4322 mliti
649 4278 863 4323 tractata
896 4274 983 4325 sit.

478 4357 701 4415 CAPUT
754 4360 891 4415 XVI.
943 4391 1015 4402 —-—
1042 4363 1116 4416 De
1154 4366 1333 4433 pedum
1364 4370 1745 4437 commixtione,
1778 4382 1824 4425 et
1860 4373 1923 4427 dc
1958 4388 2059 4430 me-

994 4462 1184 4507 trorum
1213 4460 1548 4525 copulatione.

547 4540 635 4594 30.
670 4540 819 4597 Nunc
847 4543 912 4596 de
958 4546 1146 4611 pedum
1193 4550 1601 4615 connuixfi-nne,
1635 4560 1689 4605 et
1717 4553 1785 4607 de
1825 4554 2056 4621 ipsorum

475 4640 765 4684 metrorum
794 4636 1130 4703 copulatione
1172 4654 1332 4707 pauca
1363 4641 1601 4696 dicamus
1633 4662 1646 4696 :
1674 4648 1920 4713 quoniam
1947 4650 2054 4717 jam

475 4723 641 4775 multa
662 4725 798 4778 dirta
821 4736 947 4781 sant
970 4745 1089 4782 cum
1112 4748 1491 4799 quairrremus,
1520 4752 1650 4804 ques
1669 4739 1884 4793 sibimet
1901 4758 2054 4809 opor-

476 4821 587 4866 teat
616 4814 826 4868 misceri
858 4818 1047 4884 pedes;
1080 4831 1134 4874 et
1158 4825 1294 4890 quod
1329 4826 1392 4878 ad
1422 4837 1709 4883 metrorum
1748 4834 1933 4886 attinet
1959 4849 2055 4889 co-

473 4904 827 4972 pn'ationem,
861 4911 1105 4963 nonnulla
1136 4914 1357 4969 dicenda
1402 4928 1521 4971 sunt
1560 4934 1680 4973 cum
1708 4921 1776 4975 de
1815 4926 2054 4979 versibus

475 4992 743 5047 disserere
785 4997 1103 5061 cmperimus
1146 5017 1157 5051 :
1200 5004 1491 5073 junguntur
1545 5009 1685 5062 enim
1741 5012 1839 5066 sibi
1890 5015 2052 5083 pedes

471 5094 633 5154 atque
660 5084 950 5138 miscentur
973 5089 1258 5144 secundum
1300 5096 1509 5163 regulas
1529 5138 1543 5160 ,
1571 5115 1703 5168 quas
1734 5101 1784 5154 in
1815 5105 2051 5160 secundo

471 5189 720 5230 sermone
741 5177 1060 5244 aperuimus.
1089 5179 1142 5231 ln
1163 5181 1262 5236 hoc
1282 5193 1455 5238 autem
1486 5186 1615 5241 illud
1644 5190 1916 5248 sciendum
1943 5203 2046 5262 est,

468 5270 625 5321 metri
652 5283 877 5338 qumque
894 5283 1086 5341 genera
1114 5287 1231 5338 qua:
1252 5289 1279 5325 a
1305 5276 1470 5340 poetis
1486 5278 1593 5345 jam
1619 5284 1881 5338 celebrata
1902 5300 2044 5357 sunt,

468 5355 717 5412 habuisse
745 5368 988 5413 auctores
1017 5370 1067 5413 et
1092 5361 1392 5418 inventores
1420 5380 1564 5432 suos,
1596 5386 1625 5421 a
1664 5375 1854 5439 quibus
1882 5355 2045 5445 quas;

469 5448 590 5503 (lam
620 5460 792 5504 certas
815 5451 957 5521 leges
987 5454 1182 5519 positas
1208 5458 1504 5511 convellere
1536 5463 1905 5533 prohibemur;
1943 5488 2044 5528 non

531 5560 547 5591 ι
577 5570 624 5621 Ai
644 5562 705 5607 nd
732 5569 836 5635 t.o_v.
864 5566 1112 5635 minuitur,
1138 5565 1187 5615 in
1204 5566 1367 5635 medio
1389 5578 1460 5625 et.
1492 5578 1615 5634 quol
1662 5579 1959 5631 restituimus
1983 5600 2044 5635 ex

464 5626 649 5698 nissum
673 5636 714 5683 a;
736 5626 795 5670 υιι
823 5632 893 5673 Fr.
922 5626 1117 5698 legltttr,
1144 5631 1214 5698 ναι(
1233 5629 1294 5679 t'li
1310 5642 1489 5698 ιίηωιω
1511 5626 1657 5698 Ῐιηειιι
1676 5626 1887 5693 sileatur.

529 5683 549 5749 ξ
574 5689 677 5729 Mss.
705 5697 810 5731 cum
834 5696 931 5749 Ani.
960 5683 1157 5749 habeat,
1182 5694 1309 5741 deer;
1327 5692 1360 5742 ἱ.

532 5741 550 5770 ³
566 5748 615 5790 in
630 5746 1013 5805 u..supradicti.s.
1029 5758 1130 5799 Mss.
1147 5741 1181 5800 lt
1200 5764 1250 5802 et
1272 5762 1321 5815 ις,
1333 5741 1479 5818 supra
1489 5758 1644 5819 editis,
1661 5765 1937 5833 correctius.
1984 5775 2039 5816 ιι.

1697 337 1782 391 [ιε
1820 336 2091 405 musaea,
2132 338 2187 393 s.
2231 340 2590 397 AUGUSTINI
2656 302 2661 307 ’

3607 376 3712 438 ΜΗ

2224 454 2363 507 enim
2392 463 2622 523 oportet,
2651 474 2771 513 eum
2809 461 2880 515 illi
2909 477 3001 518 eas
3031 467 3225 524 ratione
3250 470 3441 532 llxerint
3467 480 3631 551 aliquid
3657 492 3711 549 ibi

2222 553 2427 597 mutare
2451 547 2693 615 quamvis
2720 553 3014 607 secundum
3043 559 3285 615 rationem
3315 565 3421 623 sine
3444 547 3620 629 aurium
3650 547 3711 634 of;

2222 634 2456 691 l'eusione
2479 638 2740 706 possimus
2768 644 2806 695 ¹.
2837 641 3001 713 Cujus
3021 648 3095 701 rei
3120 654 3340 720 cognitio
3375 674 3469 714 non
3503 675 3615 732 arte,
3639 672 3709 726 sed

2221 725 2438 780 historia
2461 729 2710 797 traditur;
2737 733 2878 790 unde
2897 736 3127 792 creditur
3146 743 3309 810 potius
3331 763 3474 817 quam
3492 725 3709 825 cognosti-

2224 824 2327 869 tur.
2356 818 2535 887 Neque
2559 822 2700 876 enim
2746 824 2789 876 si
2825 824 3115 894 Pbaliscus,
3141 835 3315 889 nescio
3334 840 3435 908 qui,
3462 818 3634 899 meti-a'
3657 850 3705 905 ita

2216 909 2533 977 composuit,
2567 922 2621 964 ut
2651 911 2764 967 hare
2789 928 2998 978 sonant.

2758 1005 2952 1080 ﬂagella
3132 1014 3196 1080 ita
3217 1013 3325 1080 liga,

2550 1066 2664 1113 Vitis
2686 1072 2733 1113 et
2757 1066 2917 1117 ulmus
2937 1066 3168 1123 uti'simul

2213 1137 2350 1194 scire
2398 1139 2499 1195 hoc
2541 1158 2820 1211 possumus
2854 1166 2868 1210 ;
2897 1151 2988 1204 sed
3032 1137 3379 1213 tantummodo
3413 1165 3601 1225 credere
3633 1188 3703 1229 an.

2210 1228 2406 1285 dieudo
2433 1241 2486 1285 et
2526 1233 2767 1301 legendo.
2800 1238 2930 1293 Illud
2961 1254 3041 1296 est
3068 1244 3379 1317 disciplinre,
3415 1258 3535 1324 quod
3556 1261 3609 1314 ad
3634 1228 3702 1320 nos

2212 1322 2471 1387 pertinet;
2504 1324 2683 1379 videre
2719 1336 2891 1381 utrum
2922 1331 3020 1385 hoc
3054 1335 3217 1391 tribus
3243 1322 3451 1413 dactylis
3480 1360 3702 1410 conv-uitet

2209 1412 2511 1481 pyrrhichio
2535 1416 2738 1474 ultimo.
2775 1428 2827 1472 ut
2861 1420 3094 1491 plerique
3141 1412 3699 1502 musicaaimperitiantu-

2207 1513 2347 1554 manl
2374 1517 2388 1564 ;
2414 1519 2516 1557 non
2538 1506 2680 1559 enim
2702 1509 2937 1563 sentiunt
2968 1514 3317 1583 pyrrhichium
3346 1522 3456 1589 puni
3479 1540 3565 1580 nou
3583 1543 3699 1597 pisse

2206 1602 2323 1660 post
2350 1592 2614 1664 dactylum
2649 1612 2662 1648 :
2694 1612 2760 1651 an
2790 1609 2845 1651 ut
2875 1601 3008 1654 ratio
3048 1605 3223 1671 docet,
3266 1611 3453 1679 primus
3484 1632 3560 1684 pes
3583 1592 3638 1673 sit
3660 1622 3697 1679 in

2206 1680 2307 1734 hoc
2346 1692 2517 1736 metro
2545 1684 2905 1752 choriambus.
2949 1695 3214 1751 secundus
3256 1698 3444 1757 ionicus
3467 1680 3590 1771 longa
3618 1711 3698 1781 syl«

2202 1772 2317 1827 laba
2341 1775 2390 1828 in
2417 1776 2548 1830 duas
2568 1782 2739 1835 soluta
2771 1783 2974 1850 breves,
2994 1788 3211 1844 ultimus
3232 1794 3440 1856 iambus.
3461 1812 3561 1867 post
3576 1772 3693 1873 quiem

2202 1863 2299 1917 tria
2356 1876 2589 1937 tempora
2642 1873 2936 1929 silebnntnr
2976 1897 2989 1930 :
3026 1882 3163 1949 quod
3212 1863 3473 1942 semidocti
3508 1863 3694 1951 homines

2201 1956 2397 2009 sentire
2424 1968 2653 2025 possent,
2687 1962 2729 2015 si
2755 1980 2783 2014 a
2811 1965 2966 2021 docto
2991 1973 3276 2027 secundum
3304 1986 3547 2048 utramque
3566 1984 3691 2054 legem

2200 2048 2630 2112 prt‘vnnutiaretnr
2671 2062 2723 2106 et
2769 2054 3125 2123 plauderetur.
3166 2064 3235 2118 Ita
3274 2070 3403 2122 enim
3446 2048 3625 2129 naturali
3654 2089 3689 2131 et

2198 2139 2463 2191 eommuui
2511 2154 2669 2195 sensu
2712 2143 3037 2217 judicarent,
3085 2154 3209 2223 quid
3254 2156 3520 2231 disciplina:
3553 2180 3688 2220 nonua

2198 2228 2587 2291 praescriberet.

2267 2316 2353 2370 3|.
2388 2318 2758 2380 Verumtamen
2784 2329 2922 2397 quod
2954 2342 3105 2399 poeta
3147 2336 3233 2392 ille
3257 2338 3348 2396 hos
3376 2360 3587 2401 numeros
3614 2349 3685 2404 im-

2196 2408 2417 2464 mobiles
2444 2426 2561 2467 csse
2590 2415 2794 2481 voluit,
2826 2434 2943 2473 cum
2977 2421 3080 2478 hoc
3124 2438 3289 2483 metro
3324 2434 3523 2498 utimur,
3550 2448 3684 2493 custo-

2193 2497 2438 2554 diendum
2468 2513 2551 2558 est
2580 2524 2593 2559 :
2625 2524 2727 2560 non
2755 2513 2894 2564 enim
2924 2512 3131 2571 fraudat
3160 2523 3383 2579 auditum
3410 2544 3422 2587 ;
3450 2545 3682 2600 quanquam

2192 2606 2340 2657 teque
2364 2594 2489 2648 nihil
2512 2595 2799 2663 fraudaret.
2829 2605 2871 2658 si
2899 2608 2977 2660 vel
3002 2626 3102 2677 pro
3127 2613 3418 2671 choriambo
3437 2594 3679 2688 diiamlium,

2190 2682 2272 2737 vel
2306 2686 2472 2753 ipsum
2522 2689 2749 2744 ionTcnni
2802 2698 2941 2749 nulla
2986 2699 3037 2753 in
3095 2702 3276 2761 breves
3315 2707 3433 2763 facta
3478 2713 3680 2769 solutione

2190 2789 2529 2844 poneremus,
2556 2790 2609 2833 et
2639 2784 2887 2853 quidquid
2914 2791 3054 2844 aliud
3079 2798 3411 2865 coiigruisset.
3440 2801 3487 2855 lu
3509 2802 3586 2859 hoc
3606 2804 3677 2874 igi-

2189 2874 2270 2918 tur
2303 2878 2471 2923 metro
2501 2871 2627 2925 nihil
2674 2877 2992 2947 mutabitur;
3031 2898 3141 2940 non
3185 2903 3246 2941 ea
3300 2892 3477 2947 ratione
3508 2910 3587 2961 qua
3620 2871 3676 2948 in-

2184 2961 2531 3025 argualitatem
2555 2967 2799 3032 vitamus,
2830 2971 2920 3025 sed
2950 2988 3009 3027 ea
3038 2993 3141 3043 qna
3172 2978 3483 3037 observamus
3496 2985 3671 3038 aucturi-

2184 3056 2363 3103 tatem.
2391 3052 2546 3108 Docet
2566 3071 2691 3111 sane
2717 3060 2871 3125 ratio,
2896 3062 3000 3116 alia
3026 3065 3226 3122 institui
3254 3080 3404 3125 metra
3428 3072 3662 3136 immobilia,

2183 3139 2233 3193 id
2264 3150 2341 3195 est
2387 3143 2437 3196 in
2478 3146 2665 3214 quibus
2706 3152 2895 3204 nmtari
2939 3154 3072 3210 nihil
3110 3170 3347 3225 oportet,
3374 3172 3422 3215 ut
3440 3162 3515 3216 hoc
3536 3163 3665 3232 ipsum

2181 3243 2261 3287 est
2287 3234 2352 3290 de
2378 3253 2481 3305 quo
2506 3241 2635 3294 satis
2662 3241 2817 3296 locuti
2848 3261 3030 3302 sumus
3057 3265 3072 3313 ;
3101 3250 3200 3305 alia
3231 3253 3439 3321 mobilia,
3462 3255 3503 3309 in
3523 3255 3670 3323 quibus

2183 3326 2355 3381 locare
2388 3329 2548 3397 pedes
2576 3332 2708 3387 alios
2736 3351 2832 3404 pro
2858 3337 2975 3394 aliis
3004 3340 3151 3404 licet,
3179 3346 3326 3399 sicuti
3347 3358 3414 3399 est
3436 3345 3669 3415 :Trojaequi

2180 3418 2368 3483 primus
2414 3420 2475 3473 ab
2527 3424 2658 3487 oris,
2707 3442 2849 3479 arma
2892 3431 3152 3502 virumque
3194 3452 3332 3490 cano.
3366 3436 3475 3491 Nam
3507 3436 3573 3490 hic
3599 3451 3669 3508 pm

2178 3510 2412 3573 spondeo
2440 3527 2765 3580 anapznstnm
2794 3520 3028 3586 quolibet
3076 3525 3193 3580 loro
3234 3528 3349 3582 licet
3384 3544 3559 3596 penem.
3582 3527 3667 3581 Alia

2178 3612 2275 3651 nec
2308 3608 2410 3654 tota
2445 3602 2753 3673 immobilia,
2789 3625 2885 3665 uec
2917 3624 3021 3665 tota
3054 3620 3281 3683 mobilia,
3305 3630 3353 3674 ιιι
3381 3631 3483 3676 est:

2478 3696 2688 3776 {eadem
2712 3711 2772 3747 ex
2797 3701 3189 3776 humerisdulcis
3204 3709 3385 3776 chelys,

2479 3761 2532 3831 ξι
2549 3770 2781 3831 numeros
2802 3764 2913 3831 edat
2936 3768 3111 3831 varios,
3133 3773 3304 3831 quibus

2476 3824 2674 3892 ﬁssonet
2696 3835 2839 3871 oume
2863 3826 3029 3892 virens
3051 3829 3061 3876 Ι
3084 3824 3349 3892 ⁴ιιείιιιιιιιιε,

2479 3883 2532 3927 Et
2555 3881 2691 3930 tortis
2714 3887 2982 3950 crraus_qui
3008 3889 3139 3940 ﬂexi:
3161 3905 3233 3942 us.

2878 3947 2897 4009 (
2921 3947 3226 4003 terentium;
3245 3967 3306 4004 ea:
3329 3952 3576 4018 Pomponia.)

2174 4014 2331 4070 Vides
2356 4017 2439 4074 hic
2460 4023 2599 4077 enim
2636 4026 2829 4096 ubique
2874 4041 2926 4085 et
2968 4036 3235 4101 spondeos
3271 4049 3322 4093 et
3358 4014 3557 4108 dactylus
3578 4038 3663 4108 poni

2172 4122 2346 4176 posse,
2390 4123 2584 4181 pra'ter
2622 4117 2859 4174 ultimum
2909 4125 3117 4192 pedem,
3168 4145 3319 4197 quem
3367 4131 3498 4183 metri
3530 4140 3664 4181 auctor

2168 4214 2380 4268 semper
2407 4218 2526 4259 esse
2552 4206 2816 4279 dactylum
2848 4214 3031 4268 voluit.
3060 4217 3120 4271 Et
3141 4218 3189 4272 in
3215 4220 3274 4273 iis
3288 4220 3479 4289 quidem
3503 4218 3661 4289 generi-

2166 4288 2265 4345 bus
2289 4294 2455 4347 tribus
2486 4299 2724 4354 nonnihil
2747 4304 2927 4359 valere
2955 4288 3315 4367 auctoritatem
3341 4312 3488 4366 vides.

2236 4380 2325 4434 52.
2357 4383 2506 4450 Quod
2534 4396 2710 4442 autem
2742 4390 2793 4443 in
2838 4394 3028 4460 pedum
3056 4400 3418 4456 commixtione
3449 4401 3505 4454 ad
3538 4398 3659 4453 ratio-

2164 4488 2287 4527 nem
2311 4477 2475 4530 solam
2501 4481 2727 4547 pertinet
2750 4482 2815 4536 de
2841 4484 2907 4538 iis
2948 4488 3109 4543 rebus
3135 4506 3250 4559 qute
3277 4493 3539 4546 sentiuntur
3552 4488 3661 4558 judi-

2162 4578 2403 4633 cantem;
2437 4570 2710 4625 sciendum
2748 4587 2833 4629 est
2859 4592 2953 4632 eas
2999 4592 3172 4648 partes
3210 4583 3409 4652 pedum,
3442 4599 3540 4653 qua:
3572 4589 3659 4650 post

2160 4665 2337 4710 certos
2384 4659 2546 4727 pedes
2593 4662 2809 4717 silentio
2840 4679 3073 4724 restante
3116 4675 3346 4745 suaviter
3375 4675 3589 4732 locantur,
3621 4677 3662 4723 nt

2161 4744 2364 4800 iambus
2394 4758 2513 4818 post
2537 4750 2835 4829 dichorinm
2862 4767 3023 4827 atque
3050 4762 3331 4817 secundum
3357 4763 3599 4833 epitritum,
3619 4768 3659 4814 et

2159 4838 2424 4903 spoodeus
2474 4852 2593 4910 post
2640 4845 3008 4915 antispastum,
3041 4852 3197 4906 etiam
3230 4864 3342 4923 post
3380 4855 3495 4907 alios
3528 4852 3652 4922 pedes

2157 4928 2294 4981 male
2317 4930 2496 4993 Iocari,
2527 4933 2715 4999 quibus
2742 4935 2828 4989 ιε.ιί
2859 4940 3104 5006 permixti
3129 4940 3319 4997 fuerint
3347 4960 3360 4996 :
3389 4958 3496 4998 nam
3521 4940 3651 4997 mani-

2157 5017 2349 5074 festum
2379 5032 2461 5077 est
2488 5024 2717 5081 iambum
2760 5040 2880 5097 post
2918 5034 3201 5089 molossum
3246 5036 3372 5092 bene
3399 5036 3523 5105 poni,
3555 5034 3656 5089 sicut

2156 5108 2256 5164 hoc
2284 5114 2580 5181 exemplum
2617 5117 2813 5174 indicat
2834 5136 2976 5191 s:epe
3003 5126 3274 5194 repetitum
3298 5142 3407 5181 cum
3430 5123 3604 5180 silentio
3616 5122 3654 5175 in

2104 5238 2113 5243 -
2156 5197 2262 5255 ﬁne
2282 5210 2578 5270 temporum
2602 5206 2778 5271 trium,
2827 5208 2923 5264 Ver
2962 5212 3201 5269 blandum
3242 5215 3355 5269 viret
3381 5214 3654 5285 ﬂoribustai

2154 5293 2196 5345 si
2235 5308 2329 5362 pro
2360 5296 2594 5351 molesso
2621 5301 2851 5368 primum
2881 5304 3177 5360 diehorium
3193 5309 3476 5371 constituas,
3504 5310 3552 5357 ut
3572 5306 3648 5360 αἱ.

2162 5380 2286 5436 Vere
2311 5394 2443 5438 terra
2462 5388 2584 5441 viret
2598 5390 2826 5459 ﬂoribus,
2856 5397 3057 5464 respuit
3078 5396 3178 5452 hoc
3200 5398 3392 5452 auditus
3405 5404 3540 5466 atque
3551 5404 3650 5447 oon-

2215 5534 2235 5612 ξ
2258 5539 2363 5612 ξιξς.
2391 5541 2499 5612 ,ιρι
2520 5542 2861 5612 p'concordapt
2896 5545 2961 5612 in_
2980 5545 3232 5612 lectionem
3265 5548 3377 5612 haut;
3407 5535 3649 5612 λεαιρῄ

2344 5635 2354 5649 ,
2383 5597 2585 5676 omn-ali
2606 5613 2687 5676 eus
2725 5603 2905 5676 ratione
2923 5595 3119 5676 βπειὶηζ
3420 5603 3480 5655 ibi

2149 5656 2408 5733 ἔθετεηάυῐη
2425 5660 2661 5733 ratione"
2685 5671 2868 5733 mare
2891 5656 2990 5733 »ὑμέ
3011 5656 3429 5733 mmmam
3445 5656 3644 5730 possim"

2150 5720 2232 5790 Er;
2251 5719 2392 5790 tua].
2425 5728 2537 5790 Ven.
2566 5722 2752 5785 legunt,
2776 5725 3022 5790 [ἱηιζείέιιι.
3059 5738 3107 5779 \l.

2214 5779 2232 5805 ²
2260 5785 2471 5837 metrum.
2495 5779 2632 5842 juxta
2656 5779 2897 5850 υκιξιιειι.
2928 5798 3039 5841 ven.
3064 5798 3166 5841 Lov.
3192 5797 3242 5842 et
3259 5798 3333 5842 Ms.
3354 5796 3401 5839 Δ.
3447 5793 3497 5859 ιι.
