3804 6402
3 111 63 631 Ι

90 5040 163 5073 1η

158 5136 163 5161 t

155 5224 163 5261 l

114 5317 163 5355 -l

148 5403 163 5450 Ι

132 5684 163 5725 ι

157 416 262 475 1165

150 530 346 587 desinat.
379 526 439 583 Id
464 527 626 584 etiam
653 525 708 580 in
751 522 961 581 ueteris
996 534 1155 578 sensu
1195 518 1506 590 explorante
1545 514 1698 570 facile

147 635 212 683 est
233 622 476 693 aperiri.
504 621 663 676 Ratio
704 632 933 687 namque
973 614 1272 673 certissima
1294 621 1399 676 est.
1429 627 1552 669 eum
1597 607 1699 667 sibi

145 719 431 790 copulantur
459 715 550 786 qui
607 712 749 768 inter
775 724 835 765 se
875 717 1000 764 sunt
1036 704 1365 776 c0pulabiles
1389 703 1572 774 pedes,
1600 716 1701 758 eas

50 808 101 883 ’Ἴ
146 820 301 883 partes
326 808 525 865 debere
558 807 612 862 in
657 805 763 859 line
789 800 1034 873 subiungi
1061 815 1181 871 quae
1227 797 1473 853 omnibus
1497 811 1697 852 conve-

32 880 101 960 ’Ξ
144 880 278 959 aiunt
301 903 353 957 in
379 901 473 958 illa
494 899 637 956 serie
664 893 960 960 collocatis,
991 907 1060 947 ne
1081 892 1220 947 inter
1248 889 1425 945 socios
1442 886 1699 960 quodam-

145 997 280 1053 nodo
299 993 582 1051 discordia:
607 990 804 1062 aliquid
826 989 1048 1044 oriatur.

200 1091 283 1147 53.
306 1086 436 1145 Illud
458 1085 630 1156 magis
656 1082 950 1140 mirandum
975 1088 1078 1147 est,
1104 1077 1243 1149 quod
1270 1092 1392 1134 eum
1431 1073 1700 1145 spondeus

154 1182 483 1242 etdiiambum
494 1187 545 1234 ct
563 1176 861 1233 dicborium
881 1172 1119 1229 suaviter
1132 1170 1361 1227 claudat.
1380 1178 1555 1224 tamen
1575 1182 1698 1224 eum

164 1275 311 1333 biduo
335 1271 500 1345 pedes
540 1271 655 1326 sive
676 1268 800 1335 soli,
845 1267 960 1323 sive
992 1279 1114 1321 cum
1157 1262 1273 1317 aliis
1316 1259 1701 1332 copulabilibus

166 1380 341 1440 quaquo
359 1361 518 1418 utodo
544 1360 724 1416 mixtis
745 1359 796 1413 in
814 1372 916 1413 una
945 1360 1087 1411 serie
1110 1352 1329 1417 fuerint,
1350 1349 1620 1421 spondeus
1644 1348 1700 1403 in

70 1440 131 1527 Ι
169 1461 262 1521 he,
299 1455 621 1527 approbante
648 1465 829 1511 sensu.
864 1447 989 1520 poni
1032 1461 1139 1501 non
1164 1450 1359 1516 potest.
1395 1441 1525 1509 Quis
1554 1440 1701 1496 enim

169 1551 330 1609 dubitet
352 1561 507 1603 aures
537 1545 765 1599 libenter
797 1542 1041 1609 accipere
1081 1537 1181 1592 ista
1217 1533 1423 1604 singula
1449 1532 1698 1603 repetita,

179 1639 375 1697 The-da
411 1654 492 1691 res
525 1651 626 1689 non
661 1643 733 1688 est
757 1648 777 1688 :
801 1641 856 1688 et
883 1630 1009 1686 item
1034 1625 1342 1699 separatim,
1375 1622 1498 1677 lam
1529 1623 1702 1677 timere

183 1736 286 1790 soli!
306 1737 364 1789 At
388 1732 432 1786 si
466 1731 537 1786 ita
562 1730 777 1799 jungas,
810 1724 1054 1780 Timenda
1080 1740 1182 1784 res,
1208 1722 1325 1792 jam
1362 1720 1538 1774 timere
1561 1717 1700 1784 noli;

184 1829 254 1885 nisi
279 1828 322 1882 in
356 1825 522 1879 soluta
547 1821 788 1877 oratione
815 1817 998 1873 audire
1039 1816 1222 1870 uolim.
1264 1812 1370 1869 Nec
1411 1810 1699 1867 absurdum

186 1922 429 1979 minusest,
477 1915 523 1970 si
569 1914 803 1985 quolibet
852 1911 970 1967 loco
1003 1910 1165 1964 alium
1194 1915 1505 1964 eonnectas.
1536 1903 1700 1959 veluti

191 2012 414 2068 Inlaesum
437 2009 536 2064 hoc
566 2005 727 2062 modo
762 2022 776 2059 :
811 2002 898 2058 Vir
932 2002 1095 2073 fortis,
1125 1997 1347 2054 timenda
1369 2014 1466 2063 res,
1488 1997 1602 2065 jam
1632 1994 1701 2048 ti-

194 2103 405 2157 mnoli.
435 2098 528 2154 Vel
559 2099 630 2152 ita
662 2115 676 2152 :
707 2094 949 2150 Timenda
975 2108 1075 2158 res,
1106 2092 1182 2146 vir
1207 2089 1373 2159 fortis,
1393 2089 1507 2159 jam
1528 2087 1703 2142 timere

195 2196 281 2250 soli.
303 2193 381 2249 Vel
400 2192 554 2247 etiam
579 2189 651 2245 ita
677 2207 691 2243 :
722 2184 970 2242 Timenda
990 2200 1088 2248 res,
1108 2185 1224 2254 jam
1257 2180 1430 2233 timere
1455 2178 1530 2231 vir
1553 2176 1701 2246 fortis

199 2284 285 2339 soli.
313 2283 453 2350 Cujus
469 2278 814 2335 absurditatis
839 2290 997 2331 causa
1023 2285 1125 2339 est,
1151 2271 1289 2342 quod
1315 2284 1411 2341 pes
1437 2268 1702 2322 diiambtts

198 2380 315 2434 etiam
331 2376 381 2430 sd
401 2374 615 2444 duplum
644 2383 697 2429 et
724 2371 971 2439 simplum
1003 2366 1178 2439 plaudi
1194 2372 1388 2431 potest,
1407 2373 1466 2418 ut
1488 2362 1552 2415 ad
1574 2362 1702 2415 sim-

200 2469 308 2538 plum
345 2476 386 2522 et
419 2466 636 2535 duplum
660 2462 931 2517 diehorius
963 2456 1271 2529 :spundens
1303 2464 1478 2509 autem
1524 2452 1702 2523 dupla:

198 2560 463 2631 perticarum
488 2553 709 2626 aequalis
737 2562 853 2617 est;
887 2550 981 2607 sed
1018 2564 1138 2605 enm
1177 2563 1299 2604 eum
1327 2546 1415 2599 ille
1443 2543 1604 2599 trahit
1634 2541 1701 2596 ad

198 2652 381 2721 pinam,
400 2649 479 2704 hic
502 2648 568 2702 ad
584 2658 903 2708 extremam,
925 2641 1110 2700 existit
1128 2639 1376 2695 nonnulla
1403 2634 1699 2698 discordia;

200 2750 239 2798 et
255 2743 305 2796 ita
320 2742 437 2797 ntio
463 2742 597 2796 tollit
625 2739 1056 2794 admirationum.

245 2833 311 2887 Et.
346 2832 438 2889 Nec
479 2832 653 2886 minus
698 2827 1011 2884 miraculum
1041 2824 1150 2881 edit
1177 2823 1522 2893 antispastns,
1548 2819 1632 2874 cui
1656 2816 1705 2873 si

201 2924 326 2979 nullus
340 2924 457 2979 altus
488 2922 702 2993 pedum,
729 2929 819 2974 aut
848 2927 995 2974 certe
1023 2917 1166 2971 solus
1190 2914 1452 2970 diiambus
1483 2912 1705 2966 miscea-

202 3021 273 3078 tur,
289 3015 449 3084 prtitnr
473 3014 648 3068 iambo
664 3023 901 3096 tnetrttm‘
910 3007 1105 3074 claudi,
1130 3022 1251 3064 cum
1273 3006 1392 3060 aliis
1417 3014 1591 3059 autem
1612 3017 1707 3073 po-

202 3105 295 3161 sitas
317 3107 440 3161 nullo
462 3105 648 3171 modo;
677 3115 729 3160 et
777 3090 901 3158 eum
945 3100 1187 3156 dichorio
1227 3098 1458 3170 quidem,
1490 3090 1707 3167 propter

204 3194 327 3263 ipsum
364 3195 679 3260 dichorinm;
713 3195 888 3265 itaque
930 3192 1030 3247 hoc
1068 3191 1285 3246 tninime
1338 3187 1520 3243 miror.
1569 3187 1705 3242 Cum

207 3294 361 3348 ceteris
380 3308 494 3350 vero
531 3307 719 3348 senum
763 3299 1060 3359 temporum
1100 3286 1344 3356 pedibus,
1373 3299 1470 3340 cur
1498 3297 1705 3339 metuo-

202 3392 331 3438 tatsat
354 3386 485 3440 trium
515 3394 812 3453 temporum
839 3380 1027 3450 pedem
1044 3378 1094 3432 in
1119 3377 1223 3433 line
1243 3376 1505 3447 repudiet,
1528 3374 1708 3430 nescio

207 3488 300 3544 qua
316 3485 379 3530 est
394 3491 536 3532 causa
563 3475 822 3531 secretior
850 3472 1073 3526 fortasse
1095 3484 1254 3540 quam
1285 3477 1384 3523 uta
1411 3467 1563 3521 nobis
1592 3466 1706 3522 erui

211 3571 336 3634 atque
353 3567 519 3623 οαειιιιί
554 3574 758 3636 queat:
791 3562 886 3619 sed
926 3564 1027 3617 hoc
1070 3561 1141 3614 ita
1185 3575 1306 3615 esse
1334 3559 1420 3613 his
1445 3558 1708 3629 exemplis

210 3654 352 3722 probo.
372 3655 476 3712 Nam
500 3657 601 3711 ista
627 3655 735 3710 duo
752 3663 939 3715 metra.
973 3651 1227 3706 Potestate
1251 3649 1433 3722 placrt,
1470 3657 1712 3719 potestate

200 3748 414 3813 potestiam
431 3749 614 3820 placet,
639 3760 799 3802 nemo
822 3732 1040 3815 ambigit
1066 3744 1301 3800 suaviter
1316 3742 1518 3813 singula
1543 3741 1711 3811 repeti

199 3838 483 3896 estusilentio
511 3841 672 3897 trium
704 3848 1002 3908 temporum
1022 3836 1074 3889 in
1098 3834 1220 3891 line.
1251 3835 1320 3889 At
1344 3834 1441 3888 ista
1479 3832 1712 3889 insuavi-

197 3934 366 3985 tercntn
382 3932 556 3988 eodem
578 3930 794 3987 silentio
818 3948 830 3983 :
857 3930 1111 3984 Potestate
1131 3926 1376 3996 pris-clara
1394 3928 1575 3994 placet.
1606 3924 1710 3979 Po-

180 4022 417 4077 tettotetibi
442 4024 654 4078 multum
683 4021 864 4092 placet.
895 4018 1149 4074 Potestate
1168 4020 1281 4089 jam
1318 4017 1405 4071 tibi
1432 4018 1505 4072 sic
1528 4018 1710 4086 placet.

190 4107 400 4170 Petrum
411 4117 618 4172 multum
642 4114 732 4170 tibi
753 4113 932 4184 placet.
972 4110 1246 4166 Poteslatis
1276 4109 1568 4181 magnitudo
1595 4108 1713 4179 pla-

185 4211 261 4255 α.
282 4205 414 4274 Quod
435 4208 499 4263 ad
521 4221 740 4263 sensum
763 4205 973 4261 attinet.
1004 4203 1207 4273 peregit
1225 4201 1457 4257 ofﬁcium
1473 4216 1628 4256 suum
1660 4199 1712 4253 in

184 4288 264 4348 be
284 4298 573 4364 quaestione,
601 4305 659 4351 et
690 4293 817 4364 quid
842 4294 1130 4362 acceperit,
1170 4302 1224 4348 et
1264 4292 1390 4362 quid
1426 4291 1718 4361 exploserit

180 4381 394 4443 indicarit
418 4407 433 4444 :
457 4389 549 4444 sed
579 4388 646 4444 de
671 4400 830 4442 causa
860 4400 958 4441 cur
992 4384 1062 4440 ita
1098 4385 1187 4450 sit,
1231 4383 1366 4439 ratio
1392 4381 1715 4437 consult-uda

178 4485 262 4533 est.
287 4482 352 4537 Ae
369 4497 477 4537 mea
498 4482 517 4515 ι
544 4480 762 4553 quidem
790 4479 845 4534 in
887 4488 1032 4534 tanta
1060 4475 1388 4533 obscuritate
1416 4475 1546 4529 nihil
1572 4472 1716 4528 aliud

178 4567 320 4637 Videt,
343 4572 436 4627 nisi
462 4588 586 4628 cum
627 4569 866 4627 diiambo
905 4567 1259 4637 antispastum
1289 4564 1562 4621 dimidiam
1596 4578 1717 4634 par-

178 4663 271 4714 tem
315 4662 532 4731 priorem
589 4660 791 4717 habere
830 4672 1168 4715 communem
1212 4674 1227 4710 :
1268 4670 1389 4711 nam
1436 4664 1658 4723 uterque
1687 4668 1720 4708 a

170 4747 302 4809 brevi
320 4764 371 4811 et
387 4756 543 4827 longa
567 4753 784 4823 incipit;
812 4751 1157 4823 posteriorem
1182 4756 1360 4806 autem
1384 4764 1505 4805 eum
1533 4745 1720 4802 dicho—

90 4872 103 4889 -
168 4839 267 4897 rio'
296 4844 441 4917 longa
463 4845 609 4904 enim
637 4852 693 4900 et
713 4843 858 4899 brevi
881 4842 1041 4898 ambo
1069 4840 1343 4896 finiuntur.
1372 4838 1554 4913 Itaque
1583 4837 1719 4894 anti-

162 4943 357 5002 spstus
381 4938 464 4995 vel
503 4937 653 4994 solus
688 4944 941 5005 tanquam
985 4947 1136 4987 suam
1162 4931 1395 5002 priorem
1422 4930 1716 4996 dimidiam,

90 5044 103 5073 I
162 5025 239 5083 vel
262 5042 378 5085 eum
423 5027 659 5084 diiambo
681 5040 805 5082 cum
841 5039 949 5095 quo
986 5037 1106 5079 eam
1146 5022 1499 5077 communiter
1536 5019 1717 5085 habet,

158 5116 452 5185 «uocatus.
478 5117 675 5190 patitur
703 5117 755 5171 in
785 5113 890 5171 line
917 5113 1072 5171 metri
1094 5127 1213 5169 esse
1234 5111 1502 5177 iambum;
1532 5119 1721 5169 etcum

155 5205 387 5273 liberie
420 5218 715 5282 pateretur,
744 5208 792 5263 si
829 5205 1004 5263 eidem
1031 5203 1276 5261 dichorio
1309 5204 1431 5259 talis
1463 5204 1722 5261 terminus

114 5306 452 5363 -ωιιταιίηι
478 5322 494 5361 :
523 5317 648 5360 eum
669 5300 882 5359 steteris
924 5309 1103 5356 autem
1141 5310 1247 5353 non
1275 5296 1491 5367 patitur,
1530 5295 1722 5366 quibus

148 5394 235 5453 bii
258 5397 519 5455 societate
545 5409 653 5450 non
677 5395 699 5426 ³
722 5391 980 5463 jungitur.

278 5486 510 5546 CAPUT
547 5483 711 5540 XVII.
740 5480 906 5537 --De
933 5489 1206 5536 metrorum
1241 5480 1578 5550 copulatione.

202 5578 303 5635 35.
328 5576 485 5645 Quod
516 5589 648 5631 vero
669 5573 737 5629 ad
757 5580 1047 5629 metrorum
1093 5570 1481 5641 copulationem
1511 5569 1719 5637 attinet,

132 5669 269 5727 satis
292 5668 458 5725 estin
488 5665 769 5737 przesentia
792 5663 992 5731 videre,
1024 5676 1180 5734 posse
1208 5660 1309 5717 sibi
1330 5661 1539 5717 diversa
1553 5672 1720 5728 metra

197 5763 219 5796 ι
244 5770 337 5813 ιιι.
364 5768 396 5810 Α
417 5759 561 5820 addit,
590 5756 731 5808 ratio.
776 5762 833 5820 It.

195 5824 221 5857 ’
245 5829 328 5875 Er.
358 5829 412 5872 et
430 5817 794 5871 temulentum
828 5818 906 5867 hic
942 5817 1270 5880 negationem,
1287 5827 1429 5876 quam
1450 5822 1613 5876 tamen
1631 5828 1721 5866 ex-

126 5885 316 5939 bibent
342 5890 448 5935 Mss.
468 5886 519 5931 et
534 5889 632 5931 Am.

1484 400 1684 459 LIBER
1720 394 2058 468 QUARTUS.

3253 406 3389 465 1146

1805 511 2065 581 copulari.
2090 523 2208 580 quae
2234 516 2407 568 tamen
2436 510 2651 582 plausu,
2682 512 2735 569 id
2764 523 2847 571 est
2872 514 3136 574 levatione
3157 534 3222 577 ac
3248 523 3389 591 posi-

1803 602 1954 658 tione
1972 601 2311 657 conveniant.
2342 602 2562 663 Diversa
2592 615 2718 662 sunt
2742 617 2920 664 autem
2946 611 3030 666 rel
3071 615 3384 683 quantitate,

1802 708 1996 847 ut
2020 699 2223 770 majora
2240 702 2557 771 copulantur
2584 702 2900 770 minoribus,
2919 705 3095 777 qualia
3111 707 3210 764 ista
3237 717 3382 777 sunt,

1803 807 1856 848 νι
1894 806 1924 847 e
1947 800 2088 846 teet:

2081 888 2182 932 tam
2338 884 2485 949 terris
2504 885 2629 935 nivis
2648 890 2795 949 atque
2810 885 2937 949 dim

2081 945 2332 994 Gramiiuis
2349 945 2478 994 misit
2499 952 2653 1005 Pater,
2676 945 2730 997 et
2749 948 2961 1002 rubente

2083 1011 2297 1056 Dextera
2316 1016 2478 1069 sacras
2494 1005 2732 1068 jaculatus
2749 1021 2907 1069 arces,

2292 1068 2483 1116 Terruit
2502 1072 2691 1119 urbem.

2355 1127 2544 1191 (uorat.
2567 1126 2653 1179 lib.
2676 1130 2700 1181 ι
2725 1129 3019 1193 comm
3038 1132 3132 1186 ode
3148 1132 3224 1199 2.)

1802 1213 1936 1271 Nam
1957 1213 2062 1269 hoe
2087 1221 2357 1284 quartum,
2388 1212 2531 1283 quod
2557 1230 2664 1268 uno
2678 1213 2985 1272 choriambo
3010 1227 3062 1274 et
3084 1234 3185 1273 una
3206 1218 3261 1275 in
3280 1218 3388 1277 fine

1803 1306 1960 1377 longa
1992 1305 2333 1370 terminatur,
2361 1321 2519 1374 quam
2543 1320 2761 1375 parvum
2789 1308 2858 1362 sit
2897 1309 3064 1364 tribus
3091 1312 3385 1381 superiori-

1804 1397 1904 1453 bus
1931 1397 2073 1451 inter
2094 1411 2155 1452 se
2178 1395 2477 1467 aequalibus
2498 1395 2801 1466 subjectum
2823 1398 2995 1455 vides.
3024 1400 3118 1457 Vel
3163 1402 3386 1473 pedibus

1804 1489 1959 1545 sicuti
1986 1489 2100 1545 hzee
2124 1507 2139 1543 :

2201 1580 2902 1706 mmmam...

2400 1736 2401 1739 η
2449 1702 2637 1766 (Marci.
2660 1702 2744 1755 lib.
2775 1705 2792 1754 ι
2819 1703 3114 1767 corallium,
3138 1706 3323 1774 edes.)

1803 1788 1994 1845 Cernis
2021 1786 2217 1868 quippe
2241 1784 2430 1840 horum
2448 1785 2672 1841 door-tm
2695 1789 2943 1858 superius
2962 1802 3209 1845 constare
3232 1805 3395 1861 spon-

1805 1880 1907 1938 deo
1935 1891 1989 1937 et
2015 1879 2344 1943 choriambo.
2391 1889 2444 1934 et
2472 1878 2627 1950 longa
2658 1878 2866 1946 ultima,
2892 1895 3013 1951 qua:
3036 1881 3102 1936 ad
3128 1896 3221 1938 sex
3255 1892 3395 1939 tem-

1806 1987 1932 2044 pora
1962 1970 2227 2040 implenda
2256 1968 2497 2041 spondeo
2521 1968 2555 2023 «ι
2593 1969 2820 2023 bebatnr
2846 1987 2859 2022 :
2889 1970 2989 2025 hoc
3010 1981 3187 2026 autem
3219 1980 3397 2042 peste-

1805 2063 1917 2120 rius
1942 2061 2183 2133 spondeo
2207 2070 2263 2115 et
2286 2060 2618 2123 ehoriamho,
2646 2070 2701 2115 et
2742 2059 2950 2113 duabus
2984 2061 3187 2116 ultimis
3216 2062 3396 2121 brevi-

1804 2155 1929 2221 bus,
1959 2168 2081 2224 qua:
2108 2153 2236 2207 item
2264 2165 2386 2206 cum
2411 2151 2581 2220 primo
2610 2148 2850 2219 spondeo
2881 2150 3103 2220 implent
3135 2166 3227 2206 ses
3256 2161 3396 2209 lem—

1806 2261 1956 2317 pora.
1986 2245 2138 2300 Paria
2164 2251 2289 2297 sunt
2313 2256 2442 2313 ergo
2470 2243 2566 2295 ista
2598 2240 2945 2311 temporibus,
2974 2240 3069 2297 sed
3090 2240 3141 2296 in
3170 2242 3396 2311 pedibus

1807 2338 2047 2392 nonnihil
2073 2334 2399 2391 diversitatis
2430 2342 2633 2389 tenent.

1877 2431 1965 2487 36.
2002 2431 2096 2485 Est
2123 2438 2175 2484 et
2224 2428 2323 2484 alia
2368 2427 2665 2483 differentia
2709 2427 2928 2481 istarum
2969 2425 3387 2496 capillationutn,

1806 2520 1947 2592 quod
1973 2521 2074 2575 alia
2114 2519 2185 2575 ita
2212 2520 2544 2589 copulentur.
2574 2530 2633 2573 ιιι
2672 2519 2814 2574 nulla
2844 2520 2943 2574 sibi
2984 2518 3190 2575 silentia
3227 2518 3395 2575 inter.

1809 2612 1934 2683 poni
1955 2612 2144 2676 velint,
2176 2612 2311 2666 sicut
2339 2611 2451 2664 inec
2479 2611 2586 2664 duo
2616 2610 3015 2675 recentissima;
3044 2610 3143 2665 alia
3172 2611 3309 2666 inter
3332 2625 3392 2668 se

1807 2702 1954 2759 sileri
1977 2701 2173 2773 aliquid
2204 2703 2489 2771 postulent,
2518 2703 2648 2756 sicut
2675 2701 2789 2755 haec
2813 2720 2827 2756 :

2146 2791 2293 2841 vides
2312 2799 2367 2841 ut
2386 2790 2481 2841 alta
2503 2799 2601 2842 stet
2623 2791 2736 2841 nive
2756 2790 3008 2842 candidum

2144 2858 2355 2914 Soracte,
2380 2866 2471 2902 nec
2487 2854 2585 2914 jam
2606 2853 2875 2914 sustineant
2898 2865 3021 2902 onus

2209 2912 2352 2977 silva:
2386 2912 2685 2977 laniantes,
2701 2913 2917 2977 geluque

2209 2972 2421 3024 Flumina
2442 2972 2743 3024 wnstiteritit
2767 2972 2923 3024 actito.

2402 3035 2593 3098 (Horat.
2617 3034 2700 3086 αἱ).
2728 3036 2750 3086 I
2774 3045 3064 3098 canonum,
3088 3035 3181 3087 ode
3198 3035 3272 3101 9.)

1809 3123 1942 3179 Nam
1965 3122 2008 3176 si
2038 3121 2154 3176 htee
2179 3120 2382 3191 singula
2410 3130 2737 3190 repetantur,
2769 3121 2937 3189 priora
2963 3120 3070 3176 duo
3090 3131 3398 3179 ttuttnttem-

1812 3232 1916 3289 pus
1944 3215 1998 3270 in
2025 3215 2130 3269 line
2145 3213 2291 3268 sileri
2319 3211 2575 3277 flagitant,
2608 3214 2817 3269 tertium
2849 3212 2977 3278 duo,
2999 3224 3244 3281 quartum
3272 3214 3394 3270 tria.

1811 3307 2066 3378 Copulata
2106 3319 2234 3360 vero
2273 3318 2305 3358 a
2334 3306 2509 3374 primo
2550 3304 2616 3359 ad
2666 3305 2957 3359 secundum
3006 3312 3395 3374 transeuntem,

1813 3413 1976 3453 unum
2027 3406 2236 3465 tempus
2266 3394 2427 3451 silere
2470 3403 2700 3464 cogunt;
2739 3410 2769 3447 a
2805 3395 3041 3451 secundo
3064 3392 3150 3451 “ad
3187 3398 3400 3456 tertium

1812 3490 1942 3553 duo,
1964 3506 1993 3543 a
2023 3489 2182 3545 tertio
2220 3487 2286 3543 ad
2331 3497 2575 3557 quartum
2616 3489 2737 3543 tria.
2770 3489 2809 3543 A
2834 3498 3025 3557 quarto
3052 3501 3228 3545 autem
3257 3489 3301 3545 si
3332 3488 3401 3546 ad

1816 3581 2042 3650 primum
2067 3579 2275 3638 redeas,
2300 3586 2510 3648 tempus
2532 3593 2693 3633 uttttm
2720 3577 2922 3633 silebis.
2940 3579 3045 3635 Sed
3065 3597 3184 3650 qua:
3206 3591 3287 3636 est
3313 3594 3400 3636 ra-

1816 3671 1893 3727 tio
1910 3678 1993 3724 ost
2016 3669 2275 3725 redeundi
2301 3669 2368 3725 ad
2392 3672 2641 3739 primum,
2663 3670 2852 3726 eadem
2876 3680 2958 3726 est
2975 3671 3041 3725 ad
3064 3671 3220 3726 aliam
3245 3673 3400 3729 talem

1814 3760 2206 3831 copulationem
2254 3761 2583 3816 transeundi.
2633 3761 2743 3815 lloc
2788 3776 2958 3830 genus
3002 3761 3400 3831 eopulntionum

1817 3859 1965 3908 recte
1993 3867 2090 3905 nos
2111 3851 2440 3920 appellamus
2460 3851 2739 3908 circuitum
2756 3892 2771 3914 ,
2799 3851 2887 3921 qui
2909 3855 3117 3922 περιὸδος
3135 3866 3307 3922 graece
3319 3851 3402 3907 di-

1816 3944 1975 3998 citur.
2017 3940 2285 3998 Circuitus
2326 3957 2453 4012 ergo
2479 3944 2656 3996 minor
2686 3957 2807 3996 esse
2849 3957 2954 3995 ιιιιιι
3004 3950 3208 4008 potest,
3238 3954 3399 4011 quam

1817 4034 1906 4104 qui
1933 4033 2141 4088 duobus
2167 4032 2422 4088 membris
2462 4039 2692 4094 consult,
2720 4031 2770 4085 id
2810 4040 2894 4085 est
2922 4030 3128 4085 duobus
3168 4032 3352 4085 metris
3381 4049 3398 4088 :

1818 4137 1919 4178 nec
1943 4137 2063 4178 esse
2087 4122 2341 4189 majorem
2366 4121 2649 4176 voluerunt
2683 4135 2748 4174 eo
2773 4121 2862 4191 qui
2889 4135 3055 4191 usque
3081 4120 3147 4175 ad
3171 4132 3401 4191 quatuor

1820 4216 2056 4271 membra
2087 4214 2343 4286 procedit.
2363 4213 2511 4269 Licet
2538 4214 2694 4284 igitur
2720 4212 2998 4268 minimum
3031 4213 3399 4282 bimetuhrem,

1822 4304 2053 4360 medium
2102 4304 2488 4367 trimemhrem.
2530 4314 2587 4359 et
2628 4302 2870 4357 ultimum
2921 4303 3403 4373 quadrimembrem

1820 4410 2046 4459 vocare;
2091 4393 2190 4449 hos
2214 4392 2356 4449 enim
2381 4390 2552 4447 αι’ωοὶ
2598 4396 2810 4456 metu,
2848 4402 3094 4463 τριχωλσν,
3118 4401 3404 4464 rapuit:qu

1822 4495 2033 4541 vocant.
2065 4485 2140 4541 De
2177 4499 2283 4555 quo
2320 4492 2431 4540 toto
2457 4499 2655 4555 genere
2681 4482 2930 4554 quoniam
2957 4484 3263 4553 diligentius
3295 4495 3404 4541 tra-

1823 4577 2014 4633 ctaturi
2032 4590 2234 4640 sumus,
2255 4582 2313 4629 ut
2335 4573 2463 4635 dixi.
2490 4573 2627 4628 ineo
2643 4587 2891 4629 sermone
2910 4573 2999 4644 qui
3026 4573 3179 4630 nobis
3193 4574 3261 4631 de
3280 4590 3404 4632 ver-

1826 4669 1973 4726 sibus
1998 4670 2121 4734 erit,
2141 4682 2283 4722 nunc
2299 4666 2509 4722 interim
2538 4666 2640 4721 hoc
2659 4666 2789 4721 satis
2816 4665 2905 4720 sit.

1894 4761 1984 4817 57.
2014 4761 2155 4816 Sane
2177 4758 2411 4814 arbitror
2423 4754 2535 4828 jam
2561 4764 2614 4811 te
2644 4755 2961 4827 intelligere,
2994 4755 3406 4815 innumerabilia

1825 4866 2019 4923 genera
2041 4863 2163 4905 esse
2188 4857 2503 4912 metrorum,
2525 4861 2645 4919 quae
2675 4846 2963 4917 quingenta
2987 4846 3260 4918 sexaginta
3288 4859 3412 4906 octo

1825 4942 2197 4998 iuveneramus
2226 4939 2267 5007 ⁸,
2293 4953 2416 4994 cum
2456 4947 2513 4994 et
2549 4936 2618 4993 de
2642 4937 2868 4993 silentiis
2893 4953 3003 4993 non
3033 4938 3135 4994 nisi
3165 4938 3414 4998 ﬁnalibus

1825 5032 2067 5103 exempla
2086 5039 2269 5087 essent
2292 5029 2437 5095 data,
2463 5038 2519 5084 et
2544 5029 2686 5084 nulla
2717 5028 2910 5100 pedum
2930 5029 3253 5089 commixtio
3275 5032 3411 5090 facta

1825 5135 1988 5191 esset,
2017 5133 2072 5181 et
2094 5124 2239 5181 nulla
2263 5122 2460 5179 solutio
2498 5123 2779 5194 longarum
2806 5123 2860 5179 in
2897 5123 3034 5180 duas
3056 5124 3268 5191 breves,
3291 5141 3412 5196 quae

1826 5215 2015 5287 pedem
2058 5214 2195 5271 ultra
2232 5212 2467 5286 syllabas
2490 5222 2720 5285 quatuor
2747 5215 3060 5287 porrigeret.
3091 5215 3164 5271 At
3191 5216 3237 5270 si
3261 5213 3413 5270 adbi-

1824 5309 1935 5366 bita
1958 5309 2105 5366 omni
2133 5308 2472 5364 silentiorum
2502 5307 2927 5379 interpositione,
2961 5318 3017 5366 et
3040 5309 3184 5363 omni
3214 5307 3409 5380 pedum

1824 5402 2223 5469 commixtione,
2265 5410 2321 5457 et
2360 5401 2507 5457 omni
2551 5400 2820 5458 solutione
2862 5402 3132 5471 longarum
3154 5398 3411 5469 colligere

1825 5507 2108 5549 numerum
2152 5498 2448 5547 metrorum
2474 5490 2644 5555 velis;
2686 5499 2864 5546 tantus
2888 5488 3091 5553 existit,
3133 5495 3192 5541 ut
3215 5501 3408 5543 nomen

1825 5583 1944 5654 ejus
1971 5581 2198 5639 fortasse
2235 5597 2343 5637 non
2371 5588 2640 5653 suppetat.
2672 5579 2778 5637 Sed
2817 5579 2932 5632 h:ec
2950 5577 3195 5647 exempla
3222 5592 3342 5647 qua:
3375 5591 3408 5631 a

1892 5695 1910 5727 ι
1936 5699 1986 5744 ιιι
2008 5694 2143 5757 prius
2165 5690 2374 5755 vulgatis
2396 5691 2679 5800 (talaribus
2697 5696 2803 5738 uss.
2818 5688 3053 5761 habetur,

1892 5761 2004 5800 stem
2024 5754 2367 5800 inmmmus.
2394 5764 2420 5800 δ
2520 5751 2779 5800 legendum
2801 5762 2910 5798 cum
2933 5749 3173 5800 Albmensn
3298 5764 3408 5800 me.

1826 5749 2484 5823 m'inWrW-.Se<i
2520 5751 2780 5823 leseeéu-e
2801 5762 2910 5798 οωιι
2933 5749 3173 5823 θμιίιξεξιέί
3210 5749 3408 5823 ωβισκο

1826 5809 2080 5880 maugitus
2118 5821 2238 5866 octo.
2275 5813 2446 5864 mnfer
2468 5809 2624 5863 locuin
2646 5812 2729 5860 lib.
2755 5809 2803 5871 4,
2828 5823 2910 5859 nn.
2936 5812 2996 5877 iii
3019 5819 3072 5861 et
3096 5810 3173 5871 16,
3196 5810 3277 5861 uni
3300 5822 3407 5860 me-

1827 5883 2015 5927 trorum
2036 5877 2205 5927 isthmc
2225 5888 2409 5927 summa
2431 5881 2674 5924 censetur.
