3822 6392
634 417 768 475 1151

635 531 815 605 priore
824 538 1068 601 quatuor,
1084 528 1269 593 Roma,
1297 526 1455 583 Roma
1467 543 1614 582 cerne
1623 536 1835 593 quanta;
1854 527 1905 580 in
1922 528 2215 595 posteriore

636 633 810 678 autem
830 633 938 677 tres
957 622 1136 684 semis,
1161 622 1224 674 sit
1250 621 1397 674 deum
1421 619 1717 689 benignitas.
1751 622 1829 671 Au
1851 620 2218 675 cantradieere

637 715 837 787 aliquid
860 713 1051 783 paras?
1077 711 1145 765 ι).
1174 711 1314 766 Nihil
1336 713 1573 773 omnino,
1603 720 1657 766 et
1686 711 1910 766 libenter
1936 713 2214 766 assentior.

708 808 762 863 8.
805 806 882 861 Μ.
923 805 1220 859 Teneamus
1264 804 1421 873 igitur
1470 802 1566 857 bas
1606 803 1747 872 leges
1774 803 2144 867 incoacnsms,
2173 804 2217 857 si

640 901 830 973 placet.
885 907 943 952 ut
990 912 1160 965 neque
1204 896 1561 951 membrorum
1608 896 1830 949 duorttm
1881 896 2101 950 tendens
2151 896 2220 951 ad

641 991 994 1061 :equalitatem
1023 988 1234 1057 partitio
1262 987 1435 1041 versui
1467 986 1637 1050 desit,
1669 986 1829 1047 sicuti
1868 986 1991 1039 huic
2034 986 2216 1052 deest,

642 1082 842 1137 Cornua
868 1081 1142 1135 velatarum
1170 1080 1470 1133 obvertimus
1509 1089 1860 1130 antennarum.
1891 1075 2074 1146 Neque
2112 1076 2221 1144 ipsa

642 1173 919 1243 :eqnalitas
960 1171 1322 1225 membrorum
1349 1168 1754 1223 convcrsibilem
1780 1210 1795 1230 ,
1826 1177 1882 1221 ut
1917 1169 1983 1221 ita
2026 1168 2218 1232 dicam,

645 1264 801 1319 faciat
826 1263 1195 1333 partitionem,
1234 1273 1290 1314 ut
1328 1260 1379 1315 in
1409 1260 1507 1313 hoc
1537 1259 1691 1326 facit,
1724 1258 1925 1315 Cornua
1950 1260 2223 1313 velatarum

643 1358 880 1411 vertimus
908 1366 1259 1409 anteimarum.
1287 1354 1467 1423 Neque
1495 1368 1614 1407 cum
1647 1352 1745 1407 ista
1776 1353 1971 1406 vitatur
1997 1368 2222 1407 conver-

645 1452 745 1511 sio.
772 1450 927 1503 nimis
955 1465 983 1501 a
1012 1464 1071 1502 se
1097 1448 1332 1502 membra
1358 1445 1630 1500 discedant
1652 1485 1665 1505 ,
1690 1448 1782 1499 sed
1812 1455 2066 1516 quantum
2106 1460 2227 1514 pos-

646 1549 769 1596 sunt
798 1540 1050 1609 proximis
1078 1538 1310 1593 numeris
1350 1552 1511 1606 prope
1546 1545 1856 1606 aequentur,
1886 1552 1954 1590 ne
1989 1536 2225 1591 dicamus

649 1631 764 1684 lure
792 1630 861 1685 ita
894 1645 1049 1695 posse
1086 1628 1277 1693 dividi,
1306 1637 1363 1681 ut
1398 1638 1519 1681 octo
1562 1626 1859 1695 semipedes
1904 1626 2225 1695 praecedant,

649 1719 850 1777 Cornua
888 1722 1159 1776 velatarum
1184 1722 1454 1782 vertimus;
1483 1730 1537 1773 et
1572 1728 1797 1788 quatuor
1818 1720 2225 1787 subsequantur,

650 1813 701 1867 id
722 1824 824 1875 est,
853 1823 1203 1864 antennarum.
1235 1810 1340 1864 Nec
1361 1809 1654 1863 membrum
1683 1809 1943 1876 posterius
1970 1809 2108 1877 paris
2135 1825 2231 1861 nn-

649 1904 784 1959 mcri
808 1902 1104 1973 semipedes
1133 1903 1338 1965 habeat,
1362 1902 1513 1956 sicuti
1533 1911 1633 1964 est,
1659 1900 1743 1953 tibi
1770 1900 1915 1953 deum
1931 1900 2226 1971 benignitas,

651 2014 720 2053 ne
744 2000 896 2066 pieno
913 1996 1045 2065 pede
1072 2011 1255 2049 versus
1278 1996 1453 2049 linitus
1476 2010 1577 2048 non
1602 1994 1790 2047 habeat
1810 1994 2095 2049 terminum
2115 1994 2231 2047 bre-

650 2088 797 2142 viore
828 2096 1066 2155 tempore
1091 2096 1347 2141 notatum.
1381 2084 1449 2138 ο.
1480 2084 1659 2139 Habeo
1678 2085 1787 2154 jam
1816 2085 1935 2151 ista,
1957 2093 2011 2138 et
2038 2084 2230 2139 mando

651 2178 922 2232 memorre
944 2187 1198 2247 quantum
1228 2177 1400 2231 valeo.

1036 2265 1264 2322 CAPUT
1300 2266 1357 2318 V.
1381 2295 1453 2307 —
1479 2265 1683 2319 Heroici
1710 2266 1847 2334 ﬁnis.

721 2359 774 2413 9.
798 2357 873 2411 Μ.
898 2358 1156 2423 Quoniam
1182 2358 1337 2426 igitur
1356 2359 1465 2427 jam
1490 2366 1751 2412 tenuemus.
1778 2373 1881 2410 non
1896 2356 2091 2413 debere
2111 2373 2231 2413 ver-

649 2468 768 2509 sum
798 2451 935 2505 ﬁniri
976 2451 1135 2520 pleno
1157 2450 1309 2520 pede,
1346 2448 1611 2518 quomodo
1642 2449 1791 2503 nobis
1821 2451 2087 2503 heroicum
2116 2466 2233 2503 ver-

649 2561 767 2601 sum
809 2542 1130 2599 metieudnm
1166 2550 1335 2611 putas,
1358 2552 1415 2595 ut
1437 2550 1490 2596 et
1510 2542 1863 2595 membrorum
1893 2543 1974 2595 lex
2005 2542 2087 2596 illa
2119 2557 2233 2597 ser-

649 2646 823 2699 vetur,
855 2644 908 2688 et
940 2635 1051 2687 haec
1082 2635 1290 2687 termini
1328 2634 1490 2687 nota?
1523 2632 1586 2685 D.
1622 2632 1783 2687 Video
1810 2633 2084 2689 duodecim
2116 2648 2233 2690 esse

648 2728 984 2798 semipedes;
1030 2736 1081 2781 et
1111 2727 1231 2796 quia
1269 2738 1486 2798 propter
1530 2726 1671 2779 illam
1714 2726 2113 2780 conversionem
2157 2728 2235 2781 vi-

648 2818 860 2873 tandam
879 2833 1036 2873 senos
1055 2818 1349 2886 semipedes
1372 2818 1567 2872 habere
1592 2818 1827 2872 membra
1850 2832 1952 2871 non
1977 2828 2190 2887 possunt
2212 2835 2228 2884 ;

648 2924 824 2979 neque
852 2924 880 2961 a
908 2924 967 2963 se
992 2909 1147 2976 longe.
1176 2917 1385 2977 oportet
1410 2908 1683 2963 discedere
1720 2918 1777 2963 nt
1799 2909 1905 2963 sint
1930 2918 2037 2963 tres
2062 2919 2116 2965 et
2141 2926 2235 2965 no.

646 3017 788 3065 vem,
821 3010 912 3054 aut
941 3016 1130 3055 novem
1158 3009 1211 3054 et
1236 3010 1375 3061 tres;
1411 3014 1581 3068 neque
1607 3001 1745 3069 paris
1776 3002 1976 3055 numeri
2004 3002 2233 3071 semipe-

648 3090 746 3148 des
791 3092 1072 3162 posteriori
1118 3092 1358 3145 membro
1397 3088 1555 3144 dandi
1601 3100 1724 3143 sunt
1776 3099 1831 3144 ut
1876 3091 1983 3145 sint
2024 3102 2144 3145 octo
2180 3102 2234 3147 et

646 3190 890 3253 quatuor,
935 3190 1026 3236 aut
1061 3191 1287 3251 quatuor
1312 3191 1363 3235 et
1400 3190 1540 3243 octo,
1572 3195 1639 3233 ne
1683 3180 1841 3249 pleno
1881 3180 2014 3249 pede
2043 3197 2232 3237 versus

644 3274 857 3328 ﬁniatur
884 3292 898 3328 :
928 3274 979 3326 in
1008 3273 1239 3342 quinque
1264 3282 1317 3325 et
1342 3282 1569 3341 septem,
1593 3281 1685 3325 aut
1703 3282 1909 3342 septem
1931 3284 1980 3326 et
2002 3276 2233 3346 quinque

645 3364 838 3419 divisio
866 3364 1101 3418 facienda
1130 3374 1231 3419 est.
1255 3363 1385 3417 Nam
1413 3374 1463 3417 et
1493 3363 1543 3415 hi
1574 3364 1774 3417 numeri
1804 3373 1927 3418 stmt
1954 3367 2111 3420 ambo
2136 3368 2234 3423 im-

650 3468 808 3525 pares
854 3454 1099 3524 proximi,
1147 3463 1201 3509 et
1247 3462 1391 3509 certe
1440 3455 1785 3524 propinquius
1829 3456 1928 3511 sibi
1975 3458 2234 3514 accedunt

645 3543 885 3598 membra
925 3559 1082 3612 quam
1126 3544 1179 3599 in
1220 3546 1565 3611 quaternario
1599 3555 1651 3599 et
1689 3548 1959 3601 octonario
1998 3551 2233 3605 numeris

650 3634 984 3688 accederent.
1009 3634 1159 3700 Quod
1190 3645 1242 3689 ut
1274 3635 1630 3689 ﬁrmissimum
1660 3646 1902 3703 teneam,
1933 3639 2086 3694 video
2110 3656 2231 3710 par-

649 3732 757 3781 tem
802 3727 1058 3781 orationis
1096 3728 1147 3782 in
1189 3727 1373 3798 quinto
1413 3728 1683 3798 semipede
1717 3745 1928 3800 semper
1964 3740 2055 3785 aut
2098 3748 2232 3801 pene

646 3830 859 3886 semper
905 3818 1196 3879 terminari,
1247 3826 1305 3872 ut
1340 3826 1423 3872 est
1470 3819 1520 3872 in
1568 3820 1737 3888 primo
1788 3820 1986 3889 Virgilii
2035 3838 2227 3892 versu,

646 3910 803 3962 Arma
826 3910 1082 3979 virumque
1104 3926 1229 3963 cano
1252 3918 1342 3964 :et
1379 3910 1430 3963 in
1468 3910 1722 3976 secundo,
1759 3910 1967 3965 Italiam
1996 3913 2105 3981 fato
2128 3931 2146 3968 :
2176 3922 2233 3969 et

644 4000 699 4055 in
730 4000 915 4063 tertio,
947 3998 1138 4053 Littera
1181 3999 1391 4053 multum
1420 4000 1505 4054 ille
1527 4010 1574 4054 et
1603 4016 1622 4055 :
1648 4001 1697 4055 in
1743 4012 1934 4071 quarto
1972 4003 2095 4057 item
2115 4046 2131 4069 ,
2167 4002 2231 4059 Vi

644 4105 881 4161 superum
908 4105 1051 4144 mea
1075 4106 1094 4144 :
1117 4099 1276 4161 atque
1301 4092 1371 4146 ita
1406 4091 1659 4160 deinceps
1688 4092 1741 4146 in
1787 4101 1899 4147 toto
1945 4108 2081 4162 pene
2114 4111 2229 4151 car-

646 4181 808 4237 mine.
845 4180 922 4236 Μ.
951 4181 1142 4237 Verum
1164 4181 1297 4237 dicis
1324 4200 1338 4236 :
1366 4182 1459 4237 sed
1492 4182 1775 4237 videndum
1804 4184 1896 4238 tibi
1924 4194 2024 4251 est,
2052 4201 2187 4256 quos
2208 4188 2225 4219 ¹

645 4273 807 4343 pedes
834 4274 1066 4329 metiaris
1089 4313 1105 4338 ,
1156 4283 1213 4328 ut
1254 4274 1383 4328 nihil
1425 4275 1757 4343 superiorum
1796 4276 1967 4344 legum
2003 4278 2111 4347 jam
2143 4280 2225 4333 in-

642 4379 899 4419 concusso
926 4364 1329 4419 constitutarum
1356 4364 1555 4419 violare
1574 4364 1790 4419 audeas.
1822 4364 1890 4418 ι).
1916 4368 2224 4438 Quanquam

643 4454 772 4510 mihi
802 4455 930 4509 satis
968 4454 1104 4508 ratio
1128 4462 1409 4526 appareat,
1444 4463 1617 4508 tamen
1649 4456 1880 4510 novitate
1910 4460 2220 4514 conturbor.

643 4543 758 4599 Non
786 4545 928 4598 enim
954 4543 1189 4598 solemus
1214 4543 1265 4598 in
1306 4544 1407 4599 hoc
1446 4558 1642 4613 genere
1680 4543 1782 4598 nisi
1810 4546 2099 4613 spondeum
2131 4565 2223 4617 pe-

643 4634 766 4689 dem
809 4645 864 4690 et
900 4634 1164 4705 dactylum
1203 4634 1487 4696 scandere,
1517 4633 1658 4703 quod
1691 4652 1845 4689 nemo
1875 4636 1984 4691 fere
2008 4648 2090 4693 est
2116 4651 2220 4694 tam

646 4724 889 4779 indoctus
914 4725 1039 4795 quin
1061 4726 1082 4756 ’
1109 4725 1369 4790 audierit,
1400 4725 1604 4780 etiamsi
1631 4726 1805 4780 minus
1831 4727 1880 4781 id
1910 4727 2081 4783 facere
2104 4746 2223 4799 pos-

644 4815 733 4869 sit.
759 4814 901 4870 llanc
921 4831 1047 4885 ergo
1069 4816 1574 4886 pervulgatissimam
1597 4818 2058 4882 eoosuetudinem,
2084 4836 2222 4875 nunc

645 4903 691 4959 si
716 4904 865 4974 sequi
885 4907 1122 4971 voluero,
1146 4908 1226 4962 lex
1249 4908 1334 4959 illa
1361 4907 1568 4962 termini
1592 4917 1672 4963 est
1696 4908 1995 4979 abroganda
2012 4910 2062 4975 ³;
2088 4927 2223 4979 ιιι-ω-

645 4996 843 5052 cedens
867 4999 1006 5053 enim
1035 4999 1331 5054 membrum
1358 4999 1626 5068 semipede
1654 5000 2007 5062 clauderetur,
2037 5012 2218 5071 poste-

644 5090 755 5144 rius
776 5097 949 5142 autem
987 5090 1142 5157 pleno
1178 5090 1345 5159 pede;
1374 5090 1512 5159 quod
1541 5100 1725 5144 contra
1755 5106 1873 5146 esse
1896 5092 2092 5147 debuit.
2116 5094 2220 5150 Sed

643 5180 764 5250 quia
794 5178 936 5232 illam
974 5178 1138 5246 legem
1180 5178 1566 5249 iniquissimum
1592 5190 1677 5233 est
1702 5181 1919 5245 tollere,
1957 5184 2091 5237 etin
2120 5170 2219 5239 nit-

643 5272 806 5328 meris
825 5271 933 5341 jam
961 5269 1119 5324 didici
1151 5284 1305 5339 posse
1335 5270 1468 5333 tieri,
1502 5279 1559 5324 nt
1585 5285 1613 5321 a
1642 5285 1746 5323 non
1786 5272 1942 5340 pleno
1966 5275 2099 5342 pede
2126 5290 2217 5330 or-

640 5361 923 5427 diamur‘;
954 5370 1115 5416 restat
1142 5370 1196 5414 ut
1225 5375 1329 5414 non
1360 5360 1445 5415 hic
1474 5360 1742 5429 dactylum
1804 5377 1923 5417 cum
1958 5367 2215 5434 spondeo,

640 5455 732 5509 sed
758 5462 1082 5525 anaptestum
1109 5451 1268 5506 locari
1294 5450 1625 5519 indicemus;
1654 5460 1711 5504 ut
1740 5451 1953 5521 incipiat
1982 5471 2164 5512 versus
2185 5473 2217 5513 a

643 5544 795 5613 longa
823 5559 927 5598 una
959 5542 1179 5613 syllaba,
1209 5540 1403 5595 deinde
1428 5540 1533 5594 duo
1564 5540 1723 5609 pedes
1766 5542 1849 5596 vel
1889 5544 2107 5612 spondei
2134 5548 2215 5602 vel

704 5658 720 5687 ¹
748 5664 881 5718 Quos.
905 5659 1039 5718 juxta
1062 5654 1206 5704 vatic.
1231 5660 1289 5718 st.

702 5718 723 5747 ¹
747 5716 833 5774 Qui
852 5716 958 5769 non.
982 5719 1117 5775 juxta
1144 5724 1161 5755 \
1177 5717 1284 5764 atic.
1310 5720 1365 5763 Μ.

705 5777 724 5840 _'
746 5778 817 5840 sic
841 5774 1022 5840 \atie.";
1052 5789 1143 5825 rex
1166 5774 1249 5825 illa
1272 5775 1521 5840 terminata
1541 5781 1610 5826 est
1633 5776 1925 5840 abroganda.
1974 5784 2029 5826 Μ.

703 5837 723 5865 δ
746 5837 817 5885 sic
841 5849 901 5885 ex
930 5839 1069 5887 vatio.
1099 5846 1145 5885 In
1170 5845 1237 5897 8.,
1261 5852 1351 5887 non
1374 5852 1405 5886 a
1427 5836 1565 5900 pleno
1586 5838 1705 5900 pede
1728 5836 1992 5888 ordiamur.
2062 5844 2115 5887 nt.

1774 408 1861 464 DE
1899 408 2172 473 nosnos.
2210 409 2268 466 s.
2314 407 2674 466 AUGUSTINI
3721 432 3780 488 ,η

2324 530 2581 597 anapaesti
2628 529 2707 583 vel
2732 530 2923 586 alterni
2950 532 2966 564 ¹
2995 535 3286 591 membrum
3310 540 3542 607 superius
3566 546 3779 605 terminet:

2325 621 2472 672 tum'
2501 628 2610 675 tres
2646 636 2832 677 rursus
2874 623 3097 680 alterum
3139 627 3220 683 vel
3260 632 3503 701 anapzrsti
3538 635 3615 690 vel
3648 643 3779 706 quolii

2324 706 2442 763 loco
2464 710 2733 779 spondeus
2755 754 2771 777 ,
2802 713 2915 767 sive
2939 716 3182 774 omnibus
3200 759 3215 779 .
3257 729 3311 775 et
3340 721 3389 775 in
3421 724 3519 777 ﬁne
3541 740 3632 780 una
3654 730 3780 785 svllab

2324 816 2428 872 qua
2460 817 2646 857 versus
2666 803 2897 874 legitime
2924 808 3250 863 terminatur.
3274 809 3535 869 Probasne
3556 826 3603 869 et
3624 788 3697 872 ῆιΙὲ

2399 892 2484 946 l0.
2529 891 2606 946 Μ.
2636 893 2745 963 Ego
2783 911 2991 966 quoque
3018 899 3369 955 rectissimum
3406 918 3521 958 esse
3548 907 3715 974 judico,
3753 928 3779 967 si

2325 997 2433 1039 non
2469 985 2620 1039 l'acihe
2651 986 2746 1039 ista
2786 988 2978 1057 populo
3004 991 3403 1059 persuadentur.
3442 995 3593 1050 Tanta
3626 1002 3734 1056 enim
3763 1022 3779 1061 ε

2324 1075 2407 1128 vis
2427 1076 2825 1131 consuetudinis
2845 1121 2861 1143 ,
2891 1089 2945 1133 nt
2974 1095 3035 1133 ea
3080 1081 3369 1136 inveterata
3390 1126 3404 1144 ,
3432 1086 3475 1139 si
3504 1087 3618 1141 falsa
3638 1093 3780 1159 opinio

2326 1166 2502 1235 genita
2540 1177 2651 1231 est,
2683 1167 2809 1221 nihil
2836 1171 2903 1224 sit
2932 1170 3191 1226 inimicius
3217 1174 3440 1230 veritati.
3474 1176 3779 1251 Namqucadi

2327 1256 2574 1311 ciendum
2610 1272 2821 1312 versum
2862 1260 2987 1315 nihil
3038 1262 3293 1319 interesse
3331 1265 3593 1337 intelligis,
3634 1282 3779 1329 nummi

2330 1346 2431 1401 hoc
2452 1362 2646 1415 genere
2674 1360 2973 1417 anapaastus
2997 1367 3115 1405 cum
3161 1355 3418 1422 spondeo,
3442 1372 3505 1411 an
3531 1359 3560 1413 d
3579 1366 3723 1432 'ctylns
3739 1383 3780 1420 cn

2330 1437 2535 1494 locetur
2564 1458 2576 1492 :
2602 1440 2667 1493 ad
2705 1442 3025 1497 metiendum
3068 1454 3243 1499 tamen
3284 1449 3687 1516 rationabiliter‘,
3717 1473 3779 1523 qut

2331 1546 2436 1585 non
2466 1533 2669 1586 aurium
2696 1533 2789 1587 sed
2813 1535 3005 1589 mentis
3032 1545 3115 1589 est
3132 1538 3420 1603 proprium,
3444 1556 3555 1594 vera
3575 1552 3619 1597 et
3633 1557 3779 1601 certat:

2334 1623 2475 1679 tione
2502 1624 2622 1689 hoc,
2652 1640 2755 1679 non
2773 1626 3112 1681 irrationabili
3132 1630 3380 1696 opinione
3404 1631 3780 1691 discernimer

2331 1732 2434 1785 que
2465 1718 2604 1770 nunc
2643 1734 2670 1769 a
2707 1717 2858 1773 nobis
2877 1719 3103 1787 primum
3132 1719 3344 1775 iuventa
3373 1732 3473 1783 est.
3499 1724 3580 1777 sed
3618 1728 3779 1783 malum

2333 1806 2435 1861 hac
2464 1808 2749 1862 inveterata
2775 1810 3159 1865 consuetudine
3179 1812 3443 1882 antiquius
3466 1815 3779 1871 animadvcraa'

2332 1900 2506 1966 Quare
2536 1902 2579 1955 si
2606 1916 2699 1955 eos
2728 1902 2900 1971 legant
2925 1902 3011 1969 qui
3044 1904 3124 1956 vel
3154 1902 3206 1957 in
3250 1919 3417 1972 graeca
3439 1907 3513 1960 vel
3533 1907 3575 1960 in
3603 1907 3721 1963 latina
3744 1911 3779 1963 lit

2334 2008 2434 2062 gua
2487 1993 2778 2063 disciplina:
2821 1995 2977 2063 hujus
3004 1996 3297 2052 doctissimi
3326 2000 3539 2065 luerunt,
3581 2019 3664 2057 non
3699 2008 3780 2059 min

2340 2082 2536 2137 buntur
2562 2085 2720 2137 nimis
2744 2085 2830 2153 qtti
2878 2085 3011 2140 forte
3038 2085 3141 2140 hoc
3165 2087 3457 2143 audierint:
3485 2105 3721 2159 quanquam
3740 2110 3780 2157 nu

2332 2173 2423 2227 det
2453 2174 2845 2236 imbecillitatis.
2890 2190 3009 2231 cum
3064 2178 3256 2232 rationi
3288 2179 3580 2235 roboranda:
3616 2183 3779 2237 hominum

2333 2265 2617 2319 auctoritas
2632 2268 2901 2334 qnzeritur,
2919 2284 3036 2322 cum
3064 2270 3229 2337 ipsius
3249 2270 3459 2324 rationis
3474 2287 3529 2326 ac
3541 2274 3723 2327 veritatis
3738 2292 3779 2328 au

2334 2358 2597 2421 ctoritate,
2625 2374 2742 2426 qua:
2769 2358 3004 2427 profecto
3032 2371 3115 2415 est
3138 2362 3282 2415 omni
3307 2362 3507 2417 homine
3532 2365 3695 2427 melior,
3713 2367 3779 2419 "ibi

2333 2448 2552 2503 deberet
2579 2465 2696 2504 esse
2733 2452 3087 2519 prtestantius.
3119 2451 3235 2506 Non
3264 2453 3399 2507 enim
3428 2463 3480 2507 ut
3498 2454 3542 2507 in
3560 2454 3779 2525 ρκιάιιςοιιά

2334 2540 2739 2608 corripiendave
2782 2542 2982 2612 syllaba
3021 2558 3126 2597 non
3165 2544 3262 2597 nisi
3292 2545 3618 2599 auctoritatem
3638 2555 3779 2600 veteran

2336 2630 2609 2685 hominum
2627 2634 2934 2703 qttazrimus,
2954 2643 3009 2688 ttt
3023 2635 3464 2705 quemadmodum
3479 2637 3655 2691 suntnsi
3677 2636 3779 2691 verbis

2334 2722 2523 2792 quibus
2536 2738 2632 2777 nos
2651 2737 2857 2794 quoque
2872 2724 3158 2794 loquimur,
3174 2726 3245 2780 ita
3265 2736 3317 2781 et
3335 2742 3423 2780 nos
3434 2737 3635 2789 utantur;
3648 2728 3732 2794 quia
3758 2729 3779 2779 il

2337 2813 2695 2883 hujuscemodi
2726 2832 2783 2869 re
2816 2826 2869 2871 et
2886 2816 3081 2871 nullam
3099 2818 3505 2872 observationem
3518 2819 3637 2887 sequi
3653 2818 3780 2870 desidit

2334 2913 2436 2967 est,
2455 2914 2510 2959 et
2536 2920 2724 2958 novam
2740 2905 3015 2961 instituere
3032 2905 3291 2961 licentiae:
3308 2908 3373 2960 ita
3391 2908 3436 2961 in
3460 2906 3675 2961 metiendo
3691 2920 3780 2959 rust

2336 2994 2622 3050 inveterata
2663 2997 2905 3050 voluntas
2942 2996 3241 3059 hominum.
3276 3014 3337 3053 ac
3363 3014 3457 3052 non
3483 3008 3641 3051 a-terna
3676 3011 3780 3050 reum

2335 3086 2472 3139 ratio
2500 3085 2775 3155 cogitanda
2802 3097 3039 3147 est,cum
3070 3096 3129 3142 et
3155 3088 3465 3143 moderatam
3489 3087 3579 3157 ejus
3599 3084 3780 3152 longitudi

2336 3193 2457 3233 nem
2486 3178 2631 3248 prius
2656 3179 2968 3233 naturaliter
2994 3196 3123 3234 aure
3158 3182 3446 3245 sentiamus.
3470 3178 3619 3233 deinde
3649 3192 3777 3246 appro

2334 3268 2523 3323 bemus
2552 3269 2849 3324 rationabili
2877 3270 3306 3326 consideratione
3335 3284 3630 3332 numerorum,
3648 3277 3687 3320 et
3709 3281 3778 3319 emt

2335 3357 2522 3426 insigni
2549 3356 2654 3413 line
2686 3358 3036 3415 claudendum
3067 3375 3193 3416 esse
3214 3361 3403 3429 judicet
3443 3358 3636 3429 quisquis
3650 3355 3777 3425 judica

2334 3447 2530 3502 certius
2550 3462 2672 3502 eum
2698 3464 2856 3518 quam
2881 3461 3071 3505 ctetera
3094 3460 3265 3506 metra
3289 3467 3400 3507 esse
3424 3449 3778 3521 liniendnm,eum7

2334 3553 2435 3608 que
2459 3538 2615 3593 linem
2640 3540 2690 3593 in
2714 3541 2955 3595 breviore
2976 3550 3220 3611 tempore
3240 3542 3501 3596 notandum
3521 3555 3616 3595 esse
3632 3537 3776 3590 maniis-

2334 3639 2471 3684 stum
2490 3632 2592 3695 sit;
2620 3632 2878 3700 siquidem
2894 3633 2914 3663 ⁸
2943 3634 3201 3702 temporis
3227 3633 3567 3703 longitudinem
3582 3638 3733 3684 coerct-t
3749 3634 3776 3683 et

2335 3720 2511 3777 frenat
2539 3723 2947 3793 quodammodo.

2581 3815 2806 3871 CAPUT
2849 3814 2934 3870 VI.
2962 3847 3033 3857 —
3055 3816 3255 3873 Rursus
3274 3819 3333 3871 de
3351 3819 3444 3887 ﬁne
3466 3832 3616 3871 versus.

2408 3907 2492 3960 ll.
2510 3906 2639 3974 Qute
2664 3921 2783 3961 cum
2808 3907 2874 3961 ita
2905 3907 3033 3971 sint,
3050 3909 3142 3975 qui
3161 3918 3327 3978 potest
3342 3908 3569 3977 posterius
3580 3906 3774 3974 ejusmcm'

2334 3998 2486 4052 brum
2513 3998 2612 4051 nisi
2658 4014 2760 4051 non
2812 3998 2971 4066 pleno
2996 4000 3266 4053 terminari
3300 3998 3452 4069 pede?
3478 3996 3637 4052 Prioris
3664 4001 3774 4044 autem

2337 4086 2563 4141 membri
2592 4086 2865 4141 exordium
2890 4096 2981 4141 aut
3010 4088 3226 4156 plenum
3254 4088 3429 4159 pedem
3468 4102 3582 4152 esse,
3606 4097 3647 4137 ιιι
3670 4085 3704 4135 in
3722 4081 3774 4134 illi

2332 4176 2621 4242 trochaico,
2650 4176 2828 4240 Roma,
2850 4176 3029 4239 Roma,
3047 4195 3195 4233 cerne
3212 4190 3390 4247 quanta
3407 4180 3464 4231 sit
3489 4178 3607 4232 deum
3624 4170 3772 4241 benigni

2329 4278 2437 4333 εσυ
2456 4280 2545 4326 altl
2571 4278 2770 4339 partem
2803 4271 2951 4339 pedis
2978 4281 3208 4341 oportet.
3243 4281 3299 4327 ut
3328 4273 3376 4327 in
3403 4272 3602 4331 heroico,
3617 4262 3772 4321 Atinii

2329 4377 2538 4432 rumque
2562 4377 2708 4424 cano,
2739 4361 2914 4431 Trojte
2955 4364 3042 4429 qui
3078 4364 3270 4433 primus
3295 4364 3354 4416 ab
3378 4364 3486 4417 oris.
3526 4362 3764 4427 Quatropla

2328 4452 2472 4503 omni
2518 4450 2625 4519 jam
2667 4450 2990 4506 dubitatione
3024 4452 3250 4516 sublata,
3289 4453 3436 4506 etiam
3479 4450 3604 4504 istum
3636 4460 3681 4496 νυ

2328 4541 2537 4601 metire,
2558 4544 2601 4595 si
2636 4542 2828 4610 placet,
2856 4552 2908 4596 et
2938 4542 3064 4596 mihi
3087 4543 3155 4598 de
3176 4543 3415 4597 membris
3433 4543 3530 4608 ejus
3546 4537 3639 4607 pedi

2326 4631 2609 4700 reSponde,
2639 4630 2887 4685 Phaselus
2914 4632 2999 4686 ille
3014 4651 3157 4704 quem
3183 4632 3585 4701 ridetistspites.
3606 4624 3657 4680 Β.
3678 4623 3708 4678 ll

2326 4722 2418 4776 bra
2436 4722 2646 4791 quidem
2679 4722 2831 4792 hujus
2857 4724 2907 4777 in
2934 4725 3167 4793 quinque
3192 4736 3245 4779 et
3263 4734 3451 4793 septem
3480 4715 3704 4787 semipedes

2324 4811 2426 4866 deo
2453 4811 2756 4877 distributa,
2807 4822 2863 4867 ut
2891 4814 3035 4882 prius
3072 4814 3157 4875 sit,
3190 4813 3421 4867 Pliaselus
3458 4810 3557 4871 ille;
3597 4814 3676 4875 pm!

2324 4914 2498 4958 autem
2508 4945 2521 4960 .
2543 4920 2688 4974 quem
2704 4905 2897 4969 videtis,
2912 4906 3129 4975 hospites
3148 4922 3167 4959 :
3185 4905 3339 4974 pedes
3352 4920 3466 4957 vero
3481 4899 3641 4954 iambos
3652 4899 3743 4977 euq

2327 4998 2404 5104 ’πί
2430 4995 2587 5103 sicne:
2614 4996 2756 5044 \‘atic.
2785 5001 2837 5045 et
2862 5003 2938 5044 iis.
2963 5004 3013 5045 Α.
3040 5003 3087 5045 lu
3110 4993 3265 5056 B.,nel
3285 4988 3659 5057 propinationem

2386 5068 2484 5104 um.
2554 5091 2565 5103 .

2386 5068 2484 5104 um.
2508 5061 2565 5103 Μ.

2386 5118 2407 5185 ξ
2430 5122 2479 5164 In
2501 5123 2571 5185 B_.,
2594 5128 2719 5185 omn.
2738 5118 2904 5185 vatio,
2929 5116 3060 5185 dum.
3076 5124 3157 5168 Ms.
3182 5124 3233 5176 Α,
3249 5124 3358 5166 tum.
3404 5123 3452 5164 ιι.

2388 5177 2409 5245 ξ
2432 5176 2756 5245 ttationaliter,
2777 5179 2917 5245 juxta
2932 5181 3083 5245 _\'atic.
3108 5186 3163 5227 Μ.
3260 5236 3272 5245 _
3433 5234 3443 5245 ο
3489 5232 3501 5244 ,

2385 5237 2407 5268 δ
2563 5246 2759 5308 veteres
2780 5236 3085 5308 Sic-habent;
3109 5251 3127 5287 l
3143 5236 3371 5308 reprimit,

2322 5296 2426 5348 haec
2449 5298 2573 5349 ratio
2594 5297 2654 5347 ab
2676 5299 2761 5349 illa
2778 5299 2995 5351 Opinione
3018 5296 3310 5350 discet-uitia.
3334 5324 3388 5335 --
3420 5302 3541 5344 Juxta
3569 5296 3674 5338 Vatia
3688 5297 3696 5329 ε
3712 5296 3735 5341 ~I.

2322 5357 2472 5409 mium
2494 5358 2597 5411 Itwc
2620 5358 2741 5411 ratio
2761 5357 2821 5411 ab
2844 5358 2929 5411 illa
2949 5360 3163 5412 Opinione
3184 5357 3469 5411 discernitur.
3490 5360 3537 5402 tt.

2385 5421 2405 5452 ⁸
2430 5422 2503 5470 sic
2539 5422 2679 5472 Vatic.
2710 5435 2723 5471 :
2747 5424 2838 5472 Sed
2865 5412 3138 5473 mulio’harc
3166 5429 3233 5472 est
3266 5421 3499 5470 utceterum
3524 5412 3670 5463 constiti

2321 5479 2531 5542 antiquis
2548 5482 2898 5533 animomenti.
2929 5491 2985 5533 ιι.

2384 5542 2404 5572 ⁸
2426 5548 2533 5591 1.0V.
2548 5558 2559 5591 :
2575 5542 2792 5607 {misquis
2803 5543 2996 5607 judicia
3018 5542 3187 5607 certius
3206 5554 3417 5607 καινέτω

2320 5606 2396 5669 tra
2431 5616 2532 5652 esse
2567 5600 2819 5667 imigititef
2846 5604 3129 5669 ﬁniendum.
3168 5602 3249 5669 (Pii.

2319 5668 2585 5729 temporum
2608 5660 2827 5729 notarum
2846 5660 3144 5729 irwnifestuut
3170 5660 3191 5715 Ξ
3211 5660 3439 5728 sill-tidem.
3462 5666 3542 5707 ειε-
3560 5660 3612 5729 ΞΡ

2321 5714 2500 5773 edition
2510 5738 2562 5773 es
2585 5724 2707 5784 alia",
2730 5714 2819 5789 nisi
2835 5714 3118 5789 (modium:th
3132 5736 3245 5789 Am“
3260 5714 3451 5789 nataturi-tr

2319 5789 2414 5851 in.
2440 5792 2655 5851 notarum
2691 5775 2989 5851 numquam
3021 5787 3094 5838 sit.
3118 5788 3207 5836 sed
3228 5775 3405 5849 imm
3422 5788 3512 5829 uss.
3533 5775 3683 5826 let-UH

2322 5844 2416 5893 huc
2440 5848 2780 5897 revocavimus.

3647 4623 3708 4678 .ll

3643 4715 3704 4768 de:

3643 4814 3676 4854 Isi

3652 4908 3693 4948 cr

3674 5013 3768 5091 ’Ἴ

3663 5091 3768 5503 Si

3625 5503 3763 6303 [ιτσῖ

3625 5587 3661 5635 br

3625 5715 3635 5757 ί
3659 5718 3691 5752 tu
3706 5724 3715 5743 κ

3625 5784 3646 5815 ο
3661 5779 3683 5826 ‘i
