3822 6414
0 511 244 845 Ε

154 660 244 759 ἐτ

4 845 258 1038 E1“.

32 1038 319 1153 Et

64 1153 270 1296 β

58 1487 250 1770 Ε

56 1770 244 2016 E:

144 564 557 638 Quammibilne
581 573 743 621 caVes
767 563 900 634 pede
913 559 1284 634 plenoversum
1299 556 1617 614 terminare?

154 660 334 716 terum
372 658 534 713 dicis.
550 666 605 713 et
624 656 716 713 ubi
737 655 933 729 luerim.
956 652 1152 709 nescio.
1183 651 1314 720 Quis
1336 650 1478 704 cutim
1511 662 1615 703 non

161 736 244 808 iet
263 749 400 805 sicut
424 749 480 804 in
496 747 717 803 heroico
734 743 1120 801 esordiendum
1135 756 1252 797 esse
1267 756 1296 795 a
1313 736 1619 809 semipede?

150 842 307 897 adcum
318 841 371 895 iu
382 839 487 895 hoc
499 853 699 910 genere
714 837 791 900 lit,
805 852 911 891 non
923 836 1030 903 jam
1044 832 1251 899 iambis,
1263 830 1355 888 sed
1373 829 1619 886 trochaeis

193 952 255 992 ιιι
282 935 559 997 metimur,
606 940 664 987 ut
695 944 818 986 eum
844 927 1078 999 legitime
1113 926 1344 995 semipes
1382 921 1610 978 claudat.

141 1016 214 1087 Β.
237 1024 306 1080 ﬂ.
331 1025 405 1080 Ita
449 1032 536 1080 est
568 1032 627 1077 ut
651 1021 786 1077 dicis
815 1037 832 1075 :
863 1018 961 1075 sed
1007 1017 1128 1073 vide
1155 1015 1280 1087 quid
1305 1014 1398 1071 tibi
1423 1013 1491 1069 de
1515 1012 1618 1068 hoc

165 1116 466 1184 pudendum
506 1124 695 1184 putes,
745 1126 902 1182 quem
943 1107 1347 1179 asclepiadaeum
1379 1110 1608 1168 vocant,

155 1193 297 1269 ius
321 1205 479 1259 atavis
496 1202 634 1258 edite
655 1202 854 1273 regibus
882 1197 1095 1270 (Horat.
1130 1196 1219 1252 lib.
1247 1196 1275 1250 ι
1301 1193 1612 1259 Carmintmt,

174 1299 238 1367 vl).
256 1295 379 1351 Nam
404 1308 529 1364 pars
552 1292 807 1348 orationis
825 1291 877 1345 in
898 1298 1047 1346 sexta
1063 1288 1262 1360 syllaba
1279 1284 1614 1345 terminatur,

212 1390 620 1451 tineonstanter,
650 1383 745 1440 sed
792 1383 845 1438 in
874 1382 1119 1437 erunibus
1147 1380 1255 1434 fere
1281 1378 1435 1444 hujus
1453 1389 1613 1445 gene-

162 1478 390 1537 ltttsibus.
420 1476 601 1547 Itaque
615 1475 732 1546 ejus
752 1474 976 1545 primum
1004 1480 1089 1528 est
1124 1470 1441 1533 membrum,
1482 1465 1615 1520 Mat-

189 1588 209 1627 ι
239 1571 388 1625 atavis
409 1585 432 1624 :
453 1567 771 1630 secundum,
819 1566 949 1621 edite
973 1562 1193 1635 regibus,
1221 1561 1359 1631 quod
1387 1571 1617 1630 quanam

143 1662 249 1730 lae
270 1661 358 1717 ﬁat
379 1660 614 1716 dubitari
656 1666 848 1730 potest.
879 1656 935 1714 Si
975 1656 1116 1712 enim
1162 1651 1397 1708 metiaris
1434 1652 1485 1705 in
1514 1649 1618 1706 hoc

143 1746 214 1825 β
254 1763 632 1825 quaternorum
681 1762 1012 1819 temporum,
1068 1755 1225 1803 erunt
1278 1744 1511 1816 qttinque
1561 1742 1617 1797 in

180 1860 241 1907 lc.
260 1847 311 1900 ia
337 1843 643 1917 posteriore
668 1850 844 1897 autem
875 1837 1114 1894 membro
1133 1843 1359 1906 quatuor
1380 1832 1615 1902 semipe-

145 1932 273 1997 Izles
293 1947 473 1994 autem
498 1944 643 1990 vetat
665 1934 957 1990 membrum
977 1929 1238 2001 posterius
1260 1926 1370 1997 pari
1396 1937 1617 1980 numero

125 2017 284 2097 μω
302 2024 673 2097 semipedum,
704 2038 771 2079 ne
801 2022 957 2091 pleno
993 2020 1124 2091 pede
1150 2033 1337 2074 versus
1362 2017 1618 2071 termine-

123 2113 352 2187 Μαιηι
398 2126 462 2172 ut
491 2116 659 2187 pedes
684 2113 1084 2171 consideremus
1125 2124 1372 2165 senormn
1409 2114 1617 2175 tempo-

202 2224 384 2280 exquo
413 2206 472 2262 ﬁt
499 2216 562 2261 ut
589 2206 883 2261 membrum
903 2212 1186 2270 utrumque
1206 2198 1373 2253 ternis
1390 2197 1619 2266 semipe-

143 2310 203 2357 ιι
222 2308 452 2355 «Instet.
482 2298 615 2353 Nam
644 2310 701 2350 ut
729 2296 934 2365 integro
961 2292 1094 2363 pede
1116 2291 1420 2361 pnecedens
1448 2303 1620 2341 mem-

178 2407 197 2447 ι
214 2394 444 2446 ﬁniatur.
458 2406 490 2443 a
518 2388 727 2443 duabus
746 2385 917 2456 longis
928 2382 1281 2454 incipiendqu
1297 2392 1374 2436 est
1396 2398 1410 2434 :
1425 2377 1620 2433 deinde

43 2470 194 2543 ,Β
228 2482 572 2539 choriambus
599 2495 809 2535 versum
847 2476 1051 2538 dividit,
1086 2482 1143 2528 ut
1183 2479 1437 2543 sequente
1460 2470 1619 2523 etiam

136 2574 488 2630 ιὼοτὶιιιιιιο
535 2571 833 2627 membrum
866 2564 1126 2637 posterius
1154 2562 1448 2623 incboctur,
1480 2559 1623 2613 elau-

226 2679 443 2722 tersum
476 2660 751 2732 semipede
781 2662 832 2714 in
856 2658 1057 2713 duabus
1086 2655 1335 2713 brevibus
1357 2652 1576 2725 syllabis
1601 2667 1618 2705 :

142 2761 277 2818 enini
305 2767 556 2828 tetnpora
594 2770 715 2811 cum
759 2751 996 2824 spondeo
1029 2749 1081 2805 in
1109 2748 1281 2817 capite
1306 2746 1495 2806 locato,
1521 2746 1623 2799 im-

101 2836 180 2918 Η
202 2867 302 2909 se!
331 2861 643 2918 temporum
676 2845 880 2916 pedem.
917 2841 1027 2897 Nisi
1054 2840 1177 2911 quid
1206 2838 1369 2892 habes
1388 2837 1455 2890 ad
1486 2836 1620 2891 haec.

105 2926 267 3003 iﬁbil
294 2956 551 3013 prorsus.
582 2936 660 2993 Μ.
694 2937 869 2992 Placet
915 2948 1062 3002 ergo,
1088 2930 1304 2986 totidem
1334 2926 1625 2997 semipedi—

97 3019 427 3099 hentmare
453 3040 741 3099 utrumque
786 3026 1100 3081 membrum.
1148 3022 1216 3077 ι).
1243 3022 1353 3077 Cur
1375 3037 1477 3075 nun
1514 3019 1627 3088 pla-

89 3099 191 3183 in!
228 3124 421 3193 Reque
447 3123 595 3178 enim
648 3117 926 3173 metuenda
952 3125 1034 3170 est
1078 3114 1163 3169 ltic
1201 3114 1287 3169 illa
1322 3114 1621 3179 conversio,

112 3219 353 3288 iapnsito
386 3213 690 3283 posteriore
733 3209 971 3265 membro
999 3206 1049 3261 in
1098 3203 1443 3275 praecedentis
1484 3203 1622 3268 loco,

91 3302 346 3375 iutqnod
372 3314 460 3360 est
486 3303 736 3373 primutn,
764 3295 1053 3354 secundum
1083 3295 1191 3355 ﬂat,
1212 3311 1314 3349 non
1335 3293 1520 3348 eadem
1541 3292 1623 3348 lex

129 3398 492 3470 Iebitpetlum
537 3394 872 3463 Quapropter
899 3387 1037 3443 nul’a
1063 3400 1219 3441 causa
1245 3394 1343 3447 est,
1369 3400 1467 3440 cur
1487 3385 1626 3438 idem

63 3479 381 3550 bipedem
408 3499 668 3543 numerus
696 3483 746 3536 in
759 3480 862 3535 hoc
879 3494 1072 3550 genere
1098 3479 1348 3533 membris
1373 3485 1623 3547 negetur;

85 3592 185 3637 tam
211 3581 327 3635 sine
348 3579 448 3634 uno
477 3574 847 3633 conversionis
886 3571 1017 3626 vitio
1045 3570 1279 3638 parilitas
1312 3570 1411 3625 ista
1462 3567 1628 3638 possit

97 3674 240 3730 att-ri.
262 3672 376 3727 ﬁnis
396 3673 557 3727 etiam
586 3665 886 3738 insigniuris
911 3665 1024 3734 lege
1049 3673 1274 3719 servata.
1302 3676 1421 3715 eum
1444 3673 1630 3715 versus

73 3778 154 3823 an
182 3766 335 3835 pleno
362 3764 501 3834 pede
526 3759 861 3825 terminatur,
890 3754 1030 3827 quod
1057 3752 1485 3809 constantissime
1508 3764 1626 3806 ser-

69 3855 448 3912 Wes“.

75 3930 271 4010 Mf
298 3944 493 4001 Vll.—
519 3940 778 4010 Quomodo
793 3935 1100 4007 semipedum
1123 3933 1420 4006 imparilitas
1444 3930 1497 3985 in
1516 3945 1630 3985 aer-

114 4054 261 4098 IIIII
298 4035 542 4093 membris
568 4034 637 4088 ad
664 4030 968 4104 parilitatem
996 4028 1259 4097 referatur.
1290 4024 1631 4081 Conciliantur

179 4130 335 4185 lbra
374 4126 689 4197 semipedum
723 4132 939 4194 quatuor
966 4128 1011 4173 et
1038 4119 1210 4172 trium.
1235 4114 1462 4171 Membra
1483 4112 1632 4169 senti-

103 4213 297 4289 μιν
320 4216 544 4289 quinque
561 4220 609 4267 et
629 4213 800 4266 trium.

119 4298 204 4369 Β.
240 4309 319 4365 Ι.
355 4308 491 4363 Item
522 4307 690 4376 ipsam
717 4301 935 4358 omnino
952 4298 1124 4354 vidisti
1157 4314 1170 4351 :
1201 4310 1363 4367 quare
1372 4294 1480 4365 jam
1497 4307 1630 4364 quo-

115 4390 195 4467 β
230 4398 501 4467 eotnperit
533 4398 669 4450 ratio
689 4406 934 4448 versuum
954 4404 1075 4445 esse
1095 4389 1201 4444 dno
1222 4402 1267 4456 gi
1290 4401 1415 4440 nera
1434 4426 1449 4445 ,
1469 4398 1630 4437 unum

168 4496 241 4551 ian
256 4491 403 4545 idem
424 4500 681 4542 numerus
705 4482 1031 4551 semipedum
1051 4521 1067 4546 ,
1097 4479 1236 4532 aliud
1261 4478 1312 4532 in
1333 4491 1437 4546 quo
1454 4476 1633 4544 dispar

103 4551 408 4646 illuseris
443 4580 555 4639 sit;
594 4577 871 4646 diligenter
895 4572 1321 4631 consideremus,
1351 4569 1394 4623 si
1422 4569 1595 4638 placet
1612 4606 1629 4633 ,

266 4690 284 4729 ι
330 4672 495 4728 modo
538 4670 637 4724 ista
677 4665 988 4737 imparilitas
1009 4656 1333 4731 semipedum
1360 4660 1425 4714 ad
1444 4674 1632 4730 qnam-

119 4750 189 4839 ᾘ
204 4767 524 4839 parilitatem
547 4761 828 4822 referatur,
852 4757 1160 4813 obscuriore
1176 4754 1521 4824 aliquantum,
1538 4750 1633 4807 sed

165 4859 241 4915 ε’
271 4857 622 4914 subtilissima
660 4852 863 4907 ratione
902 4862 1266 4904 numerorum.
1307 4844 1636 4916 Namquaéro

119 4937 240 5018 Ib,
271 4967 394 5007 cum
420 4948 528 5004 duo
553 4955 608 5000 et
637 4945 734 4999 tria
763 4942 937 4998 dicam
962 4982 978 5007 ,
1007 4948 1137 5012 quot
1162 4953 1411 4993 numeros
1437 4937 1631 4994 dicam'

176 5038 309 5100 Dens
345 5040 569 5097 scilicet.
618 5036 695 5091 Μ.
739 5035 879 5104 Ergo
897 5043 949 5089 et
974 5032 1079 5086 duo
1100 5045 1266 5096 unus,
1295 5039 1348 5084 et
1376 5030 1470 5084 tria
1497 5043 1635 5085 unus

189 5149 476 5197 “uterus;
518 5141 576 5186 et
619 5100 910 5199 quemlibet
933 5124 1096 5180 alium
1122 5123 1427 5178 dixerimus.
1459 5120 1528 5175 D.
1562 5120 1635 5176 Ita

182 5223 259 5283 Ι.
277 5223 469 5281 Nonne
499 5220 591 5277 tibi
618 5235 683 5276 ex
712 5221 813 5273 hoc
839 5215 1046 5271 videtur
1070 5229 1229 5268 unum
1254 5229 1371 5269 cum
1401 5213 1637 5285 quolibet

119 5296 279 5379 iero
306 5331 417 5372 non
444 5310 676 5369 absurde
704 5324 860 5379 posse
886 5304 1440 5375 conferri?Siquidem
1472 5318 1635 5358 tutum

119 5387 175 5473 ill
205 5420 323 5465 ease
377 5421 484 5462 non
538 5415 814 5473 pOsscmus
854 5398 1076 5463 dicere;
1121 5397 1226 5451 duo
1263 5404 1435 5451 autetn
1474 5409 1634 5451 unum

101 5493 177 5565 in
224 5496 625 5575 quodammodo
669 5512 685 5548 :
729 5503 785 5549 et
820 5494 943 5546 item
982 5493 1083 5547 tria
1126 5499 1181 5546 ct
1213 5501 1436 5560 quatuor
1472 5503 1634 5544 unum

139 5610 177 5657 ι
194 5635 213 5661 .
237 5608 347 5650 non
371 5590 511 5647 falso
538 5585 643 5643 dici
670 5593 862 5656 potest.
883 5580 952 5635 D.
981 5580 1274 5636 Assentinr.
1308 5578 1384 5633 Μ.
1410 5577 1637 5633 Attende

79 5657 204 5748 ὓ
220 5702 239 5743 :
258 5686 354 5744 die
370 5680 529 5748 mibi,
550 5678 660 5735 duo
681 5687 761 5733 ter
778 5676 955 5745 ducta,
976 5671 1100 5744 quid
1120 5671 1314 5727 faciunt
1331 5671 1381 5725 in
1398 5669 1637 5725 summa?

52 2032 59 2065 ἱ

29 3952 179 4175 Ε

31 4175 208 4350 Ε

35 4350 208 4531 Ε

39 4531 160 4624 I‘

41 5360 205 5529 Ε

14 5803 131 5867 id
142 5819 452 5874 scendum
464 5825 571 5866 esse
584 5808 842 5877 perplacet,
862 5809 1182 5873 juxtaomnes
1199 5803 1310 5855 add.
1337 5808 1389 5855 et
1408 5808 1492 5855 ns.
1504 5811 1557 5853 Α.
1574 5808 1635 5857 ι.

0 5873 351 6316 iam
370 5881 516 5946 juxta
539 5873 686 5929 vatio;
748 5878 806 5925 ιι.

1444 452 1647 520 LIBER
1681 458 1999 530 QUINTUS.

1727 470 1999 525 UINTUS.
3159 470 3302 535 ιιδι

1726 554 1795 609 D.
1843 557 1967 612 Sex.
2016 555 2094 612 Μ.
2132 553 2269 613 Num
2309 573 2404 616 sex
2427 568 2483 619 et
2507 556 2608 618 tria
2631 561 2847 619 totidem
2870 567 3030 623 sunt?
3051 565 3120 622 υ.
3142 566 3302 625 Nullo

1723 649 1903 705 modo.
1948 647 2026 703 Η.
2058 649 2210 707 Nunc
2240 653 2336 708 tria
2356 665 2543 722 quater
2560 655 2725 712 ducas
2742 658 2919 726 velim,
2936 674 3302 733 summamque

1722 739 2065 810 respondeas.
2109 740 2178 796 D.
2224 742 2527 801 Duodecim.
2579 747 2655 801 Η.
2685 747 2845 805 Vides
2872 751 2997 806 item
3020 751 3301 809 duodecim

1722 830 1902 900 plures
1928 846 2050 888 esse
2074 848 2232 903 quam
2256 842 2501 903 quatuor.
2522 836 2592 891 D.
2622 838 2688 894 Et
2712 840 2869 912 longe
2892 856 3041 897 sane.
3074 841 3151 898 Η.
3181 842 3301 900 iam

1724 935 1796 977 ne
1839 922 2092 978 immorer
2131 924 2186 989 ι,
2235 924 2437 995 ﬁgenda
2482 929 2660 997 regula
2709 938 2793 985 cst
2843 949 2858 983 :
2907 933 2948 986 A
2976 929 3304 1000 duobus,“

1722 1008 1974 1081 deinceps
1997 1012 2266 1082 quoslibet
2293 1029 2545 1069 numeros
2568 1016 2702 1072 duos
2729 1019 3098 1087 constitueris,
3122 1022 3301 1078 ntinor

1723 1114 1820 1169 per
1868 1100 2126 1171 majorem
2168 1102 2547 1174 multiplicatus
2573 1146 2588 1167 .
2631 1122 2753 1162 eum
2799 1109 3029 1166 excedat
3075 1127 3297 1170 necesse

1723 1200 1823 1246 est.
1855 1190 1924 1246 D.
1951 1193 2083 1261 Quis
2098 1193 2200 1249 ltoc
2222 1194 2583 1252 dubitaverit?
2610 1198 2746 1265 Quid
2768 1202 2910 1257 enim
2940 1213 3047 1258 tam
3073 1220 3294 1275 parvum

1730 1283 1784 1338 in
1816 1284 2003 1355 plurali
2034 1300 2257 1341 numero
2286 1302 2444 1358 quam
2464 1286 2606 1343 duo?
2630 1302 2789 1359 quem
2816 1300 2991 1349 tamen
3020 1309 3300 1353 numerum

1723 1374 1768 1429 si
1808 1375 2004 1430 millies
2047 1376 2282 1441 duxero,
2319 1379 2389 1433 ita
2409 1380 2630 1435 excedet
2651 1381 2825 1445 mille,
2865 1394 2918 1438 ut
2945 1384 3161 1456 duplnnt
3192 1391 3302 1445 llat.

1723 1465 1804 1521 Μ.
1844 1467 2039 1524 Verum
2078 1469 2211 1525 dicis
2260 1488 2274 1524 :
2321 1471 2415 1526 sed
2444 1473 2707 1530 constitue
2732 1489 2917 1539 unum.
2946 1485 2999 1532 et
3019 1479 3306 1548 quemlibet

1721 1558 1916 1615 deinde
1950 1560 2207 1630 majorem
2233 1578 2535 1629 numerum,
2565 1573 2619 1620 et
2646 1566 3093 1636 quemadmodum
3124 1570 3179 1625 in
3204 1571 3306 1629 illis

1725 1647 2083 1714 facicltamus,
2130 1654 2389 1709 minorem
2430 1669 2526 1724 per
2548 1657 2805 1724 majorem
2834 1658 3120 1728 multiplica
3140 1702 3156 1725 ,
3181 1676 3309 1719 num

1722 1739 1909 1795 eodem
1959 1740 2118 1796 modo
2155 1743 2324 1813 tnajor
2347 1745 2722 1813 superabitur?
2763 1745 2833 1800 D.
2862 1746 2977 1803 Non
3005 1751 3188 1819 plane,
3215 1751 3310 1808 sed

1723 1829 1911 1898 majori
1938 1831 2109 1886 minor
2125 1834 2437 1903 mquabitur.
2467 1834 2596 1889 Nam
2625 1852 2786 1891 unum
2807 1837 2909 1904 bis,
2941 1838 3067 1899 duo:
3082 1850 3136 1895 et
3149 1857 3309 1897 unum

1721 1918 1920 1983 decies.
1937 1921 2145 1984 decem;
2163 1933 2217 1979 et
2236 1941 2397 1979 unum
2420 1927 2629 1991 millies.
2656 1929 2800 1983 mille
2820 1946 2834 1991 ;
2852 1940 2901 1984 et
2918 1945 3013 1999 per
3023 1933 3313 2001 quemlibet

1722 2011 1881 2067 alimn
1902 2029 2177 2068 numerum
2198 2016 2630 2088 multiplicavero,
2648 2034 2697 2072 ιιι
2719 2033 2807 2074 um
2830 2035 3047 2078 net-esse
3065 2031 3315 2096 estmque

1728 2111 1835 2158 tur.
1866 2104 1944 2158 Μ.
1973 2105 2142 2163 [labet
2182 2122 2310 2173 ergo
2355 2125 2517 2163 unum
2559 2124 2679 2165 cum
2713 2113 2924 2167 ceteris
2971 2116 3205 2171 numeris
3224 2119 3314 2186 jus

1722 2193 1985 2262 quoddam
2026 2197 2368 2266 :rqualitatis;
2411 2214 2513 2254 non
2553 2201 2711 2255 modo
2757 2201 2897 2271 quod
2947 2204 3312 2278 quicumque‘

1724 2306 1974 2345 numerus
1992 2300 2096 2357 est,
2123 2292 2217 2347 sed
2236 2294 2396 2349 etiam
2420 2294 2560 2363 quod
2586 2295 2741 2353 toties
2766 2296 2956 2354 ductus
2983 2301 3310 2358 tantumdem

1728 2380 1874 2437 facit.
1906 2381 1975 2437 D.
2009 2384 2494 2443 Manifestissimum
2519 2398 2621 2445 est.

1796 2473 1884 2528 14.
1935 2472 2015 2527 Μ.
2064 2478 2174 2546 Age
2219 2491 2389 2544 nunc,
2427 2477 2573 2534 refer
2622 2481 2859 2537 animum
2887 2483 2954 2538 ad
2978 2484 3307 2556 semipedum

1726 2577 1978 2619 numeros
1996 2605 2011 2627 ,
2038 2565 2228 2635 quibus
2255 2567 2307 2622 iu
2328 2583 2481 2623 versu
2510 2568 2641 2625 (lunt
2671 2574 2907 2644 membra
2931 2574 3229 2642 inaequalia,
3252 2585 3310 2633 et

1727 2655 1914 2709 miram
1955 2657 2237 2727 quamdam
2266 2661 2623 2730 a'qualitatem
2655 2663 2751 2719 ista
2782 2681 2940 2736 quam
2969 2668 3310 2726 tractavimus

1728 2747 1933 2802 ratione
1975 2750 2228 2817 reperies.
2276 2749 2441 2818 Nam,
2484 2761 2542 2808 ut
2584 2754 2804 2824 opinor,
2849 2772 3036 2814 versus
3055 2759 3310 2817 minimus

1729 2840 1973 2909 inmquali
1999 2843 2327 2911 semipedum
2355 2861 2577 2901 numero
2603 2847 2654 2901 in
2684 2849 2939 2904 membris
2963 2861 3041 2907 est
3071 2850 3297 2919 duobus,

1731 2930 1932 2987 habens
1956 2933 2255 3002 semipedes
2283 2946 2512 3006 quatuor
2537 2946 2593 2993 et
2617 2948 2724 2993 tres
2744 2981 2760 3005 ,
2789 2950 2846 2993 ut
2874 2941 2926 2995 in
2955 2941 3055 2998 ltoc
3072 2984 3087 3005 .
3115 2941 3313 3013 Hospes

1729 3022 1816 3077 ille
1857 3040 2004 3093 quem
2047 3025 2186 3080 vides
2214 3044 2234 3091 ;
2261 3028 2415 3097 cujus
2442 3030 2665 3097 pritttttm
2696 3032 2993 3088 membrum
3020 3034 3161 3104 quod
3190 3043 3307 3102 est,

1733 3115 1932 3187 Hospes
1975 3118 2090 3183 ille,
2135 3121 2304 3175 secari
2356 3122 2630 3193 aequaliter
2671 3132 2847 3193 potest
2883 3125 2936 3179 iu
2979 3125 3114 3182 duas
3140 3136 3314 3196 partes

1732 3206 1975 3263 binorum
2018 3210 2348 3281 semipedum
2400 3230 2413 3265 :
2456 3214 2746 3269 secundtnn
2792 3226 2971 3272 autem
3018 3218 3158 3288 quod
3192 3228 3311 3287 est,

1729 3315 1873 3367 quem
1894 3300 2059 3363 vides,
2086 3302 2157 3355 ita
2185 3301 2465 3368 diriditnr,
2497 3314 2555 3359 ut
2584 3321 2684 3359 una
2708 3320 2837 3377 pars
2863 3306 2996 3361 duos
3014 3307 3315 3378 semipedes

1732 3391 1957 3460 habent,
1980 3395 2145 3449 altera
2177 3410 2370 3458 unum;
2400 3395 2544 3465 quod
2575 3397 2645 3451 ita
2674 3405 2785 3459 est,
2818 3398 2970 3468 quasi
2998 3398 3105 3454 duo
3131 3407 3188 3455 ct
3208 3399 3318 3456 duo

1732 3484 1838 3540 sint
1856 3525 1871 3547 ,
1898 3485 2019 3553 jme
2042 3485 2134 3540 illo
2159 3486 2475 3555 :equalitatis
2492 3530 2508 3554 ,
2539 3488 2740 3563 dequo
2758 3489 2890 3545 satis
2911 3492 3147 3562 egimus,
3173 3493 3317 3564 quod

1734 3575 1891 3631 habet
1914 3591 2075 3631 unum
2094 3591 2216 3631 cum
2245 3579 2495 3634 omnibus
2525 3583 2777 3636 numeris.
2811 3582 2887 3637 Ex
2913 3598 3023 3651 quo
3052 3586 3107 3640 tit
3134 3595 3192 3640 ut
3218 3585 3317 3643 ista

1733 3665 1991 3724 divisione
2020 3677 2225 3723 tantum
2251 3670 2320 3724 sit
2339 3670 2732 3740 quodammodo
2750 3675 2997 3744 superius
3024 3677 3318 3735 membrum

1733 3767 1985 3826 quantum
2021 3758 2301 3826 posterius.
2327 3759 2508 3831 Itaque
2529 3761 2615 3816 tibi
2637 3762 2828 3818 fuerint
2849 3775 3076 3835 quatuor
3090 3778 3143 3822 et
3162 3769 3320 3838 quin-

1733 3865 1835 3920 que
1878 3850 2208 3920 semipedes,
2257 3852 2393 3907 sicut
2432 3853 2533 3909 lmc
2571 3865 2688 3922 est,
2716 3853 2915 3922 Roma,
2947 3856 3143 3922 Roma,
3173 3876 3321 3916 cerne

1732 3950 1920 4009 quanta
1967 3942 2067 4006 sit;
2118 3957 2222 3997 non
2270 3944 2340 3997 ita
2376 3944 2664 4014 probatur,
2698 3958 2749 4001 et
2786 3956 3062 4017 propterea
3090 3961 3316 4007 metrum

1733 4030 1835 4085 erit
1888 4032 2059 4099 potius
2104 4048 2262 4103 quam
2315 4050 2531 4100 versus,
2574 4035 2694 4105 quia
2724 4038 2790 4091 ita
2816 4048 2943 4093 sunt
2969 4040 3202 4096 membra
3231 4042 3315 4098 in-

1732 4121 1953 4190 aequalia
1975 4130 2031 4176 ιιι
2048 4122 2113 4175 atl
2141 4122 2336 4177 nullam
2365 4125 2674 4194 a-qnalitatis
2699 4126 2867 4196 legem
2892 4129 3125 4185 sectione
3144 4130 3318 4202 aliqua

1735 4212 1937 4282 possint
1980 4213 2185 4267 referri.
2220 4214 2408 4270 Cernis
2434 4216 2659 4286 quippe.
2695 4226 2750 4272 ιιι
2775 4219 2996 4289 opinor,
3028 4223 3318 4292 superioris

1734 4304 1957 4359 membri
1994 4315 2223 4374 quatuor
2263 4307 2592 4377 semipedes,
2628 4309 2817 4375 Roma,
2854 4312 3046 4381 Roma,
3078 4316 3130 4369 in
3161 4315 3316 4375 binos

1737 4407 1895 4463 posse
1926 4392 2199 4450 discedere
2218 4395 2241 4427 ³
2285 4414 2299 4451 :
2330 4398 2563 4470 quinque
2587 4410 2763 4455 autem
2794 4404 3147 4473 posteriores,
3172 4421 3320 4463 cerne

1735 4496 1924 4563 quanta
1944 4486 2040 4551 sit,
2072 4487 2124 4541 in
2151 4486 2289 4543 duos
2314 4497 2369 4543 et
2387 4497 2496 4545 tres
2524 4491 2823 4561 semipedes
2842 4493 3038 4559 dividi;
3060 4496 3147 4552 ubi
3170 4498 3318 4555 nullo

1731 4575 1852 4647 jure
1898 4587 2115 4646 apparet
2161 4579 2450 4648 aqu-ditas.
2495 4580 2675 4649 Neque
2712 4582 2854 4637 enim
2890 4595 3109 4654 possunt
3139 4588 3318 4660 aliquo

1737 4664 1896 4720 modo
1926 4675 2126 4721 tantum
2157 4669 2331 4724 valere
2354 4670 2589 4740 quinque
2615 4671 2914 4742 semipedes
2942 4685 3158 4746 propter
3182 4677 3318 4737 duos

1736 4765 1794 4811 et
1838 4765 1978 4822 tres,
2020 4767 2277 4827 quantum
2314 4768 2541 4829 quatuor
2580 4761 2791 4829 valent;
2816 4764 3084 4833 quomodo
3110 4769 3317 4826 invenl-

1738 4862 1859 4902 mus
1882 4848 2125 4917 superius
2151 4849 2202 4903 in
2228 4850 2468 4907 breviore
2497 4866 2656 4908 versu
2678 4861 2879 4910 tantum
2906 4856 3084 4914 valere
3103 4867 3211 4917 tres
3228 4876 3317 4919 se-

1738 4937 1978 5008 mipedes
2010 4950 2226 5009 propter
2259 4956 2419 4995 unum
2447 4951 2500 4997 et
2528 4941 2667 5008 duo,
2688 4954 2945 5014 quantum
2968 4959 3204 5019 quatuor
3228 4967 3321 5008 va-

1739 5027 1867 5082 lent.
1915 5029 1996 5084 An
2042 5029 2239 5099 aliquid
2285 5045 2391 5086 non
2433 5046 2493 5087 es
2518 5045 2826 5102 assecutus,
2855 5046 2951 5093 aut
2976 5040 3329 5111 nonplaeet?

1737 5117 1807 5173 D.
1835 5118 1947 5174 bno
1972 5134 2099 5174 vero
2119 5129 2174 5176 et
2194 5120 2472 5178 nianil'esta
2495 5125 2672 5180 omnia
2700 5134 2754 5181 et
2777 5135 2890 5182 rata
2914 5139 3060 5186 sunt.

1810 5210 1900 5266 15.
1934 5209 2011 5264 Μ.
2045 5212 2189 5282 Age,
2235 5227 2375 5267 nunc
2415 5214 2648 5286 quinque
2668 5225 2851 5272 ettres
2877 5222 3176 5291 semipedes
3192 5237 3322 5280 con-

1738 5298 2070 5363 sideremus,
2115 5301 2289 5371 qualis
2329 5310 2413 5358 est
2453 5302 2545 5361 ille
2586 5306 2907 5373 versiculus,
2955 5309 3203 5365 Phacelina
3233 5310 3321 5365 ille

1738 5406 1885 5462 quem
1933 5391 2065 5447 rides
2102 5406 2117 5444 :
2163 5403 2217 5448 et
2244 5391 2522 5450 videamus
2559 5396 2825 5466 quomodo
2854 5398 2952 5454 ista
2997 5398 3318 5467 ina-qualitas

1738 5482 1920 5553 aliquo
1947 5484 2267 5555 tta-qualitatis
2287 5485 2410 5556 jure
2445 5498 2688 5546 teneatur
2714 5506 2730 5544 :
2758 5489 3005 5545 namhoc
3021 5503 3185 5561 genus
3208 5503 3315 5544 non

1738 5573 1911 5629 solum
1951 5584 2215 5641 metrum,
2258 5575 2353 5631 sed
2384 5577 2543 5633 etiam
2573 5594 2780 5636 versum
2801 5592 2949 5641 esse,
2970 5592 3155 5633 omnes
3180 5591 3315 5634 con-

1802 5682 1819 5715 ⁸
1844 5688 2014 5756 Locum
2035 5683 2163 5754 hunc
2183 5686 2481 5737 restimimus
2501 5684 2873 5738 extls..t.sicln
2892 5692 2974 5737 3.:
2996 5683 3224 5750 Rw.
3246 5693 3313 5741 ι.

1739 5752 1875 5805 Sane,
1900 5757 1959 5807 ne
1981 5752 2089 5807 jam
2109 5752 2349 5796 aversarer.
2378 5756 2431 5796 ιι.

1803 5805 2210 5880 iniustorumque,
2231 5808 2368 5880 juxta
2393 5809 2576 5880 ratio.“
2598 5815 2656 5858 ιιι.

1807 5867 1830 5901 ³
1850 5867 2151 5933 Βίεεὶηόενέ,
2172 5867 2312 5937 juita
2335 5870 2479 5922 vatio.
2537 5876 2595 5921 tt.
