3822 6420
582 464 723 528 1159

582 584 906 656 quicumque
926 580 1114 635 horum
1135 581 1339 651 priores
1363 580 1705 650 eligerentur,
1730 580 2032 635 necessario
2051 573 2166 629 aliis

516 666 519 667 ν
585 674 863 731 aul‘errent
892 676 1090 733 locum.
1121 674 1211 743 qui
1258 674 1509 729 membris
1540 673 1726 728 iisdem
1774 676 2165 745 pta-posteratis

583 768 696 823 ﬁeri
723 776 955 837 possent.
994 766 1250 832 Quocirca
1276 768 1320 821 si
1358 769 1547 823 melior
1571 769 1836 837 judicatus
1876 770 2168 839 cst,cujus

581 857 884 927 exemplum
902 868 1004 915 est.
1037 858 1188 911 Arma
1217 859 1476 930 virumque
1497 877 1640 922 cano,
1670 859 1840 931 Troja:
1861 861 1948 930 qm‘
1974 863 2168 932 primus

580 951 643 1005 ab
659 953 793 1013 oris;
813 951 988 1015 inepte
1001 949 1108 1017 jam
1133 950 1276 1004 lieret
1300 950 1403 1004 isto
1431 966 1687 1005 eonverso
1713 952 1851 1005 aliud
1880 967 2066 1022 genus,
2090 952 2166 1008 si-

580 1043 687 1096 ciili
717 1052 817 1101 esu
839 1040 1007 1112 Trojre
1024 1043 1109 1107 qui
1132 1042 1323 1109 primus
1344 1043 1407 1095 ob
1435 1043 1553 1104 oris,
1569 1060 1712 1096 arma
1730 1045 1989 1112 virumque
2016 1060 2163 1099 cono.

578 1132 729 1199 Qttod
746 1132 903 1186 etiam
920 1133 985 1185 de
1001 1133 1268 1185 trochaica
1286 1148 1481 1201 genere
1503 1132 1894 1198 intelligendum
1916 1146 1992 1189 est
2005 1175 2017 1187 .
2035 1134 2163 1189 Nam

578 1227 621 1281 si
648 1236 733 1281 est
759 1226 1052 1289 ltoueszior,
1086 1224 1271 1278 Beatus
1300 1222 1389 1278 ille
1419 1224 1507 1294 qui
1548 1225 1726 1295 procul
1748 1226 1945 1296 negotio
1972 1242 1991 1280 :
2023 1225 2164 1296 quod

576 1332 743 1386 genus
757 1317 856 1370 isto
869 1324 1250 1387 pra-posteram
1266 1314 1436 1381 lieret,
1461 1325 1515 1369 ιιι
1528 1326 1609 1372 cst
1623 1358 1639 1383 ,
1664 1318 1763 1382 Qui
1776 1318 1957 1389 procul
1969 1320 2165 1388 negotio

577 1409 752 1463 beatus
772 1409 878 1467 ille,
907 1407 1018 1460 ﬁeri
1046 1406 1282 1473 proferto
1313 1424 1416 1461 non
1446 1419 1655 1476 oportet
1685 1411 1699 1441 ¹
1728 1427 1740 1462 :
1766 1419 1941 1464 tamen
1972 1410 2014 1463 si
2046 1412 2165 1481 quis

576 1502 762 1555 audeat
792 1511 841 1554 et
873 1501 1021 1553 l‘aeiat
1055 1501 1186 1555 tales
1208 1516 1411 1565 versus,
1442 1501 1775 1556 manifestum
1805 1510 1886 1556 est
1909 1520 2027 1557 eum
2058 1504 2163 1558 alia

577 1606 770 1659 genera
817 1592 1148 1646 senariorum
1192 1606 1312 1647 esse
1356 1591 1645 1658 facturum,
1685 1592 1878 1663 quibus
1917 1595 2022 1648 sint
2063 1595 2163 1649 ista

577 1684 821 1738 meliora.

644 1777 736 1832 24.
770 1777 829 1832 lli
860 1793 988 1848 ergo
1031 1779 1359 1833 senariorum
1388 1780 1621 1832 omnium
1652 1780 1995 1851 pulcherrimi
2015 1820 2029 1839 .
2054 1794 2158 1833 non

577 1876 861 1936 potuerunt
886 1868 1042 1920 ambo
1069 1868 1309 1923 obtinere
1333 1868 1694 1924 sinceritatem
1726 1887 1872 1923 sttam
1904 1869 2162 1925 adversus

576 1958 850 2012 hominum
880 1958 1165 2013 licentiam.
1200 1958 1330 2012 Nam
1379 1960 1430 2013 in
1479 1960 1743 2015 trochaiCo
1782 1976 1974 2026 genere
1997 2002 2012 2022 ,
2056 1977 2160 2017 non

538 2036 539 2039 η
574 2064 788 2105 senario
812 2050 949 2109 solo,
973 2049 1064 2103 sed
1093 2048 1231 2104 unde
1258 2051 1431 2104 minus
1461 2052 1641 2120 incipit
1671 2067 1835 2120 usque
1860 2051 1923 2106 ad
1954 2051 2159 2123 magni-

577 2139 811 2195 tudinem
842 2151 1132 2193 extremam
1165 2156 1282 2210 quae
1310 2155 1431 2195 oeto
1459 2141 1619 2209 pedes
1640 2142 1796 2196 liabet
1816 2184 1831 2207 ,
1863 2142 2162 2198 noset-udus

574 2240 745 2302 poetre
786 2240 1101 2300 putaverunt
1144 2242 1373 2301 quatuor
1420 2242 1717 2299 temporum
1748 2234 1909 2302 pedes
1939 2248 2155 2301 omnes,

572 2322 661 2391 qui
684 2320 1005 2375 adhibentur
1023 2322 1091 2375 ad
1121 2337 1371 2377 numeros
1396 2338 1408 2374 :
1435 2332 1487 2376 et
1506 2322 1678 2378 ϐιαιρὶ
1709 2324 1917 2392 quidem
1940 2325 2161 2380 alternis

574 2414 709 2468 locis
729 2411 899 2482 primo
924 2424 978 2467 et
1008 2413 1187 2477 tertio,
1216 2422 1271 2468 et
1301 2414 1367 2467 ita
1397 2414 1650 2483 deinceps
1670 2456 1685 2478 ,
1728 2415 1772 2468 si
1816 2432 1845 2468 a
1886 2416 2160 2485 semipede

570 2521 757 2562 versus
806 2506 1127 2573 incipitzsiu
1176 2506 1242 2560 ab
1286 2504 1493 2575 integro
1535 2508 1801 2573 trochazo,
1831 2507 2065 2563 secundo
2105 2518 2160 2565 et

570 2607 761 2667 quarto
788 2597 938 2662 loco,
966 2604 1123 2666 atque
1168 2597 1236 2649 ita
1280 2596 1533 2665 deinceps
1570 2599 1793 2652 servatis
1833 2598 2156 2666 intervallis,

571 2690 848 2744 memorati
878 2688 1143 2758 longiores
1168 2688 1497 2743 Collocantur
1517 2689 1701 2757 pedes.
1728 2690 1857 2757 Quae
1887 2692 2159 2762 corruptio

570 2790 629 2835 ut
659 2780 950 2835 tolerabilis
979 2780 1129 2835 ﬁeret
1150 2822 1164 2842 ,
1208 2797 1311 2834 non
1344 2781 1580 2851 singulos
1610 2782 1772 2851 pedes
1800 2782 1848 2835 in
1880 2782 2012 2837 duas
2041 2799 2159 2853 par-

572 2882 687 2938 tes,
735 2888 955 2941 quarum
1008 2888 1108 2926 una
1160 2872 1463 2935 levationis,
1507 2875 1670 2927 altera
1722 2875 1993 2943 positionis
2040 2885 2154 2943 est,

478 3008 481 3009 ν
570 2964 870 3035 ριειιιάιειςιιο
894 2965 1219 3029 diviserunt;
1247 2964 1341 3019 sed
1380 2982 1539 3020 unum
1567 2967 1752 3035 pedem
1785 2967 2050 3035 levantes,
2078 2968 2157 3023 al-

571 3065 742 3111 terum
775 3070 1050 3124 ponentes,
1077 3057 1217 3111 unde
1242 3058 1413 3125 ipsum
1448 3057 1715 3113 senarium
1746 3060 2042 3113 trimetrum
2066 3076 2158 3114 vo-

570 3157 720 3211 cant,
748 3149 813 3203 ad
850 3148 1180 3217 epitritorum
1215 3147 1530 3203 divisionem
1576 3150 1812 3217 plausum
1842 3151 2153 3205 retulerunt.

466 3300 474 3308 _
572 3237 678 3294 Sed
708 3237 750 3290 si
780 3236 881 3290 hoc
918 3237 1102 3292 saltem
1144 3248 1449 3291 constanter
1477 3248 1766 3304 teneretur,
1792 3241 2033 3308 quamvis
2060 3254 2155 3309 pe-

570 3329 670 3385 des
693 3328 891 3398 epitriti
920 3330 1085 3399 magis
1113 3330 1367 3383 orationis
1393 3332 1497 3383 sint
1535 3346 1692 3400 quam
1733 3334 1994 3401 poematis
2013 3374 2026 3396 ,
2058 3349 2157 3389 nec

569 3419 679 3488 jam
723 3419 986 3482 senarius,
1026 3419 1118 3473 sed
1149 3421 1413 3473 ternarius
1441 3436 1624 3474 versus
1665 3422 2020 3489 inveniretur;
2050 3441 2154 3479 non

574 3519 751 3565 tamen
772 3510 1077 3566 omnimodo
1094 3511 1182 3565 illa
1207 3528 1238 3566 n
1263 3528 1546 3567 intererunt
1564 3514 1971 3571 labefactaretur
1989 3520 2165 3587 :equa‘

574 3601 715 3656 litas.
743 3601 891 3656 Nunc
920 3616 1047 3657 vero
1073 3614 1301 3674 quatuor
1327 3613 1623 3675 temporum
1655 3607 1836 3678 pedes,
1868 3609 2155 3666 dummodo

574 3694 628 3748 in
654 3693 788 3749 locis
818 3695 1127 3749 memoratis
1158 3705 1438 3763 ponantur,
1470 3698 1593 3753 licet
1618 3715 1720 3754 non
1751 3701 1920 3755 solum
1952 3701 2004 3755 in
2033 3718 2154 3757 om-

572 3784 730 3839 nibus
767 3799 1001 3856 pouere,
1028 3785 1120 3841 sed
1152 3786 1240 3840 ubi
1268 3787 1395 3843 libet
1424 3803 1637 3855 eorum,
1672 3799 1727 3845 et
1765 3793 1972 3860 quoties
2008 3792 2150 3847 libet.

572 3877 749 3934 Nostri
794 3894 923 3933 vero
959 3888 1189 3945 veteres,
1222 3896 1321 3934 nec
1351 3881 1460 3950 ipsa
1502 3882 1736 3936 locorum
1765 3884 2037 3939 intervalla
2069 3884 2152 3940 in-

572 3969 943 4025 termiscendis
964 3969 1326 4040 hujuscemodi
1352 3973 1590 4042 pedibus.
1615 3990 1826 4030 servare
1849 3986 2148 4045 potuerunt.

570 4060 746 4130 Quare
768 4063 821 4117 in
844 4063 945 4121 hoc
974 4079 1173 4135 genere
1209 4076 1379 4134 poetae
1406 4066 1503 4121 ista
1529 4070 1865 4137 corruptione
1889 4083 2047 4141 atque
2085 4071 2152 4126 li-

570 4155 741 4210 centia
766 4154 921 4225 plane
941 4156 1167 4209 assecuti
1197 4166 1339 4219 sunt,
1359 4157 1498 4225 quod
1524 4173 1619 4214 eos
1638 4160 1866 4215 voluisse
1890 4162 2153 4217 arbitran-

570 4245 694 4303 dum
724 4256 826 4310 est,
858 4255 915 4300 ut
943 4256 1122 4303 essent
1149 4248 1201 4301 in
1229 4248 1418 4304 tabulis
1450 4261 1689 4319 poemata
1715 4252 1899 4307 soluta:
1925 4254 2150 4309 omtioni

569 4337 855 4393 simillima.
883 4335 988 4394 Sed
1012 4339 1262 4409 quoniam
1289 4339 1419 4393 satis
1447 4340 1643 4395 dictum
1674 4352 1754 4397 est
1779 4359 1874 4397 cur
1902 4344 2038 4398 inter
2061 4360 2149 4399 se-

569 4430 748 4486 narios
791 4430 875 4485 isti
904 4444 1089 4485 veisus
1127 4431 1295 4501 magis
1336 4432 1595 4489 nobilitati
1633 4436 1771 4501 sint,
1802 4452 1941 4492 nunc
1969 4438 2149 4493 videa-

569 4537 689 4578 mus
712 4538 811 4579 cur
833 4523 932 4593 ipsi
962 4525 1156 4579 senarii
1187 4525 1438 4582 meliores
1467 4527 1573 4581 sint
1591 4544 1775 4585 versus
1794 4547 1949 4600 quam
1972 4532 2150 4587 cmteri

567 4614 621 4670 in
650 4614 887 4685 quolibet
913 4614 1021 4670 alio
1045 4613 1238 4686 pedum
1268 4633 1493 4673 numero
1536 4620 1830 4674 constituti.
1874 4620 1986 4676 Nisi
2024 4622 2149 4693 quid

567 4706 731 4762 habes
757 4708 1015 4763 adversus
1041 4708 1142 4763 ista
1167 4726 1287 4780 qum
1316 4711 1567 4767 disseras.
1612 4713 1678 4767 ι).
1720 4714 1943 4770 Prorsus
1968 4732 2152 4772 assen-

567 4798 671 4852 tior
695 4815 709 4851 :
732 4810 786 4854 et
799 4802 907 4868 jam
936 4803 1077 4858 illam
1110 4805 1468 4861 membrorum
1518 4808 1869 4874 mqttalilztlem
1891 4852 1906 4874 ,
1935 4810 2019 4865 cui
2064 4825 2149 4865 me

569 4892 979 4948 attentissimum
1020 4897 1180 4965 paulo
1221 4907 1348 4953 ante
1392 4898 1771 4963 reddidisti,si
1803 4902 1883 4957 vel
1909 4918 2048 4957 nunc
2073 4901 2150 4958 las

567 4994 670 5045 est,
702 4998 1027 5053 cognoscere
1056 4991 1401 5045 vehementer
1420 5001 1691 5061 exspecto.

543 5050 794 5145 iCAPU'i
831 5075 1029 5130 Xll.—
1050 5078 1253 5134 Senarii
1280 5097 1449 5137 versus
1489 5050 1578 5136 cur
1615 5084 1729 5139 aliis
1762 5086 2149 5154 praestantiora.

635 5163 726 5220 25.
768 5164 845 5220 Μ.
886 5166 1053 5223 Totos
1089 5184 1216 5239 ergo
1238 5172 1442 5235 adesto,
1471 5185 1630 5244 atque
1660 5178 1941 5247 reaponde,
1975 5186 2148 5234 utrum

568 5256 659 5311 tibi
689 5257 931 5314 videatur
957 5262 1208 5328 quznlibet
1230 5264 1500 5333 longitudo
1516 5280 1673 5334 posse
1692 5268 1741 5320 in
1758 5269 2012 5337 quotlibet
2030 5285 2151 5340 par-

568 5357 649 5405 tes
676 5351 865 5405 secari.
896 5349 967 5405 D.
994 5350 1135 5406 Satis
1171 5353 1297 5406 mihi
1336 5354 1435 5407 ista
1463 5370 1715 5424 persuasa
1741 5368 1897 5413 sunt:
1928 5374 2025 5416 nec
2048 5362 2150 5415 du-

569 5442 726 5498 bitari
752 5460 906 5513 posse
935 5443 1184 5508 arbitror,
1210 5446 1336 5510 qttin
1367 5448 1541 5499 omnis
1571 5447 1840 5516 longitudo
1867 5467 1984 5517 quae
2014 5452 2150 5508 linea

566 5535 780 5601 dicitur,
826 5538 1019 5592 haheat
1060 5538 1329 5592 dimidiam
1360 5540 1438 5591 sui
1471 5550 1671 5607 partem
1692 5542 1733 5603 ',
1760 5558 1822 5594 ac
1851 5558 1942 5610 per
1971 5543 2069 5599 hoc
2099 5547 2152 5602 in

567 5627 700 5685 duas
729 5630 898 5686 lineas
923 5632 1242 5687 decussatim
1270 5632 1437 5686 secari
1461 5641 1649 5702 queat:
1673 5644 1726 5687 et
1747 5635 1868 5703 quia
1891 5636 2017 5706 ipsa:
2034 5637 2153 5693 dum

636 5807 727 5874 ξω
746 5812 1075 5874 βηοροτεενει.
1091 5810 1255 5871 \‘atic.,
1279 5816 1474 5874 oportet.
1498 5817 1554 5859 Μ.

633 5869 655 5902 ⁸
674 5866 1137 5922 Habeut'dt'menswn
1157 5866 1361 5939 partem,
1390 5871 1529 5935 juxta
1553 5874 1695 5926 vatic.
1720 5880 1777 5925 u.

1781 459 1869 518 DE
1911 457 2192 525 MUSICA,
2222 454 2284 515 8.
2322 454 2685 523 AUGUSTINI

2278 498 2284 513 .
2322 498 2685 523 ..υυυωιηι
3622 498 3722 561 mo

2278 577 2430 635 linea:
2468 597 2585 651 qua:
2632 583 2730 637 ista
2774 586 3009 643 sectione
3050 588 3224 660 liunt',
3262 598 3421 661 procul
3462 601 3727 671 dttbiolinea

2277 681 2419 734 sunt,
2454 673 2610 727 etiam
2659 675 2709 728 iu
2756 676 2884 745 ipsis
2914 678 3013 731 hoc
3042 682 3149 735 Iieri
3179 699 3319 750 posse
3345 691 3625 750 manili-stum
3656 715 3725 759 est.

2278 760 2459 833 itaque
2485 767 3040 856 etquantulacnmque
3070 771 3319 840 longitudo
3348 778 3394 832 in
3417 784 3628 849 quotlibet
3649 806 3727 856 par-

2256 859 2358 907 .tes
2387 855 2554 908 secari
2584 865 2771 923 potest.
2805 854 2881 909 Μ.
2915 857 3307 928 ExpeditiSsime
3330 877 3471 937 atque
3506 854 3718 934 verissime.

2274 944 2451 1012 Quare
2479 962 2617 1001 nunc
2648 948 2773 1001 illud
2806 950 2945 1015 vide,
2975 960 3142 1008 utrum
3173 964 3303 1010 recte
3326 973 3626 1029 assereretur,
3645 985 3723 1024 om.

2274 1051 2394 1091 nem
2427 1037 2804 1107 longitudinem
2838 1040 2902 1095 ad
2935 1040 3249 1099 latitudinem
3278 1052 3612 1118 porrigendam.
3647 1076 3724 1125 qua

2272 1128 2339 1181 ab
2364 1130 2473 1198 ipsa
2500 1131 2687 1193 oritur,
2717 1142 2914 1185 tantum
2940 1137 3112 1188 valere
3129 1147 3362 1206 quantum
3386 1140 3723 1216 latitudiniqu-

2271 1220 2478 1276 dratnm
2507 1235 2747 1293 occupat.
2779 1225 2836 1280 Si
2864 1227 3003 1280 enim
3036 1228 3202 1283 minus
3224 1240 3309 1284 aut
3331 1234 3530 1302 amplius
3550 1238 3591 1291 in
3614 1239 3722 1297 latum

2271 1314 2498 1381 Spatium
2525 1316 2827 1384 proceditur
2854 1333 3009 1386 quam
3044 1317 3192 1390 longa
3218 1329 3297 1374 est
3323 1321 3444 1378 linea
3466 1326 3581 1381 unde
3598 1343 3721 1396 prooe-

2270 1403 2431 1467 ditur,
2460 1405 2769 1474 quadratum
2798 1423 2901 1461 non
2921 1408 3010 1472 ﬁt;
3034 1409 3112 1463 sin
3134 1418 3343 1477 tantum,
3364 1412 3603 1470 nibilaliud
3618 1433 3722 1487 quam

2269 1498 2581 1565 quadratum
2614 1501 2687 1551 lit.
2735 1496 2805 1553 Ι).
2861 1500 3097 1569 Intelligo
3132 1510 3185 1555 et
3223 1504 3609 1575 assentior:quid
3628 1510 3721 1565 enim

2270 1590 2478 1644 verius?
2513 1590 2562 1644 Μ
2571 1631 2586 1645 .
2621 1591 2748 1644 Illud
2777 1608 2904 1661 ergo
2926 1594 3034 1661 jatn
3062 1594 3227 1662 sequi,
3259 1603 3311 1649 ut
3333 1596 3515 1663 opinor,
3548 1598 3668 1664 vides,
3689 1613 3725 1655 ut

2268 1679 2311 1732 si
2340 1695 2434 1747 pro
2465 1680 2600 1734 linea
2633 1681 2685 1734 in
2709 1682 2917 1750 longum
2942 1682 3163 1736 ordinati
3181 1682 3355 1737 calculi
3374 1700 3507 1753 pares
3522 1698 3722 1757 ponantur,

2268 1785 2371 1824 nou
2404 1772 2675 1839 perveniat
2723 1772 2806 1825 illa
2852 1773 3119 1841 longitudo
3150 1772 3212 1826 ad
3242 1775 3517 1843 quadiatain
3553 1777 3723 1843 tantum,

2269 1862 2370 1917 nisi
2396 1879 2489 1931 per
2503 1864 2747 1919 eumdem
2770 1881 3046 1917 munerum
3067 1864 3379 1932 multiplimti
3393 1867 3550 1919 calculi
3567 1866 3721 1921 fuerint:

2268 1963 2325 2007 ut
2352 1955 2396 2008 si
2424 1955 2568 2008 verbi
2595 1954 2762 2023 gratia
2785 1955 2919 2009 duos
2938 1954 3167 2009 calculo;
3196 1970 3369 2024 ponas.
3388 1957 3638 2025 quadratum
3655 1972 3722 2015 non

2266 2042 2448 2106 facias,
2479 2045 2577 2098 nisi
2604 2045 2721 2098 aliis
2747 2045 2953 2099 duobus
2986 2044 3052 2098 ad
3078 2044 3390 2099 latitudinem
3416 2045 3649 2112 adjunetis:
3669 2047 3721 2099 sin

2267 2144 2394 2198 tres.
2427 2151 2517 2189 sex
2549 2137 2864 2207 adjungeudi
2895 2148 3039 2195 sunt.
3069 2137 3162 2192 sed
3189 2137 3315 2191 terni
3335 2136 3721 2192 distributiailduos

2265 2228 2478 2281 ordines
2503 2227 2746 2281 similiter
2773 2229 2824 2281 in
2854 2227 3222 2281 latitudinem”
3244 2246 3256 2280 :
3286 2228 3327 2282 si
3350 2229 3473 2281 enim
3495 2228 3547 2281 ad
3571 2228 3723 2296 longitu-

2265 2318 2441 2372 dinem
2463 2318 2624 2372 additi
2654 2317 2865 2375 fuerint.
2895 2319 3041 2373 nulla
3076 2318 3233 2389 ﬁgura
3271 2318 3336 2372 lit.
3368 2317 3613 2388 Loogitudo
3629 2319 3721 2373 enim

2264 2411 2381 2465 sine
2408 2412 2680 2465 latitudine
2708 2412 2870 2481 ﬁgura
2900 2427 3005 2467 non
3036 2410 3177 2465 est'.
3210 2412 3370 2480 Atque
3394 2411 3455 2464 ita
3480 2409 3719 2479 proportione

2266 2503 2387 2558 licet
2406 2504 2745 2558 considerare
2771 2504 2901 2558 alios
2930 2517 3217 2557 numeros:
3242 2511 3295 2555 ut
3320 2503 3447 2556 enim
3472 2500 3541 2555 bis
3569 2500 3668 2559 bina.
3690 2507 3723 2553 et

2266 2604 2348 2650 ter
2368 2606 2515 2651 terna
2540 2596 2821 2666 quadratas
2839 2595 3035 2665 ﬁguras
3059 2596 3111 2649 in
3130 2595 3351 2648 numeris
3372 2593 3553 2653 lacinnt,
3570 2592 3620 2645 ita
3635 2604 3721 2659 qna-

2267 2701 2347 2745 ter
2374 2701 2651 2761 quaterna,
2692 2691 2971 2761 quinquies
2996 2691 3181 2759 quina.
3210 2690 3374 2743 sexies
3396 2702 3522 2750 sena,
3545 2695 3659 2753 atque
3676 2684 3721 2734 ita

2264 2798 2358 2851 per
2385 2782 2642 2835 infinitum
2684 2781 2735 2835 in
2762 2781 2988 2835 caeteris.
3017 2780 3093 2834 D.
3127 2780 3290 2834 Etiam
3328 2780 3413 2832 ista
3438 2787 3529 2831 rata
3550 2785 3592 2831 et
3612 2771 3722 2827 mani-

2264 2862 2394 2928 festa
2415 2884 2555 2927 sunt.
2586 2872 2662 2926 Μ.
2687 2873 2913 2927 Attende
2940 2888 3089 2927 nunc
3110 2880 3280 2926 utrum
3301 2871 3365 2924 sit
3383 2869 3526 2938 aliqua
3546 2862 3719 2932 temporis

2266 2965 2558 3036 l0ngitudo.
2591 2964 2661 3018 D.
2706 2964 2836 3031 Quis
2874 2964 3196 3018 dubitaverit
3235 2962 3418 3016 nullum
3452 2973 3551 3013 esse
3578 2964 3719 3020 tentpus

2264 3060 2380 3113 sine
2400 3060 2571 3128 aliqua
2601 3058 2960 3128 longitudine?
2984 3056 3064 3109 Μ.
3088 3055 3261 3123 Quid?
3281 3066 3442 3108 versus
3457 3056 3639 3119 potestne
3651 3057 3721 3097 non

2264 3152 2508 3207 obtinere
2540 3152 2767 3219 aliquam
2792 3150 3053 3220 temporis
3081 3144 3464 3220 longitudinem?
3482 3141 3531 3194 ο.
3549 3141 3633 3191 luto
3648 3150 3720 3188 nc-

2262 3258 2414 3297 cesse
2443 3252 2527 3297 est
2554 3241 2807 3297 obtineat.
2844 3239 2920 3294 Μ.
2948 3240 3089 3307 Quid
3120 3241 3170 3294 in
3192 3255 3253 3294 ea
3280 3224 3721 3307 longitudineprocal-

2260 3334 2392 3388 culis
2426 3334 2614 3387 melius
2638 3331 2990 3387 collocamus?
3017 3332 3269 3400 pedesne,
3295 3328 3375 3400 qui
3398 3323 3556 3379 duasiu
3575 3324 3723 3389 partes.

2262 3424 2313 3479 id
2334 3436 2417 3479 est
2443 3425 2755 3478 levationem
2786 3433 2841 3478 et
2867 3423 3185 3492 positionem
3205 3417 3473 3475 necessario
3483 3408 3719 3469 distribuun-

2264 3527 2349 3571 llﬂ‘
2365 3516 2417 3582 ⁶;
2445 3532 2510 3570 an
2535 3517 2676 3586 ipsos
2705 3514 3003 3586 semipedes
3034 3516 3233 3584 potius,
3256 3513 3339 3583 qui
3358 3506 3552 3578 singulas
3570 3499 3723 3558 levatio-

2261 3623 2357 3664 nes
2388 3607 2779 3678 positionesque
2808 3606 3087 3661 obtinent?
3116 3604 3187 3659 ι).
3216 3601 3491 3672 δρωίραιθε
3508 3604 3723 3663 εοηειιιαιο

2259 3700 2364 3755 tius
2385 3699 2564 3766 judico
2585 3716 2679 3769 pro
2697 3699 2799 3753 illis
2822 3698 3042 3754 calculis
3064 3698 3207 3767 poni.

2328 3790 2415 3845 26.
2462 3789 2537 3843 Μ.
2580 3790 2712 3859 Age,
2753 3804 2893 3843 nunc
2919 3802 3281 3843 Commemora
3318 3782 3567 3840 membrum
3597 3784 3718 3829 tersus

2259 3882 2457 3937 heroici
2485 3882 2717 3949 brevius,
2745 3891 2874 3952 quot
2905 3881 3208 3952 semipedes
3235 3880 3428 3934 habeat.
3451 3873 3512 3928 Ι).
3534 3870 3716 3939 Quinque.

2258 3971 2336 4028 Μ.
2372 3973 2463 4027 Dic
2490 3974 2810 4043 exemplum.
2842 3971 2911 4026 ι).
2942 3972 3101 4026 Arma
3142 3973 3385 4036 virumque
3414 3981 3539 4020 cano.
3558 3956 3719 4015 [Nam

2257 4065 2417 4135 igitur
2433 4065 2575 4119 aliud
2603 4064 2894 4130 desideras,
2928 4064 3026 4117 nisi
3076 4074 3133 4118 nt
3177 4062 3264 4117 alii
3304 4068 3485 4130 septem
3507 4045 3721 4118 semipedes

2256 4173 2378 4213 eum
2408 4159 2523 4213 istis
2551 4158 2782 4229 quinque
2830 4158 3003 4227 aliqua
3043 4156 3338 4227 aequalitate
3376 4141 3654 4207 conveniant?
3676 4136 3720 4189 θ.

2257 4250 2399 4305 Nihil
2428 4266 2645 4321 prorsus
2674 4249 2834 4305 aliud.
2869 4249 2942 4305 Μ.
2972 4249 3150 4316 Quid?
3176 4257 3370 4316 septem
3398 4237 3725 4310 sentipedespO-‘r

2257 4354 2449 4398 suntne
2477 4344 2705 4412 aliquem
2733 4357 2942 4396 versum
2972 4342 3241 4410 mmplere
3267 4353 3357 4408 per
3378 4334 3460 4389 se?
3482 4332 3536 4385 ο.
3565 4328 3725 4424 lim.an

2256 4449 2417 4490 vero:
2449 4449 2568 4487 nam
2602 4441 2678 4487 tot
2719 4431 3017 4501 semipedes
3063 4430 3222 4484 habet
3250 4427 3438 4499 primus
3465 4435 3518 4476 ac
3545 4415 3725 4512 minitans

2256 4540 2461 4589 versus,
2488 4532 2837 4578 annumcrato
2863 4522 2915 4576 in
2961 4521 3065 4576 [ine
3094 4520 3324 4575 silentio.
3357 4516 3423 4570 ll.
3448 4514 3578 4568 Recte
3598 4504 3745 4589 dicis

2255 4615 2348 4670 sed
2389 4626 2445 4668 ut
2482 4631 2670 4670 versus
2709 4628 2831 4669 esse
2873 4613 3054 4682 possit,
3086 4610 3351 4681 quomodo
3374 4610 3421 4662 io
3447 4602 3532 4659 duo
3553 4592 3723 4693 titemltﬂ

2254 4707 2541 4763 dividitur?
2570 4706 2639 4760 ο.
2672 4707 2725 4761 In
2763 4713 2988 4776 quatuor
3014 4704 3236 4764 scilicet,
3274 4712 3326 4756 et
3361 4709 3457 4754 tres
3488 4683 3720 4757 semine“

2256 4798 2334 4853 Μ.
2363 4800 2475 4853 Duc
2495 4813 2623 4867 ergo
2647 4797 2699 4851 in
2732 4797 2899 4865 legem
2924 4794 3164 4863 quadrati
3189 4794 3282 4847 has
3301 4797 3463 4863 partes
3480 4777 3720 4867 εἰιιευίίῖίνξί

2254 4890 2375 4944 vide
2406 4890 2528 4958 quid
2559 4860 2756 4942 iaciant
2776 4860 3003 4957 quatuor
3028 4895 3233 4957 quater.
3386 4873 3637 4935 Sexdecim.

2253 4982 2389 5051 Quid
2424 4951 2527 5036 tria
2561 4982 2675 5036 ter?
2700 4978 2771 5033 Β.
2796 4951 3026 5035 Novem.
3046 4951 3144 5031 Μ.
3172 4974 3304 5044 Quid
3334 4984 3484 5029 totum
3510 4951 3721 5058 simul?“

2256 5074 2450 5144 Viginti
2475 5074 2729 5143 quinque.
2763 5070 2842 5125 Μ.
2863 5070 3076 5141 Septem
3105 5083 3233 5136 ergo
3257 5062 3531 5133 semipedes
3549 5057 3725 5145 ιιυθιηπξυ

2258 5174 2477 5235 possunt
2505 5163 2700 5218 habere
2725 5162 2831 5216 duo
2860 5161 3127 5228 membra,
3175 5156 3389 5227 singulis
3427 5145 3633 5235 membris
3652 5147 3726 5192 tuti

2256 5234 2322 5309 ad
2345 5254 2719 5326 quadratorum
2746 5251 3002 5307 rationem
3029 5250 3224 5313 relatis,
3251 5245 3535 5317 vigesimum
3555 5234 3745 5327 quintunt‘

2259 5324 2537 5402 numerum
2566 5348 2617 5399 in
2645 5360 2850 5398 summa
2882 5344 3102 5406 faciunt;
3134 5346 3293 5395 etest
3326 5350 3418 5389 una
3462 5343 3565 5401 pars
3598 5324 3745 5385 νεηυῆ

2261 5439 2479 5494 heroici.
2527 5437 2597 5492 D.
2646 5437 2717 5492 Ita
2756 5448 2861 5494 est.
2894 5436 2970 5490 Μ.
2998 5437 3171 5491 Altera
3200 5433 3351 5503 igitur
3373 5441 3480 5498 pars
3501 5434 3600 5491 quae
3619 5411 3725 5467 Ιιιικί

2261 5534 2493 5604 quinque
2513 5530 2831 5599 semipedes,
2861 5530 3104 5601 quoniam
3135 5542 3238 5581 non
3261 5529 3422 5595 potest
3438 5519 3486 5573 in
3508 5514 3597 5570 duo
3611 5512 3723 5561 ωαν-

2324 5692 2341 5723 ¹
2367 5684 2762 5798 Secotioneftmt.
2783 5683 2920 5747 juxta
2942 5684 3082 5734 vatio.
3108 5686 3165 5729 It.

2324 5754 2345 5786 ι
2394 5752 2441 5798 -d
2464 5748 2598 5798 nitito
2634 5747 2776 5798 ineat.
2800 5744 3087 5798 iuxta'atic.
3110 5748 3165 5792 ll.

2322 5754 2345 5786 ²
2394 5752 2441 5800 α
2464 5744 2935 5808 ιιιιᾱιιάὶηριιιξῇιικιε
2955 5756 2964 5763 ·
2985 5744 3087 5794 atic.
3110 5748 3167 5792 Il.

2322 5815 2345 5847 ³
2368 5810 2613 5875 I‘igttrutio
2632 5816 2719 5875 est,
2738 5809 2874 5870 juxta
2899 5808 3115 5875 \atic._t_l.

2327 5875 2350 5909 ⁸
2380 5871 2681 5935 Ἰῆὁιιωιιωο,
2703 5871 2842 5935 juxta
2864 5876 2946 5921 Ms.
2973 5876 3023 5918 Α.
3046 5871 3100 5917 It.
3126 5900 3127 5903 η

2328 5976 2363 5984 ..-
