3844 6280
163 299 298 361 H6!

165 421 263 479 bra
285 418 477 487 dividi,
496 429 553 477 et
563 418 730 492 debet
752 416 928 490 aliqua
946 414 1246 490 :equalitate
1259 412 1566 482 concinere,
1588 427 1765 469 nonne

166 525 279 572 tota
299 515 356 570 ln
374 511 695 588 quadratum
715 510 955 569 ducenda
975 511 1096 568 est?
1118 507 1192 565 D.
1211 508 1356 566 Nihil
1379 507 1524 565 aliud
1545 509 1767 564 omnino

166 621 391 675 censeo,
421 615 478 664 et
501 606 614 678 jam
650 605 865 662 tandem
891 617 1126 675 agnosco
1151 601 1511 676 aqualitatem
1549 600 1766 657 mirabi-

167 704 298 760 lem.
345 699 596 772 Quinque
636 698 781 756 enim
825 698 1106 770 quinquies
1147 696 1305 754 ducta
1349 696 1540 754 eadem
1581 695 1765 768 viginti

167 793 408 865 quinque
430 800 828 848 consummant.
856 789 964 846 Nec
987 805 1118 861 ergo
1138 788 1402 845 immerito
1425 788 1621 845 senarii
1648 803 1765 844 vero

168 898 265 940 sus
305 883 524 940 caneris
566 881 948 940 celebratiores
997 880 1392 952 nobilioresque
1433 879 1558 936 facti
1601 889 1762 935 sunt:

170 976 278 1033 dici
314 975 461 1034 enim
498 976 585 1031 vis
632 983 809 1048 potest
848 983 1106 1047 quantum
1133 974 1275 1032 inter
1300 974 1515 1030 illorum
1545 973 1762 1045 arquali-

170 1079 336 1125 tatem
385 1068 439 1124 in
490 1066 746 1124 membris
799 1067 1109 1138 imparibus,
1153 1075 1210 1124 et
1251 1066 1477 1124 aliorum
1527 1066 1762 1123 omnium

169 1161 402 1220 intersit.

577 1232 808 1290 CAPUT
847 1231 1359 1306 BIL—Epilogus.

241 1327 335 1381 S7.
375 1322 455 1379 Π.
495 1323 611 1380 Non
642 1332 696 1380 te
735 1339 864 1395 ergo
911 1323 1102 1380 fefellit
1148 1322 1462 1395 pollicitatio
1501 1339 1640 1391 mea,
1680 1324 1763 1380 vel

174 1418 353 1490 potius
382 1418 495 1489 ipsa
520 1431 641 1484 nos,
671 1431 830 1488 quam
858 1424 1081 1486 uterque
1107 1424 1356 1471 nostrum
1381 1416 1643 1488 sequitur,
1675 1430 1765 1472 ra-

177 1512 274 1567 tio.
301 1510 479 1579 Quare
505 1517 565 1564 ut
591 1509 751 1564 istum
789 1508 900 1579 jam
923 1523 1228 1565 sermonem
1268 1507 1649 1564 concludamus
1670 1507 1767 1566 ali-

178 1601 413 1676 quando,
440 1601 618 1659 cernis
643 1609 790 1657 certe
813 1615 936 1656 cum
965 1599 1072 1656 sint
1096 1609 1266 1656 metra
1294 1615 1432 1672 pene
1461 1600 1768 1656 innumera-

181 1696 328 1759 bilia,
347 1707 564 1752 versum
584 1702 761 1750 tamen
784 1707 904 1749 esse
926 1709 1031 1748 non
1051 1707 1232 1764 posse,
1255 1692 1358 1748 nisi
1379 1691 1585 1748 duobus
1601 1708 1766 1748 mem-

182 1789 292 1846 bris
313 1788 526 1844 sibimet
539 1787 891 1853 concinnatis,
910 1795 1005 1843 aut
1021 1785 1244 1842 totidem
1270 1784 1651 1857 semipedibus,
1669 1785 1766 1843 sed

185 1896 288 1938 non
306 1879 748 1936 convet'sittilibus
772 1879 1092 1946 terminatis,
1114 1887 1172 1934 ut
1198 1887 1302 1944 est,
1332 1876 1588 1934 lacertas
1607 1879 1767 1934 atat'is

189 1974 314 2028 dite
343 1972 575 2045 regibus;
599 1981 693 2029 aut
718 1971 916 2044 dispari
954 1987 1182 2029 numero
1219 1973 1382 2029 etiam
1407 1973 1764 2045 semipedum,

191 2067 284 2123 sed
309 2077 484 2122 tamen
505 2066 680 2138 aliqua
705 2067 1013 2139 atqualitate
1036 2067 1360 2138 conjunctis,
1396 2078 1452 2123 ut
1478 2076 1604 2124 sunt
1629 2082 1765 2138 qua-

196 2168 380 2216 tuoret
404 2167 532 2225 tres.
563 2169 657 2216 aut
692 2160 927 2232 quinque
953 2169 1007 2217 et
1043 2169 1182 2228 tres,
1211 2162 1291 2217 vel
1330 2163 1564 2234 quinque
1599 2170 1656 2216 et
1676 2177 1766 2218 se-

198 2262 352 2324 ptem,
379 2262 468 2308 aut
492 2266 586 2307 sex
616 2259 673 2310 et
699 2261 928 2325 septem,
961 2263 1052 2308 aut
1089 2262 1211 2310 octo
1239 2262 1293 2309 et
1317 2263 1544 2326 septem,
1573 2255 1657 2311 vel
1677 2269 1766 2311 se-

201 2355 335 2414 ptem
355 2351 407 2398 et
431 2357 648 2399 novem.
678 2345 718 2399 Α
742 2344 900 2415 pleno
919 2344 1063 2401 enim
1084 2344 1219 2417 pede
1241 2345 1563 2415 trochaicus,
1585 2354 1645 2402 ut
1663 2358 1766 2417 est,

212 2433 417 2505 Optimus
442 2434 618 2490 beatus
644 2435 733 2490 ille
753 2435 842 2506 qui
869 2440 1050 2506 procul
1075 2436 1314 2508 negotio;
1341 2446 1398 2494 et
1423 2454 1456 2493 a
1477 2455 1582 2495 non
1607 2440 1769 2511 pleno

206 2534 362 2598 potest
385 2540 572 2583 versus
597 2526 852 2594 exordiri,
896 2537 955 2584 ut
980 2537 1082 2596 est,
1123 2527 1213 2584 Vir
1249 2530 1468 2602 optimus
1493 2532 1662 2588 beatus
1680 2533 1770 2590 ille

205 2618 282 2690 qui
302 2617 468 2688 proca
509 2618 707 2690 negotio
741 2635 760 2674 :
794 2619 1067 2676 terminari
1094 2629 1272 2679 autem
1314 2623 1416 2678 nisi
1461 2639 1568 2680 non
1609 2625 1768 2696 pleno

205 2727 398 2783 prorsus
419 2731 526 2774 non
557 2725 752 2788 potest.
780 2717 888 2775 Sed
911 2718 999 2774 isti
1024 2733 1131 2774 non
1161 2720 1306 2790 pleni
1334 2720 1520 2792 pedes,
1547 2721 1661 2778 sive
1681 2723 1766 2780 in-

205 2812 361 2877 tegros
402 2809 702 2881 semipedes
741 2809 991 2878 habeant,
1021 2810 1284 2868 sicuti'est
1312 2813 1414 2870 iste
1439 2830 1597 2886 quem
1626 2831 1769 2873 nunc

204 2900 364 2969 posui;
392 2902 506 2958 sive
530 2903 706 2959 minus
730 2919 890 2975 quam
919 2903 1196 2961 dimidium
1228 2904 1441 2976 pedem,
1457 2907 1593 2963 sicut
1609 2909 1662 2964 in
1679 2909 1767 2965 illo

203 2992 538 3050 choriambico
564 2994 684 3051 dum
709 2995 908 3052 ultima:
936 2996 1146 3062 breves,
1179 2995 1435 3056 lacertas
1453 3002 1611 3057 atavis
1638 3003 1770 3060 edite

204 3085 408 3155 regibus;
444 3086 559 3144 sive
587 3088 709 3160 plus
737 3103 896 3161 quam
937 3089 1237 3159 dimidium,
1277 3094 1416 3149 utin
1455 3094 1571 3164 ejus
1595 3097 1768 3167 capite

203 3175 304 3232 dum
331 3179 510 3249 primae
549 3179 744 3252 longae,
787 3191 881 3238 aut
925 3183 978 3239 in
1022 3183 1127 3240 line
1169 3186 1390 3242 alterius
1416 3187 1767 3248 choriambici

203 3264 445 3336 bacchi,
472 3271 627 3343 cujus
645 3273 945 3344 exemplum
974 3285 1076 3343 est,
1106 3274 1181 3331 Te
1203 3277 1384 3335 domus
1413 3278 1641 3336 Evandri
1659 3283 1697 3350 ⁸,
1722 3293 1770 3339 te

207 3360 326 3416 sedes
345 3363 473 3418 celsa
493 3361 671 3418 Latini
692 3363 792 3436 (α).
816 3363 1015 3423 Omnes
1035 3382 1162 3440 ergo
1189 3369 1274 3425 isti
1298 3385 1405 3427 non
1432 3372 1574 3444 pleni
1603 3374 1768 3446 pedes

211 3454 480 3524 semipedes
509 3466 902 3528 nuncupantur.

224 3585 230 3588 -
268 3569 283 3599 ³
308 3575 358 3620 re
373 3570 538 3621 dom
559 3571 828 3634 Evandrca,
855 3573 995 3637 juxta
1017 3581 1091 3626 Er.
1119 3577 1381 3641 Evandria,
1404 3582 1546 3644 juxta
1567 3587 1677 3634 Lov.

259 3654 320 3717 (tt)
345 3655 471 3709 anne
490 3670 692 3710 versum
713 3661 1036 3712 Terentianus
1057 3661 1213 3714 refert
1236 3666 1365 3716 inter
1387 3666 1650 3730 pbalecios.

1543 285 2079 369 Lissngssxrus.

3321 311 3462 372 μοι

1948 414 2038 470 28.
2063 413 2316 474 Jaznvero
2329 433 2439 476 non
2454 421 2626 480 solum
2644 422 2764 478 talia
2783 433 3029 494 poemata
3045 427 3288 485 versibus
3302 431 3457 502 fiunt,

1875 518 1934 563 ut
1952 509 2006 563 in
2033 507 2118 564 his
2141 525 2302 567 unum
2326 529 2491 584 genus
2519 525 2788 584 teneatur,
2812 517 2990 588 qualia
3021 519 3301 592 Epicurum
3325 540 3459 596 poe-

1874 613 2050 658 tarum
2077 613 2222 670 sunt,
2249 605 2335 662 vel
2361 608 2521 663 etiam
2543 607 2917 679 Comicorum;
2946 611 3043 668 sed
3088 612 3211 671 illos
3245 631 3463 689 quoque

1870 694 2107 750 ambitus
2128 711 2262 767 quos
2287 705 2528 770 περιόδους
2558 701 2730 758 Graeci
2759 713 2970 771 vocant,
2994 721 3100 761 non
3125 716 3327 763 tantum
3356 709 3460 765 illis

1873 787 2061 842 metris
2081 803 2199 859 quae
2226 789 2342 861 lege
2368 807 2621 848 versuum
2643 810 2748 850 non
2781 805 3048 860 tenentur,
3081 796 3260 870 Lyrici
3286 811 3462 873 poeta:

1871 877 2092 950 iaciunt,
2122 880 2217 938 sed
2243 881 2402 938 etiam
2428 885 2688 942 versibus.
2717 885 2850 943 Nam
2877 887 2967 945 ille
2994 887 3192 958 Flacci,

2119 1026 2219 1071 Nox
2244 1029 2369 1081 erat,
2393 1028 2445 1073 et
2465 1021 2591 1074 ccelo
2610 1021 2832 1089 fulgebat
2853 1025 2968 1079 luna
2988 1040 3170 1082 sereno

2117 1110 2248 1157 Inter
2268 1105 2454 1158 minora
2474 1107 2653 1160 sidera.

2582 1191 2769 1255 (Horat.
2794 1194 2941 1260 L‘pod.
2964 1195 3058 1249 odc
3079 1197 3184 1262 13)

1870 1313 2182 1372 bimembris
2199 1316 2434 1374 ambitus
2451 1326 2554 1386 est,
2586 1327 2642 1374 et
2669 1319 2909 1375 versibus
2937 1331 3207 1378 constans.
3230 1323 3333 1394 Qui
3352 1323 3461 1381 duo

1869 1421 2056 1464 versus
2083 1406 2296 1463 sibimet
2317 1408 2604 1466 convenire
2630 1424 2734 1465 non
2757 1421 3000 1481 possunt,
3023 1412 3123 1468 nisi
3153 1423 3371 1486 uterque
3391 1416 3461 1472 ad

1869 1512 2121 1556 senorum
2147 1508 2444 1572 temporum
2477 1501 2740 1557 referatur
2766 1500 2949 1574 pedes.
2984 1500 3119 1558 Nam
3148 1505 3336 1562 modus
3361 1506 3460 1564 he-

1870 1591 2049 1648 roicus
2076 1607 2198 1648 cum
2225 1592 2386 1649 modo
2415 1593 2646 1650 iambico
2674 1594 2754 1651 vel
2784 1593 3061 1653 trochaica
3078 1611 3182 1652 non
3197 1597 3458 1668 concinit,

1870 1683 1995 1755 quia
2025 1684 2099 1740 illi
2127 1684 2289 1756 pedes
2309 1685 2376 1741 ad
2403 1687 2755 1756 tantumdem,
2782 1685 2836 1742 hi
2861 1687 2928 1744 ad
2969 1687 3189 1758 duplum
3220 1689 3462 1760 partiun-

1872 1791 1977 1838 tur.
2007 1781 2166 1838 Fiunt
2189 1796 2319 1854 ergo
2347 1782 2579 1838 ambitus
2606 1791 2698 1838 aut
2726 1783 2974 1838 omnibus
3004 1783 3191 1839 metris
3211 1799 3316 1840 non
3339 1799 3461 1840 cum

1869 1875 2135 1942 versibus,
2163 1884 2221 1930 ut
2249 1874 2325 1930 illi
2363 1884 2487 1930 sunt
2523 1875 2591 1930 de
2618 1875 2812 1945 quibus
2838 1876 2890 1930 in
2922 1876 3184 1946 superiori
3210 1891 3461 1935 sermone

1870 1967 2192 2039 disputatum
2221 1976 2324 2035 est,
2372 1983 2492 2024 cum
2532 1967 2600 2023 de
2641 1967 2770 2038 ipsis
2812 1968 2998 2025 metris
3025 1984 3338 2042 ageremus;
3368 1980 3463 2026 aut

1873 2067 2078 2115 tantum
2115 2060 2380 2126 versibus,
2420 2068 2478 2114 ut
2518 2059 2552 2113 ii
2594 2059 2663 2115 de
2705 2060 2900 2131 quibus
2930 2076 3072 2118 nunc
3106 2061 3305 2118 dictum
3335 2073 3458 2128 est;

1871 2160 1964 2208 aut
1991 2161 2049 2208 ut
2072 2161 2127 2208 et
2145 2152 2409 2221 versibus,
2435 2160 2489 2208 et
2507 2151 2626 2208 aliis
2652 2154 2836 2209 metris
2860 2160 3228 2225 temperentur
3244 2157 3285 2224 ί,
3303 2156 3459 2226 quale

1873 2244 2001 2301 illud
2029 2253 2112 2302 est
2131 2263 2142 2298 :

2027 2465 2382 2534 amoribusque
3219 2513 3222 2516 .

2363 2549 2464 2616 (Id.
2487 2549 2572 2604 lib.
2594 2551 2628 2602 Α
2645 2547 2940 2616 carm,
2963 2551 3056 2604 ode
3075 2554 3148 2618 7.)

1871 2678 1990 2748 Quo
2015 2690 2194 2737 autem
2223 2680 2412 2737 ordine
2440 2681 2683 2738 locentur
2711 2682 2797 2739 vel
2822 2697 3007 2740 versus
3035 2697 3157 2738 cum
3193 2681 3310 2738 aliis
3348 2697 3464 2740 me-

1875 2771 1990 2838 tris,
2023 2771 2109 2828 vel
2135 2771 2340 2844 majora
2367 2773 2609 2831 mcmbra
2633 2789 2756 2830 cum
2785 2774 3100 2840 minoribus,
3131 2773 3265 2830 nihil
3292 2774 3462 2831 inter-

1871 2875 1955 2922 est
1995 2865 2062 2921 ad
2105 2866 2314 2922 aurium
2360 2867 2716 2939 voluptatem,
2761 2867 3050 2924 dummodo
3097 2883 3204 2924 non
3251 2867 3466 2925 brevior

1871 2974 2030 3030 quam
2057 2959 2391 3029 bimembris,
2423 2975 2528 3017 non
2555 2961 2782 3033 amplior
2816 2976 2976 3033 quam
3019 2960 3466 3034 quadrimembrb

1874 3051 1943 3106 sit
1965 3050 2218 3108 ambitus.
2245 3051 2350 3109 Sed
2369 3051 2479 3124 jam
2507 3053 2554 3108 si
2583 3053 2716 3109 nihil
2745 3053 2909 3110 habes
2936 3053 3078 3126 quod
3107 3053 3462 3121 contradicas,

1872 3143 1998 3199 finis
2023 3144 2092 3198 sit
2118 3144 2278 3214 hujus
2302 3143 2700 3215 disputationis,
2724 3154 2783 3200 ut
2809 3143 3062 3216 deinceps
3077 3144 3217 3216 quod
3233 3144 3300 3200 ad
3325 3143 3466 3202 hanc

1874 3248 2079 3308 partem
2100 3242 2318 3295 musica:
2346 3238 2537 3294 attinet
2554 3254 2672 3310 qua:
2699 3239 2752 3293 in
2773 3238 3010 3295 numeris
3032 3247 3329 3310 temporum
3358 3247 3465 3306 est,

1875 3332 1944 3388 ab
1970 3331 2055 3390 his
2081 3332 2318 3404 vestigiis
2345 3333 2464 3404 ejus
2487 3331 2855 3402 sensibilibus,
2886 3331 2954 3388 ad
2980 3332 3094 3404 ipsa
3122 3333 3337 3400 cubilia,
3374 3332 3465 3388 ubi

1873 3425 1942 3481 ab
1967 3426 2110 3481 omni
2136 3439 2362 3497 corpore
2381 3425 2554 3483 aliena
2575 3434 2677 3493 est,
2701 3434 2902 3497 quanta
2921 3424 3162 3483 valemus
3181 3425 3470 3497 sagacitate

1864 3518 2172 3583 ,veniamus.

1941 3680 1956 3711 ι
1982 3679 2055 3730 sic
2075 3685 2158 3728 Ms.
2183 3687 2243 3729 A:
2263 3683 2350 3730 ,ιω
2371 3684 2418 3730 et
2438 3675 2830 3730 multde
2851 3676 3374 3741 metristcmperantw'.
3405 3679 3465 3726 lt.

201 3782 3456 3822 __________________________________

1216 3867 1700 3981 LIBER
1782 3880 2432 3992 SEXTUS.

193 4029 237 4076 In
255 4041 345 4092 quo
367 4042 432 4081 es
453 4029 760 4082 mutabilium
782 4041 1092 4082 numerorum
1115 4033 1164 4082 in
1189 4031 1500 4132 inferioribus
1519 4041 1671 4092 rebus
1693 4047 2081 4102 consideratione
2107 4052 2330 4105 evehitur
2365 4055 2555 4108 animus
2587 4055 2648 4108 ad
2672 4055 2999 4109 lmmutabiles
3019 4068 3264 4120 numeros,
3288 4059 3371 4123 qui
3413 4059 3466 4112 in

1400 4127 1504 4183 ipsa
1525 4132 1637 4176 sunt
1659 4127 1940 4182 immutabili
1965 4136 2186 4187 veritate.

1625 4262 1994 4322 Moeret

187 4377 401 4438 CAPUT
460 4377 745 4436 PRIMUM.
764 4405 834 4419 —
866 4376 1169 4450 Superiores
1215 4375 1330 4432 libri
1375 4378 1552 4450 quibus
1593 4380 1767 4453 scripti

719 4468 837 4534 sint,
865 4483 1022 4540 quove
1048 4466 1278 4524 consilio.

251 4567 300 4620 l.
343 4563 425 4619 ιι.
466 4561 610 4619 Satis
636 4561 724 4617 ditt
751 4575 887 4632 pene
905 4563 922 4592 ί
948 4569 1107 4632 atque
1145 4559 1280 4616 adeo
1306 4559 1462 4632 plane
1489 4562 1764 4632 pueriliter

187 4673 274 4731 per
297 4658 536 4731 quinque
562 4656 726 4712 libros
756 4655 809 4710 in
838 4653 1074 4725 vestigiis
1113 4667 1453 4710 numerorum
1495 4655 1561 4711 ad
1586 4670 1766 4713 moras

183 4759 478 4822 temporum
503 4747 881 4821 pertinentium
903 4746 1092 4802 morati
1115 4761 1302 4803 sumus
1320 4765 1333 4801 :
1351 4761 1508 4818 quam
1530 4757 1768 4805 nostram

182 4843 536 4916 nugaeitatem
564 4839 702 4912 apud
731 4837 1021 4896 benevolos
1061 4836 1307 4895 homines
1343 4837 1499 4896 facile
1526 4838 1770 4896 fortassis

177 4943 396 4994 excuset
419 4931 694 4989 officiosus
712 4931 891 4997 labor;
917 4946 1077 5004 quem
1107 4945 1211 4986 non
1228 4929 1299 4987 ob
1321 4929 1463 4986 aliud
1485 4931 1771 5003 suscipien-

172 5027 300 5084 dum
341 5024 666 5098 putavimus,
697 5023 888 5079 nisiut
928 5022 1314 5089 adolescentes,
1362 5022 1448 5079 vel
1486 5022 1771 5094 cujuslibet

173 5118 352 5178 atatis
379 5116 642 5185 homines,
667 5131 803 5188 quos
823 5115 966 5171 bono
987 5116 1199 5188 ingenio
1222 5115 1443 5172 donavit
1469 5115 1632 5184 Deus,
1662 5131 1770 5174 non

173 5223 544 5284 praepropere,
575 5207 670 5264 sed
697 5207 1013 5279 quibusdam
1038 5207 1290 5280 gradibus
1309 5223 1340 5263 a
1369 5209 1619 5266 sensibus
1645 5224 1766 5266 car-

183 5305 258 5361 nis
281 5311 450 5372 atque
475 5317 504 5355 a
527 5301 833 5358 carnalibus
853 5301 1064 5370 litteris,
1086 5301 1280 5374 quibus
1306 5317 1402 5359 eos
1427 5318 1532 5359 non
1562 5303 1771 5362 haerere

172 5395 397 5458 difﬁcile
423 5403 530 5462 est,
559 5395 698 5452 duce
727 5396 930 5454 ratione
955 5395 1334 5464 avellerentur,
1366 5406 1525 5469 atque
1549 5413 1638 5454 unt
1661 5398 1770 5455 Deo

161 5504 226 5553 et
270 5489 510 5547 Domino
546 5503 727 5545 rerum
768 5491 1024 5557 omnium,
1071 5491 1161 5562 qui
1205 5490 1454 5546 humanis
1500 5491 1770 5548 mentibus

160 5583 322 5646 nulla
352 5589 546 5637 natura
574 5581 891 5653 interposita
918 5581 1188 5653 przesidet,
1214 5582 1660 5638 incommutabilis
1677 5597 1770 5637 ve-

156 5674 354 5740 ritatis
391 5687 579 5731 amore
619 5672 1068 5731 adhterescerent.
1111 5672 1235 5728 Illos
1279 5674 1436 5745 igitur
1474 5673 1640 5730 libros
1679 5672 1768 5744 qui

232 5809 256 5840 ⁸
291 5803 417 5860 satis
438 5803 524 5856 diu
545 5818 690 5870 penes
711 5809 774 5868 te,
794 5807 933 5869 juxta
953 5812 1027 5854 Er.
1057 5815 1172 5856 \‘en.
1202 5812 1252 5856 et
1276 5814 1353 5856 Ms.
1382 5814 1429 5856 Α.
1479 5813 1537 5857 at.

415 5888 648 5960 Sacr.
685 5891 962 5958 Ausus'r.
1010 5890 1060 5953 Ι.

1877 4389 2036 4461 leget,
2070 4392 2300 4452 inveniet
2343 4411 2442 4454 nos
2482 4410 2602 4454 cum
2631 4399 2993 4471 grammaticis
3018 4409 3074 4457 et
3099 4401 3318 4473 poeticis
3339 4402 3461 4459 ani-

1877 4484 2001 4553 mis,
2031 4501 2136 4542 non
2165 4485 2438 4546 habitandi
2462 4488 2741 4560 electione,
2781 4492 2878 4550 sed
2915 4491 3200 4550 itinerandi
3226 4496 3464 4552 necessi-

1876 4588 1985 4636 tate
2010 4591 2269 4639 versatos.
2297 4583 2377 4638 Ad
2408 4582 2550 4640 hunc
2573 4593 2750 4642 autem
2769 4585 2966 4641 librum
2990 4601 3115 4642 cum
3141 4587 3364 4655 venerit,
3391 4588 3461 4654 si,

1876 4679 1934 4726 ut
1958 4686 2116 4743 Spero
2139 4684 2194 4731 et
2221 4675 2444 4746 supplex
2465 4676 2744 4749 deprecor,
2763 4678 2903 4734 Deus
2922 4688 2975 4734 et
3000 4679 3258 4736 Dominus
3281 4689 3467 4736 noster

1876 4769 2207 4838 propositum
2239 4784 2416 4826 meum
2444 4771 2877 4843 voluntatemque
2893 4771 3297 4843 gubernaverit,
3324 4781 3380 4828 et
3397 4786 3464 4828 eo

1875 4877 1982 4934 quo
2007 4871 2090 4919 est
2119 4863 2316 4918 intenta
2343 4863 2672 4936 perduxerit,
2705 4865 2964 4937 intelliget
2982 4880 3087 4922 non
3106 4865 3224 4922 vilis
3251 4879 3464 4937 posses-

1878 4954 2045 5010 sionis
2073 4971 2193 5012 esse
2214 4955 2374 5014 vilem
2405 4957 2570 5022 viam,
2595 4974 2692 5030 per
2711 4973 2871 5030 quam
2900 4975 3040 5014 nunc
3073 4975 3194 5016 cum
3220 4957 3464 5014 imbecil-

1879 5046 2122 5116 lioribus,
2151 5063 2250 5106 nec
2279 5063 2378 5108 nos
2408 5051 2508 5122 ipsi
2535 5049 2824 5106 admodum
2856 5049 3023 5106 fortes
3046 5050 3318 5106 ambulare
3345 5063 3463 5103 ma-

1879 5137 2095 5205 luimus,
2126 5155 2286 5212 quam
2329 5141 2506 5198 minus
2549 5150 2808 5213 pennatos
2851 5156 2950 5213 per
2989 5141 3266 5196 liberiores
3303 5152 3464 5193 auras

1876 5232 2230 5302 praecipitare.
2258 5233 2335 5290 lta
2376 5248 2497 5304 nos,
2529 5243 2787 5307 quantum
2815 5233 3064 5299 arbitror,
3095 5240 3187 5286 aut
3211 5229 3341 5285 nihil
3369 5239 3464 5283 aut

1879 5339 1984 5381 non
2014 5325 2241 5383 multum
2267 5341 2517 5399 peccasse
2550 5326 2829 5399 iudicabit,
2871 5324 2916 5381 si
2942 5333 3120 5379 tamen
3141 5320 3210 5377 de
3237 5334 3466 5376 numero

1875 5421 2226 5492 spiritualium
2247 5422 2482 5478 virorum
2503 5423 2605 5478 iste
2637 5421 2811 5478 fuerit.
2837 5417 2972 5474 Nam
2999 5415 3148 5470 turba
3175 5423 3370 5472 caetera
3394 5412 3464 5469 de

1872 5515 2070 5570 scholis
2103 5516 2399 5586 linguarum
2439 5513 2885 5575 tumultuantium,
2925 5519 2982 5564 et
3004 5509 3072 5562 ad
3099 5505 3460 5578 plaudentium

1875 5607 2154 5678 strepitum
2185 5606 2384 5678 vulgari
2411 5607 2622 5662 levitate
2650 5602 2956 5667 ltrtantium,
3001 5599 3046 5654 si
3077 5600 3210 5653 forte
3246 5596 3462 5650 irruerit

1873 5698 1926 5753 in
1959 5697 2054 5754 has
2084 5698 2304 5764 litteras,
2336 5707 2426 5752 aut
2449 5705 2755 5751 contemnet
2782 5707 2985 5754 omnes,
3019 5699 3109 5744 aut
3147 5689 3264 5744 illos
3306 5688 3462 5756 quin-

1875 5805 1976 5862 quc
2005 5791 2171 5850 libros
2197 5787 2446 5848 sufﬁcere
2476 5786 2573 5840 sibi
2619 5785 2962 5841 arbitrabitur
2998 5802 3008 5836 :
3041 5783 3197 5836 istum
3241 5790 3365 5832 vero
3407 5778 3460 5834 in

2712 5877 3158 5955 (Τιέηιο-εορτ
3182 5873 3220 5951 j
