3844 6280
506 298 644 363 NO?

464 414 469 421 ’
504 437 592 483 ma
612 420 876 485 bonitate;
902 425 962 474 ut
986 431 1085 474 nos
1102 429 1413 473 caveremus
1434 415 1600 487 magis
1626 416 1954 485 superbiam,
1982 432 2084 487 qua

501 515 814 588 dignissime
840 512 894 569 in
920 512 1019 568 ista
1044 510 1353 577 cecidimus,
1383 524 1541 582 quam
1577 510 1929 565 contumelias
1954 527 2087 581 quas

502 608 749 680 indignus
767 605 1007 677 excepit;
1027 612 1084 661 et
1104 602 1284 658 animo
1299 618 1455 674 mque
1478 612 1705 659 mortem
1726 601 1960 660 debitam
1981 603 2089 659 sol-

500 713 769 766 veremus,
794 697 841 755 si
869 706 1086 769 propter
1103 711 1202 752 nos
1229 696 1401 767 potuit
1423 696 1583 752 etiam
1608 695 1898 753 indebitam
1929 697 2087 751 susti-

500 805 665 856 nene;
696 800 753 846 et
792 787 1047 861 quidquid
1086 787 1343 844 secretius
1381 796 1540 859 atque
1584 788 1859 858 purgatins
1904 788 1956 843 in
1998 787 2086 843 tali

498 890 835 940 sacramento
872 894 903 934 a
945 880 1145 935 sanctis
1184 888 1241 936 et
1282 878 1591 936 melioribus
1630 879 1849 951 intelligi
1888 888 2083 949 potest.

498 971 643 1046 Ergo
661 972 892 1029 animam
912 971 965 1028 in
990 987 1153 1029 carne
1179 971 1389 1027 mortali
1408 981 1742 1042 operantem,
1776 971 2080 1043 passionem

446 1112 449 1115 ν
494 1081 778 1140 corporum
814 1066 1017 1123 sentire
1051 1081 1158 1122 non
1190 1066 1385 1122 mirum
1411 1076 1513 1122 est.
1558 1066 1669 1123 Nec
1698 1068 1822 1137 quia
1862 1068 1974 1137 ipsa
2003 1076 2088 1123 est

495 1172 722 1229 corpore
744 1157 953 1223 melior,
998 1157 1189 1213 melius
1218 1157 1508 1229 putandum
1534 1168 1618 1215 est
1644 1173 1804 1215 omne
1843 1159 1984 1227 quod
2030 1160 2084 1215 in

491 1264 559 1308 ea
596 1250 674 1319 ﬁt,
700 1264 860 1322 quam
884 1263 1045 1305 omne
1080 1248 1223 1320 quod
1261 1248 1321 1304 ﬁt
1358 1249 1413 1305 in
1456 1264 1698 1322 corpore.
1737 1248 1912 1305 Credo
1939 1251 2082 1306 enim

492 1346 588 1402 tibi
614 1344 781 1403 videri
819 1358 1005 1399 verum
1046 1340 1181 1398 falso
1218 1356 1339 1400 esse
1370 1342 1806 1414 praeponendum.
1850 1342 1920 1397 D.
1951 1343 2082 1412 Quis

491 1439 853 1497 dubitaverit?
878 1436 956 1493 ll.
986 1435 1123 1492 Num
1169 1451 1298 1492 vero
1333 1444 1416 1492 est
1452 1438 1632 1503 arbor,
1659 1452 1816 1508 quam
1839 1436 2081 1493 videmus

488 1531 547 1589 in
571 1530 812 1587 somnis?
830 1527 900 1583 Β.
919 1526 1078 1584 Nullo
1106 1527 1285 1584 modo.
1313 1527 1389 1583 ιι.
1410 1528 1482 1584 At
1504 1528 1621 1599 ejus
1640 1528 1810 1583 forma
1834 1528 1887 1583 in
1901 1528 2079 1584 anima

488 1622 572 1688 ﬁt,
613 1621 772 1692 hujus
810 1628 1009 1686 autem,
1052 1634 1211 1691 quam
1256 1636 1396 1676 nunc
1440 1622 1714 1682 videmus.
1746 1621 1801 1676 in
1852 1636 2079 1691 corpore

486 1715 625 1773 facta
647 1723 747 1771 est.
774 1714 950 1784 Quare
968 1729 1088 1770 cum
1109 1722 1163 1769 et
1183 1730 1365 1770 verum
1384 1713 1542 1781 falso,
1575 1725 1627 1771 et
1652 1715 1829 1772 anima
1851 1731 2078 1787 corpore

484 1806 681 1864 melior
697 1806 785 1873 sit,
817 1820 1006 1863 verum
1040 1806 1093 1861 in
1123 1821 1348 1877 corpore
1375 1807 1565 1862 melius
1590 1816 1673 1862 est
1699 1823 1856 1879 quam
1886 1807 2076 1864 falsum

486 1900 546 1957 in
563 1900 759 1956 anima.
787 1897 896 1956 Sed
916 1906 973 1953 ut
991 1896 1094 1955 hoc
1118 1897 1173 1954 in
1197 1910 1449 1969 quantum
1478 1914 1681 1967 verum,
1706 1900 1883 1956 nonin
1904 1916 2095 1972 quam.

486 2001 604 2050 tum
625 1991 678 2047 in
698 2005 922 2062 corpore
941 1991 1021 2055 ﬁt,
1039 1989 1231 2045 melius
1249 1999 1359 2055 est;
1384 1991 1453 2045 ita
1474 1990 1601 2046 illud
1624 1991 1677 2045 in
1697 2000 1951 2062 quantum
1978 1992 2076 2047 fal-

483 2098 628 2151 sum,
654 2082 835 2140 nonin
860 2089 1115 2154 quantum
1162 2081 1217 2136 in
1238 2081 1413 2136 anima
1445 2081 1523 2148 ﬁt,
1555 2080 1783 2140 fortasse
1819 2092 1901 2140 est
1926 2084 2077 2140 dete-

484 2172 618 2230 rius.
633 2171 745 2229 Nisi
765 2171 892 2243 quid
908 2171 1072 2228 habes
1091 2170 1159 2228 ad
1175 2173 1308 2228 haec.
1326 2171 1396 2227 ι).
1415 2172 1557 2228 Nihil
1586 2174 1853 2245 equidem.
1870 2174 1948 2231 Μ.
1967 2178 2074 2231 Au-

482 2264 537 2321 di
557 2263 700 2321 aliud
715 2262 859 2337 quod
876 2262 967 2331 sit,
982 2271 1041 2318 ut
1053 2271 1199 2334 puto,
1214 2263 1439 2319 vicinius
1453 2279 1611 2334 quam
1628 2265 1818 2321 melius
1831 2267 1869 2320 ί.
1892 2266 2073 2338 Neque

481 2354 626 2412 enim
652 2353 891 2425 negabis,
917 2352 1059 2425 quod
1087 2352 1243 2409 decet
1265 2368 1389 2410 esse
1423 2355 1632 2421 melius,
1659 2372 1817 2426 quam
1850 2358 1900 2412 id
1930 2358 2073 2428 quod

480 2461 589 2506 non
623 2446 794 2503 decet.
826 2444 896 2500 υ.
926 2444 1041 2502 lmo
1072 2444 1260 2501 fateor.
1291 2444 1372 2499 Μ.
1395 2446 1465 2502 At
1485 2447 1537 2502 in
1567 2464 1667 2518 qna
1699 2456 1849 2504 veste
1875 2448 2072 2506 decens

480 2547 567 2596 est
580 2538 793 2605 mulier,
812 2538 865 2593 in
880 2536 1069 2594 eadem
1082 2537 1255 2593 virum
1274 2537 1606 2596 indecentem
1622 2555 1741 2597 esse
1762 2557 1939 2611 posse,
1952 2544 2071 2613 quis

476 2630 749 2703 ambigat?
768 2628 840 2685 υ.
872 2630 940 2686 Et
966 2629 1069 2687 hoc
1091 2631 1431 2687 manifestum
1459 2640 1559 2688 est.
1586 2631 1662 2686 Μ.
1704 2633 1840 2702 Quid
1866 2634 1911 2689 si
1942 2649 2072 2706 ergo

476 2721 651 2778 forma
686 2721 785 2779 ista
816 2737 1158 2779 numerorum
1183 2721 1339 2780 decet
1369 2724 1421 2779 in
1446 2726 1611 2792 sonis,
1642 2727 1729 2797 qui
1758 2727 2062 2785 allabuntur

476 2814 717 2883 auribus,
748 2822 804 2871 et
826 2813 1052 2871 dedecet
1087 2815 1143 2871 in
1183 2815 1382 2883 anima,
1410 2832 1531 2872 cum
1570 2832 1664 2873 eos
1694 2818 1979 2875 sentiendo
2006 2834 2071 2876 ac

476 2907 730 2981 patiendo
792 2907 983 2975 habet,
1035 2925 1164 2965 num
1218 2925 1542 2983 magnopere
1605 2914 1902 2969 mirandum
1952 2916 2072 2971 est?

476 2999 550 3059 υ.
578 3000 694 3059 Non
717 3001 927 3074 opinor.
958 3002 1036 3059 Μ.
1059 3002 1197 3071 Quid
1219 3019 1346 3076 ergo
1366 3005 1673 3062 dubitamus
1697 3018 1951 3065 sonantes
1970 3025 2070 3065 nu-

414 3086 415 3089 “
475 3109 659 3151 meros
704 3103 864 3167 atque
915 3109 1204 3167 corporeus
1248 3111 1561 3173 praeponere
1598 3097 1663 3153 iis
1704 3099 1795 3170 qui
1833 3100 1901 3156 ab
1943 3101 2072 3173 ipsis

476 3188 634 3253 ﬁunt,
660 3187 904 3257 quamvis
942 3186 997 3242 in
1030 3188 1207 3243 anima
1237 3186 1385 3252 ﬁant,
1430 3171 1549 3258 qua:
1574 3203 1799 3259 corpore
1834 3200 1917 3245 est
1951 3171 2072 3247 me-

475 3280 617 3338 lior?
643 3280 765 3351 quia
795 3294 1048 3335 numeros
1087 3280 1342 3345 numeris,
1376 3278 1675 3336 efﬁcientes
1715 3281 1865 3337 factis
1887 3284 1931 3349 ²,
1964 3298 2071 3339 non

424 3400 427 3405 -
476 3384 675 3442 corpus
701 3371 895 3427 anima:
922 3370 1301 3443 praeponimus.
1330 3371 1567 3444 Corpora
1602 3374 1746 3430 enim
1776 3383 1925 3432 tanto
1954 3392 2070 3434 me-

477 3462 614 3519 liora
628 3469 774 3529 sunt,
792 3471 991 3535 quanto
1010 3464 1377 3519 numerosiora
1397 3464 1588 3520 talibus
1604 3467 1860 3523 numeris.
1878 3467 2071 3525 Anima

422 3548 427 3552 ’
476 3568 609 3611 vero
632 3554 750 3610 istis
772 3569 891 3624 qua:
916 3568 1014 3625 per
1038 3568 1233 3624 corpus
1257 3556 1468 3626 accipit,
1504 3557 1735 3614 carendo
1771 3558 1828 3614 ﬁt
1857 3560 2068 3630 melior,

414 3646 417 3647 ⁷
477 3662 603 3704 cum
629 3660 751 3704 sese
776 3646 970 3703 avertit
993 3660 1024 3700 a
1056 3647 1359 3703 carnalibus
1394 3650 1661 3721 sensibus,
1687 3662 1742 3708 et
1759 3652 1950 3710 divinis
1982 3669 2071 3710 sa-

476 3738 694 3811 pientia:
720 3738 961 3795 numeris
986 3737 1307 3796 reformatur
1324 3740 1423 3812 (a).
1445 3740 1517 3797 Ita
1539 3745 1734 3816 quippe
1760 3747 1813 3801 iu
1840 3747 2071 3820 Scriptu-

420 3854 421 3857 η
474 3828 554 3887 ris
572 3830 773 3886 sanctis
791 3828 983 3885 dicitur
1012 3848 1027 3886 :
1058 3827 1328 3886 Circumivi
1352 3849 1463 3905 ego,
1492 3844 1546 3888 ut
1563 3836 1741 3891 scirem
1767 3849 1815 3893 et
1839 3841 2071 3896 conside-

473 3937 645 3977 rarent
668 3931 718 3977 et
742 3936 1019 3992 quaerent
1045 3922 1347 3995 sapientiam
1385 3933 1432 3978 et
1463 3942 1724 3982 numerum
1750 3929 1945 4001 (Eccle.
1977 3949 2066 4002 vtt,

472 4012 591 4087 26).
621 4012 772 4083 Quod
807 4014 955 4070 nullo
990 4012 1153 4069 modo
1178 4015 1540 4072 arbitrandum
1570 4018 1742 4076 estde
1771 4022 1854 4077 his
1884 4040 2070 4105 nume-
2108 4036 2116 4043 ‘

472 4107 552 4162 ris
573 4105 795 4172 dictum,
826 4106 1018 4177 quibus
1039 4106 1200 4163 etiam
1218 4106 1476 4178 ﬂagitiosa
1504 4110 1705 4167 theatra
1739 4126 2029 4185 personant
2050 4136 2064 4173 :

414 4220 417 4221 ν
472 4196 573 4254 sed
596 4196 665 4254 de
688 4197 813 4265 illis,
846 4198 1028 4265 credo,
1053 4213 1187 4269 quos
1208 4215 1313 4254 non
1344 4216 1374 4255 a
1407 4216 1630 4274 corpore
1658 4206 1847 4277 accipit
1866 4208 2063 4276 anima,

471 4288 569 4346 sed
596 4297 843 4361 acceptos
875 4304 906 4344 a
934 4305 1144 4346 summo
1174 4290 1283 4346 Deo
1322 4292 1432 4363 ipsa
1461 4296 1633 4364 potius
1658 4296 1915 4368 imprimit
1942 4316 2066 4356 cor-

472 4380 611 4451 pori.
630 4379 784 4448 Quod
814 4381 969 4453 quale
982 4382 1071 4450 sit,
1095 4396 1202 4438 non
1230 4380 1333 4439 hoc
1358 4384 1475 4440 loco
1499 4397 1580 4441 est
1595 4390 2061 4448 considerandum.

472 4490 702 4553 CAPUT
728 4493 880 4551 V.-—
898 4496 1083 4553 Anima
1109 4514 1175 4552 an
1195 4515 1226 4551 a
1251 4515 1462 4571 corpore
1486 4502 1727 4572 patiatur,
1751 4514 1796 4560 et
1814 4508 2065 4577 quomodo

1166 4591 1367 4646 sentiat.

546 4681 600 4737 8.
628 4680 1007 4739 Verumtamen
1046 4698 1116 4739 ne
1162 4683 1291 4739 illud
1332 4696 1598 4756 occurrat,
1650 4689 1859 4747 arboris
1901 4692 2064 4749 vitam

473 4770 750 4828 meliorem
794 4788 917 4831 esse
944 4789 1101 4845 quam
1132 4785 1391 4845 nostram,
1430 4780 1679 4850 quoniam
1721 4798 1830 4838 non
1871 4786 2063 4856 accipit

470 4862 755 4919 sentiendo
780 4878 811 4919 a
840 4879 1065 4937 corpore
1107 4881 1357 4923 numeros
1398 4866 1598 4943 (nullus
1621 4874 1766 4928 enim
1790 4874 1840 4929 ei
1871 4890 2063 4932 sensus

471 4952 617 5027 est);
646 4953 925 5026 diligenter
940 4956 1384 5015 considerandum
1410 4971 1492 5017 est
1512 4971 1689 5019 utrum
1718 4981 1900 5022 revera
1931 4969 2060 5024 nihil

468 5049 539 5105 sit
567 5048 709 5104 aliud
738 5048 879 5120 quod
903 5049 1096 5107 dicitur
1122 5051 1322 5121 audire,
1356 5054 1456 5111 nisi
1482 5056 1679 5128 aliquid
1701 5074 1733 5113 a
1756 5074 1978 5131 corpore
2004 5061 2058 5117 in

467 5139 646 5195 anima
676 5139 812 5197 fieri.
840 5140 944 5198 Sed
968 5142 1352 5214 perabsurdum
1381 5154 1464 5202 est
1499 5145 1803 5206 fabricatori
1847 5154 2060 5222 corpori

468 5233 746 5289 materiam
787 5246 1004 5306 quoquo
1031 5236 1190 5291 modo
1219 5237 1453 5293 animam
1492 5240 1738 5298 subdere.
1777 5242 2058 5313 Nunquam

467 5324 613 5379 enim
640 5324 819 5382 anima
845 5334 927 5382 est
962 5340 1189 5399 corpore
1222 5328 1488 5397 deterior;
1528 5340 1582 5387 et
1617 5335 1790 5389 omnis
1835 5336 2058 5392 materia

464 5414 783 5476 fabricatore
823 5419 1075 5477 deterior.
1138 5421 1294 5479 Nullo
1337 5424 1497 5482 modo
1544 5427 1703 5498 igitur
1749 5431 1923 5485 anima
1975 5431 2055 5486 fa-

528 5550 748 5626 Ἓάίιίὲ
780 5558 841 5605 δε
1262 5566 1423 5626 Nemee
1456 5558 1586 5611 επίηι
1621 5560 1856 5626 negabis;
1879 5566 2057 5619 omaso

464 5621 609 5680 quam
627 5614 815 5678 melius,
839 5614 969 5680 quod
990 5630 1054 5668 ex
1072 5625 1178 5670 Mss.
1202 5614 1519 5673 restituimus.

526 5675 550 5707 ³
580 5680 727 5729 Juxta
747 5675 831 5728 Is.
856 5675 891 5727 λ
911 5693 926 5730 :
943 5685 1001 5732 Et
1019 5680 1246 5745 facimus
1265 5682 1422 5747 factis.
1489 5692 1545 5735 Μ.

520 5769 599 5834 (ι)
619 5771 721 5823 vid.
746 5780 950 5827 ιιοιηα.
974 5773 1044 5826 lib
1088 5778 1135 5838 1,
1157 5791 1262 5843 cap.
1292 5780 1368 5841 ll,
1392 5792 1440 5831 n.
1465 5777 1513 5833 2.

1684 292 1773 352 DE.
1811 295 2085 368 MUSICA,
2122 290 2184 357 8ο
2224 298 2590 361 AUGUSTINI

3632 327 3747 389 1168

2194 415 2443 475 bricatori
2496 422 2706 492 corpori
2744 433 2827 480 est
2866 424 3105 497 subjecta
3151 433 3417 489 materies.
3480 436 3631 494 Esset
3665 458 3747 500 au-

2197 518 2341 575 tem,
2387 512 2431 565 si
2471 512 2677 584 aliquos
2723 515 2774 571 in
2811 532 2872 571 ea
2916 534 3165 576 numeros
3213 538 3411 596 corpus
3446 542 3743 597 operaretur.

2194 600 2311 657 Non
2338 620 2485 675 ergo,
2499 621 2618 662 cum
2643 609 2909 677 audimus,
2941 612 3074 668 ﬁunt
3099 615 3152 669 in
3176 618 3351 672 anima
3389 624 3587 677 numeri
3614 625 3674 680 ab
3694 628 3746 684 iis

2195 711 2328 766 quos
2344 697 2393 751 in
2410 700 2557 753 sonis
2571 704 2962 773 cognoscimus.
2983 708 3068 760 An
3089 707 3287 778 aliquid
3317 712 3615 769 renuis”).
3630 716 3742 785 Quid
3786 770 3789 773 γ

2193 796 2276 842 est
2301 803 2429 859 ergo
2456 791 2596 861 quod
2630 794 2680 847 in
2703 795 2953 851 audiente
2972 798 3268 868 contingit?
3297 798 3377 855 Π.
3414 802 3664 875 Quidquid
3694 788 3785 875 il-i‘

2192 875 2281 932 lud
2311 858 2383 934 sit
2404 858 2543 952 quod
2581 882 2809 941 fortasse
2845 887 3085 946 invenire
3113 858 3205 945 aut
3232 858 3500 963 explicare

2192 984 2394 1036 sutnus,
2422 989 2547 1029 num
2573 975 2640 1030 ad
2669 977 2770 1031 hoc
2800 979 3014 1046 valebit,
3051 991 3109 1036 ut
3131 982 3371 1039 animam
3400 1000 3620 1057 corpore
3643 1007 3733 1047 tne-

2190 1061 2377 1118 liorem
2408 1080 2529 1121 esse
2554 1066 2893 1125 dubitemus?
2917 1072 3023 1128 Aut
3047 1088 3169 1129 cum
3200 1074 3305 1132 hoc
3329 1076 3571 1147 fatemur,
3610 1095 3735 1152 pote.

2191 1162 2427 1211 rimusne
2452 1164 2691 1228 aperanti
2728 1162 2938 1232 corpori
2964 1173 3019 1218 et
3044 1181 3300 1223 numeros
3327 1168 3610 1239 imponenti
3640 1191 3733 1232 eam

2188 1244 2449 1313 subdere;
2479 1257 2536 1302 ut
2578 1249 2706 1305 illud
2736 1251 2805 1306 sit
2842 1251 3127 1323 fabricans,
3159 1256 3277 1313 brec
3311 1270 3487 1315 autem
3526 1267 3733 1324 materies

2188 1333 2255 1391 dc
2280 1351 2380 1406 qua
2408 1350 2463 1392 et
2487 1337 2538 1393 iu
2562 1356 2663 1409 qua
2683 1357 3025 1399 numerosum
3048 1346 3247 1418 aliquid
3277 1347 3595 1407 fabricetur?
3613 1355 3732 1424 Quod

2186 1427 2231 1481 si
2260 1429 2546 1499 credimus,
2576 1430 2897 1491 deteriorem
2934 1438 3077 1494 illam
3098 1441 3388 1499 credamus
3430 1460 3631 1503 necesse
3651 1461 3727 1506 est.

2185 1520 2303 1589 Quo
2341 1523 2465 1593 quid
2509 1524 2774 1595 miserius,
2814 1529 2939 1598 quid
2972 1530 3348 1591 detestabilius
3375 1536 3520 1593 credi
3564 1544 3730 1608 potest?

2184 1610 2313 1679 Qua:
2337 1630 2457 1669 cum
2487 1616 2557 1670 ita
2586 1618 2713 1685 sint,
2740 1620 2977 1676 conabor
2999 1623 3249 1693 equidem
3280 1626 3326 1692 ¹,
3353 1638 3596 1698 quantum
3622 1632 3729 1689 Dem

2183 1704 2433 1773 adjuvare
2460 1706 2783 1778 dignabitur,
2811 1711 3062 1783 quidnam
3090 1714 3162 1770 ibi
3188 1717 3358 1772 lateat
3382 1720 3728 1789 conjectareat-

2182 1812 2285 1868 que
2314 1798 2595 1856 disserere.
2623 1801 2728 1857 Sed
2764 1803 2810 1858 si
2832 1802 2935 1861 huc
2978 1816 3194 1878 propter
3220 1810 3503 1881 utriusque
3524 1822 3603 1867 aut
3622 1814 3725 1870 alte.u

2179 1889 2293 1947 rius
2317 1898 2555 1946 nostrum
2597 1892 2957 1951 infirmitatem
2997 1900 3175 1953 minus
3212 1915 3318 1970 pro
3346 1901 3602 1959 voluntate
3627 1920 3722 1961 suc-

2180 1983 2420 2048 cesserit,
2436 1984 2519 2038 vel
2540 1999 2636 2038 nos
2653 1984 2748 2055 ipsi
2770 1988 2900 2041 alias
2914 1990 3216 2046 sereniores
3230 1991 3285 2046 id
3311 1992 3721 2064 investigabiluts,

2180 2073 2269 2129 vel
2286 2073 2779 2145 intelligentioribus
2798 2078 3158 2150 investiganda
3175 2080 3503 2149 defercmus,
3518 2087 3590 2141 vel
3604 2104 3721 2158 equo

2178 2166 2358 2221 animo
2390 2166 2557 2222 latere
2588 2168 2881 2238 patiemur:
2911 2187 3017 2226 non
3048 2181 3229 2229 tamen
3254 2174 3385 2231 ideo
3415 2176 3512 2231 ista
3538 2180 3720 2234 certiora

2177 2260 2245 2316 de
2287 2261 2531 2317 manibus
2558 2261 2815 2320 debemus
2853 2265 3115 2322 amittere.
3164 2266 3232 2322 D.
3264 2268 3487 2326 Tenebo
3509 2270 3630 2326 istud
3656 2272 3718 2326 iu-

2178 2370 2493 2412 cuncussum
2530 2357 2575 2411 si
2604 2367 2808 2427 potero,
2852 2367 2908 2415 et
2950 2369 3129 2416 tamen
3158 2360 3429 2419 latebram
3468 2363 3609 2419 istam
3638 2379 3714 2418 nos

2176 2463 2295 2504 esse
2322 2449 2774 2519 impenetrabilem
2798 2452 2954 2507 nobis
2984 2453 3167 2509 velim.

2177 2598 2180 2602 ,
2246 2540 2299 2596 9.
2324 2539 2400 2593 Μ.
2423 2540 2540 2596 Cito
2566 2540 2739 2596 dicam
2767 2543 2894 2613 quid
2919 2545 3091 2600 sentio
3122 2562 3137 2599 :
3168 2555 3223 2600 tu
3242 2562 3379 2603 vero
3408 2557 3498 2604 aut
3516 2563 3709 2620 sequere,

2175 2642 2267 2688 aut
2294 2632 2451 2688 etiam
2479 2634 2737 2704 praecede,
2763 2637 2810 2692 si
2838 2637 3059 2703 valebis,
3092 2638 3181 2695 ubi
3208 2655 3297 2695 me
3316 2642 3547 2697 cunctari
3563 2651 3611 2697 et
3627 2642 3711 2698 ba-

2176 2723 2339 2780 sitare
2362 2725 2818 2783 animadverteris.
2849 2727 2962 2799 Ego
2981 2729 3127 2785 enim
3146 2730 3216 2785 ab
3244 2732 3428 2787 anima
3446 2731 3539 2788 hoc
3557 2748 3709 2803 corpu

2175 2817 2396 2871 animari
2432 2833 2539 2874 non
2592 2828 2738 2889 puto,
2788 2820 2887 2874 nisi
2934 2820 3233 2878 intentione
3270 2821 3527 2881 facientis.
3555 2824 3710 2881 Necab

2176 2907 2280 2964 isto
2305 2910 2590 2981 quidquam
2614 2910 2758 2965 illam
2788 2912 2895 2982 pati
2923 2913 3174 2975 arbitror.
3199 2914 3297 2970 sed
3320 2914 3492 2973 facere
3511 2916 3570 2972 de
3587 2917 3709 2971 illoet

2176 2999 2230 3054 in
2261 3000 2351 3053 illo
2380 3009 2629 3071 tanquam
2671 3001 2914 3071 subjecto
2942 3003 3198 3059 divinitus
3228 3004 3561 3062 dominationi
3583 3021 3703 3062 sua:

2176 3090 2460 3162 aliquando
2489 3102 2665 3147 tamen
2694 3108 2818 3148 cum
2858 3093 3133 3162 facilitate,
3162 3096 3453 3168 aliquando
3481 3098 3701 3153 αιωάίηὶο

2174 3184 2370 3241 cultate
2398 3187 2627 3255 operari,
2656 3196 2854 3258 quanto
2876 3204 2970 3258 pro
2997 3189 3114 3258 ejus
3142 3190 3356 3247 meritis
3375 3191 3517 3263 magis
3535 3192 3699 3245 mittuso

2175 3292 2240 3332 ve
2266 3277 2340 3331 illi
2363 3277 2503 3332 cedit
2521 3287 2709 3333 natura
2735 3293 3008 3349 corporea.
3023 3279 3335 3350 Corporalia
3350 3298 3472 3353 ergo
3483 3295 3703 3351 quacum-

2175 3382 2278 3438 que
2308 3366 2429 3423 huic
2463 3369 2671 3438 corpori
2702 3369 3011 3439 ingeruntur
3034 3379 3125 3425 aut
3157 3370 3475 3441 objiciuntur
3494 3374 3705 3427 eurime-

2176 3472 2294 3526 cus,
2327 3458 2501 3513 nonin
2518 3460 2717 3527 anitua,
2738 3460 2830 3515 sed
2860 3462 2911 3515 in
2937 3462 3050 3531 ipso
3071 3477 3300 3533 corpore
3325 3463 3514 3533 aliquid
3526 3461 3702 3526 facium,

2176 3551 2316 3621 quod
2345 3551 2492 3621 opt-ri
2519 3553 2634 3622 ejus
2663 3559 2756 3605 ant
2796 3550 3127 3619 adversetur,
3169 3562 3262 3607 aut
3294 3563 3555 3624 congruat.
3583 3552 3704 3607 Ideo-

2176 3660 2277 3714 que
2307 3660 2427 3699 cum
2456 3646 2701 3699 renititur
2724 3645 3050 3711 adversanti,
3083 3656 3138 3701 et
3171 3648 3448 3702 materiam
3485 3646 3572 3702 sibi
3607 3645 3704 3700 stib-

2172 3737 2366 3808 jectam
2399 3738 2452 3793 in
2482 3738 2658 3809 operis
2685 3738 2766 3793 sui
2808 3738 2918 3793 vias
2948 3736 3233 3794 difﬁculter
3278 3738 3529 3810 impingit,
3574 3736 3703 3791 ﬁtat-

2178 3829 2373 3884 lentior
2409 3845 2472 3884 cx
2520 3828 2833 3885 difﬁcultate
2880 3830 2934 3884 in
2962 3831 3261 3895 actionem;
3316 3846 3434 3901 qua:
3472 3828 3703 3886 difﬁcultas

2176 3929 2393 3989 propter
2417 3919 2787 3986 attentionem,
2820 3934 2940 3975 cum
2970 3935 3087 3975 eam
3125 3935 3233 3976 non
3270 3921 3419 3988 latet,
3447 3921 3617 3975 sentire
3636 3917 3698 3971 dio

2175 4011 2333 4076 citur,
2364 4020 2418 4065 ct
2446 4011 2547 4065 hoc
2566 4020 2783 4066 vocatur
2806 4010 2958 4065 dolor
2982 4021 3073 4066 aut
3088 4011 3258 4067 labor.
3282 4012 3411 4067 Cum
3436 4023 3587 4068 autem
3601 4024 3697 4065 cono

2176 4103 2317 4174 gruit
2344 4103 2483 4173 quod
2512 4103 2755 4169 infertur,
2798 4113 2887 4158 aut
2922 4103 3150 4174 adjacet,
3200 4104 3353 4160 facile
3393 4101 3698 4161 totomidvel
3740 4162 3745 4167 ν

2175 4210 2239 4251 ex
2270 4211 2335 4250 eo
2361 4204 2614 4266 quantum
2642 4212 2775 4266 upus
2798 4205 2903 4262 est,
2921 4196 2972 4250 in
3000 4198 3080 4251 sui
3100 4197 3277 4266 operis
3297 4197 3479 4253 itinera
3500 4193 3699 4249 traducit.

2177 4286 2244 4342 Et
2272 4286 2367 4341 ista
2398 4288 2513 4356 eius
2556 4288 2695 4342 actio
2741 4303 2844 4357 qua
2887 4301 3039 4341 suum
3075 4302 3270 4358 corpus
3296 4286 3603 4343 convenienti
3624 4298 3701 4337 ex-
3800 4330 3801 4333 η

2177 4378 2437 4433 trinsecus
2461 4378 2671 4449 corpori
2700 4378 2957 4448 adjungit,
2987 4379 3240 4448 quoniam
3268 4388 3479 4451 propter
3495 4375 3701 4447 quiddam

2172 4471 2518 4527 adventitium
2566 4472 2819 4527 attentius
2846 4471 3038 4543 agitur,
3070 4486 3176 4527 non
3218 4473 3374 4538 latet;
3404 4472 3487 4528 sed
3518 4476 3701 4539 propter

2175 4566 2621 4631 convenientiam,
2645 4582 2766 4621 cum
2789 4566 3056 4635 voluptate
3080 4566 3329 4621 sentitur.
3346 4568 3524 4621 Atcunt
3536 4562 3703 4617 desunt
3798 4550 3799 4645 χ

2080 4643 2087 4653 ’
2171 4676 2235 4715 ea
2262 4659 2453 4730 quibus
2478 4659 2717 4730 corporis
2745 4658 3061 4713 detrimenta
3085 4658 3304 4725 reﬁciat,
3335 4666 3526 4729 egestas
3544 4666 3701 4709 conse~

2172 4752 2383 4823 quitur;
2411 4759 2466 4805 et
2502 4750 2600 4805 hac
2640 4750 2861 4805 actionis
2903 4749 3213 4804 difﬁcultate
3241 4764 3361 4805 cum
3393 4750 3448 4802 ﬁt
3469 4744 3697 4804 attentior,

2171 4852 2226 4898 et
2256 4843 2373 4897 talis
2402 4845 2521 4913 ejus
2558 4843 2794 4913 operatio
2821 4857 2925 4896 non
2953 4857 3069 4896 cam
3095 4842 3244 4909 latet,
3285 4842 3447 4897 fames
3477 4849 3553 4895 aut
3583 4836 3695 4898 sitis,
3796 4914 3797 4917 η

2171 4944 2261 4989 aut
2294 4935 2396 4989 tale
2424 4934 2620 5005 aliquid
2647 4933 2962 5003 appellatur.
2987 4929 3121 4988 Cum
3149 4943 3325 4988 autem
3353 4938 3605 5003 supersunt
3627 4928 3695 4979 iu-
3796 4946 3797 4951 π

2171 5036 2340 5097 gesta,
2368 5036 2423 5081 et
2447 5041 2511 5081 ex
2533 5041 2717 5081 eorum
2740 5040 2903 5081 onere
2918 5026 3151 5081 nascitur
3170 5024 3447 5081 difﬁcultas
3463 5018 3694 5093 operandi.

2170 5134 2346 5189 neque
2374 5119 2472 5173 hoc
2511 5119 2626 5173 sine
2649 5119 2939 5173 attentione
2971 5118 3057 5183 ﬁt;
3087 5128 3145 5174 et
3168 5134 3288 5173 cum
3319 5119 3436 5173 talis
3470 5117 3693 5172 actioma

2170 5162 2319 5278 latiit,
2357 5210 2589 5265 cruditas
2613 5208 2841 5265 sentitur
2872 5228 2885 5263 :
2915 5218 3116 5265 attente
3151 5212 3309 5267 etiam
3338 5222 3570 5281 operatur
3594 5217 3692 5261 cum
3794 5162 3795 5255 ι

2168 5302 2313 5372 ejicit
2338 5300 2682 5371 superﬂuum,
2704 5302 2747 5355 si
2769 5301 2980 5369 leniter,
3002 5316 3121 5357 cum
3145 5302 3431 5373 voluptate;
3456 5301 3498 5355 si
3516 5309 3687 5368 aspere.

2169 5411 2291 5452 cum
2319 5395 2523 5450 dolore.
2573 5394 2861 5449 Morbidam
2895 5410 3103 5465 quoque
3138 5394 3560 5466 perturbationem
3588 5401 3688 5442 ωιν-
3792 5466 3793 5483 χ

2170 5490 2317 5562 poris
2344 5497 2544 5544 attente
2571 5489 2698 5559 agit,
2730 5502 3043 5543 succurrere
3080 5498 3331 5559 appetens
3353 5486 3531 5542 labenti
3555 5489 3684 5548 atque
3792 5486 3793 5561 χ

2170 5582 2430 5640 difﬁncnti
2447 5598 2461 5647 ;
2478 5590 2533 5637 et
2554 5582 2652 5637 hac
2666 5580 2873 5636 actione
2902 5596 3010 5637 non
3032 5579 3227 5639 latente
3255 5578 3461 5637 morbos
3478 5586 3529 5634 et
3546 5584 3683 5645 ψο-

2168 5676 2398 5733 tationes
2418 5675 2616 5731 sentire
2639 5673 2849 5730 dicitur.

2230 5777 2245 5805 '
2306 5781 2449 5824 Juxta
2472 5780 2553 5823 Ms.
2579 5780 2630 5834 Α,
2651 5768 2853 5822 conabor
2874 5764 3033 5824 etiam.
3093 5776 3151 5821 ι.
