3844 6280
185 423 312 490 1169

247 536 337 594 ιο.
362 534 435 593 Et
454 548 528 592 ne
550 534 768 608 longum
792 531 1004 599 faciam,
1031 531 1243 589 videtur
1268 528 1399 587 mihi
1427 527 1605 585 anima
1633 541 1757 582 cum

191 627 342 688 sentit
370 627 424 682 in
452 640 705 697 corpore,
735 639 841 681 non
865 624 935 680 ab
962 623 1054 679 illo
1074 620 1272 695 aliquid
1298 621 1428 692 pati,
1454 619 1548 678 sed
1570 620 1622 675 in
1642 618 1761 691 ejus

188 718 514 795 passionibus
539 716 798 773 attentius
818 729 1000 788 agere,
1027 724 1083 770 et
1110 714 1206 769 has
1233 712 1473 768 actiones
1494 711 1609 767 sive
1634 709 1760 766 faci-

190 814 260 870 les
282 817 498 881 propter
525 806 975 874 convenientiam,
1003 805 1118 862 sive
1144 802 1395 861 difﬁciles
1424 811 1645 875 propter
1669 800 1758 857 in-

191 902 633 968 convenientiam,
672 914 780 956 non
826 914 946 955 eam
988 898 1152 954 latere
1182 912 1197 951 :
1228 905 1283 953 et
1322 896 1425 952 hoc
1467 903 1638 951 totum
1675 902 1761 950 est

193 994 317 1069 quod
340 993 539 1050 sentire
566 992 780 1049 dicitur.
806 990 912 1048 Sed
941 990 1044 1046 iste
1066 1003 1291 1055 sensus,
1320 988 1412 1059 qni
1440 988 1601 1044 etiam
1631 985 1760 1042 dum

193 1086 304 1146 nihil
329 1084 609 1151 sentimus,
634 1085 773 1139 inest
796 1093 996 1147 tamen,
1023 1082 1437 1138 instrumentum
1458 1087 1543 1135 est
1564 1092 1758 1148 corpo-

194 1180 257 1238 ris
278 1219 295 1245 ,
322 1177 461 1249 quod
485 1193 549 1233 ea
578 1175 965 1246 temperatione
990 1175 1163 1247 agitur
1191 1174 1262 1230 ab
1284 1173 1460 1229 anima
1481 1213 1497 1237 ,
1525 1180 1585 1228 ut
1611 1188 1666 1228 m
1692 1184 1761 1227 eo

193 1272 252 1328 sit
271 1269 335 1326 ad
360 1269 637 1341 passiones
661 1269 905 1338 corporis
929 1282 1052 1325 cum
1080 1267 1375 1323 attentione
1399 1264 1632 1338 agendas
1659 1279 1760 1337 pa-

192 1362 359 1427 ratior,
378 1360 571 1417 similia
592 1360 857 1416 similibus
881 1368 941 1415 ut
963 1359 1243 1431 adjungat,
1269 1357 1598 1429 repellatque
1617 1355 1760 1428 quod

194 1452 389 1509 noxium
415 1459 518 1507 est.
547 1452 673 1521 Agit
699 1465 878 1520 porro,
902 1457 960 1505 ut
978 1450 1189 1519 opinor,
1214 1446 1537 1503 luminosum
1561 1444 1760 1517 aliquid

194 1547 238 1603 in
270 1544 463 1610 oculis,
502 1544 706 1599 aerium
746 1540 1144 1598 serenissimum
1183 1548 1240 1596 et
1259 1538 1666 1595 mobilissimum
1705 1537 1758 1594 in

195 1636 409 1702 auribus,
437 1634 791 1705 caliginosum
821 1632 875 1688 in
903 1632 1143 1697 naribus,
1173 1630 1226 1686 in
1254 1645 1349 1685 ore
1373 1629 1672 1696 humidum,
1704 1627 1760 1684 in

197 1738 320 1785 tactu
338 1739 603 1783 terrenum
626 1734 683 1782 et
703 1726 855 1797 quasi
878 1725 1214 1780 lutulentum.
1241 1723 1348 1780 Sed
1378 1724 1489 1779 sive
1513 1723 1615 1779 hac
1643 1722 1758 1779 sive

196 1822 283 1876 alia
314 1818 681 1875 distributione
719 1816 818 1873 ista
852 1815 1239 1884 conjiciantur;
1282 1814 1391 1885 agit
1430 1813 1547 1868 lucc
1581 1812 1759 1869 anima

198 1926 299 1969 curn
325 1911 500 1981 quiete
518 1950 533 1973 .
564 1910 609 1966 si
638 1925 700 1966 ea
730 1925 849 1982 qua:
880 1909 1060 1963 insunt
1088 1907 1141 1962 in
1170 1905 1374 1962 unitate
1407 1905 1756 1973 valetudinis,
1786 1968 1801 1979 ι

199 2004 326 2074 qusi
351 1999 595 2057 familiari
622 2000 854 2072 quadam
880 1998 1232 2055 consensione
1256 1996 1593 2053 cesserunt‘.
1621 1995 1758 2052 Cum

197 2104 350 2150 autem
374 2092 693 2149 adhibentur
714 2106 778 2147 ea
803 2106 923 2163 qua:
952 2090 1207 2146 nonnulla
1227 2133 1241 2154 ,
1263 2098 1322 2145 ut
1350 2090 1422 2145 ita
1447 2089 1621 2145 dicam
1641 2131 1655 2155 ,
1682 2089 1761 2144 al-

198 2187 380 2255 teritate
403 2198 602 2254 corpus
626 2183 896 2244 afﬁciunt;
923 2181 1124 2239 exserit
1158 2181 1471 2238 attentiores
1497 2183 1753 2249 actiones,

199 2277 293 2333 suis
314 2276 603 2347 quibusque
631 2275 766 2331 locis
792 2282 950 2347 atque
980 2275 1349 2331 instrumentis
1383 2275 1759 2331 accommoda-

198 2377 268 2423 tas
284 2386 300 2422 ε
316 2378 431 2424 tunc
452 2367 660 2434 videre,
686 2366 772 2423 vel
798 2366 1007 2433 audire,
1030 2367 1117 2423 vel
1136 2366 1389 2433 olfacere,
1410 2367 1493 2422 vel
1519 2376 1755 2439 gustare,

203 2458 272 2514 vel
295 2457 548 2530 tangendo
579 2457 782 2514 sentire
822 2456 1052 2524 dicitur;
1082 2458 1276 2528 quibus
1302 2456 1603 2514 actionibus
1626 2474 1756 2514 con-

193 2563 304 2619 grus
343 2548 567 2605 libenter
615 2548 881 2614 associat,
928 2556 985 2604 et
1027 2548 1252 2604 moleste
1301 2548 1514 2604 obsistit
1566 2549 1755 2628 incon-

192 2639 335 2710 gruis.
356 2639 458 2695 llas
482 2638 827 2710 operatioues
857 2639 1195 2709 passionibus
1218 2639 1462 2709 corporis
1490 2649 1619 2710 pmo
1641 2638 1759 2696 aui-

190 2745 316 2786 nam
356 2729 609 2789 exhibere
652 2744 776 2788 cum
820 2731 1018 2799 sentit,
1064 2746 1171 2789 non
1215 2732 1432 2789 easdem
1479 2734 1758 2803 passiones

188 2822 424 2893 recipere.

251 2915 331 2971 li.
360 2915 695 2986 Quapropter
722 2930 845 2972 cum
877 2915 947 2973 de
984 2930 1239 2972 sonorum
1266 2918 1504 2973 numeris
1531 2917 1584 2974 in
1613 2933 1755 2990 υττε-

188 3007 339 3062 sentia
357 3016 643 3077 quaeratur,
665 3015 720 3062 et
738 3022 928 3063 sensus
950 3007 1163 3064 aurium
1189 3018 1408 3064 vocetur
1429 3009 1481 3063 in
1507 3008 1752 3078 dubium,

188 3112 284 3155 non
316 3107 519 3169 oportet
557 3110 657 3169 per
694 3108 889 3155 caetera
930 3099 1130 3156 diutius
1171 3100 1405 3172 evagari.
1439 3098 1755 3158 iit-feramus

188 3191 347 3262 itaque
375 3207 471 3247 nos
492 3190 562 3247 ad
587 3191 643 3248 id
679 3191 747 3247 de
783 3207 891 3263 quo
924 3193 1131 3264 agitur,
1171 3202 1227 3251 et
1264 3192 1542 3251 videamus
1575 3202 1753 3251 utrum

190 3299 333 3343 tonus
366 3289 417 3346 in
461 3290 681 3346 auribus
719 3289 919 3361 aliquid
963 3290 1139 3346 faciat.
1181 3290 1266 3346 An
1306 3299 1361 3345 tu
1406 3290 1459 3345 id
1498 3290 1756 3362 negabis?

199 3380 257 3438 υ.
290 3383 412 3441 Nihil
455 3384 652 3440 minus.
688 3382 766 3438 Μ.
796 3383 976 3452 Quid?
1011 3383 1230 3440 easdem
1268 3397 1427 3440 aures
1461 3382 1755 3440 animatum

204 3478 454 3535 neniarum
479 3493 603 3534 esse
624 3491 804 3534 nonne
826 3476 1110 3534 concedis?
1130 3475 1199 3532 D.
1223 3475 1493 3532 Concedo.
1519 3475 1595 3530 Μ.
1617 3475 1755 3532 Cum

207 3581 311 3639 ergo
329 3570 368 3626 id
389 3571 532 3643 quod
559 3571 613 3626 in
639 3585 704 3625 eo
732 3569 974 3626 membro
1002 3568 1177 3625 simile
1204 3576 1291 3625 est
1317 3568 1451 3635 aeri,
1478 3576 1758 3625 moveatur

203 3671 301 3714 aen:
322 3677 600 3732 percusso;
630 3661 868 3717 animam
907 3661 1054 3717 illam
1081 3676 1200 3730 qure
1227 3669 1353 3716 ante
1378 3659 1537 3716 istum
1563 3675 1754 3716 sonum

196 3751 313 3808 vitali
338 3763 475 3811 motu
503 3755 556 3810 in
584 3755 798 3812 silentio
823 3768 1021 3826 corpus
1048 3753 1256 3809 aurium
1287 3753 1565 3823 vegetabat
1582 3794 1599 3819 ,
1626 3767 1755 3809 num

195 3854 410 3915 putamus
447 3855 542 3902 aut
579 3860 795 3903 cessare
832 3860 991 3919 posse
1026 3844 1096 3900 ah
1125 3859 1293 3916 onere
1329 3843 1578 3900 movendi
1614 3843 1758 3914 quod

193 3934 391 4002 animat,
420 3947 513 3992 aut
543 3935 735 3993 eodem
764 3936 926 3991 modo
955 3950 1170 3991 movere
1194 3944 1525 3991 commotum
1551 3934 1756 3991 extrin-

191 4039 324 4083 secus
357 4045 532 4086 aerem
583 4029 735 4084 auris
770 4042 917 4092 sum,
945 4042 1051 4099 quo
1078 4026 1328 4083 movebat
1355 4035 1638 4096 antequam
1670 4026 1759 4083 ille

193 4116 471 4177 illaberetur
495 4121 698 4175 sonus?
728 4118 795 4173 ι).
825 4117 939 4174 Non
969 4118 1182 4173 videtur
1206 4117 1308 4173 nisi
1336 4118 1512 4173 aliter.
1537 4115 1616 4171 ll.
1643 4116 1758 4174 Hoc

192 4220 302 4280 ergo
322 4211 472 4267 aliter
496 4225 716 4266 movere
737 4212 780 4276 ’,
813 4223 993 4265 nonne
1019 4208 1289 4264 fatendum
1316 4217 1399 4263 est
1418 4208 1595 4265 facere
1612 4223 1753 4274 esse,

193 4314 279 4357 non
303 4301 439 4370 pati?
467 4302 542 4358 D.
572 4302 646 4358 ita
678 4308 781 4358 est.
810 4299 888 4355 Ι.
915 4299 1031 4355 Non
1056 4299 1213 4371 igitur
1239 4298 1470 4356 absurde
1489 4298 1757 4355 credimus

195 4401 342 4447 motus
364 4409 488 4450 suns
515 4394 770 4459 animam,
797 4392 881 4448 vel
902 4392 1159 4455 actiones,
1181 4390 1264 4446 vel
1287 4391 1648 4460 operatioues,
1670 4392 1755 4447 vel

195 4481 231 4536 si
245 4497 336 4556 quo
353 4485 455 4542 alio
477 4486 697 4542 nomine
716 4483 1052 4541 commodius
1070 4482 1356 4554 signiﬁcari
1385 4492 1625 4553 possunt,
1648 4497 1754 4539 non

196 4570 334 4631 latere
357 4592 475 4632 cum
504 4577 690 4633 sentit.

250 4668 326 4724 l2.
354 4669 443 4726 lia:
466 4677 643 4726 autem
673 4667 1034 4739 operationes,
1063 4666 1147 4722 vel
1171 4664 1596 4737 praecedentibus
1622 4680 1751 4723 cor-

198 4768 349 4824 porum
380 4759 709 4829 passionibus
730 4756 1085 4822 adhibentur;
1109 4765 1167 4811 ut
1195 4765 1323 4812 sunt
1347 4772 1467 4811 cum
1498 4755 1597 4811 illac
1624 4771 1755 4813 ocu-

196 4845 336 4906 lorum
368 4860 671 4907 nostrorum
711 4849 887 4905 lucem
930 4849 1115 4904 formm
1159 4847 1531 4918 interpellant,
1571 4858 1663 4903 aut
1700 4848 1752 4904 in

194 4952 323 4997 aures
347 4941 512 4997 inﬁuit
540 4956 704 4997 sonus
722 4982 738 5008 ,
766 4949 861 4996 aut
890 4940 1109 4996 naribus
1137 4938 1508 4995 exhalationes
1527 4980 1543 5004 ,
1575 4939 1753 5010 palato

195 5043 399 5101 sapores,
429 5044 630 5089 ctctero
650 5030 865 5103 corpori
892 5028 1145 5102 quaelibet
1169 5027 1339 5085 solida
1366 5038 1418 5085 et
1444 5029 1753 5100 corpulenta

193 5121 504 5180 admoventur
542 5123 876 5179 extrinsecus
894 5165 908 5187 ,
939 5122 1023 5179 vel
1052 5122 1105 5176 in
1138 5121 1258 5192 ipso
1285 5136 1512 5191 corpore
1535 5120 1603 5177 de
1633 5121 1753 5178 loco

193 5213 235 5270 in
257 5215 416 5275 locum
445 5218 642 5290 migrat
669 5215 865 5288 aliquid
891 5216 1007 5272 sive
1034 5215 1243 5278 transit,
1268 5214 1350 5269 vel
1381 5218 1546 5270 totum
1576 5213 1750 5286 ipsum

193 5320 355 5380 corpus
376 5326 472 5368 suo
491 5311 737 5368 alienove
760 5307 997 5381 pondere
1015 5315 1291 5363 movetur:
1319 5306 1402 5361 ha:
1417 5315 1542 5362 sunt
1564 5322 1753 5377 opera-

190 5400 336 5460 tioues
355 5419 487 5477 quas
512 5402 735 5461 adhibet
758 5403 934 5459 anima
963 5399 1390 5472 prazcedentibus
1412 5398 1752 5470 passionibus

184 5498 435 5567 corporis;
464 5513 587 5570 quae
612 5496 881 5553 delectant
904 5510 1023 5552 eam
1053 5494 1441 5559 associautem,
1474 5493 1749 5550 offendunt

184 5588 520 5647 Issisteutem.
553 5589 694 5646 Cum
726 5588 908 5645 autem
944 5587 1013 5643 ab
1045 5586 1250 5643 eisdem
1288 5585 1399 5641 suis
1431 5584 1753 5655 operationi-

240 5720 474 5790 ESicllss.
506 5732 682 5790 «nues
706 5725 894 5790 praeter
913 5718 1225 5790 Vaticanum,
1244 5715 1455 5781 quicum
1476 5721 1578 5764 Am.
1604 5719 1749 5767 etEr.

663 5771 868 5842 tium,
885 5777 1202 5834 εωωεκηηι·
1206 5771 1222 5827 :
1262 5771 1279 5781 -

238 5848 257 5879 θ
283 5845 523 5894 lneditis:
559 5842 872 5894 Nonvidetur
903 5839 1025 5894 mihi
1052 5840 1212 5892 aliter.
1240 5849 1302 5892 at.
1328 5848 1427 5891 Hoc
1458 5850 1575 5894 eruo
1603 5851 1753 5894 certus

238 5848 257 5879 ²
283 5845 523 5902 luditis:
559 5844 872 5920 Nonvidetnr
903 5844 1025 5894 mihi
1052 5844 1302 5915 aliteran.
1328 5848 1427 5891 Hoc
1458 5850 1575 5905 ergo
1602 5851 1751 5905 gerula

167 5894 318 5959 εσωσ
340 5921 538 5961 movere.
567 5913 622 5958 At
636 5922 686 5958 tu
703 5905 987 5958 melioribus
999 5911 1105 5954 stss.
1134 5903 1453 5954 lectionostra
1471 5902 1751 5953 exhibetur.

1591 414 1793 471 LIBER
1826 409 2114 473 SEXTUS.

3312 428 3455 493 H70

1866 531 1969 588 bus
1992 531 2187 604 aliquid
2216 525 2448 599 patitur,
2479 546 2508 589 a
2538 528 2714 604 seipsa
2744 533 2975 608 patitur,
3005 553 3113 599 non
3136 556 3169 600 a
3189 556 3452 617 corpore;

1865 623 1965 680 sed
1989 624 2145 696 plane
2167 643 2291 687 cum
2320 645 2383 690 se
2404 633 2773 691 accommodat
2808 634 3057 705 corpori:
3087 644 3143 692 et
3165 636 3286 694 ideo
3310 637 3456 712 apud

1866 717 2098 787 seipsam
2133 719 2308 778 minus
2334 729 2416 779 est
2432 763 2450 789 ,
2478 724 2600 795 quia
2627 739 2826 796 corpus
2851 741 3066 798 semper
3088 727 3457 803 minusquam

1866 809 2111 882 ipsaest.

1941 906 2028 962 l3.
2059 904 2327 963 Conversa
2353 922 2482 980 ergo
2505 924 2536 965 a
2563 910 2789 967 Domino
2813 925 2912 968 suo
2935 911 3004 968 ad
3028 926 3243 969 servum
3271 927 3451 982 suum,

1868 997 2179 1054 necessario
2201 997 2384 1054 deﬁcit
2410 1017 2423 1053 τ
2453 1014 2709 1058 conversa
2736 1002 2862 1058 item
2888 1018 2920 1059 a
2947 1017 3105 1062 servo
3128 1019 3227 1061 suo
3250 1004 3318 1062 ad
3346 1006 3455 1063 Do-

1865 1089 2070 1145 minum
2113 1104 2292 1155 suum,
2337 1091 2637 1147 necessario
2672 1092 2913 1163 proﬁcit,
2947 1102 3004 1151 et
3038 1096 3242 1165 pmbet
3278 1095 3453 1154 eidem

1868 1195 2026 1238 servo
2051 1180 2363 1238 facillimam
2389 1182 2554 1239 vitam
2571 1224 2587 1249 ,
2617 1190 2673 1239 et
2699 1193 2985 1257 propterea
3018 1186 3238 1247 minime
3262 1202 3448 1260 operov

1866 1287 1982 1329 sam
2008 1284 2063 1329 et
2091 1271 2424 1345 negotiosam
2444 1314 2461 1340 ,
2493 1271 2562 1328 ad
2589 1288 2749 1345 quam
2780 1281 2997 1347 propter
3018 1291 3280 1334 summam
3305 1278 3441 1350 quie

1867 1375 1975 1423 tem
2023 1366 2165 1422 nulla
2213 1365 2596 1437 detorqueatur
2635 1367 2859 1422 attentio
2892 1382 2911 1433 ;
2947 1365 3082 1425 sicut
3113 1377 3197 1430 est
3241 1368 3454 1429 aﬁectio

1867 1458 2110 1529 corporis
2135 1472 2256 1529 quae
2280 1456 2481 1513 sanitas
2505 1455 2701 1512 dicitur
2723 1472 2741 1512 :
2765 1453 2907 1510 nulla
2933 1457 3128 1528 quippe
3157 1458 3456 1517 attentione

1866 1555 2050 1603 nostra
2079 1562 2216 1618 opus
2245 1546 2438 1611 habet,
2467 1561 2573 1601 non
2599 1546 2723 1617 quia
2750 1544 2884 1601 nihil
2908 1553 3037 1603 tunc
3060 1546 3169 1618 agit
3191 1549 3372 1604 anima
3397 1550 3454 1605 in

1866 1652 2112 1709 corpore,
2142 1637 2236 1693 sed
2266 1637 2389 1708 quia
2416 1635 2550 1692 nihil
2578 1635 2781 1692 facilius
2804 1634 2933 1707 agit.
2959 1634 3095 1692 Nam
3120 1636 3175 1693 in
3201 1637 3456 1697 omnibus

1866 1727 2119 1799 operibus
2162 1726 2359 1782 nostris
2405 1734 2555 1781 tanto
2596 1725 2887 1797 quidquam
2932 1727 3219 1795 attentius,
3259 1736 3459 1801 quanto

1866 1818 2139 1875 difﬁcilius
2173 1832 2479 1889 Operamur.
2520 1816 2646 1873 llaec
2671 1825 2850 1873 autem
2877 1818 3082 1875 sanitas
3106 1827 3233 1875 tunc
3260 1819 3459 1876 ﬁrmis-
3493 1812 3497 1816 ’

1866 1911 2001 1966 sima
2028 1909 2133 1965 erit
2159 1917 2321 1980 atque
2347 1908 2649 1964 certissima
2668 1947 2686 1975 ,
2717 1923 2842 1966 cum
2875 1908 3114 1981 pristina:
3144 1908 3459 1978 stabilitati,

1864 2011 2016 2059 certo
2050 2017 2150 2057 suo
2192 2008 2434 2071 tempore
2470 2009 2630 2072 atque
2668 2000 2853 2057 ordine
2874 2042 2892 2067 ,
2933 2001 3037 2059 hoc
3071 2018 3267 2076 corpus
3301 2003 3462 2062 fuerit

1866 2094 2169 2151 restitutum
2191 2094 2291 2165 (α),
2316 2108 2437 2166 qua:
2462 2092 2787 2150 resurrectio
2803 2093 2919 2165 ejus
2943 2103 3239 2166 antequam
3255 2097 3428 2170 plenis

1865 2187 2001 2243 sime
2036 2186 2388 2257 intelligatur,
2431 2185 2716 2242 salubriter
2750 2185 3006 2242 creditur.
3047 2167 3273 2258 Oportet
3306 2167 3453 2247 enim

1864 2277 2101 2333 animam
2141 2285 2198 2333 et
2233 2276 2346 2347 regi
2386 2291 2418 2332 a
2454 2276 2767 2347 superiore,
2809 2284 2868 2332 et
2902 2291 3090 2349 regere
3127 2277 3455 2341 inferiorem.

1864 2367 2120 2441 Superior
2145 2368 2235 2424 illa
2264 2367 2412 2424 solus
2441 2367 2583 2425 Deus
2603 2375 2688 2424 est
2706 2408 2722 2433 ,
2750 2366 2973 2424 inferius
3010 2367 3101 2424 illa
3128 2368 3302 2427 solum
3338 2384 3461 2428 coro

1864 2473 1986 2530 pus,
2010 2459 2055 2515 si
2084 2458 2152 2514 ad
2180 2473 2400 2515 omnem
2424 2467 2483 2515 et
2506 2466 2674 2515 totam
2699 2459 2932 2514 animam
2957 2457 3222 2516 intendas.
3241 2458 3313 2518 Ut
3329 2476 3460 2534 ergo

1867 2557 1976 2605 tota
2015 2563 2138 2605 esse
2173 2549 2291 2606 sine
2327 2549 2593 2616 Domino,
2631 2549 3003 2607 sicexcellere
3020 2549 3143 2608 sine
3168 2565 3326 2609 servo
3349 2566 3458 2609 non

1866 2647 2069 2710 potest.
2098 2638 2169 2696 Ut
2194 2647 2378 2696 autem
2405 2638 2666 2696 Dominus
2691 2639 2809 2711 ejus
2833 2640 3005 2712 magis
3026 2647 3112 2697 est
3133 2655 3297 2714 quam
3319 2641 3457 2715 ἱνα.

1863 2728 1940 2786 ita
1962 2745 2155 2786 servus
2178 2731 2377 2787 minus.
2402 2731 2581 2800 Quare
2600 2731 2805 2788 intenta
2829 2730 2882 2787 in
2908 2731 3192 2789 Domintm
3213 2732 3462 2807 intelligit

1862 2829 2064 2877 asterna
2101 2821 2248 2892 ejus,
2292 2830 2351 2877 et
2380 2822 2552 2893 magis
2576 2829 2695 2888 est,
2725 2822 3001 2894 magisque
3031 2830 3118 2880 est
3150 2823 3312 2880 etiam
3343 2824 3463 2897 ipse

1862 2927 2049 2971 servus
2076 2912 2131 2969 in
2159 2928 2258 2970 suo
2282 2928 2484 2985 genere
2512 2929 2607 2987 per
2634 2914 2798 2971 illam.
2828 2915 3084 2988 Neglecta
3121 2926 3301 2974 autem
3339 2918 3451 2976 Do-

1862 3004 2010 3061 mino
2048 3005 2251 3060 intenta
2288 3004 2343 3060 in
2381 3019 2596 3062 servum
2638 3006 2842 3063 carnali
2871 3022 2978 3080 qua
3013 3007 3228 3066 ducitur
3252 3001 3461 3067 coacu-

1862 3096 2118 3168 pisceutia
2143 3097 2185 3165 ¹,
2218 3096 2382 3153 sentit
2424 3109 2602 3154 motus
2643 3114 2772 3156 suos
2811 3115 2950 3172 quos
2991 3100 3069 3157 illi
3112 3100 3464 3175 exhibet,_et

1861 3186 2041 3243 minus
2069 3196 2153 3244 est
2183 3205 2197 3242 :
2228 3202 2329 3244 nec
2354 3195 2533 3245 tamen
2571 3197 2780 3248 tantum
2821 3191 3035 3259 minus,
3061 3201 3321 3264 quantum
3345 3192 3464 3267 ipse

1862 3292 2071 3346 servus,
2098 3278 2260 3334 etiam
2284 3293 2407 3336 cum
2432 3280 2664 3336 maxime
2687 3289 2773 3337 est
2793 3280 2848 3336 in
2870 3291 3065 3339 natura
3086 3284 3320 3356 propria.
3344 3284 3463 3342 Hoc

1862 3379 2043 3427 autem
2079 3369 2279 3428 delicto
2315 3369 2547 3429 domina:
2584 3373 2756 3430 multo
2792 3372 2973 3432 minus
3006 3384 3091 3433 est
3129 3391 3290 3448 quam
3319 3387 3462 3448 erat.

1862 3475 1983 3517 cum
2010 3461 2099 3518 illa
2127 3472 2253 3520 ante
2278 3464 2533 3522 delictum
2561 3464 2732 3536 magis
2758 3473 2906 3522 esset
2922 3464 2967 3520 '.

1936 3554 2023 3610 14.
2064 3554 2326 3622 Quocirca
2364 3556 2577 3612 mortali
2616 3555 2728 3625 jam
2763 3564 2819 3612 et
2855 3556 3026 3631 fragili
3046 3600 3061 3625 ,
3104 3574 3230 3635 cum
3267 3576 3462 3635 magna

1864 3644 2175 3704 difﬁcultate
2196 3656 2357 3720 atque
2379 3647 2675 3705 attentione
2697 3646 3023 3708 dominatur.
3046 3651 3185 3711 iliuc
3207 3653 3282 3712 illi
3304 3669 3463 3715 error

1864 3736 2121 3804 incurrit,
2153 3748 2210 3794 ut
2239 3739 2565 3812 voluptatem
2594 3740 2859 3811 corporis,
2884 3741 3008 3814 quia
3033 3742 3152 3811 ejus
3178 3745 3462 3802 attentioni

1866 3829 2011 3885 cedit
2034 3830 2304 3895 materies,
2328 3830 2494 3901 pluris
2522 3832 2752 3886 aestimet
2768 3846 2929 3903 quam
2957 3832 3127 3902 ipsam
3147 3821 3457 3905 sanitatem,
3484 3850 3487 3855 '

1868 3924 1954 3979 cui
1983 3925 2280 3980 attentione
2303 3924 2444 3979 nulla
2469 3938 2606 3995 opus
2627 3933 2730 3979 est.
2754 3922 2865 3980 Nec
2889 3924 3106 3991 mirum,
3132 3924 3177 3979 si
3203 3907 3459 3984 rerumnis

1864 4014 2197 4086 implicatur,
2237 4029 2556 4084 prieponens
2581 4028 2764 4069 curam
2792 4014 3083 4072 securitati.
3106 4012 3457 4074 Couvertenti

1864 4120 1923 4161 se
1950 4114 2126 4160 autem
2155 4104 2222 4161 ad
2252 4105 2556 4173 Dominum,
2588 4107 2760 4176 major
2786 4120 2916 4162 cura
2941 4107 3133 4175 oritur,
3163 4122 3233 4166 ne
3254 4118 3459 4166 averta-

1866 4206 1983 4262 tur;
2011 4195 2183 4251 donec
2207 4195 2499 4250 carnalium
2531 4197 2865 4269 negotiorum
2886 4196 3184 4268 requiescat
3201 4198 3454 4270 impetus.

1864 4286 2154 4343 eﬁ'renatus
2186 4286 2574 4343 consuetudine
2600 4286 2851 4344 diuturna
2867 4328 2887 4355 ,
2911 4296 2968 4344 et
2992 4288 3333 4348 tumultuosis
3359 4305 3454 4348 re-

1862 4377 2262 4435 cordationibus
2289 4378 2628 4434 conversioni
2656 4378 2775 4450 ejus
2799 4393 2921 4437 sese
2945 4380 3187 4437 inserens
3216 4397 3231 4435 :
3262 4381 3456 4440 itais-

1861 4468 2004 4525 datis
2032 4468 2265 4525 motibus
2293 4468 2404 4524 suis
2432 4467 2625 4540 quibus
2654 4468 2705 4523 in
2735 4469 3004 4525 exteriora
3035 4469 3451 4542 provebebatur,

1862 4562 1969 4632 agit
1995 4561 2163 4617 otium
2190 4560 2510 4616 intrinsecus
2537 4559 2786 4625 liberum,
2814 4560 2956 4631 quod
2981 4560 3308 4633 signiﬁcatur
3328 4564 3454 4621 sab-

1860 4651 2023 4717 bato;
2054 4651 2131 4706 sic
2150 4650 2424 4722 cognoscit
2442 4649 2617 4706 solum
2640 4650 2806 4727 Deum
2826 4665 2946 4707 esse
2965 4651 3246 4725 Dominum
3269 4669 3451 4723 suum,

1860 4745 1945 4800 cui
1989 4747 2080 4799 uni
2122 4757 2329 4799 summa
2373 4741 2620 4798 libertate
2660 4740 2907 4799 servitur.
2950 4741 3068 4799 Non
3106 4752 3285 4802 autem
3331 4745 3453 4802 illos

1860 4837 2106 4895 carnales
2141 4844 2348 4905 motus,
2389 4844 2596 4892 ut'cum
2623 4834 2750 4891 libet
2776 4835 3008 4905 exserit,
3039 4836 3110 4892 ita
3137 4838 3297 4894 etiam
3328 4853 3450 4893 cum

1859 4930 1989 4989 libet
2012 4929 2319 5000 exstinguit.
2343 4926 2459 4984 Non
2489 4928 2635 4984 enim
2661 4928 2802 4984 sicut
2827 4938 3101 5000 peccatum
3130 4930 3184 4986 in
3210 4929 3329 5001 ejus
3358 4944 3451 5000 po-

1859 5031 2051 5080 testate
2078 5030 2181 5090 est,
2210 5021 2279 5076 ita
2306 5020 2467 5077 etiam
2499 5034 2656 5092 pinna
2682 5022 2906 5092 peccati.
2932 5019 3116 5095 “agna
3145 5022 3341 5093 quippe
3362 5036 3451 5079 res

1859 5127 1943 5174 est
1974 5117 2088 5188 ipsa
2126 5115 2303 5171 anima
2325 5156 2341 5182 ,
2372 5129 2473 5170 nec
2500 5113 2567 5169 ad
2595 5114 2976 5186 opprimendos
3011 5114 3234 5171 lascivos
3272 5122 3449 5171 motus

1858 5222 1986 5263 suos
2016 5205 2204 5263 idonea
2237 5206 2339 5261 sibi
2368 5213 2627 5263 remanet.
2663 5204 2937 5261 Valentior
2968 5209 3108 5261 enim
3145 5210 3363 5272 peccat,
3392 5212 3450 5259 et

1858 5309 1980 5373 post
2015 5309 2293 5373 peccatum
2338 5296 2517 5353 divina
2553 5297 2671 5369 lege
2713 5295 2850 5353 facta
2899 5292 3228 5360 imbecillior,
3268 5292 3447 5350 minus

1859 5404 2049 5467 potens
2083 5400 2168 5449 est
2202 5391 2414 5447 auferre
2440 5390 2581 5462 quod
2612 5388 2754 5445 fecit.
2785 5386 2977 5458 Infelix
3002 5399 3093 5456 ego
3121 5384 3304 5451 Itonia,
3331 5385 3446 5456 quis

1921 5509 1939 5542 ι
1954 5515 2048 5572 _Er.
2068 5507 2238 5572 habet,
2261 5503 2538 5567 carnalem;
2561 5500 3078 5572 leva-carnalium”
3099 5495 3445 5571 amatumque-

1857 5570 1999 5634 modo
2023 5570 2171 5620 etiam
2191 5566 2303 5634 octo
2323 5574 2435 5634 Mss.
2456 5566 2602 5634 supra
2620 5566 2890 5634 Vaticanum
2907 5566 3172 5634 ,‘gui'unus

1855 5620 2051 5703 quitur:
2070 5629 2271 5703 Cereali
2289 5643 2385 5703 qua
2398 5620 2592 5703 audiar
3021 5620 3226 5687 [carnali
3245 5620 3357 5687 qui;
3371 5621 3447 5672 di-

1855 5692 2537 5819 étysmmidetur
2557 5751 2697 5815 juxta
2712 5755 2891 5819 Ms_s.At
2923 5756 3003 5799 Am
3027 5739 3133 5800 .Er.
3144 5752 3199 5799 ει
3358 5745 3442 5803 ha-

1855 5810 2967 5877 bent:Cuit'tiUeantedelictinnmagiaesset.

1920 5899 1994 5959 (α)
2015 5898 2117 5947 vid.
2143 5902 2350 5948 Retract.
2377 5894 2462 5944 lib.
2490 5894 2536 5955 ι,
2559 5906 2666 5955 cap.
2695 5892 2774 5957 ti,
2795 5906 2845 5944 u.
2870 5891 2919 5942 3.
