3822 6406
548 355 687 416 H75

540 843 608 898 ad
640 846 824 901 oculos
853 849 1153 919 pertinent,
1197 868 1483 924 possumus
1517 861 1741 916 rotunda
1779 865 1861 919 vel
1890 843 2086 936 quadra
2107 908 2123 935 ,

542 936 630 992 vel
656 952 1005 1011 quacumque
1026 943 1126 999 alia
1151 947 1317 1002 solida
1342 958 1395 1004 et
1415 949 1768 1010 determinata
1789 956 2048 1026 judicare,
2072 970 2127 1017 et

543 1030 764 1085 omnino
798 1033 1024 1100 sentire,
1064 1035 1166 1091 nisi
1201 1053 1263 1094 ea
1300 1039 1371 1094 ob
1407 1042 1591 1099 oculos
1629 1050 1973 1104 versemus‘:
2001 1066 2121 1108 cum

540 1129 716 1178 autem
745 1124 849 1180 alia
876 1141 997 1197 pars
1024 1129 1297 1199 aspicitur,
1329 1134 1372 1187 si
1401 1136 1660 1193 exciderit
1686 1140 1828 1211 quod
1855 1152 1938 1198 est
1962 1159 2119 1216 aspe-

537 1224 679 1271 ctum
708 1218 760 1272 in
791 1219 891 1275 alia
912 1260 927 1286 ,
965 1220 1251 1281 frustratur
1284 1227 1503 1283 omnino
1540 1230 1825 1301 iudicantis
1860 1236 2115 1306 intentio,

482 1304 485 1305 ⁷
534 1309 656 1377 quia
695 1318 751 1367 et
791 1309 896 1368 hoc
939 1314 1113 1386 aliqua
1152 1332 1300 1373 mora
1351 1324 1605 1393 temporis
1643 1326 1735 1394 iit;
1774 1329 1856 1385 cui
1902 1304 2117 1392 variata:

533 1417 667 1471 opus
693 1412 777 1459 est
804 1406 1077 1477 invigilare
1103 1412 1435 1468 memoriam.

602 1492 694 1548 22.
740 1494 1117 1553 Recordabiles
1158 1516 1285 1555 vero
1325 1520 1575 1563 numeros
1613 1510 1780 1567 multo
1817 1514 2114 1575 evidentius

532 1595 648 1651 est,
675 1588 815 1656 quod
846 1589 1030 1645 eadem
1068 1592 1181 1662 ipsa
1212 1595 1468 1654 offerente
1502 1604 1785 1671 memoria,
1814 1606 2113 1675 iudicamus

530 1677 615 1732 his
637 1678 994 1747 iudicialibus.
1022 1681 1155 1739 Nam
1190 1691 1234 1740 si
1275 1701 1615 1757 occursores,
1655 1706 1909 1765 quantum
1948 1700 2014 1756 ab
2047 1716 2110 1757 ea

528 1767 854 1835 offeruntur,
899 1780 1104 1829 tantum
1140 1776 1479 1845 iudicantur;
1520 1784 1688 1839 multo
1725 1789 1893 1859 magis
1933 1791 2001 1857 ii,
2042 1794 2109 1849 ad

525 1874 660 1929 quos
690 1870 936 1932 tanquam
962 1868 1226 1937 repositos
1254 1881 1373 1939 post
1396 1872 1526 1929 alias
1553 1875 1869 1936 intentiones
1889 1898 2111 1940 revoca-

524 1964 644 2004 mur
658 1952 1046 2021 recordatione,
1067 1956 1118 2011 in
1142 1958 1253 2027 ipsa
1274 1964 1528 2019 memoria
1550 1966 1728 2024 vivere
1745 1970 2103 2033 inveniuntur.

513 2319 716 2376 milium
757 2334 933 2380 motus
969 2326 1132 2383 animi
1169 2344 1275 2385 non
1302 2334 1628 2402 exstinctus,
1659 2347 1712 2393 et
1738 2340 1851 2397 hzec
1880 2353 1961 2399 est
1984 2362 2101 2417 qua:

512 2413 707 2471 dicitur
744 2419 1064 2475 recordatio.
1102 2421 1191 2478 Sic
1228 2426 1435 2495 agimus
1474 2444 1758 2499 numeros,
1792 2436 1872 2492 vel
1904 2437 1956 2492 in
1987 2441 2099 2496 sola

509 2510 865 2579 cogitatione,
914 2514 1000 2568 vel
1041 2516 1205 2571 etiam
1244 2519 1297 2572 in
1342 2521 1698 2579 membrorum
1744 2539 1921 2594 motu,
1963 2548 2099 2602 quos

503 2600 614 2670 iam
635 2604 839 2673 egimus
859 2605 1161 2676 aliquando.
1183 2608 1307 2665 Inde
1324 2622 1501 2669 autem
1518 2616 1716 2673 scimus
1736 2635 1840 2676 non
1863 2625 2093 2693 venisse,

505 2696 601 2751 sed
632 2698 837 2753 redisse
866 2699 985 2755 illos
1012 2702 1063 2755 in
1094 2703 1490 2774 cogitationem,
1523 2709 1644 2779 quia
1673 2727 1794 2768 cum
1822 2718 2095 2775 memoria:

506 2788 910 2853 mandarentur,
945 2808 1063 2847 cum
1092 2794 1406 2856 difficultate
1436 2804 1841 2874 repetebantur,
1872 2819 1925 2865 et
1951 2810 2091 2868 iudi-

505 2880 761 2949 gcbamus
784 2884 957 2953 aliqua
990 2893 1486 2956 prtemoustratione
1506 2903 1564 2950 ut
1582 2912 1929 2969 sequeremur
1952 2922 1965 2959 :
1989 2923 2091 2991 qua

508 2970 801 2991 mne”..-
869 2976 882 2991 .
1015 2986 1026 2991 -
1096 2974 1097 2977 η
1438 2987 1449 2991 -
1522 2988 1533 2991 _

500 2970 811 3029 difficultate
849 2974 1097 3048 dempta,
1129 2995 1248 3036 cum
1288 3000 1408 3041 sese
1437 2987 1535 3057 ipsi
1564 2996 1964 3053 accommodate
1994 2975 2089 3055 vo:

499 3064 685 3119 tuntati
704 3066 953 3133 oil‘eruut,
973 3085 1361 3144 consequenter
1381 3081 1707 3150 temporibus
1726 3094 1883 3157 atque
1904 3090 2090 3149 ordine

500 3170 620 3221 suo,
646 3166 749 3212 tam
774 3158 928 3215 facile
955 3170 1011 3215 ut
1036 3164 1125 3233 qui
1154 3166 1520 3226 vehementius
1548 3172 1904 3246 iuhaaserunt,
1927 3182 2086 3238 etiam

499 3249 710 3305 aliunde
752 3253 1105 3323 cogitantibus
1143 3259 1327 3326 nobis,
1356 3261 1464 3328 iam
1507 3267 1659 3335 quasi
1699 3272 1914 3339 proprio
1957 3284 2086 3329 nutu

495 3348 850 3409 peraganlur,
883 3359 987 3397 non
1018 3360 1112 3400 eos
1136 3347 1319 3418 utique
1345 3365 1510 3408 novos
1534 3370 1655 3411 esse
1682 3361 1958 3417 sentimus.
1990 3364 2085 3422 Est

497 3431 661 3485 etiam
687 3433 828 3487 aliud
857 3435 997 3491 unde
1022 3452 1119 3492 nos
1146 3442 1345 3497 sentire
1371 3444 1601 3503 arbitror
1624 3461 1938 3519 praesentem
1969 3472 2084 3513 mo-

495 3528 609 3575 tum
648 3523 809 3578 animi
847 3524 1133 3596 aliquando
1157 3530 1265 3600 iam
1303 3532 1505 3604 fuisse,
1534 3540 1675 3609 quod
1713 3553 1795 3598 est
1828 3561 2084 3618 recogno-

491 3626 664 3676 scere,
688 3613 813 3671 dum
840 3629 1085 3676 recentes
1114 3632 1288 3679 motus
1316 3626 1432 3697 eius
1456 3631 1681 3688 actionis
1701 3635 1755 3691 in
1776 3653 1876 3708 qua
1899 3657 2080 3699 sumus

490 3716 613 3758 cum
644 3707 1016 3777 recordamur,
1048 3714 1138 3784 qui
1166 3724 1309 3771 certe
1334 3718 1628 3778 vivaciores
1654 3707 1811 3793 sunt,
1842 3745 1961 3787 cum
1990 3749 2078 3789 re-

489 3794 850 3855 cordabilibus
883 3800 992 3871 iam
1033 3806 1385 3865 sedatioribus
1429 3814 1655 3882 quodam
1701 3817 1951 3879 interiore
1992 3824 2076 3881 lu-

485 3887 633 3944 mine
668 3904 1040 3961 comparamus
1067 3913 1080 3951 :
1109 3904 1164 3951 ct
1192 3900 1308 3955 talis
1334 3903 1533 3971 agnitio
1551 3948 1566 3971 ,
1598 3910 1891 3979 recognitio
1915 3922 1997 3970 est
2024 3926 2077 3972 et

484 3979 803 4036 recordatio.
853 3984 1166 4044 Judicantur
1197 4006 1324 4063 ergo
1366 4004 1421 4049 et
1462 3999 1819 4058 recordabilcs
1864 4010 2073 4066 numeri

484 4069 555 4124 ab
584 4070 667 4127 bis
700 4074 1053 4145 iudicialibus,
1085 4096 1352 4153 nunquam
1380 4087 1501 4153 soli,
1532 4091 1625 4146 sed
1653 4092 1914 4163 adiunctis
1941 4102 2073 4155 acti-

482 4161 593 4226 vis,
621 4172 712 4217 aut
738 4169 1110 4225 oceursoribus
1130 4214 1143 4235 ,
1173 4182 1263 4229 aut
1291 4177 1529 4249 utrisque
1548 4220 1563 4245 ,
1590 4183 1677 4252 qui
1702 4198 1795 4239 eos
1819 4194 2069 4259 tanquam

484 4268 516 4307 e
539 4253 757 4311 latebris
782 4260 892 4313 suis
920 4259 971 4314 in
1004 4264 1341 4323 manifestum
1373 4271 1695 4342 producant,
1728 4287 1781 4333 et
1806 4282 1953 4350 quasi
1983 4299 2068 4338 re-

485 4342 811 4417 dintegratas
848 4352 936 4422 qui
969 4353 1079 4421 iam
1118 4357 1500 4428 abolebantur,
1533 4380 1745 4424 rursum
1784 4342 2068 4432 recordan-

459 4439 584 4523 “tur.
609 4439 685 4495 ita
710 4457 831 4497 cum
853 4458 1169 4505 occursores
1191 4450 1242 4504 in
1267 4461 1468 4509 tantum
1494 4457 1817 4529 iudicentur,
1839 4466 1889 4520 in
1907 4482 2069 4537 quan-

477 4539 588 4585 tum
632 4548 727 4589 eos
763 4539 1019 4594 memoria
1062 4541 1419 4612 iudicantibus
1465 4549 1796 4621 admoverit,
1845 4572 2066 4628 possunt

474 4625 710 4682 vicissim
749 4639 804 4684 et
842 4634 1202 4693 recordabilcs
1231 4642 1319 4709 qui
1349 4650 1475 4697 sunt
1499 4645 1551 4700 in
1581 4651 1834 4706 memoria
1871 4669 2062 4711 occur-

477 4719 691 4775 soribus
734 4737 827 4777 eos
868 4727 1243 4786 exbibentibus
1278 4733 1507 4803 iudicari
1541 4756 1554 4792 :
1586 4750 1643 4796 ut
1688 4742 1789 4800 hoc
1830 4746 2059 4816 intersit,

476 4810 619 4876 quod
651 4827 959 4873 occursores
985 4831 1041 4874 ut
1060 4821 1367 4892 iudicentur
1389 4871 1404 4895 ,
1433 4833 1581 4901 quasi
1612 4838 1843 4891 recentia
1874 4854 2058 4896 eorum

476 4899 790 4970 fugientium
820 4911 1035 4981 vestigia
1067 4914 1223 4971 oil'ert
1254 4899 1545 4988 memoria;
1578 4928 1935 4987 recordabilcs
1962 4942 2058 4988 au-

474 5005 584 5051 tem
628 4998 841 5067 quando
880 5018 973 5057 eos
1015 5007 1278 5065 audiendo
1312 5014 1640 5086 iudicamus,
1684 5025 1832 5091 quasi
1873 5026 2057 5084 eadem

473 5089 695 5160 vestigia
731 5095 1102 5152 occursoribus
1139 5107 1535 5163 transeuntibus
1564 5089 1909 5171 revirescunt.
1939 5117 2055 5174 Jam

469 5196 634 5251 porro
672 5182 741 5240 de
781 5186 1091 5243 sonantibus
1132 5196 1367 5251 numeris
1399 5199 1524 5269 quid
1562 5216 1697 5269 opus
1733 5214 1817 5260 est
1852 5206 2051 5276 dicere,

472 5292 595 5331 cum
619 5276 671 5332 in
697 5279 1069 5337 occursoribus
1088 5283 1413 5355 iudicentur,
1442 5292 1484 5346 si
1511 5293 1825 5353 audiantur?
1846 5300 1899 5357 Si
1925 5318 2055 5359 vero

474 5366 548 5421 ibi
575 5379 764 5425 sonant
788 5370 876 5425 ubi
898 5387 1003 5427 non
1029 5376 1337 5444 audiuntur,
1361 5382 1481 5451 quis
1505 5383 1710 5441 dubitet
1729 5404 1823 5446 eos
1842 5406 1870 5446 a
1899 5396 2051 5452 nobis

467 5472 572 5511 non
600 5474 759 5530 posse
796 5463 1056 5531 iudicari?
1083 5466 1223 5524 Sane
1248 5477 1307 5525 ut
1336 5473 1386 5527 in
1418 5474 1563 5530 sonis
1604 5494 1697 5547 per
1732 5480 2053 5543 instrumen-

468 5556 581 5604 tum
606 5553 834 5622 aurium,
860 5556 928 5611 ita
951 5557 1003 5613 in
1031 5560 1397 5619 saltationibus
1418 5568 1733 5642 ueterisque
1760 5575 2051 5636 visibilibus

467 5642 719 5709 motibus,
750 5647 890 5718 quod
921 5651 984 5703 ad
1011 5655 1332 5725 temporales
1361 5673 1610 5717 numeros
1632 5664 1839 5735 attinet,
1862 5672 2047 5729 eadem
2120 5676 2144 5751 ξ
2169 5708 2178 5714 -
2224 5729 2238 5760 ι
2274 5729 2424 5779 mm.
2453 5730 2603 5782 (“iam
2638 5737 2899 5789 “omnium
2930 5738 3014 5792 Im
3034 5737 3341 5798 “unum”,
3363 5728 3658 5789 sede

528 5754 543 5781 ¹
582 5760 680 5798 Am.
706 5761 779 5798 Fr-
807 5765 857 5798 nt,
878 5766 969 5798 Inv
994 5777 1006 5788 -
1036 5772 1275 5798 ηηηοηιυ.
1355 5769 1453 5798 ..λικε
1475 5785 1535 5798 ...ρ
1554 5773 1740 5798 ,ιιι....-
1767 5780 1916 5798 --ηιμ
1946 5796 1967 5798 _,
2167 5789 2187 5798 -
2495 5793 2507 5798 -

528 5754 680 5840 14m:
706 5761 862 5840 timet
878 5766 1007 5840 LP}:
1030 5772 1332 5840 possemus”,
1355 5769 1535 5840 {dsiet
1551 5773 1742 5840 obliquo
1761 5780 1921 5831 oculos
1944 5796 2047 5834 ver-

463 5824 697 5867 saremus.
723 5820 813 5868 sed
837 5823 1111 5875 concinnior
1138 5836 1213 5878 est
1235 5820 1341 5881 Mss.
1361 5820 1509 5884 lectio
1517 5820 1673 5898 quasi
1681 5820 2044 5901 Bin'éié‘éiiuiin.

1735 376 1820 435 DE
1857 375 2130 442 MUSICA,
2172 377 2228 434 S.
2269 378 2634 482 AUGiJSTlNl

547 475 836 545 obtulerit;
878 492 1056 539 nonne
1098 482 1198 556 ipsi
1244 485 1579 546 existimandi
1623 500 1751 549 sunt
1790 510 1887 566 per
1928 505 2133 552 certum

546 567 776 637 spatium
814 573 1070 641 temporis
1103 575 1288 631 tendi?
1310 578 1416 636 Sed
1453 581 1673 638 interest
1707 585 1898 655 quibus
1929 596 2132 657 tempo-

546 673 664 714 rum
692 663 877 731 spatiis
903 664 984 720 vel
1010 666 1223 724 excidat
1244 670 1419 740 nobis,
1445 671 1532 729 vel
1558 676 1958 733 meminerimus
1988 680 2130 749 quod
2236 686 2463 747 CAPUT
2500 693 2589 749 lX.
2618 727 2689 739 —
2719 699 2936 758 Numeri
2960 707 3051 761 alii

542 752 801 823 iudicant.
830 756 1103 828 Siquidem
1134 777 1234 819 nec
1257 763 1308 818 in
1336 766 1465 835 ipsis
1490 782 1774 839 corporum
1804 771 1988 827 formis
2009 791 2129 845 qua:

3638 431 3743 494 li'ld

2240 499 2522 571 adiuvante
2547 509 2802 567 memoria
2833 511 3020 573 iisdem
3044 524 3274 582 numeris
3294 526 3604 598 iudicialibus
3624 544 3737 618 diju.

2238 596 2493 655 dicamus.

3082 709 3130 764 in
3157 714 3322 768 animo
3348 716 3443 773 illis
3457 721 3735 790 iudicialibus

2842 797 3196 865 prcecrllentes.

2302 873 2391 930 25.
2422 876 2546 933 llaec
2569 894 2689 935 cum
2718 882 2789 939 ita
2816 885 2941 954 sint,
2971 904 3244 963 conemur,
3270 897 3312 951 si
3339 914 3611 972 possumus,
3638 910 3733 969 istos

2232 980 2484 1031 numeros
2503 971 2782 1041 iudiciales
2802 983 3193 1051 transcendere,
3223 997 3277 1044 et
3302 1007 3584 1060 quaeramus
3599 971 3731 1062 utrum

2231 1058 2337 1114 sint
2372 1064 2695 1133 superiores.
2724 1068 2782 1124 ιη
2812 1070 2897 1128 his
2918 1076 3060 1130 enim
3090 1058 3381 1152 quanquam
3403 1091 3555 1160 spatia
3578 1058 3729 1167 tempo.

2228 1167 2344 1208 rum
2382 1154 2492 1225 iam
2533 1160 2752 1218 minime
2778 1166 3080 1234 videamus,
3112 1188 3216 1229 non
3260 1154 3726 1261 tamen'adhibentur,

2226 1244 2328 1300 nisi
2352 1245 2419 1301 ad
2447 1264 2507 1303 ea
2530 1251 2812 1320 iudicanda
2833 1273 2951 1328 qua:
2978 1261 3029 1316 in
3055 1264 3227 1335 spatio
3245 1272 3484 1340 temporis
3506 1274 3639 1344 ﬁunt;
3660 1244 3727 1341 id

2225 1336 2337 1409 ipsa
2359 1341 2573 1410 quidem
2592 1348 2791 1413 omnia,
2810 1351 2905 1408 sed
2924 1370 3043 1424 qure
3069 1368 3289 1427 possunt
3307 1336 3551 1424 articulari

2222 1430 2373 1486 riter.
2408 1434 2514 1489 Nisi
2544 1438 2670 1508 quid
2697 1439 2860 1497 habes
2886 1444 3021 1503 forte
3042 1449 3186 1520 quod
3211 1463 3388 1510 contra
3414 1457 3518 1514 lucc
3538 1463 3645 1519 velis
3664 1466 3723 1522 di-

2221 1536 2363 1578 cere.
2391 1522 2465 1581 D.
2494 1526 2667 1585 Movet
2702 1547 2788 1588 me
2815 1535 3101 1605 plurimum
3133 1540 3350 1600 istorum
3371 1546 3651 1616 iudicialium
3669 1559 3723 1613 vis

2218 1623 2376 1685 atque
2405 1621 2634 1687 potentia
2660 1639 2673 1674 :
2705 1624 2805 1694 ipsi
2829 1628 2970 1682 enim
3010 1630 3138 1686 mihi
3169 1634 3406 1694 videntur
3424 1656 3531 1697 esse
3552 1644 3605 1698 ad
3625 1662 3722 1716 quos

2217 1708 2453 1763 omnium
2498 1727 2750 1770 sensuum
2796 1719 3087 1779 ministeria
3130 1725 3446 1789 referuntur.
3488 1734 3635 1807 Itaque
3663 1740 3721 1796 his

2217 1800 2562 1859 excellentius
2613 1816 2788 1863 utrum
2840 1813 3127 1885 quidquam
3182 1819 3236 1875 in
3288 1827 3508 1881 numeris
3551 1829 3719 1888 inveniri

2216 1892 2402 1958 possit,
2435 1893 2639 1964 ignoro.
2670 1898 2746 1952 Μ.
2772 1901 2911 1958 Nihil
2940 1905 3148 1977 deperit
3168 1911 3307 1980 quod
3328 1913 3596 1988 diligentius
3612 1938 3717 1992 qua:-

2213 1981 2399 2039 rimus.
2427 1987 2529 2042 Aut
2560 1990 2701 2045 enim
2733 1992 3062 2051 inveniemus
3087 2002 3386 2071 superiores
3411 2006 3459 2061 in
3484 2011 3627 2066 anima
3648 2012 3716 2067 bu-

2213 2087 2390 2142 mana,
2423 2086 2514 2133 aut
2541 2078 2638 2135 bos
2666 2082 2717 2136 in
2744 2098 2807 2140 ea
2837 2100 3076 2145 summos
3100 2105 3222 2148 esse
3248 2092 3573 2168 iirrnabimns,
3601 2102 3634 2157 si
3657 2111 3712 2157 ta-

2212 2179 2334 2221 men
2368 2167 2495 2223 illud
2536 2172 2817 2241 claruerit,
2850 2178 3027 2236 nullos
3053 2181 3107 2237 in
3135 2198 3199 2239 ea
3234 2200 3352 2243 esse
3374 2195 3710 2259 przcstantiores.

2210 2255 2365 2311 Aliud
2400 2267 2484 2313 est
2523 2262 2664 2317 enim
2696 2279 2801 2320 non
2830 2280 2979 2337 esse,
3013 2270 3161 2329 aliud
3198 2291 3305 2331 non
3519 2282 3711 2350 inveniri,

2208 2345 2319 2401 sive
2346 2348 2415 2403 ab
2436 2350 2545 2404 ullo
2573 2351 2819 2422 homine,
2848 2358 2960 2414 sive
2986 2374 3017 2414 a
3046 2363 3227 2419 nobis.
3262 2345 3361 2422 Sed
3388 2384 3478 2440 ego
3502 2382 3607 2441 puto
3622 2345 3707 2430 cuni

2207 2436 2297 2491 ille
2334 2453 2365 2491 a
2406 2442 2558 2496 nobis
2593 2448 2898 2515 propositus
2926 2465 3120 2508 versus
3155 2458 3375 2523 canitur,
3417 2436 3538 2516 bella
3567 2474 3711 2520 creator

2206 2528 2464 2596 omnium;
2493 2548 2591 2588 nos
2626 2551 2748 2591 eum
2790 2546 2845 2594 ei
2879 2545 3260 2602 oceursoribus
3287 2549 3385 2605 illis
3417 2555 3611 2608 numeris
3638 2572 3707 2610 au-

2203 2615 2339 2685 dire,
2370 2629 2426 2675 et
2452 2625 2870 2685 recordabilibus
2898 2647 3287 2704 recognoscere
3305 2680 3320 2705 ,
3347 2651 3397 2695 et
3430 2648 3707 2715 progressam

2204 2707 2302 2764 bus
2319 2715 2683 2783 pronuntiare,
2709 2729 2763 2773 et
2783 2720 2866 2775 his
2880 2722 3226 2790 iudicialibus
3244 2707 3491 2799 delectari,
3511 2707 3558 2790 et
3572 2739 3703 2793 nescio

2201 2801 2392 2870 quibus
2418 2805 2537 2862 aliis
2575 2810 2876 2879 :estimare,
2920 2826 2974 2869 et
3015 2817 3085 2873 de
3138 2821 3238 2876 ista
3281 2823 3589 2883 delectatione
3617 2844 3702 2899 qua

2201 2896 2352 2963 quasi
2380 2901 2642 2955 sententia
2668 2916 2750 2957 εει
2770 2904 3106 2973 iudicialium
3131 2912 3377 2983 istorum,
3402 2919 3535 2974 aliam
3555 2896 3698 2977 secun-

2198 2985 2322 3043 dum
2351 2988 2450 3046 hos
2470 2992 2777 3053 latentiores
2799 3002 3082 3058 certiorem
3121 3006 3262 3062 ferre
3288 3012 3564 3066 sententiam
3586 3015 3615 3066 '.
3640 3016 3697 3069 An

2198 3079 2291 3137 tibi
2335 3098 2496 3140 unum
2539 3096 2697 3158 atque
2745 3091 2884 3147 idem
2930 3096 3147 3153 videtur
3185 3100 3425 3158 delectari
3465 3120 3609 3171 sensu,
3650 3116 3692 3161 et

2195 3172 2459 3230 aestimare
2485 3178 2729 3234 ratione?
2757 3180 2827 3259 Β..
2863 3183 3075 3241 Diversa
3120 3204 3239 3246 esse
3263 3192 3435 3249 fateor.
3458 3194 3537 3250 Sed
3557 3195 3687 3265 primo

2195 3263 2311 3333 ipso
2340 3282 2558 3323 moveor
2586 3270 2876 3340 vocabulo,
2920 3291 3017 3332 cur
3044 3294 3160 3336 non
3202 3285 3369 3353 potius
3402 3286 3470 3341 isti
3497 3293 3692 3341 vocentur

2188 3354 2465 3425 iudiciales
2508 3363 2705 3430 quibus
2749 3365 2886 3420 inest
2915 3369 3072 3435 ratio,
3106 3389 3268 3443 quam
3311 3377 3387 3431 isti
3412 3378 3567 3447 quibus
3587 3378 3694 3432 inest

2191 3446 2492 3505 delectatio.
2526 3453 2727 3511 Deinde
2756 3473 2944 3514 vereor
2976 3477 3045 3517 ne
3078 3466 3216 3519 nihil
3242 3467 3309 3523 sit
3333 3446 3457 3524 aliud
3477 3469 3692 3524 estimatio

2190 3538 2290 3593 ista
2317 3541 2555 3609 rationis,
2580 3560 2737 3615 quam
2765 3563 2950 3604 eorum
2977 3551 3044 3608 de
3073 3557 3269 3625 seipsis
3290 3558 3503 3630 qudam
3523 3558 3691 3629 diliges

2189 3633 2294 3687 tior
2315 3634 2573 3703 iudicatio
2596 3655 2608 3691 :
2642 3647 2699 3693 ut
2721 3657 2825 3697 non
2847 3643 2935 3699 alii
2958 3646 3066 3700 sint
3086 3652 3293 3705 numeri
3320 3652 3368 3706 in
3387 3651 3682 3715 delectatione,

2187 3724 2274 3778 alii
2304 3725 2356 3778 in
2396 3728 2635 3795 ratione;
2668 3732 2760 3787 sed
2788 3735 2876 3788 uui
2909 3744 3071 3807 atque
3100 3740 3260 3796 iidem
3288 3742 3410 3797 alias
3426 3741 3683 3812 iudieentdc

2186 3814 2252 3869 iis
2281 3832 2401 3887 qua:
2432 3829 2657 3889 aguntur
2685 3823 2735 3876 in
2763 3838 3018 3895 corpore,
3057 3844 3179 3885 cum
3217 3847 3338 3900 eos,
3376 3840 3431 3888 ut
3461 3847 3589 3904 supra
3616 3831 3683 3887 de-

2186 3917 2539 3964 monstratum
2567 3923 2679 3979 est,
2721 3915 2876 3971 oll‘ert
2902 3923 3163 3977 memoria
3184 3937 3201 3989 ς
3226 3924 3351 3979 alias
3372 3924 3435 3980 de
3452 3924 3605 3996 seipsis
3619 3938 3680 3979 re-

2182 4000 2378 4055 motius
2405 4017 2435 4055 a
2457 4016 2681 4074 corpore
2707 4016 2867 4078 atque
2887 4012 3171 4069 sincerius.

2251 4091 2344 4149 24.
2385 4092 2463 4147 Η.
2496 4095 2570 4152 De
2597 4098 2868 4155 vocabulis
2893 4104 3110 4173 quidem
3147 4107 3277 4163 nihil
3306 4119 3523 4181 sautgas;
3553 4122 3618 4164 res
3639 4107 3677 4161 in

2180 4191 2443 4250 potestate
2470 4194 2553 4240 est
2579 4205 2592 4241 :
2626 4188 2820 4256 placito
2852 4193 3017 4260 enim,
3050 4211 3157 4252 non
3185 4207 3364 4255 natura
3390 4202 3678 4271 imponuntur.

2179 4274 2331 4341 Quod
2359 4288 2535 4333 autem
2563 4281 2782 4338 eosdem
2822 4299 2943 4341 esse
2968 4289 3244 4347 arbitraris
3261 4335 3275 4361 ,
3303 4310 3397 4351 nec
3424 4294 3515 4349 duo
3533 4307 3678 4366 genera

2177 4381 2521 4426 numerorum
2551 4371 2670 4429 haec
2700 4376 2782 4431 vis
2809 4379 3081 4449 accipere;
3113 4384 3237 4439 illud
3257 4428 3271 4451 ,
3311 4387 3361 4442 ni
3389 4386 3535 4450 fallor,
3560 4395 3600 4441 te
3618 4398 3678 4439 ra-

2176 4458 2281 4529 pit,
2309 4462 2449 4530 quod
2486 4463 2673 4520 eadem
2702 4468 2879 4524 anima
2905 4481 3187 4543 utrumque
3216 4478 3338 4546 agit.
3370 4478 3464 4534 Sed
3496 4476 3679 4532 animad-
3768 4544 3769 4551 η

2176 4558 2385 4606 vertere
2413 4561 2466 4607 te
2486 4568 2620 4624 opus
2641 4566 2744 4623 est,
2769 4569 2825 4614 et
2845 4559 2895 4615 in
2922 4569 3347 4633 progressoribus
3361 4568 3566 4623 eamdem
3584 4566 3675 4620 ani-

2174 4656 2315 4697 mam
2340 4658 2536 4715 corpus
2561 4664 2779 4708 movere
2804 4653 2882 4709 vel
2912 4657 2980 4710 ad
3003 4672 3198 4729 corpus
3235 4663 3450 4724 moveri;
3477 4671 3523 4718 et
3541 4661 3584 4716 io
3605 4672 3674 4713 oc-
3768 4666 3769 4677 ‘

2170 4738 2480 4794 cursoribus
2499 4740 2635 4796 hanc
2654 4745 2896 4801 eamdem
2920 4750 3250 4817 passionibus
3272 4754 3382 4823 eius
3400 4755 3469 4810 ire
3482 4752 3673 4814 obviam;

2171 4836 2225 4881 et
2251 4828 2302 4883 in
2332 4831 2750 4894 recordabilibus
2770 4837 2925 4894 istam
2953 4841 3141 4910 ipsam,
3167 4844 3333 4901 donec
3348 4841 3673 4916 quodammodo
3768 4908 3769 4917 χ

2168 4919 2563 4989 detumescant,
2612 4926 2743 4996 ipsis
2778 4932 2929 4999 quasi
2972 4933 3225 4993 iliictuare
3258 4938 3562 4993 motionibus.
3592 4934 3672 4990 lies

2170 5027 2298 5084 ergo
2324 5014 2375 5069 iu
2420 5016 2537 5072 istis
2578 5022 2860 5088 generibus
2903 5029 3241 5084 numerandis
3273 5040 3322 5085 et
3350 5025 3669 5099 distinguendis

2166 5105 2324 5161 unius
2366 5115 2596 5173 naturas,
2640 5110 2695 5166 id
2741 5121 2851 5178 est,
2901 5120 3091 5172 anima:
3132 5129 3299 5174 motus
3325 5120 3668 5185 ail‘cctiooaque

2165 5195 2495 5265 dispieimus.
2513 5201 2686 5271 Quare
2712 5206 2755 5259 si
2785 5216 2843 5261 ut
2862 5208 3004 5263 aliud
3034 5220 3116 5266 est
3138 5212 3203 5266 ad
3220 5227 3278 5267 ea
3299 5224 3585 5311 quaecorpuﬁ
3597 5223 3665 5277 βει-
3768 5256 3769 5311 ι

2165 5289 2295 5344 titur
2338 5293 2574 5361 moveri,
2612 5297 2754 5367 quod
2800 5298 2857 5353 iit
2894 5300 2946 5355 in
2990 5303 3291 5369 sentiendo;
3331 5303 3460 5358 aliud
3498 5312 3666 5357 movere

2161 5398 2223 5439 se
2246 5390 2313 5439 ad
2337 5399 2551 5457 corpus,
2578 5390 2718 5459 quod
2747 5390 2803 5447 ﬁt
2829 5392 2882 5447 in
2907 5396 3204 5465 operando;
3232 5397 3366 5452 aliud
3388 5394 3513 5466 quod
3530 5409 3584 5449 ex
3605 5390 3664 5447 bis

2162 5475 2396 5533 motibus
2426 5478 2480 5533 in
2504 5480 2679 5536 anima
2709 5482 2903 5540 factum
2934 5496 3014 5542 est
3038 5489 3319 5556 continere,
3343 5486 3469 5559 quod
3487 5494 3558 5541 est
3574 5497 3661 5538 πῖθ’

2162 5571 2416 5637 minisse;
2450 5574 2518 5629 ita
2548 5585 2631 5630 est
2658 5577 2798 5632 aliud
2820 5587 3074 5647 a'nuuere,
3104 5581 3185 5638 vel
3214 5596 3423 5638 renuere
3447 5580 3519 5635 bis
3541 5574 3661 5632 moti-

2156 5789 2286 5851 [εῖν-ε
2305 5793 2599 5844 sententiam.
2612 5803 2738 5847 Mss;
2760 5789 3023 5851 secimdmn
3036 5789 3117 5852 hos
3134 5789 3397 5852 latrant/ea.
3412 5795 3575 5859 ευριιιει
3592 5802 3654 5839 ’ω’

2155 5864 2329 5904 ηιενοσ.
