  <div class='ocr_page' id='page_1' title='image "/cluster/home/n/w/nwhite01/storage/ocr_20150623/32/uva.x000669813/598.png"; bbox 0 0 3844 6280; ppageno 0'>
   <div class='ocr_carea' id='block_1_1' title="bbox 85 353 199 417">
    <p class='ocr_par' dir='ltr' id='par_1_1' title="bbox 85 353 199 417">
     <span class='ocr_line' id='line_1_1' title="bbox 85 353 199 417; baseline -0.044 0"><span class='ocrx_word' id='word_1_1' title='bbox 85 353 199 417; x_wconf 78' lang='grc' dir='ltr'><strong>ηπ</strong></span> 
     </span>
    </p>
   </div>
   <div class='ocr_carea' id='block_1_2' title="bbox 85 465 1648 546">
    <p class='ocr_par' dir='ltr' id='par_1_2' title="bbox 85 465 1648 546">
     <span class='ocr_line' id='line_1_2' title="bbox 85 465 1648 546; baseline -0.01 -10"><span class='ocrx_word' id='word_1_2' title='bbox 85 485 162 539; x_wconf 79' lang='lat' dir='ltr'><strong>bus</strong></span> <span class='ocrx_word' id='word_1_3' title='bbox 178 519 196 545; x_wconf 95' lang='lat'><strong>,</strong></span> <span class='ocrx_word' id='word_1_4' title='bbox 226 481 320 532; x_wconf 87' lang='lat' dir='ltr'><strong>aut</strong></span> <span class='ocrx_word' id='word_1_5' title='bbox 342 486 470 532; x_wconf 82' lang='lat' dir='ltr'><strong>cum</strong></span> <span class='ocrx_word' id='word_1_6' title='bbox 499 471 750 546; x_wconf 74' lang='lat' dir='ltr'><strong>primitus</strong></span> <span class='ocrx_word' id='word_1_7' title='bbox 771 475 1108 536; x_wconf 83' lang='lat' dir='ltr'><strong>exseruntur,</strong></span> <span class='ocrx_word' id='word_1_8' title='bbox 1138 475 1230 526; x_wconf 88' lang='lat' dir='ltr'><strong>aut</strong></span> <span class='ocrx_word' id='word_1_9' title='bbox 1252 482 1374 524; x_wconf 90' lang='lat' dir='ltr'><strong>cum</strong></span> <span class='ocrx_word' id='word_1_10' title='bbox 1397 465 1648 523; x_wconf 85' lang='lat' dir='ltr'><strong>recorda-</strong></span> 
     </span>
    </p>
   </div>
   <div class='ocr_carea' id='block_1_3' title="bbox 86 558 1650 636">
    <p class='ocr_par' dir='ltr' id='par_1_3' title="bbox 86 558 1650 636">
     <span class='ocr_line' id='line_1_3' title="bbox 86 558 1650 636; baseline -0.011 -9"><span class='ocrx_word' id='word_1_11' title='bbox 86 572 204 627; x_wconf 86' lang='lat' dir='ltr'><strong>tione</strong></span> <span class='ocrx_word' id='word_1_12' title='bbox 239 565 648 632; x_wconf 87' lang='lat' dir='ltr'><strong>resnscitautur,</strong></span> <span class='ocrx_word' id='word_1_13' title='bbox 689 563 830 636; x_wconf 90' lang='lat' dir='ltr'><strong>quod</strong></span> <span class='ocrx_word' id='word_1_14' title='bbox 874 564 934 617; x_wconf 87' lang='lat' dir='ltr'><strong>lit</strong></span> <span class='ocrx_word' id='word_1_15' title='bbox 968 561 1021 617; x_wconf 93' lang='lat' dir='ltr'><strong>in</strong></span> <span class='ocrx_word' id='word_1_16' title='bbox 1056 558 1410 617; x_wconf 70' lang='lat' dir='ltr'><strong>delectatione</strong></span> <span class='ocrx_word' id='word_1_17' title='bbox 1449 571 1650 613; x_wconf 89' lang='lat' dir='ltr'><strong>conve-</strong></span> 
     </span>
    </p>
   </div>
   <div class='ocr_carea' id='block_1_4' title="bbox 86 653 1649 724">
    <p class='ocr_par' dir='ltr' id='par_1_4' title="bbox 86 653 1649 724">
     <span class='ocr_line' id='line_1_4' title="bbox 86 653 1649 724; baseline -0.008 -5"><span class='ocrx_word' id='word_1_18' title='bbox 86 661 274 720; x_wconf 70' lang='lat' dir='ltr'><strong>nientiae</strong></span> <span class='ocrx_word' id='word_1_19' title='bbox 294 702 307 724; x_wconf 97' lang='lat'><strong>,</strong></span> <span class='ocrx_word' id='word_1_20' title='bbox 339 669 393 715; x_wconf 88' lang='lat' dir='ltr'><strong>ct</strong></span> <span class='ocrx_word' id='word_1_21' title='bbox 427 658 724 714; x_wconf 83' lang='lat' dir='ltr'><strong>oﬂ&#39;ensione</strong></span> <span class='ocrx_word' id='word_1_22' title='bbox 756 656 1100 712; x_wconf 88' lang='lat' dir='ltr'><strong>absurditatis</strong></span> <span class='ocrx_word' id='word_1_23' title='bbox 1129 653 1312 709; x_wconf 89' lang='lat' dir='ltr'><strong>talium</strong></span> <span class='ocrx_word' id='word_1_24' title='bbox 1355 653 1649 708; x_wconf 74' lang='lat' dir='ltr'><strong>motionum</strong></span> 
     </span>
    </p>
   </div>
   <div class='ocr_carea' id='block_1_5' title="bbox 86 748 1648 814">
    <p class='ocr_par' dir='ltr' id='par_1_5' title="bbox 86 748 1648 814">
     <span class='ocr_line' id='line_1_5' title="bbox 86 748 1648 814; baseline -0.008 -1"><span class='ocrx_word' id='word_1_25' title='bbox 86 757 175 813; x_wconf 76' lang='lat' dir='ltr'><strong>sive</strong></span> <span class='ocrx_word' id='word_1_26' title='bbox 209 751 586 814; x_wconf 79' lang='lat' dir='ltr'><strong>affectionum;</strong></span> <span class='ocrx_word' id='word_1_27' title='bbox 623 760 676 806; x_wconf 89' lang='lat' dir='ltr'><strong>et</strong></span> <span class='ocrx_word' id='word_1_28' title='bbox 713 750 855 806; x_wconf 83' lang='lat' dir='ltr'><strong>aliud</strong></span> <span class='ocrx_word' id='word_1_29' title='bbox 883 759 968 804; x_wconf 92' lang='lat' dir='ltr'><strong>est</strong></span> <span class='ocrx_word' id='word_1_30' title='bbox 1005 748 1269 804; x_wconf 82' lang='lat' dir='ltr'><strong>:estimare</strong></span> <span class='ocrx_word' id='word_1_31' title='bbox 1294 756 1473 801; x_wconf 90' lang='lat' dir='ltr'><strong>utrum</strong></span> <span class='ocrx_word' id='word_1_32' title='bbox 1504 753 1648 801; x_wconf 87' lang='lat' dir='ltr'><strong>recte</strong></span> 
     </span>
    </p>
   </div>
   <div class='ocr_carea' id='block_1_6' title="bbox 84 840 1649 913">
    <p class='ocr_par' dir='ltr' id='par_1_6' title="bbox 84 840 1649 913">
     <span class='ocr_line' id='line_1_6' title="bbox 84 840 1649 913; baseline -0.006 -9"><span class='ocrx_word' id='word_1_33' title='bbox 84 864 134 904; x_wconf 78' lang='lat' dir='ltr'><strong>an</strong></span> <span class='ocrx_word' id='word_1_34' title='bbox 153 861 304 902; x_wconf 78' lang='lat' dir='ltr'><strong>secus</strong></span> <span class='ocrx_word' id='word_1_35' title='bbox 324 845 422 898; x_wconf 88' lang='lat' dir='ltr'><strong>ista</strong></span> <span class='ocrx_word' id='word_1_36' title='bbox 443 844 732 909; x_wconf 90' lang='lat' dir='ltr'><strong>delectent,</strong></span> <span class='ocrx_word' id='word_1_37' title='bbox 757 842 896 913; x_wconf 88' lang='lat' dir='ltr'><strong>quod</strong></span> <span class='ocrx_word' id='word_1_38' title='bbox 921 845 978 896; x_wconf 87' lang='lat' dir='ltr'><strong>lit</strong></span> <span class='ocrx_word' id='word_1_39' title='bbox 998 840 1363 897; x_wconf 87' lang='lat' dir='ltr'><strong>ratiocinando</strong></span> <span class='ocrx_word' id='word_1_40' title='bbox 1389 857 1402 893; x_wconf 92' lang='lat'><strong>:</strong></span> <span class='ocrx_word' id='word_1_41' title='bbox 1428 852 1649 894; x_wconf 88' lang='lat' dir='ltr'><strong>necesse</strong></span> 
     </span>
    </p>
   </div>
   <div class='ocr_carea' id='block_1_7' title="bbox 87 931 1644 1005">
    <p class='ocr_par' dir='ltr' id='par_1_7' title="bbox 87 931 1644 1005">
     <span class='ocr_line' id='line_1_7' title="bbox 87 931 1644 1005; baseline -0.01 -6"><span class='ocrx_word' id='word_1_42' title='bbox 87 939 417 999; x_wconf 75' lang='lat' dir='ltr'><strong>estinteamur</strong></span> <span class='ocrx_word' id='word_1_43' title='bbox 442 939 513 992; x_wconf 90' lang='lat' dir='ltr'><strong>ita</strong></span> <span class='ocrx_word' id='word_1_44' title='bbox 536 938 650 992; x_wconf 73' lang='lat' dir='ltr'><strong>hmc</strong></span> <span class='ocrx_word' id='word_1_45' title='bbox 673 951 792 992; x_wconf 89' lang='lat' dir='ltr'><strong>esse</strong></span> <span class='ocrx_word' id='word_1_46' title='bbox 811 935 917 990; x_wconf 90' lang='lat' dir='ltr'><strong>duo</strong></span> <span class='ocrx_word' id='word_1_47' title='bbox 933 949 1150 1005; x_wconf 87' lang='lat' dir='ltr'><strong>genera,</strong></span> <span class='ocrx_word' id='word_1_48' title='bbox 1185 942 1243 988; x_wconf 93' lang='lat' dir='ltr'><strong>ut</strong></span> <span class='ocrx_word' id='word_1_49' title='bbox 1264 932 1353 988; x_wconf 92' lang='lat' dir='ltr'><strong>illa</strong></span> <span class='ocrx_word' id='word_1_50' title='bbox 1378 942 1505 986; x_wconf 90' lang='lat' dir='ltr'><strong>sunt</strong></span> <span class='ocrx_word' id='word_1_51' title='bbox 1525 931 1644 986; x_wconf 86' lang='lat' dir='ltr'><strong>tria.</strong></span> 
     </span>
    </p>
   </div>
   <div class='ocr_carea' id='block_1_8' title="bbox 93 1025 1647 1100">
    <p class='ocr_par' dir='ltr' id='par_1_8' title="bbox 93 1025 1647 1100">
     <span class='ocr_line' id='line_1_8' title="bbox 93 1025 1647 1100; baseline -0.007 -9"><span class='ocrx_word' id='word_1_52' title='bbox 93 1035 144 1091; x_wconf 83' lang='lat' dir='ltr'><strong>Et</strong></span> <span class='ocrx_word' id='word_1_53' title='bbox 163 1033 200 1090; x_wconf 85' lang='lat' dir='ltr'><strong>si</strong></span> <span class='ocrx_word' id='word_1_54' title='bbox 229 1040 371 1086; x_wconf 89' lang='lat' dir='ltr'><strong>recte</strong></span> <span class='ocrx_word' id='word_1_55' title='bbox 396 1029 552 1086; x_wconf 85' lang='lat' dir='ltr'><strong>nobis</strong></span> <span class='ocrx_word' id='word_1_56' title='bbox 582 1031 750 1085; x_wconf 85' lang='lat' dir='ltr'><strong>visunt</strong></span> <span class='ocrx_word' id='word_1_57' title='bbox 777 1039 888 1096; x_wconf 90' lang='lat' dir='ltr'><strong>est,</strong></span> <span class='ocrx_word' id='word_1_58' title='bbox 935 1030 1036 1085; x_wconf 92' lang='lat' dir='ltr'><strong>nisi</strong></span> <span class='ocrx_word' id='word_1_59' title='bbox 1063 1027 1380 1100; x_wconf 86' lang='lat' dir='ltr'><strong>quibusdam</strong></span> <span class='ocrx_word' id='word_1_60' title='bbox 1411 1025 1647 1082; x_wconf 86' lang='lat' dir='ltr'><strong>numeris</strong></span> 
     </span>
    </p>
   </div>
   <div class='ocr_carea' id='block_1_9' title="bbox 95 1117 1646 1192">
    <p class='ocr_par' dir='ltr' id='par_1_9' title="bbox 95 1117 1646 1192">
     <span class='ocr_line' id='line_1_9' title="bbox 95 1117 1646 1192; baseline -0.007 -9"><span class='ocrx_word' id='word_1_61' title='bbox 95 1134 206 1183; x_wconf 78' lang='lat' dir='ltr'><strong>esset</strong></span> <span class='ocrx_word' id='word_1_62' title='bbox 228 1123 342 1192; x_wconf 82' lang='lat' dir='ltr'><strong>ipse</strong></span> <span class='ocrx_word' id='word_1_63' title='bbox 381 1122 755 1178; x_wconf 78' lang='lat' dir='ltr'><strong>delectationis</strong></span> <span class='ocrx_word' id='word_1_64' title='bbox 783 1137 973 1177; x_wconf 87' lang='lat' dir='ltr'><strong>sensus</strong></span> <span class='ocrx_word' id='word_1_65' title='bbox 1011 1120 1275 1184; x_wconf 87' lang='lat' dir='ltr'><strong>imbutus,</strong></span> <span class='ocrx_word' id='word_1_66' title='bbox 1306 1118 1452 1174; x_wconf 90' lang='lat' dir='ltr'><strong>nullo</strong></span> <span class='ocrx_word' id='word_1_67' title='bbox 1485 1117 1646 1173; x_wconf 90' lang='lat' dir='ltr'><strong>modo</strong></span> 
     </span>
    </p>
   </div>
   <div class='ocr_carea' id='block_1_10' title="bbox 93 1211 1644 1290">
    <p class='ocr_par' dir='ltr' id='par_1_10' title="bbox 93 1211 1644 1290">
     <span class='ocr_line' id='line_1_10' title="bbox 93 1211 1644 1290; baseline -0.008 -14"><span class='ocrx_word' id='word_1_68' title='bbox 93 1235 186 1276; x_wconf 89' lang='lat' dir='ltr'><strong>cum</strong></span> <span class='ocrx_word' id='word_1_69' title='bbox 210 1216 442 1290; x_wconf 86' lang='lat' dir='ltr'><strong>potuisse</strong></span> <span class='ocrx_word' id='word_1_70' title='bbox 475 1231 711 1270; x_wconf 89' lang='lat' dir='ltr'><strong>annuere</strong></span> <span class='ocrx_word' id='word_1_71' title='bbox 738 1215 953 1286; x_wconf 90' lang='lat' dir='ltr'><strong>paribus</strong></span> <span class='ocrx_word' id='word_1_72' title='bbox 991 1211 1311 1278; x_wconf 88' lang='lat' dir='ltr'><strong>intervallis,</strong></span> <span class='ocrx_word' id='word_1_73' title='bbox 1350 1220 1405 1266; x_wconf 91' lang='lat' dir='ltr'><strong>et</strong></span> <span class='ocrx_word' id='word_1_74' title='bbox 1431 1219 1644 1280; x_wconf 86' lang='lat' dir='ltr'><strong>pertur-</strong></span> 
     </span>
    </p>
   </div>
   <div class='ocr_carea' id='block_1_11' title="bbox 90 1296 1644 1381">
    <p class='ocr_par' dir='ltr' id='par_1_11' title="bbox 90 1296 1644 1381">
     <span class='ocr_line' id='line_1_11' title="bbox 90 1296 1644 1381; baseline -0.009 -11"><span class='ocrx_word' id='word_1_75' title='bbox 90 1314 185 1370; x_wconf 83' lang='lat' dir='ltr'><strong>bata</strong></span> <span class='ocrx_word' id='word_1_76' title='bbox 210 1296 500 1381; x_wconf 76' lang='lat' dir='ltr'><strong>reSpuere:</strong></span> <span class='ocrx_word' id='word_1_77' title='bbox 533 1317 679 1364; x_wconf 90' lang='lat' dir='ltr'><strong>recte</strong></span> <span class='ocrx_word' id='word_1_78' title='bbox 713 1307 873 1362; x_wconf 88' lang='lat' dir='ltr'><strong>etiam</strong></span> <span class='ocrx_word' id='word_1_79' title='bbox 912 1304 1079 1361; x_wconf 88' lang='lat' dir='ltr'><strong>videri</strong></span> <span class='ocrx_word' id='word_1_80' title='bbox 1119 1311 1292 1374; x_wconf 86' lang='lat' dir='ltr'><strong>potest</strong></span> <span class='ocrx_word' id='word_1_81' title='bbox 1328 1302 1486 1369; x_wconf 82' lang='lat' dir='ltr'><strong>ratio,</strong></span> <span class='ocrx_word' id='word_1_82' title='bbox 1525 1317 1644 1370; x_wconf 73' lang='lat' dir='ltr'><strong>qua:</strong></span> 
     </span>
    </p>
   </div>
   <div class='ocr_carea' id='block_1_12' title="bbox 90 1395 1644 1469">
    <p class='ocr_par' dir='ltr' id='par_1_12' title="bbox 90 1395 1644 1469">
     <span class='ocr_line' id='line_1_12' title="bbox 90 1395 1644 1469; baseline -0.006 -9"><span class='ocrx_word' id='word_1_83' title='bbox 90 1405 186 1460; x_wconf 77' lang='lat' dir='ltr'><strong>huic</strong></span> <span class='ocrx_word' id='word_1_84' title='bbox 217 1401 554 1458; x_wconf 87' lang='lat' dir='ltr'><strong>delectationi</strong></span> <span class='ocrx_word' id='word_1_85' title='bbox 599 1398 1076 1469; x_wconf 60' lang='lat' dir='ltr'><strong>superimponitur;</strong></span> <span class='ocrx_word' id='word_1_86' title='bbox 1115 1396 1264 1451; x_wconf 88' lang='lat' dir='ltr'><strong>nullo</strong></span> <span class='ocrx_word' id='word_1_87' title='bbox 1309 1395 1469 1451; x_wconf 90' lang='lat' dir='ltr'><strong>modo</strong></span> <span class='ocrx_word' id='word_1_88' title='bbox 1526 1395 1644 1450; x_wconf 86' lang='lat' dir='ltr'><strong>sine</strong></span> 
     </span>
    </p>
   </div>
   <div class='ocr_carea' id='block_1_13' title="bbox 90 1489 1643 1567">
    <p class='ocr_par' dir='ltr' id='par_1_13' title="bbox 90 1489 1643 1567">
     <span class='ocr_line' id='line_1_13' title="bbox 90 1489 1643 1567; baseline -0.005 -17"><span class='ocrx_word' id='word_1_89' title='bbox 90 1493 366 1567; x_wconf 80' lang='lat' dir='ltr'><strong>quibusdam</strong></span> <span class='ocrx_word' id='word_1_90' title='bbox 394 1492 632 1548; x_wconf 86' lang='lat' dir='ltr'><strong>numeris</strong></span> <span class='ocrx_word' id='word_1_91' title='bbox 654 1491 1025 1553; x_wconf 86' lang='lat' dir='ltr'><strong>vivacioribus,</strong></span> <span class='ocrx_word' id='word_1_92' title='bbox 1051 1489 1118 1544; x_wconf 91' lang='lat' dir='ltr'><strong>de</strong></span> <span class='ocrx_word' id='word_1_93' title='bbox 1144 1489 1381 1544; x_wconf 86' lang='lat' dir='ltr'><strong>numeris</strong></span> <span class='ocrx_word' id='word_1_94' title='bbox 1407 1502 1541 1558; x_wconf 91' lang='lat' dir='ltr'><strong>quos</strong></span> <span class='ocrx_word' id='word_1_95' title='bbox 1563 1489 1643 1543; x_wconf 65' lang='lat' dir='ltr'><strong>in.</strong></span> 
     </span>
    </p>
   </div>
   <div class='ocr_carea' id='block_1_14' title="bbox 93 1581 1642 1654">
    <p class='ocr_par' dir='ltr' id='par_1_14' title="bbox 93 1581 1642 1654">
     <span class='ocr_line' id='line_1_14' title="bbox 93 1581 1642 1654; baseline -0.004 -12"><span class='ocrx_word' id='word_1_96' title='bbox 93 1587 153 1642; x_wconf 78' lang='lat' dir='ltr'><strong>ira</strong></span> <span class='ocrx_word' id='word_1_97' title='bbox 172 1601 222 1641; x_wconf 89' lang='lat' dir='ltr'><strong>se</strong></span> <span class='ocrx_word' id='word_1_98' title='bbox 248 1583 406 1640; x_wconf 82' lang='lat' dir='ltr'><strong>habet</strong></span> <span class='ocrx_word' id='word_1_99' title='bbox 428 1599 586 1652; x_wconf 81' lang='lat' dir='ltr'><strong>posse</strong></span> <span class='ocrx_word' id='word_1_100' title='bbox 609 1583 866 1654; x_wconf 78' lang='lat' dir='ltr'><strong>judicare.</strong></span> <span class='ocrx_word' id='word_1_101' title='bbox 892 1582 1022 1649; x_wconf 64' lang='lat' dir='ltr'><strong>Quae</strong></span> <span class='ocrx_word' id='word_1_102' title='bbox 1041 1581 1086 1636; x_wconf 88' lang='lat' dir='ltr'><strong>si</strong></span> <span class='ocrx_word' id='word_1_103' title='bbox 1109 1597 1230 1636; x_wconf 89' lang='lat' dir='ltr'><strong>vera</strong></span> <span class='ocrx_word' id='word_1_104' title='bbox 1254 1589 1397 1640; x_wconf 89' lang='lat' dir='ltr'><strong>sunt,</strong></span> <span class='ocrx_word' id='word_1_105' title='bbox 1420 1589 1642 1650; x_wconf 86' lang='lat' dir='ltr'><strong>apparet</strong></span> 
     </span>
    </p>
   </div>
   <div class='ocr_carea' id='block_1_15' title="bbox 92 1676 1636 1745">
    <p class='ocr_par' dir='ltr' id='par_1_15' title="bbox 92 1676 1636 1745">
     <span class='ocr_line' id='line_1_15' title="bbox 92 1676 1636 1745; baseline -0.006 -10"><span class='ocrx_word' id='word_1_106' title='bbox 92 1681 267 1735; x_wconf 84' lang='lat' dir='ltr'><strong>inventa</strong></span> <span class='ocrx_word' id='word_1_107' title='bbox 303 1692 424 1733; x_wconf 88' lang='lat' dir='ltr'><strong>esse</strong></span> <span class='ocrx_word' id='word_1_108' title='bbox 457 1676 513 1732; x_wconf 89' lang='lat' dir='ltr'><strong>in</strong></span> <span class='ocrx_word' id='word_1_109' title='bbox 551 1677 726 1730; x_wconf 88' lang='lat' dir='ltr'><strong>anima</strong></span> <span class='ocrx_word' id='word_1_110' title='bbox 755 1676 987 1745; x_wconf 84' lang='lat' dir='ltr'><strong>quinque</strong></span> <span class='ocrx_word' id='word_1_111' title='bbox 1027 1688 1224 1744; x_wconf 86' lang='lat' dir='ltr'><strong>genera</strong></span> <span class='ocrx_word' id='word_1_112' title='bbox 1262 1687 1636 1737; x_wconf 88' lang='lat' dir='ltr'><strong>numerorum,</strong></span> 
     </span>
    </p>
   </div>
   <div class='ocr_carea' id='block_1_16' title="bbox 95 1765 1640 1842">
    <p class='ocr_par' dir='ltr' id='par_1_16' title="bbox 95 1765 1640 1842">
     <span class='ocr_line' id='line_1_16' title="bbox 95 1765 1640 1842; baseline -0.005 -15"><span class='ocrx_word' id='word_1_113' title='bbox 95 1773 248 1842; x_wconf 81' lang='lat' dir='ltr'><strong>quibus</strong></span> <span class='ocrx_word' id='word_1_114' title='bbox 273 1787 390 1826; x_wconf 87' lang='lat' dir='ltr'><strong>cum</strong></span> <span class='ocrx_word' id='word_1_115' title='bbox 427 1768 697 1825; x_wconf 84' lang='lat' dir='ltr'><strong>addideris</strong></span> <span class='ocrx_word' id='word_1_116' title='bbox 735 1765 1040 1837; x_wconf 84' lang='lat' dir='ltr'><strong>corporales</strong></span> <span class='ocrx_word' id='word_1_117' title='bbox 1069 1767 1188 1820; x_wconf 89' lang='lat' dir='ltr'><strong>illos</strong></span> <span class='ocrx_word' id='word_1_118' title='bbox 1228 1781 1361 1836; x_wconf 91' lang='lat' dir='ltr'><strong>quos</strong></span> <span class='ocrx_word' id='word_1_119' title='bbox 1389 1773 1640 1820; x_wconf 85' lang='lat' dir='ltr'><strong>sonantes</strong></span> 
     </span>
    </p>
   </div>
   <div class='ocr_carea' id='block_1_17' title="bbox 95 1855 1636 1930">
    <p class='ocr_par' dir='ltr' id='par_1_17' title="bbox 95 1855 1636 1930">
     <span class='ocr_line' id='line_1_17' title="bbox 95 1855 1636 1930; baseline -0.005 -14"><span class='ocrx_word' id='word_1_120' title='bbox 95 1864 354 1919; x_wconf 83' lang='lat' dir='ltr'><strong>vocavimus</strong></span> <span class='ocrx_word' id='word_1_121' title='bbox 372 1904 387 1924; x_wconf 93' lang='lat'><strong>,</strong></span> <span class='ocrx_word' id='word_1_122' title='bbox 419 1877 513 1916; x_wconf 91' lang='lat' dir='ltr'><strong>sex</strong></span> <span class='ocrx_word' id='word_1_123' title='bbox 540 1875 733 1930; x_wconf 83' lang='lat' dir='ltr'><strong>genera</strong></span> <span class='ocrx_word' id='word_1_124' title='bbox 761 1873 1103 1914; x_wconf 89' lang='lat' dir='ltr'><strong>numerorum</strong></span> <span class='ocrx_word' id='word_1_125' title='bbox 1132 1856 1386 1927; x_wconf 88' lang='lat' dir='ltr'><strong>disposita</strong></span> <span class='ocrx_word' id='word_1_126' title='bbox 1413 1864 1464 1910; x_wconf 89' lang='lat' dir='ltr'><strong>et</strong></span> <span class='ocrx_word' id='word_1_127' title='bbox 1491 1855 1636 1909; x_wconf 87' lang='lat' dir='ltr'><strong>ordi-</strong></span> 
     </span>
    </p>
   </div>
   <div class='ocr_carea' id='block_1_18' title="bbox 100 1946 1638 2023">
    <p class='ocr_par' dir='ltr' id='par_1_18' title="bbox 100 1946 1638 2023">
     <span class='ocr_line' id='line_1_18' title="bbox 100 1946 1638 2023; baseline -0.006 -13"><span class='ocrx_word' id='word_1_128' title='bbox 100 1964 188 2010; x_wconf 77' lang='lat' dir='ltr'><strong>nata</strong></span> <span class='ocrx_word' id='word_1_129' title='bbox 217 1967 522 2023; x_wconf 76' lang='lat' dir='ltr'><strong>cognosces.</strong></span> <span class='ocrx_word' id='word_1_130' title='bbox 562 1950 678 2006; x_wconf 84' lang='lat' dir='ltr'><strong>.Iam</strong></span> <span class='ocrx_word' id='word_1_131' title='bbox 721 1965 895 2014; x_wconf 91' lang='lat' dir='ltr'><strong>nunc,</strong></span> <span class='ocrx_word' id='word_1_132' title='bbox 947 1949 992 2003; x_wconf 88' lang='lat' dir='ltr'><strong>si</strong></span> <span class='ocrx_word' id='word_1_133' title='bbox 1019 1948 1219 2019; x_wconf 87' lang='lat' dir='ltr'><strong>placet,</strong></span> <span class='ocrx_word' id='word_1_134' title='bbox 1271 1947 1342 2001; x_wconf 90' lang='lat' dir='ltr'><strong>illi</strong></span> <span class='ocrx_word' id='word_1_135' title='bbox 1369 1947 1456 2017; x_wconf 88' lang='lat' dir='ltr'><strong>qui</strong></span> <span class='ocrx_word' id='word_1_136' title='bbox 1484 1946 1638 2001; x_wconf 90' lang='lat' dir='ltr'><strong>nobis</strong></span> 
     </span>
    </p>
   </div>
   <div class='ocr_carea' id='block_1_19' title="bbox 100 2039 1637 2118">
    <p class='ocr_par' dir='ltr' id='par_1_19' title="bbox 100 2039 1637 2118">
     <span class='ocr_line' id='line_1_19' title="bbox 100 2039 1637 2118; baseline -0.006 -15"><span class='ocrx_word' id='word_1_137' title='bbox 100 2046 430 2118; x_wconf 79' lang='lat' dir='ltr'><strong>subrepscrant</strong></span> <span class='ocrx_word' id='word_1_138' title='bbox 457 2045 524 2099; x_wconf 86' lang='lat' dir='ltr'><strong>ad</strong></span> <span class='ocrx_word' id='word_1_139' title='bbox 566 2043 918 2115; x_wconf 85' lang='lat' dir='ltr'><strong>principatum</strong></span> <span class='ocrx_word' id='word_1_140' title='bbox 956 2039 1330 2104; x_wconf 88' lang='lat' dir='ltr'><strong>obtinendum,</strong></span> <span class='ocrx_word' id='word_1_141' title='bbox 1363 2040 1637 2094; x_wconf 76' lang='lat' dir='ltr'><strong>censuales</strong></span> 
     </span>
    </p>
   </div>
   <div class='ocr_carea' id='block_1_20' title="bbox 102 2131 1636 2205">
    <p class='ocr_par' dir='ltr' id='par_1_20' title="bbox 102 2131 1636 2205">
     <span class='ocr_line' id='line_1_20' title="bbox 102 2131 1636 2205; baseline -0.005 -12"><span class='ocrx_word' id='word_1_142' title='bbox 102 2138 409 2199; x_wconf 76' lang='lat' dir='ltr'><strong>nominentur,</strong></span> <span class='ocrx_word' id='word_1_143' title='bbox 451 2144 509 2191; x_wconf 92' lang='lat' dir='ltr'><strong>et</strong></span> <span class='ocrx_word' id='word_1_144' title='bbox 529 2133 861 2205; x_wconf 90' lang='lat' dir='ltr'><strong>judicialium</strong></span> <span class='ocrx_word' id='word_1_145' title='bbox 892 2148 1085 2189; x_wconf 91' lang='lat' dir='ltr'><strong>nomen</strong></span> <span class='ocrx_word' id='word_1_146' title='bbox 1104 2176 1118 2198; x_wconf 89' lang='lat'><strong>,</strong></span> <span class='ocrx_word' id='word_1_147' title='bbox 1151 2134 1398 2204; x_wconf 89' lang='lat' dir='ltr'><strong>quoniam</strong></span> <span class='ocrx_word' id='word_1_148' title='bbox 1427 2140 1510 2187; x_wconf 90' lang='lat' dir='ltr'><strong>est</strong></span> <span class='ocrx_word' id='word_1_149' title='bbox 1536 2131 1636 2186; x_wconf 87' lang='lat' dir='ltr'><strong>ho-</strong></span> 
     </span>
    </p>
   </div>
   <div class='ocr_carea' id='block_1_21' title="bbox 100 2224 1636 2298">
    <p class='ocr_par' dir='ltr' id='par_1_21' title="bbox 100 2224 1636 2298">
     <span class='ocr_line' id='line_1_21' title="bbox 100 2224 1636 2298; baseline -0.005 -13"><span class='ocrx_word' id='word_1_150' title='bbox 100 2229 320 2294; x_wconf 84' lang='lat' dir='ltr'><strong>noratius,</strong></span> <span class='ocrx_word' id='word_1_151' title='bbox 372 2227 428 2282; x_wconf 92' lang='lat' dir='ltr'><strong>hi</strong></span> <span class='ocrx_word' id='word_1_152' title='bbox 479 2227 746 2298; x_wconf 85' lang='lat' dir='ltr'><strong>accipiant</strong></span> <span class='ocrx_word' id='word_1_153' title='bbox 793 2226 881 2296; x_wconf 88' lang='lat' dir='ltr'><strong>qui</strong></span> <span class='ocrx_word' id='word_1_154' title='bbox 929 2225 1330 2282; x_wconf 88' lang='lat' dir='ltr'><strong>excellentiores</strong></span> <span class='ocrx_word' id='word_1_155' title='bbox 1378 2224 1636 2294; x_wconf 87' lang='lat' dir='ltr'><strong>comperti</strong></span> 
     </span>
    </p>
   </div>
   <div class='ocr_carea' id='block_1_22' title="bbox 99 2316 1634 2393">
    <p class='ocr_par' dir='ltr' id='par_1_22' title="bbox 99 2316 1634 2393">
     <span class='ocr_line' id='line_1_22' title="bbox 99 2316 1634 2393; baseline -0.006 -13"><span class='ocrx_word' id='word_1_156' title='bbox 99 2333 218 2380; x_wconf 79' lang='lat' dir='ltr'><strong>sunt:</strong></span> <span class='ocrx_word' id='word_1_157' title='bbox 245 2336 540 2393; x_wconf 77' lang='lat' dir='ltr'><strong>quanquam</strong></span> <span class='ocrx_word' id='word_1_158' title='bbox 569 2329 626 2376; x_wconf 92' lang='lat' dir='ltr'><strong>ct</strong></span> <span class='ocrx_word' id='word_1_159' title='bbox 648 2319 948 2375; x_wconf 85' lang='lat' dir='ltr'><strong>sonantium</strong></span> <span class='ocrx_word' id='word_1_160' title='bbox 976 2333 1168 2373; x_wconf 88' lang='lat' dir='ltr'><strong>nomen</strong></span> <span class='ocrx_word' id='word_1_161' title='bbox 1197 2316 1505 2372; x_wconf 90' lang='lat' dir='ltr'><strong>mutandum</strong></span> <span class='ocrx_word' id='word_1_162' title='bbox 1535 2333 1634 2387; x_wconf 90' lang='lat' dir='ltr'><strong>pu-</strong></span> 
     </span>
    </p>
   </div>
   <div class='ocr_carea' id='block_1_23' title="bbox 102 2409 1633 2485">
    <p class='ocr_par' dir='ltr' id='par_1_23' title="bbox 102 2409 1633 2485">
     <span class='ocr_line' id='line_1_23' title="bbox 102 2409 1633 2485; baseline -0.003 -17"><span class='ocrx_word' id='word_1_163' title='bbox 102 2424 198 2477; x_wconf 82' lang='lat' dir='ltr'><strong>tem,</strong></span> <span class='ocrx_word' id='word_1_164' title='bbox 221 2415 453 2485; x_wconf 71' lang='lat' dir='ltr'><strong>tumidam</strong></span> <span class='ocrx_word' id='word_1_165' title='bbox 483 2413 528 2469; x_wconf 93' lang='lat' dir='ltr'><strong>si</strong></span> <span class='ocrx_word' id='word_1_166' title='bbox 567 2412 869 2482; x_wconf 87' lang='lat' dir='ltr'><strong>corporales</strong></span> <span class='ocrx_word' id='word_1_167' title='bbox 896 2419 1174 2471; x_wconf 80' lang='lat' dir='ltr'><strong>vocentur,</strong></span> <span class='ocrx_word' id='word_1_168' title='bbox 1199 2409 1533 2465; x_wconf 84' lang='lat' dir='ltr'><strong>manifestius</strong></span> <span class='ocrx_word' id='word_1_169' title='bbox 1559 2410 1633 2464; x_wconf 86' lang='lat' dir='ltr'><strong>si-</strong></span> 
     </span>
    </p>
   </div>
   <div class='ocr_carea' id='block_1_24' title="bbox 95 2503 1633 2579">
    <p class='ocr_par' dir='ltr' id='par_1_24' title="bbox 95 2503 1633 2579">
     <span class='ocr_line' id='line_1_24' title="bbox 95 2503 1633 2579; baseline -0.003 -17"><span class='ocrx_word' id='word_1_170' title='bbox 95 2507 368 2579; x_wconf 76' lang='lat' dir='ltr'><strong>gniﬁcabuut</strong></span> <span class='ocrx_word' id='word_1_171' title='bbox 412 2506 576 2562; x_wconf 87' lang='lat' dir='ltr'><strong>etiam</strong></span> <span class='ocrx_word' id='word_1_172' title='bbox 606 2506 725 2560; x_wconf 90' lang='lat' dir='ltr'><strong>illos</strong></span> <span class='ocrx_word' id='word_1_173' title='bbox 763 2505 853 2576; x_wconf 87' lang='lat' dir='ltr'><strong>qui</strong></span> <span class='ocrx_word' id='word_1_174' title='bbox 883 2515 1006 2559; x_wconf 93' lang='lat' dir='ltr'><strong>sunt</strong></span> <span class='ocrx_word' id='word_1_175' title='bbox 1045 2505 1097 2558; x_wconf 92' lang='lat' dir='ltr'><strong>in</strong></span> <span class='ocrx_word' id='word_1_176' title='bbox 1131 2503 1446 2567; x_wconf 86' lang='lat' dir='ltr'><strong>saltatione,</strong></span> <span class='ocrx_word' id='word_1_177' title='bbox 1489 2513 1542 2558; x_wconf 89' lang='lat' dir='ltr'><strong>et</strong></span> <span class='ocrx_word' id='word_1_178' title='bbox 1581 2504 1633 2558; x_wconf 92' lang='lat' dir='ltr'><strong>in</strong></span> 
     </span>
    </p>
   </div>
   <div class='ocr_carea' id='block_1_25' title="bbox 95 2593 1636 2666">
    <p class='ocr_par' dir='ltr' id='par_1_25' title="bbox 95 2593 1636 2666">
     <span class='ocr_line' id='line_1_25' title="bbox 95 2593 1636 2666; baseline -0.003 -13"><span class='ocrx_word' id='word_1_179' title='bbox 95 2610 242 2654; x_wconf 66' lang='lat' dir='ltr'><strong>ralem</strong></span> <span class='ocrx_word' id='word_1_180' title='bbox 266 2607 410 2653; x_wconf 87' lang='lat' dir='ltr'><strong>motu</strong></span> <span class='ocrx_word' id='word_1_181' title='bbox 434 2596 652 2650; x_wconf 90' lang='lat' dir='ltr'><strong>visibili.</strong></span> <span class='ocrx_word' id='word_1_182' title='bbox 682 2596 734 2650; x_wconf 83' lang='lat' dir='ltr'><strong>Si</strong></span> <span class='ocrx_word' id='word_1_183' title='bbox 766 2606 944 2650; x_wconf 90' lang='lat' dir='ltr'><strong>tamen</strong></span> <span class='ocrx_word' id='word_1_184' title='bbox 969 2609 1030 2650; x_wconf 90' lang='lat' dir='ltr'><strong>ea</strong></span> <span class='ocrx_word' id='word_1_185' title='bbox 1061 2610 1182 2666; x_wconf 71' lang='lat' dir='ltr'><strong>qua:</strong></span> <span class='ocrx_word' id='word_1_186' title='bbox 1200 2593 1336 2648; x_wconf 87' lang='lat' dir='ltr'><strong>dicta</strong></span> <span class='ocrx_word' id='word_1_187' title='bbox 1369 2603 1492 2649; x_wconf 88' lang='lat' dir='ltr'><strong>sunt</strong></span> <span class='ocrx_word' id='word_1_188' title='bbox 1513 2609 1636 2664; x_wconf 82' lang='lat' dir='ltr'><strong>pro-</strong></span> 
     </span>
    </p>
   </div>
   <div class='ocr_carea' id='block_1_26' title="bbox 94 2687 1632 2749">
    <p class='ocr_par' dir='ltr' id='par_1_26' title="bbox 94 2687 1632 2749">
     <span class='ocr_line' id='line_1_26' title="bbox 94 2687 1632 2749; baseline -0.004 -1"><span class='ocrx_word' id='word_1_189' title='bbox 94 2694 170 2749; x_wconf 77' lang='lat' dir='ltr'><strong>bas.</strong></span> <span class='ocrx_word' id='word_1_190' title='bbox 197 2691 262 2748; x_wconf 77' lang='grc' dir='ltr'><strong>υ.</strong></span> <span class='ocrx_word' id='word_1_191' title='bbox 300 2692 481 2748; x_wconf 82' lang='lat' dir='ltr'><strong>Probo</strong></span> <span class='ocrx_word' id='word_1_192' title='bbox 509 2707 674 2746; x_wconf 86' lang='lat' dir='ltr'><strong>sane:</strong></span> <span class='ocrx_word' id='word_1_193' title='bbox 709 2705 828 2744; x_wconf 89' lang='lat' dir='ltr'><strong>nam</strong></span> <span class='ocrx_word' id='word_1_194' title='bbox 864 2696 918 2744; x_wconf 91' lang='lat' dir='ltr'><strong>et</strong></span> <span class='ocrx_word' id='word_1_195' title='bbox 943 2704 1064 2744; x_wconf 89' lang='lat' dir='ltr'><strong>vera</strong></span> <span class='ocrx_word' id='word_1_196' title='bbox 1095 2696 1149 2743; x_wconf 92' lang='lat' dir='ltr'><strong>et</strong></span> <span class='ocrx_word' id='word_1_197' title='bbox 1191 2688 1467 2744; x_wconf 87' lang='lat' dir='ltr'><strong>manifesta</strong></span> <span class='ocrx_word' id='word_1_198' title='bbox 1503 2687 1632 2742; x_wconf 89' lang='lat' dir='ltr'><strong>mihi</strong></span> 
     </span>
    </p>
   </div>
   <div class='ocr_carea' id='block_1_27' title="bbox 92 2779 1632 2841">
    <p class='ocr_par' dir='ltr' id='par_1_27' title="bbox 92 2779 1632 2841">
     <span class='ocr_line' id='line_1_27' title="bbox 92 2779 1632 2841; baseline -0.002 -4"><span class='ocrx_word' id='word_1_199' title='bbox 92 2785 304 2841; x_wconf 62' lang='lat' dir='ltr'><strong>videnlur.</strong></span> <span class='ocrx_word' id='word_1_200' title='bbox 357 2784 564 2840; x_wconf 80' lang='lat' dir='ltr'><strong>Horum</strong></span> <span class='ocrx_word' id='word_1_201' title='bbox 604 2783 762 2838; x_wconf 88' lang='lat' dir='ltr'><strong>etiam</strong></span> <span class='ocrx_word' id='word_1_202' title='bbox 792 2779 1219 2836; x_wconf 81' lang='lat' dir='ltr'><strong>emendationem</strong></span> <span class='ocrx_word' id='word_1_203' title='bbox 1256 2779 1632 2834; x_wconf 81' lang='lat' dir='ltr'><strong>vocabulorum</strong></span> 
     </span>
    </p>
   </div>
   <div class='ocr_carea' id='block_1_28' title="bbox 90 2877 518 2947">
    <p class='ocr_par' dir='ltr' id='par_1_28' title="bbox 90 2877 518 2947">
     <span class='ocr_line' id='line_1_28' title="bbox 90 2877 518 2947; baseline 0 -16"><span class='ocrx_word' id='word_1_204' title='bbox 90 2878 270 2933; x_wconf 83' lang='lat' dir='ltr'><strong>libenter</strong></span> <span class='ocrx_word' id='word_1_205' title='bbox 293 2877 518 2947; x_wconf 83' lang='lat' dir='ltr'><strong>accipio.</strong></span> 
     </span>
    </p>
   </div>
   <div class='ocr_carea' id='block_1_29' title="bbox 88 2964 1636 3035">
    <p class='ocr_par' dir='ltr' id='par_1_29' title="bbox 88 2964 1636 3035">
     <span class='ocr_line' id='line_1_29' title="bbox 88 2964 1636 3035; baseline -0.002 -13"><span class='ocrx_word' id='word_1_206' title='bbox 88 2967 268 3028; x_wconf 73' lang='lat' dir='ltr'><strong>CAPUT</strong></span> <span class='ocrx_word' id='word_1_207' title='bbox 306 2969 375 3025; x_wconf 76' lang='grc' dir='ltr'><strong>Χ.</strong></span> <span class='ocrx_word' id='word_1_208' title='bbox 418 2998 489 3012; x_wconf 81' lang='lat'><strong>~—-</strong></span> <span class='ocrx_word' id='word_1_209' title='bbox 531 2966 761 3022; x_wconf 72' lang='lat' dir='ltr'><strong>Rationis</strong></span> <span class='ocrx_word' id='word_1_210' title='bbox 801 2966 874 3020; x_wconf 81' lang='lat' dir='ltr'><strong>vis</strong></span> <span class='ocrx_word' id='word_1_211' title='bbox 912 2965 967 3020; x_wconf 79' lang='lat' dir='ltr'><strong>in</strong></span> <span class='ocrx_word' id='word_1_212' title='bbox 1011 2964 1372 3033; x_wconf 73' lang='lat' dir='ltr'><strong>perspiciendis</strong></span> <span class='ocrx_word' id='word_1_213' title='bbox 1413 2979 1526 3035; x_wconf 74' lang='lat' dir='ltr'><strong>qua:</strong></span> <span class='ocrx_word' id='word_1_214' title='bbox 1567 2965 1636 3019; x_wconf 87' lang='lat' dir='ltr'><strong>ad</strong></span> 
     </span>
    </p>
   </div>
   <div class='ocr_carea' id='block_1_30' title="bbox 137 3057 1636 3132">
    <p class='ocr_par' dir='ltr' id='par_1_30' title="bbox 137 3057 1636 3132">
     <span class='ocr_line' id='line_1_30' title="bbox 137 3057 1636 3132; baseline -0.004 -15"><span class='ocrx_word' id='word_1_215' title='bbox 137 3061 372 3117; x_wconf 67' lang='lat' dir='ltr'><strong>Nasicam</strong></span> <span class='ocrx_word' id='word_1_216' title='bbox 415 3061 695 3132; x_wconf 76' lang='lat' dir='ltr'><strong>pertinent,</strong></span> <span class='ocrx_word' id='word_1_217' title='bbox 719 3059 802 3113; x_wconf 79' lang='lat' dir='ltr'><strong>ubi</strong></span> <span class='ocrx_word' id='word_1_218' title='bbox 828 3057 959 3113; x_wconf 81' lang='lat' dir='ltr'><strong>nthil</strong></span> <span class='ocrx_word' id='word_1_219' title='bbox 1003 3057 1145 3111; x_wconf 67' lang='lat' dir='ltr'><strong>aiiud</strong></span> <span class='ocrx_word' id='word_1_220' title='bbox 1185 3073 1334 3127; x_wconf 82' lang='lat' dir='ltr'><strong>quam</strong></span> <span class='ocrx_word' id='word_1_221' title='bbox 1373 3059 1636 3127; x_wconf 65' lang='lat' dir='ltr'><strong>aequalitas</strong></span> 
     </span>
    </p>
   </div>
   <div class='ocr_carea' id='block_1_31' title="bbox 133 3155 1614 3211">
    <p class='ocr_par' dir='ltr' id='par_1_31' title="bbox 133 3155 1614 3211">
     <span class='ocr_line' id='line_1_31' title="bbox 133 3155 1614 3211; baseline 0.001 -3"><span class='ocrx_word' id='word_1_222' title='bbox 133 3155 348 3211; x_wconf 67' lang='lat' dir='ltr'><strong>delectat.</strong></span> <span class='ocrx_word' id='word_1_223' title='bbox 1608 3157 1614 3164; x_wconf 76' lang='grc'><strong><em>’</em></strong></span> 
     </span>
    </p>
   </div>
   <div class='ocr_carea' id='block_1_32' title="bbox 132 3244 1633 3319">
    <p class='ocr_par' dir='ltr' id='par_1_32' title="bbox 132 3244 1633 3319">
     <span class='ocr_line' id='line_1_32' title="bbox 132 3244 1633 3319; baseline -0.005 -14"><span class='ocrx_word' id='word_1_224' title='bbox 132 3249 208 3305; x_wconf 72' lang='lat'><strong>25.</strong></span> <span class='ocrx_word' id='word_1_225' title='bbox 239 3248 314 3304; x_wconf 70' lang='lat' dir='ltr'><strong>lt.</strong></span> <span class='ocrx_word' id='word_1_226' title='bbox 347 3249 481 3319; x_wconf 76' lang='lat' dir='ltr'><strong>Age,</strong></span> <span class='ocrx_word' id='word_1_227' title='bbox 513 3261 657 3303; x_wconf 91' lang='lat' dir='ltr'><strong>nunc</strong></span> <span class='ocrx_word' id='word_1_228' title='bbox 693 3244 873 3316; x_wconf 80' lang='lat' dir='ltr'><strong>aspice</strong></span> <span class='ocrx_word' id='word_1_229' title='bbox 901 3245 952 3300; x_wconf 93' lang='lat' dir='ltr'><strong>in</strong></span> <span class='ocrx_word' id='word_1_230' title='bbox 983 3245 1090 3300; x_wconf 82' lang='lat' dir='ltr'><strong>vim</strong></span> <span class='ocrx_word' id='word_1_231' title='bbox 1121 3244 1516 3314; x_wconf 83' lang='lat' dir='ltr'><strong>potentiamque</strong></span> <span class='ocrx_word' id='word_1_232' title='bbox 1545 3258 1633 3299; x_wconf 88' lang='lat' dir='ltr'><strong>ra-</strong></span> 
     </span>
    </p>
   </div>
   <div class='ocr_carea' id='block_1_33' title="bbox 82 3336 1630 3412">
    <p class='ocr_par' dir='ltr' id='par_1_33' title="bbox 82 3336 1630 3412">
     <span class='ocr_line' id='line_1_33' title="bbox 82 3336 1630 3412; baseline -0.001 -21"><span class='ocrx_word' id='word_1_233' title='bbox 82 3338 233 3402; x_wconf 83' lang='lat' dir='ltr'><strong>tionis,</strong></span> <span class='ocrx_word' id='word_1_234' title='bbox 259 3350 510 3412; x_wconf 89' lang='lat' dir='ltr'><strong>quantum</strong></span> <span class='ocrx_word' id='word_1_235' title='bbox 545 3355 608 3393; x_wconf 80' lang='lat' dir='ltr'><strong>ex</strong></span> <span class='ocrx_word' id='word_1_236' title='bbox 640 3337 892 3408; x_wconf 87' lang='lat' dir='ltr'><strong>operibus</strong></span> <span class='ocrx_word' id='word_1_237' title='bbox 914 3336 1030 3407; x_wconf 82' lang='lat' dir='ltr'><strong>ejus</strong></span> <span class='ocrx_word' id='word_1_238' title='bbox 1067 3337 1306 3408; x_wconf 74' lang='lat' dir='ltr'><strong>aSpicere</strong></span> <span class='ocrx_word' id='word_1_239' title='bbox 1334 3351 1630 3405; x_wconf 86' lang='lat' dir='ltr'><strong>possumus.</strong></span> 
     </span>
    </p>
   </div>
   <div class='ocr_carea' id='block_1_34' title="bbox 86 3427 1636 3502">
    <p class='ocr_par' dir='ltr' id='par_1_34' title="bbox 86 3427 1636 3502">
     <span class='ocr_line' id='line_1_34' title="bbox 86 3427 1636 3502; baseline 0 -19"><span class='ocrx_word' id='word_1_240' title='bbox 86 3431 187 3502; x_wconf 75' lang='lat' dir='ltr'><strong>lpsa</strong></span> <span class='ocrx_word' id='word_1_241' title='bbox 216 3433 379 3496; x_wconf 83' lang='lat' dir='ltr'><strong>enim,</strong></span> <span class='ocrx_word' id='word_1_242' title='bbox 419 3440 476 3487; x_wconf 89' lang='lat' dir='ltr'><strong>ut</strong></span> <span class='ocrx_word' id='word_1_243' title='bbox 509 3429 562 3486; x_wconf 89' lang='lat' dir='ltr'><strong>id</strong></span> <span class='ocrx_word' id='word_1_244' title='bbox 601 3430 935 3501; x_wconf 90' lang='lat' dir='ltr'><strong>potissimum</strong></span> <span class='ocrx_word' id='word_1_245' title='bbox 977 3427 1148 3482; x_wconf 89' lang='lat' dir='ltr'><strong>dicam</strong></span> <span class='ocrx_word' id='word_1_246' title='bbox 1191 3427 1331 3498; x_wconf 85' lang='lat' dir='ltr'><strong>quod</strong></span> <span class='ocrx_word' id='word_1_247' title='bbox 1370 3427 1438 3482; x_wconf 83' lang='lat' dir='ltr'><strong>ad</strong></span> <span class='ocrx_word' id='word_1_248' title='bbox 1480 3429 1636 3496; x_wconf 86' lang='lat' dir='ltr'><strong>hujus</strong></span> 
     </span>
    </p>
   </div>
   <div class='ocr_carea' id='block_1_35' title="bbox 87 3506 1634 3594">
    <p class='ocr_par' dir='ltr' id='par_1_35' title="bbox 87 3506 1634 3594">
     <span class='ocr_line' id='line_1_35' title="bbox 87 3506 1634 3594; baseline -0.001 -17"><span class='ocrx_word' id='word_1_249' title='bbox 87 3523 243 3592; x_wconf 82' lang='lat' dir='ltr'><strong>operis</strong></span> <span class='ocrx_word' id='word_1_250' title='bbox 264 3523 643 3594; x_wconf 86' lang='lat' dir='ltr'><strong>susceptionem</strong></span> <span class='ocrx_word' id='word_1_251' title='bbox 670 3523 880 3584; x_wconf 89' lang='lat' dir='ltr'><strong>attinet,</strong></span> <span class='ocrx_word' id='word_1_252' title='bbox 909 3520 1082 3590; x_wconf 89' lang='lat' dir='ltr'><strong>primo</strong></span> <span class='ocrx_word' id='word_1_253' title='bbox 1111 3506 1235 3590; x_wconf 84' lang='lat' dir='ltr'><strong>quid</strong></span> <span class='ocrx_word' id='word_1_254' title='bbox 1266 3522 1332 3575; x_wconf 90' lang='lat' dir='ltr'><strong>sit</strong></span> <span class='ocrx_word' id='word_1_255' title='bbox 1358 3520 1468 3591; x_wconf 79' lang='lat' dir='ltr'><strong>ipsa</strong></span> <span class='ocrx_word' id='word_1_256' title='bbox 1495 3520 1634 3577; x_wconf 91' lang='lat' dir='ltr'><strong>bona</strong></span> 
     </span>
    </p>
   </div>
   <div class='ocr_carea' id='block_1_36' title="bbox 85 3609 1633 3682">
    <p class='ocr_par' dir='ltr' id='par_1_36' title="bbox 85 3609 1633 3682">
     <span class='ocr_line' id='line_1_36' title="bbox 85 3609 1633 3682; baseline -0.001 -14"><span class='ocrx_word' id='word_1_257' title='bbox 85 3614 337 3670; x_wconf 79' lang='lat' dir='ltr'><strong>modulatio</strong></span> <span class='ocrx_word' id='word_1_258' title='bbox 362 3613 756 3676; x_wconf 88' lang='lat' dir='ltr'><strong>consideravit,</strong></span> <span class='ocrx_word' id='word_1_259' title='bbox 796 3621 848 3667; x_wconf 89' lang='lat' dir='ltr'><strong>et</strong></span> <span class='ocrx_word' id='word_1_260' title='bbox 876 3627 993 3666; x_wconf 89' lang='lat' dir='ltr'><strong>eam</strong></span> <span class='ocrx_word' id='word_1_261' title='bbox 1036 3611 1090 3666; x_wconf 92' lang='lat' dir='ltr'><strong>in</strong></span> <span class='ocrx_word' id='word_1_262' title='bbox 1128 3609 1356 3682; x_wconf 88' lang='lat' dir='ltr'><strong>quodam</strong></span> <span class='ocrx_word' id='word_1_263' title='bbox 1388 3620 1534 3666; x_wconf 91' lang='lat' dir='ltr'><strong>motu</strong></span> <span class='ocrx_word' id='word_1_264' title='bbox 1563 3611 1633 3666; x_wconf 80' lang='lat' dir='ltr'><strong>li-</strong></span> 
     </span>
    </p>
   </div>
   <div class='ocr_carea' id='block_1_37' title="bbox 85 3701 1635 3775">
    <p class='ocr_par' dir='ltr' id='par_1_37' title="bbox 85 3701 1635 3775">
     <span class='ocr_line' id='line_1_37' title="bbox 85 3701 1635 3775; baseline -0.001 -16"><span class='ocrx_word' id='word_1_265' title='bbox 85 3704 213 3770; x_wconf 86' lang='lat' dir='ltr'><strong>hero,</strong></span> <span class='ocrx_word' id='word_1_266' title='bbox 241 3715 289 3761; x_wconf 87' lang='lat' dir='ltr'><strong>et</strong></span> <span class='ocrx_word' id='word_1_267' title='bbox 323 3706 386 3761; x_wconf 90' lang='lat' dir='ltr'><strong>ad</strong></span> <span class='ocrx_word' id='word_1_268' title='bbox 423 3721 536 3762; x_wconf 80' lang='lat' dir='ltr'><strong>sua:</strong></span> <span class='ocrx_word' id='word_1_269' title='bbox 566 3702 977 3775; x_wconf 84' lang='lat' dir='ltr'><strong>pulchritudinis</strong></span> <span class='ocrx_word' id='word_1_270' title='bbox 1018 3701 1176 3757; x_wconf 84' lang='lat' dir='ltr'><strong>flnem</strong></span> <span class='ocrx_word' id='word_1_271' title='bbox 1217 3717 1478 3758; x_wconf 86' lang='lat' dir='ltr'><strong>converso</strong></span> <span class='ocrx_word' id='word_1_272' title='bbox 1513 3717 1635 3758; x_wconf 91' lang='lat' dir='ltr'><strong>esse</strong></span> 
     </span>
    </p>
   </div>
   <div class='ocr_carea' id='block_1_38' title="bbox 93 3795 1634 3868">
    <p class='ocr_par' dir='ltr' id='par_1_38' title="bbox 93 3795 1634 3868">
     <span class='ocr_line' id='line_1_38' title="bbox 93 3795 1634 3868; baseline -0.001 -17"><span class='ocrx_word' id='word_1_273' title='bbox 93 3799 340 3868; x_wconf 71' lang='lat' dir='ltr'><strong>perspexit.</strong></span> <span class='ocrx_word' id='word_1_274' title='bbox 387 3797 590 3853; x_wconf 88' lang='lat' dir='ltr'><strong>Deinde</strong></span> <span class='ocrx_word' id='word_1_275' title='bbox 636 3796 767 3851; x_wconf 87' lang='lat' dir='ltr'><strong>vidit</strong></span> <span class='ocrx_word' id='word_1_276' title='bbox 805 3795 857 3850; x_wconf 91' lang='lat' dir='ltr'><strong>in</strong></span> <span class='ocrx_word' id='word_1_277' title='bbox 905 3795 1139 3850; x_wconf 84' lang='lat' dir='ltr'><strong>motibus</strong></span> <span class='ocrx_word' id='word_1_278' title='bbox 1163 3810 1444 3866; x_wconf 88' lang='lat' dir='ltr'><strong>corporum</strong></span> <span class='ocrx_word' id='word_1_279' title='bbox 1491 3795 1634 3850; x_wconf 91' lang='lat' dir='ltr'><strong>aliud</strong></span> 
     </span>
    </p>
   </div>
   <div class='ocr_carea' id='block_1_39' title="bbox 97 3886 1633 3960">
    <p class='ocr_par' dir='ltr' id='par_1_39' title="bbox 97 3886 1633 3960">
     <span class='ocr_line' id='line_1_39' title="bbox 97 3886 1633 3960; baseline -0.001 -18"><span class='ocrx_word' id='word_1_280' title='bbox 97 3904 188 3946; x_wconf 71' lang='lat' dir='ltr'><strong>esse</strong></span> <span class='ocrx_word' id='word_1_281' title='bbox 208 3890 337 3960; x_wconf 89' lang='lat' dir='ltr'><strong>quod</strong></span> <span class='ocrx_word' id='word_1_282' title='bbox 367 3889 628 3944; x_wconf 85' lang='lat' dir='ltr'><strong>brevitate</strong></span> <span class='ocrx_word' id='word_1_283' title='bbox 654 3895 709 3943; x_wconf 90' lang='lat' dir='ltr'><strong>et</strong></span> <span class='ocrx_word' id='word_1_284' title='bbox 741 3886 1088 3958; x_wconf 90' lang='lat' dir='ltr'><strong>productione</strong></span> <span class='ocrx_word' id='word_1_285' title='bbox 1118 3887 1373 3956; x_wconf 87' lang='lat' dir='ltr'><strong>temporis</strong></span> <span class='ocrx_word' id='word_1_286' title='bbox 1399 3887 1633 3941; x_wconf 89' lang='lat' dir='ltr'><strong>variare-</strong></span> 
     </span>
    </p>
   </div>
   <div class='ocr_carea' id='block_1_40' title="bbox 94 3980 1632 4055">
    <p class='ocr_par' dir='ltr' id='par_1_40' title="bbox 94 3980 1632 4055">
     <span class='ocr_line' id='line_1_40' title="bbox 94 3980 1632 4055; baseline 0.001 -21"><span class='ocrx_word' id='word_1_287' title='bbox 94 3991 172 4040; x_wconf 84' lang='lat' dir='ltr'><strong>tur.</strong></span> <span class='ocrx_word' id='word_1_288' title='bbox 195 3983 238 4037; x_wconf 93' lang='lat' dir='ltr'><strong>in</strong></span> <span class='ocrx_word' id='word_1_289' title='bbox 258 3994 510 4055; x_wconf 90' lang='lat' dir='ltr'><strong>quantum</strong></span> <span class='ocrx_word' id='word_1_290' title='bbox 529 3981 696 4053; x_wconf 87' lang='lat' dir='ltr'><strong>magis</strong></span> <span class='ocrx_word' id='word_1_291' title='bbox 716 3990 858 4037; x_wconf 81' lang='lat' dir='ltr'><strong>esset</strong></span> <span class='ocrx_word' id='word_1_292' title='bbox 878 3981 1118 4036; x_wconf 85' lang='lat' dir='ltr'><strong>minusve</strong></span> <span class='ocrx_word' id='word_1_293' title='bbox 1137 3980 1468 4044; x_wconf 87' lang='lat' dir='ltr'><strong>diuturnum,</strong></span> <span class='ocrx_word' id='word_1_294' title='bbox 1492 3980 1632 4035; x_wconf 87' lang='lat' dir='ltr'><strong>aliud</strong></span> 
     </span>
    </p>
   </div>
   <div class='ocr_carea' id='block_1_41' title="bbox 94 4069 1632 4144">
    <p class='ocr_par' dir='ltr' id='par_1_41' title="bbox 94 4069 1632 4144">
     <span class='ocr_line' id='line_1_41' title="bbox 94 4069 1632 4144; baseline 0 -18"><span class='ocrx_word' id='word_1_295' title='bbox 94 4069 301 4129; x_wconf 75' lang='lat' dir='ltr'><strong>lat-alium</strong></span> <span class='ocrx_word' id='word_1_296' title='bbox 331 4074 621 4144; x_wconf 84' lang='lat' dir='ltr'><strong>spatiorum</strong></span> <span class='ocrx_word' id='word_1_297' title='bbox 666 4073 1008 4142; x_wconf 87' lang='lat' dir='ltr'><strong>percussione</strong></span> <span class='ocrx_word' id='word_1_298' title='bbox 1030 4073 1046 4104; x_wconf 83' lang='grc'>¹</span> <span class='ocrx_word' id='word_1_299' title='bbox 1075 4073 1128 4126; x_wconf 92' lang='lat' dir='ltr'><strong>in</strong></span> <span class='ocrx_word' id='word_1_300' title='bbox 1167 4071 1478 4142; x_wconf 87' lang='lat' dir='ltr'><strong>quibusdam</strong></span> <span class='ocrx_word' id='word_1_301' title='bbox 1509 4086 1632 4144; x_wconf 84' lang='lat' dir='ltr'><strong>gra-</strong></span> 
     </span>
    </p>
   </div>
   <div class='ocr_carea' id='block_1_42' title="bbox 94 4161 1635 4233">
    <p class='ocr_par' dir='ltr' id='par_1_42' title="bbox 94 4161 1635 4233">
     <span class='ocr_line' id='line_1_42' title="bbox 94 4161 1635 4233; baseline 0.001 -18"><span class='ocrx_word' id='word_1_302' title='bbox 94 4163 215 4220; x_wconf 78' lang='lat' dir='ltr'><strong>dibus</strong></span> <span class='ocrx_word' id='word_1_303' title='bbox 238 4165 521 4222; x_wconf 80' lang='lat' dir='ltr'><strong>celeritatis</strong></span> <span class='ocrx_word' id='word_1_304' title='bbox 545 4172 599 4219; x_wconf 91' lang='lat' dir='ltr'><strong>et</strong></span> <span class='ocrx_word' id='word_1_305' title='bbox 625 4163 924 4218; x_wconf 87' lang='lat' dir='ltr'><strong>tarditatis:</strong></span> <span class='ocrx_word' id='word_1_306' title='bbox 951 4178 1052 4233; x_wconf 87' lang='lat' dir='ltr'><strong>qua</strong></span> <span class='ocrx_word' id='word_1_307' title='bbox 1080 4161 1338 4218; x_wconf 79' lang='lat' dir='ltr'><strong>divisione</strong></span> <span class='ocrx_word' id='word_1_308' title='bbox 1367 4162 1499 4218; x_wconf 82' lang='lat' dir='ltr'><strong>facta</strong></span> <span class='ocrx_word' id='word_1_309' title='bbox 1521 4205 1535 4227; x_wconf 90' lang='lat'><strong>,</strong></span> <span class='ocrx_word' id='word_1_310' title='bbox 1573 4163 1635 4217; x_wconf 88' lang='lat' dir='ltr'><strong>il-</strong></span> 
     </span>
    </p>
   </div>
   <div class='ocr_carea' id='block_1_43' title="bbox 94 4253 1630 4326">
    <p class='ocr_par' dir='ltr' id='par_1_43' title="bbox 94 4253 1630 4326">
     <span class='ocr_line' id='line_1_43' title="bbox 94 4253 1630 4326; baseline 0.002 -20"><span class='ocrx_word' id='word_1_311' title='bbox 94 4256 161 4310; x_wconf 83' lang='lat' dir='ltr'><strong>hul</strong></span> <span class='ocrx_word' id='word_1_312' title='bbox 183 4257 315 4326; x_wconf 87' lang='lat' dir='ltr'><strong>quod</strong></span> <span class='ocrx_word' id='word_1_313' title='bbox 336 4258 386 4312; x_wconf 93' lang='lat' dir='ltr'><strong>in</strong></span> <span class='ocrx_word' id='word_1_314' title='bbox 410 4256 666 4325; x_wconf 85' lang='lat' dir='ltr'><strong>temporis</strong></span> <span class='ocrx_word' id='word_1_315' title='bbox 688 4270 837 4310; x_wconf 87' lang='lat' dir='ltr'><strong>mora</strong></span> <span class='ocrx_word' id='word_1_316' title='bbox 859 4265 1020 4319; x_wconf 84' lang='lat' dir='ltr'><strong>esset,</strong></span> <span class='ocrx_word' id='word_1_317' title='bbox 1043 4253 1302 4310; x_wconf 87' lang='lat' dir='ltr'><strong>modestis</strong></span> <span class='ocrx_word' id='word_1_318' title='bbox 1322 4254 1630 4319; x_wconf 83' lang='lat' dir='ltr'><strong>intervallis,</strong></span> 
     </span>
    </p>
   </div>
   <div class='ocr_carea' id='block_1_44' title="bbox 89 4347 1635 4406">
    <p class='ocr_par' dir='ltr' id='par_1_44' title="bbox 89 4347 1635 4406">
     <span class='ocr_line' id='line_1_44' title="bbox 89 4347 1635 4406; baseline 0.002 -5"><span class='ocrx_word' id='word_1_319' title='bbox 89 4359 129 4401; x_wconf 87' lang='lat' dir='ltr'><strong>ct</strong></span> <span class='ocrx_word' id='word_1_320' title='bbox 161 4349 374 4406; x_wconf 87' lang='lat' dir='ltr'><strong>humano</strong></span> <span class='ocrx_word' id='word_1_321' title='bbox 416 4349 597 4406; x_wconf 89' lang='lat' dir='ltr'><strong>sensui</strong></span> <span class='ocrx_word' id='word_1_322' title='bbox 646 4348 1058 4403; x_wconf 84' lang='lat' dir='ltr'><strong>accommodatis</strong></span> <span class='ocrx_word' id='word_1_323' title='bbox 1098 4347 1414 4402; x_wconf 77' lang='lat' dir='ltr'><strong>articulatim</strong></span> <span class='ocrx_word' id='word_1_324' title='bbox 1458 4348 1635 4404; x_wconf 86' lang='lat' dir='ltr'><strong>varios</strong></span> 
     </span>
    </p>
   </div>
   <div class='ocr_carea' id='block_1_45' title="bbox 89 4438 1634 4510">
    <p class='ocr_par' dir='ltr' id='par_1_45' title="bbox 89 4438 1634 4510">
     <span class='ocr_line' id='line_1_45' title="bbox 89 4438 1634 4510; baseline 0.001 -18"><span class='ocrx_word' id='word_1_325' title='bbox 89 4439 292 4496; x_wconf 79' lang='lat' dir='ltr'><strong>elliceret</strong></span> <span class='ocrx_word' id='word_1_326' title='bbox 312 4456 582 4505; x_wconf 84' lang='lat' dir='ltr'><strong>numeros,</strong></span> <span class='ocrx_word' id='word_1_327' title='bbox 603 4454 894 4510; x_wconf 87' lang='lat' dir='ltr'><strong>eorumque</strong></span> <span class='ocrx_word' id='word_1_328' title='bbox 912 4454 1102 4509; x_wconf 75' lang='lat' dir='ltr'><strong>genera</strong></span> <span class='ocrx_word' id='word_1_329' title='bbox 1130 4446 1184 4492; x_wconf 90' lang='lat' dir='ltr'><strong>et</strong></span> <span class='ocrx_word' id='word_1_330' title='bbox 1203 4438 1446 4493; x_wconf 88' lang='lat' dir='ltr'><strong>ordinem</strong></span> <span class='ocrx_word' id='word_1_331' title='bbox 1469 4453 1634 4508; x_wconf 90' lang='lat' dir='ltr'><strong>usque</strong></span> 
     </span>
    </p>
   </div>
   <div class='ocr_carea' id='block_1_46' title="bbox 85 4517 1636 4601">
    <p class='ocr_par' dir='ltr' id='par_1_46' title="bbox 85 4517 1636 4601">
     <span class='ocr_line' id='line_1_46' title="bbox 85 4517 1636 4601; baseline -0.004 -11"><span class='ocrx_word' id='word_1_332' title='bbox 85 4531 138 4581; x_wconf 70' lang='lat' dir='ltr'><strong>ml</strong></span> <span class='ocrx_word' id='word_1_333' title='bbox 161 4533 386 4590; x_wconf 82' lang='lat' dir='ltr'><strong>modulos</strong></span> <span class='ocrx_word' id='word_1_334' title='bbox 410 4546 658 4588; x_wconf 87' lang='lat' dir='ltr'><strong>versuum</strong></span> <span class='ocrx_word' id='word_1_335' title='bbox 689 4539 963 4601; x_wconf 81' lang='lat' dir='ltr'><strong>persecuta</strong></span> <span class='ocrx_word' id='word_1_336' title='bbox 985 4539 1087 4585; x_wconf 84' lang='lat' dir='ltr'><strong>est.</strong></span> <span class='ocrx_word' id='word_1_337' title='bbox 1108 4517 1385 4585; x_wconf 86' lang='lat' dir='ltr'><strong>Postremo</strong></span> <span class='ocrx_word' id='word_1_338' title='bbox 1410 4529 1636 4585; x_wconf 87' lang='lat' dir='ltr'><strong>attendit</strong></span> 
     </span>
    </p>
   </div>
   <div class='ocr_carea' id='block_1_47' title="bbox 88 4620 1636 4690">
    <p class='ocr_par' dir='ltr' id='par_1_47' title="bbox 88 4620 1636 4690">
     <span class='ocr_line' id='line_1_47' title="bbox 88 4620 1636 4690; baseline 0.001 -16"><span class='ocrx_word' id='word_1_339' title='bbox 88 4622 189 4689; x_wconf 83' lang='lat' dir='ltr'><strong>quid</strong></span> <span class='ocrx_word' id='word_1_340' title='bbox 214 4625 262 4680; x_wconf 89' lang='lat' dir='ltr'><strong>in</strong></span> <span class='ocrx_word' id='word_1_341' title='bbox 287 4625 369 4679; x_wconf 89' lang='lat' dir='ltr'><strong>bis</strong></span> <span class='ocrx_word' id='word_1_342' title='bbox 410 4621 752 4679; x_wconf 80' lang='lat' dir='ltr'><strong>moderandis</strong></span> <span class='ocrx_word' id='word_1_343' title='bbox 772 4663 787 4686; x_wconf 93' lang='lat'><strong>,</strong></span> <span class='ocrx_word' id='word_1_344' title='bbox 816 4620 1128 4690; x_wconf 86' lang='lat' dir='ltr'><strong>operandis,</strong></span> <span class='ocrx_word' id='word_1_345' title='bbox 1159 4620 1473 4686; x_wconf 83' lang='lat' dir='ltr'><strong>sentiendis,</strong></span> <span class='ocrx_word' id='word_1_346' title='bbox 1505 4622 1636 4675; x_wconf 89' lang='lat' dir='ltr'><strong>reti-</strong></span> 
     </span>
    </p>
   </div>
   <div class='ocr_carea' id='block_1_48' title="bbox 89 4711 1635 4785">
    <p class='ocr_par' dir='ltr' id='par_1_48' title="bbox 89 4711 1635 4785">
     <span class='ocr_line' id='line_1_48' title="bbox 89 4711 1635 4785; baseline 0.001 -20"><span class='ocrx_word' id='word_1_347' title='bbox 89 4715 245 4768; x_wconf 81' lang='lat' dir='ltr'><strong>nendis</strong></span> <span class='ocrx_word' id='word_1_348' title='bbox 262 4725 436 4785; x_wconf 79' lang='lat' dir='ltr'><strong>ageret</strong></span> <span class='ocrx_word' id='word_1_349' title='bbox 457 4714 634 4769; x_wconf 86' lang='lat' dir='ltr'><strong>anima</strong></span> <span class='ocrx_word' id='word_1_350' title='bbox 662 4714 706 4777; x_wconf 81' lang='lat'><strong>&#39;,</strong></span> <span class='ocrx_word' id='word_1_351' title='bbox 728 4711 880 4780; x_wconf 86' lang='lat' dir='ltr'><strong>cujus</strong></span> <span class='ocrx_word' id='word_1_352' title='bbox 900 4721 1057 4782; x_wconf 91' lang='lat' dir='ltr'><strong>caput</strong></span> <span class='ocrx_word' id='word_1_353' title='bbox 1083 4711 1193 4780; x_wconf 89' lang='lat' dir='ltr'><strong>ipsa</strong></span> <span class='ocrx_word' id='word_1_354' title='bbox 1219 4717 1399 4766; x_wconf 83' lang='lat' dir='ltr'><strong>esset:</strong></span> <span class='ocrx_word' id='word_1_355' title='bbox 1431 4711 1635 4782; x_wconf 87' lang='lat' dir='ltr'><strong>hosque</strong></span> 
     </span>
    </p>
   </div>
   <div class='ocr_carea' id='block_1_49' title="bbox 88 4803 1630 4876">
    <p class='ocr_par' dir='ltr' id='par_1_49' title="bbox 88 4803 1630 4876">
     <span class='ocr_line' id='line_1_49' title="bbox 88 4803 1630 4876; baseline 0.003 -22"><span class='ocrx_word' id='word_1_356' title='bbox 88 4816 247 4860; x_wconf 87' lang='lat' dir='ltr'><strong>omnes</strong></span> <span class='ocrx_word' id='word_1_357' title='bbox 278 4806 538 4861; x_wconf 84' lang='lat' dir='ltr'><strong>animales</strong></span> <span class='ocrx_word' id='word_1_358' title='bbox 570 4819 821 4860; x_wconf 88' lang='lat' dir='ltr'><strong>numeros</strong></span> <span class='ocrx_word' id='word_1_359' title='bbox 849 4819 877 4857; x_wconf 90' lang='lat' dir='ltr'><strong>a</strong></span> <span class='ocrx_word' id='word_1_360' title='bbox 922 4803 1286 4876; x_wconf 88' lang='lat' dir='ltr'><strong>corporalibus</strong></span> <span class='ocrx_word' id='word_1_361' title='bbox 1330 4807 1630 4876; x_wconf 79' lang='lat' dir='ltr'><strong>separavit:</strong></span> 
     </span>
    </p>
   </div>
   <div class='ocr_carea' id='block_1_50' title="bbox 90 4896 1635 4969">
    <p class='ocr_par' dir='ltr' id='par_1_50' title="bbox 90 4896 1635 4969">
     <span class='ocr_line' id='line_1_50' title="bbox 90 4896 1635 4969; baseline 0.005 -23"><span class='ocrx_word' id='word_1_362' title='bbox 90 4906 225 4962; x_wconf 84' lang='lat' dir='ltr'><strong>seque</strong></span> <span class='ocrx_word' id='word_1_363' title='bbox 248 4897 411 4966; x_wconf 83' lang='lat' dir='ltr'><strong>ipsam</strong></span> <span class='ocrx_word' id='word_1_364' title='bbox 439 4897 556 4952; x_wconf 65' lang='lat' dir='ltr'><strong>haec</strong></span> <span class='ocrx_word' id='word_1_365' title='bbox 578 4898 755 4952; x_wconf 87' lang='lat' dir='ltr'><strong>omnia</strong></span> <span class='ocrx_word' id='word_1_366' title='bbox 788 4911 958 4968; x_wconf 90' lang='lat' dir='ltr'><strong>neque</strong></span> <span class='ocrx_word' id='word_1_367' title='bbox 986 4896 1429 4962; x_wconf 82' lang='lat' dir='ltr'><strong>animadvertere,</strong></span> <span class='ocrx_word' id='word_1_368' title='bbox 1464 4913 1635 4969; x_wconf 86' lang='lat' dir='ltr'><strong>neque</strong></span> 
     </span>
    </p>
   </div>
   <div class='ocr_carea' id='block_1_51' title="bbox 89 4986 1632 5061">
    <p class='ocr_par' dir='ltr' id='par_1_51' title="bbox 89 4986 1632 5061">
     <span class='ocr_line' id='line_1_51' title="bbox 89 4986 1632 5061; baseline 0.006 -24"><span class='ocrx_word' id='word_1_369' title='bbox 89 4986 410 5061; x_wconf 83' lang='lat' dir='ltr'><strong>distinguere,</strong></span> <span class='ocrx_word' id='word_1_370' title='bbox 446 5005 620 5061; x_wconf 89' lang='lat' dir='ltr'><strong>neque</strong></span> <span class='ocrx_word' id='word_1_371' title='bbox 665 5000 808 5045; x_wconf 87' lang='lat' dir='ltr'><strong>recte</strong></span> <span class='ocrx_word' id='word_1_372' title='bbox 851 5004 1131 5044; x_wconf 89' lang='lat' dir='ltr'><strong>numerare</strong></span> <span class='ocrx_word' id='word_1_373' title='bbox 1170 4989 1287 5045; x_wconf 87' lang='lat' dir='ltr'><strong>sine</strong></span> <span class='ocrx_word' id='word_1_374' title='bbox 1319 4989 1632 5060; x_wconf 89' lang='lat' dir='ltr'><strong>quibusdam</strong></span> 
     </span>
    </p>
   </div>
   <div class='ocr_carea' id='block_1_52' title="bbox 90 5078 1637 5152">
    <p class='ocr_par' dir='ltr' id='par_1_52' title="bbox 90 5078 1637 5152">
     <span class='ocr_line' id='line_1_52' title="bbox 90 5078 1637 5152; baseline 0.006 -23"><span class='ocrx_word' id='word_1_375' title='bbox 90 5078 180 5132; x_wconf 80' lang='lat' dir='ltr'><strong>suis</strong></span> <span class='ocrx_word' id='word_1_376' title='bbox 200 5084 428 5138; x_wconf 85' lang='lat' dir='ltr'><strong>numeris</strong></span> <span class='ocrx_word' id='word_1_377' title='bbox 470 5083 706 5152; x_wconf 88' lang='lat' dir='ltr'><strong>potuisse</strong></span> <span class='ocrx_word' id='word_1_378' title='bbox 747 5082 1022 5150; x_wconf 71' lang='lat' dir='ltr'><strong>cognovit,</strong></span> <span class='ocrx_word' id='word_1_379' title='bbox 1067 5096 1265 5152; x_wconf 88' lang='lat' dir='ltr'><strong>eosque</strong></span> <span class='ocrx_word' id='word_1_380' title='bbox 1303 5083 1512 5138; x_wconf 73' lang='lat' dir='ltr'><strong>czeteris</strong></span> <span class='ocrx_word' id='word_1_381' title='bbox 1554 5083 1637 5138; x_wconf 86' lang='lat' dir='ltr'><strong>in-</strong></span> 
     </span>
    </p>
   </div>
   <div class='ocr_carea' id='block_1_53' title="bbox 90 5166 1636 5246">
    <p class='ocr_par' dir='ltr' id='par_1_53' title="bbox 90 5166 1636 5246">
     <span class='ocr_line' id='line_1_53' title="bbox 90 5166 1636 5246; baseline 0.002 -17"><span class='ocrx_word' id='word_1_382' title='bbox 90 5166 262 5230; x_wconf 57' lang='lat' dir='ltr'><strong>ferioris</strong></span> <span class='ocrx_word' id='word_1_383' title='bbox 299 5175 504 5231; x_wconf 89' lang='lat' dir='ltr'><strong>ordinis</strong></span> <span class='ocrx_word' id='word_1_384' title='bbox 528 5174 806 5245; x_wconf 89' lang='lat' dir='ltr'><strong>judiciaria</strong></span> <span class='ocrx_word' id='word_1_385' title='bbox 835 5173 1060 5244; x_wconf 89' lang='lat' dir='ltr'><strong>quadam</strong></span> <span class='ocrx_word' id='word_1_386' title='bbox 1107 5175 1459 5232; x_wconf 68' lang='lat' dir='ltr'><strong>aestimatione</strong></span> <span class='ocrx_word' id='word_1_387' title='bbox 1501 5192 1636 5246; x_wconf 80' lang='lat' dir='ltr'><strong>pra:-</strong></span> 
     </span>
    </p>
   </div>
   <div class='ocr_carea' id='block_1_54' title="bbox 87 5265 244 5327">
    <p class='ocr_par' dir='ltr' id='par_1_54' title="bbox 87 5265 244 5327">
     <span class='ocr_line' id='line_1_54' title="bbox 87 5265 244 5327; baseline 0.032 -11"><span class='ocrx_word' id='word_1_388' title='bbox 87 5265 244 5327; x_wconf 77' lang='lat' dir='ltr'><strong>posuit.</strong></span> 
     </span>
    </p>
   </div>
   <div class='ocr_carea' id='block_1_55' title="bbox 143 5351 1633 5429">
    <p class='ocr_par' dir='ltr' id='par_1_55' title="bbox 143 5351 1633 5429">
     <span class='ocr_line' id='line_1_55' title="bbox 143 5351 1633 5429; baseline 0.005 -21"><span class='ocrx_word' id='word_1_389' title='bbox 143 5351 217 5409; x_wconf 72' lang='lat'><strong>‘26.</strong></span> <span class='ocrx_word' id='word_1_390' title='bbox 248 5357 307 5412; x_wconf 82' lang='lat' dir='ltr'><strong>Et</strong></span> <span class='ocrx_word' id='word_1_391' title='bbox 333 5371 476 5414; x_wconf 89' lang='lat' dir='ltr'><strong>nunc</strong></span> <span class='ocrx_word' id='word_1_392' title='bbox 511 5370 632 5412; x_wconf 90' lang='lat' dir='ltr'><strong>cum</strong></span> <span class='ocrx_word' id='word_1_393' title='bbox 673 5355 788 5426; x_wconf 88' lang='lat' dir='ltr'><strong>ipsa</strong></span> <span class='ocrx_word' id='word_1_394' title='bbox 825 5369 918 5410; x_wconf 90' lang='lat' dir='ltr'><strong>sua</strong></span> <span class='ocrx_word' id='word_1_395' title='bbox 959 5355 1342 5423; x_wconf 90' lang='lat' dir='ltr'><strong>delectatione,</strong></span> <span class='ocrx_word' id='word_1_396' title='bbox 1386 5373 1504 5429; x_wconf 69' lang='lat' dir='ltr'><strong>qnte</strong></span> <span class='ocrx_word' id='word_1_397' title='bbox 1526 5359 1547 5391; x_wconf 87' lang='grc'>³</span> <span class='ocrx_word' id='word_1_398' title='bbox 1581 5360 1633 5416; x_wconf 92' lang='lat' dir='ltr'><strong>in</strong></span> 
     </span>
    </p>
   </div>
   <div class='ocr_carea' id='block_1_56' title="bbox 90 5447 1634 5520">
    <p class='ocr_par' dir='ltr' id='par_1_56' title="bbox 90 5447 1634 5520">
     <span class='ocr_line' id='line_1_56' title="bbox 90 5447 1634 5520; baseline 0.008 -22"><span class='ocrx_word' id='word_1_399' title='bbox 90 5447 355 5518; x_wconf 76' lang='lat' dir='ltr'><strong>temporum</strong></span> <span class='ocrx_word' id='word_1_400' title='bbox 399 5460 671 5507; x_wconf 84' lang='lat' dir='ltr'><strong>momenta</strong></span> <span class='ocrx_word' id='word_1_401' title='bbox 719 5449 1032 5520; x_wconf 88' lang='lat' dir='ltr'><strong>perpendit,</strong></span> <span class='ocrx_word' id='word_1_402' title='bbox 1077 5458 1132 5506; x_wconf 91' lang='lat' dir='ltr'><strong>et</strong></span> <span class='ocrx_word' id='word_1_403' title='bbox 1169 5452 1361 5508; x_wconf 84' lang='lat' dir='ltr'><strong>talibus</strong></span> <span class='ocrx_word' id='word_1_404' title='bbox 1401 5455 1634 5510; x_wconf 88' lang='lat' dir='ltr'><strong>numeris</strong></span> 
     </span>
    </p>
   </div>
   <div class='ocr_carea' id='block_1_57' title="bbox 139 5576 893 5650">
    <p class='ocr_par' dir='ltr' id='par_1_57' title="bbox 139 5576 893 5650">
     <span class='ocr_line' id='line_1_57' title="bbox 139 5576 893 5650; baseline 0.005 -20"><span class='ocrx_word' id='word_1_405' title='bbox 139 5576 150 5650; x_wconf 69' lang='grc' dir='ltr'><strong>ξ</strong></span> <span class='ocrx_word' id='word_1_406' title='bbox 176 5587 360 5650; x_wconf 79' lang='lat' dir='ltr'><strong>Septem</strong></span> <span class='ocrx_word' id='word_1_407' title='bbox 374 5591 506 5650; x_wconf 61' lang='lat' dir='ltr'><strong>Mss,</strong></span> <span class='ocrx_word' id='word_1_408' title='bbox 525 5585 893 5650; x_wconf 73' lang='lat' dir='ltr'><strong>percussionem.</strong></span> 
     </span>
    </p>
   </div>
   <div class='ocr_carea' id='block_1_58' title="bbox 97 5639 1634 5715">
    <p class='ocr_par' dir='ltr' id='par_1_58' title="bbox 97 5639 1634 5715">
     <span class='ocr_line' id='line_1_58' title="bbox 97 5639 1634 5715; baseline -0.001 -19"><span class='ocrx_word' id='word_1_409' title='bbox 171 5639 243 5715; x_wconf 68' lang='lat' dir='ltr'><strong>ita</strong></span> <span class='ocrx_word' id='word_1_410' title='bbox 263 5639 958 5715; x_wconf 54' lang='lat' dir='ltr'><strong>plet&#39;jque_&#39;ﬁtss.,_cum_am._a_t</strong></span> <span class='ocrx_word' id='word_1_411' title='bbox 973 5656 1082 5699; x_wconf 87' lang='lat' dir='ltr'><strong>Lov.</strong></span> <span class='ocrx_word' id='word_1_412' title='bbox 1095 5649 1275 5715; x_wconf 77' lang='lat' dir='ltr'><strong>habet:</strong></span> <span class='ocrx_word' id='word_1_413' title='bbox 1299 5660 1353 5704; x_wconf 81' lang='lat' dir='ltr'><strong>In</strong></span> <span class='ocrx_word' id='word_1_414' title='bbox 1373 5651 1450 5715; x_wconf 68' lang='lat' dir='ltr'><strong>Ius</strong></span> <span class='ocrx_word' id='word_1_415' title='bbox 1470 5667 1634 5707; x_wconf 68' lang='lat' dir='ltr'><strong>mm-</strong></span> 
     </span>
    </p>
   </div>
   <div class='ocr_carea' id='block_1_59' title="bbox 83 5705 1537 5778">
    <p class='ocr_par' dir='ltr' id='par_1_59' title="bbox 83 5705 1537 5778">
     <span class='ocr_line' id='line_1_59' title="bbox 83 5705 1537 5778; baseline 0.017 -39"><span class='ocrx_word' id='word_1_416' title='bbox 83 5705 238 5778; x_wconf 52' lang='grc' dir='ltr'><strong>γωμίε,</strong></span> <span class='ocrx_word' id='word_1_417' title='bbox 257 5705 534 5770; x_wconf 72' lang='grc' dir='ltr'><strong>ἓεηιὶἁιάὶε,</strong></span> <span class='ocrx_word' id='word_1_418' title='bbox 562 5705 838 5778; x_wconf 57' lang='lat' dir='ltr'><strong>retinendis,</strong></span> <span class='ocrx_word' id='word_1_419' title='bbox 866 5709 1160 5778; x_wconf 65' lang='lat' dir='ltr'><strong>delectandi:</strong></span> <span class='ocrx_word' id='word_1_420' title='bbox 1178 5722 1341 5778; x_wconf 85' lang='lat' dir='ltr'><strong>ageret</strong></span> <span class='ocrx_word' id='word_1_421' title='bbox 1361 5714 1537 5766; x_wconf 64' lang='lat' dir='ltr'><strong>annua.</strong></span> 
     </span>
    </p>
   </div>
   <div class='ocr_carea' id='block_1_60' title="bbox 101 5761 1635 5847">
    <p class='ocr_par' dir='ltr' id='par_1_60' title="bbox 101 5761 1635 5847">
     <span class='ocr_line' id='line_1_60' title="bbox 101 5761 1635 5847; baseline 0.005 -24"><span class='ocrx_word' id='word_1_422' title='bbox 101 5761 414 5847; x_wconf 37' lang='lat' dir='ltr'><strong>inim‘yﬁ,</strong></span> <span class='ocrx_word' id='word_1_423' title='bbox 607 5761 837 5847; x_wconf 80' lang='lat' dir='ltr'><strong>Alii</strong></span> <span class='ocrx_word' id='word_1_424' title='bbox 849 5761 969 5847; x_wconf 48' lang='lat' dir='ltr'><strong>1m;</strong></span> <span class='ocrx_word' id='word_1_425' title='bbox 991 5761 1278 5846; x_wconf 36' lang='lat' dir='ltr'><strong>eaulo&#39;po&#39;ét,</strong></span> <span class='ocrx_word' id='word_1_426' title='bbox 1295 5761 1635 5830; x_wconf 58' lang='lat' dir='ltr'><strong>sivéE&#39;é&#39;iiao.</strong></span> 
     </span>
    </p>
   </div>
   <div class='ocr_carea' id='block_1_61' title="bbox 78 5829 1214 5900">
    <p class='ocr_par' dir='ltr' id='par_1_61' title="bbox 78 5829 1214 5900">
     <span class='ocr_line' id='line_1_61' title="bbox 78 5829 1214 5900; baseline 0.002 -15"><span class='ocrx_word' id='word_1_427' title='bbox 78 5829 171 5874; x_wconf 60' lang='grc' dir='ltr'><strong>ηαδ</strong></span> <span class='ocrx_word' id='word_1_428' title='bbox 193 5829 461 5886; x_wconf 66' lang='lat' dir='ltr'><strong>codicibus:</strong></span> <span class='ocrx_word' id='word_1_429' title='bbox 491 5836 776 5900; x_wconf 74' lang='lat' dir='ltr'><strong>Propendet,</strong></span> <span class='ocrx_word' id='word_1_430' title='bbox 793 5829 966 5888; x_wconf 71' lang='grc' dir='ltr'><strong>ιὰιίὺω</strong></span> <span class='ocrx_word' id='word_1_431' title='bbox 985 5829 1214 5890; x_wconf 72' lang='lat' dir='ltr'><strong>muneris.</strong></span> 
     </span>
    </p>
   </div>
   <div class='ocr_carea' id='block_1_62' title="bbox 1409 326 1930 400">
    <p class='ocr_par' dir='ltr' id='par_1_62' title="bbox 1409 326 1930 400">
     <span class='ocr_line' id='line_1_62' title="bbox 1409 326 1930 400; baseline -0.008 -14"><span class='ocrx_word' id='word_1_432' title='bbox 1409 339 1607 400; x_wconf 65' lang='lat' dir='ltr'><strong>unum</strong></span> <span class='ocrx_word' id='word_1_433' title='bbox 1646 326 1930 386; x_wconf 59' lang='lat' dir='ltr'><strong>sums.</strong></span> 
     </span>
    </p>
   </div>
   <div class='ocr_carea' id='block_1_63' title="bbox 3214 353 3356 418">
    <p class='ocr_par' dir='ltr' id='par_1_63' title="bbox 3214 353 3356 418">
     <span class='ocr_line' id='line_1_63' title="bbox 3214 353 3356 418; baseline 0.021 -3"><span class='ocrx_word' id='word_1_434' title='bbox 3214 353 3356 418; x_wconf 72' lang='lat'><strong>&quot;78</strong></span> 
     </span>
    </p>
   </div>
   <div class='ocr_carea' id='block_1_64' title="bbox 1759 464 3354 546">
    <p class='ocr_par' dir='ltr' id='par_1_64' title="bbox 1759 464 3354 546">
     <span class='ocr_line' id='line_1_64' title="bbox 1759 464 3354 546; baseline 0.008 -26"><span class='ocrx_word' id='word_1_435' title='bbox 1759 464 2128 524; x_wconf 77' lang='lat' dir='ltr'><strong>modiﬁcaudls</strong></span> <span class='ocrx_word' id='word_1_436' title='bbox 2166 474 2328 527; x_wconf 84' lang='lat' dir='ltr'><strong>nutus</strong></span> <span class='ocrx_word' id='word_1_437' title='bbox 2353 482 2484 528; x_wconf 86' lang='lat' dir='ltr'><strong>suos</strong></span> <span class='ocrx_word' id='word_1_438' title='bbox 2505 468 2754 538; x_wconf 78' lang='lat' dir='ltr'><strong>exhibet,</strong></span> <span class='ocrx_word' id='word_1_439' title='bbox 2798 471 2880 530; x_wconf 88' lang='lat' dir='ltr'><strong>sic</strong></span> <span class='ocrx_word' id='word_1_440' title='bbox 2914 471 3054 545; x_wconf 88' lang='lat' dir='ltr'><strong>agit;</strong></span> <span class='ocrx_word' id='word_1_441' title='bbox 3097 472 3226 546; x_wconf 86' lang='lat' dir='ltr'><strong>quid</strong></span> <span class='ocrx_word' id='word_1_442' title='bbox 3266 482 3354 532; x_wconf 87' lang='lat' dir='ltr'><strong>est</strong></span> 
     </span>
    </p>
   </div>
   <div class='ocr_carea' id='block_1_65' title="bbox 1761 556 3350 634">
    <p class='ocr_par' dir='ltr' id='par_1_65' title="bbox 1761 556 3350 634">
     <span class='ocr_line' id='line_1_65' title="bbox 1761 556 3350 634; baseline 0.008 -24"><span class='ocrx_word' id='word_1_443' title='bbox 1761 556 1906 627; x_wconf 84' lang='lat' dir='ltr'><strong>quod</strong></span> <span class='ocrx_word' id='word_1_444' title='bbox 1938 558 1991 612; x_wconf 89' lang='lat' dir='ltr'><strong>in</strong></span> <span class='ocrx_word' id='word_1_445' title='bbox 2017 559 2257 616; x_wconf 84' lang='lat' dir='ltr'><strong>sensibili</strong></span> <span class='ocrx_word' id='word_1_446' title='bbox 2281 563 2666 618; x_wconf 84' lang='lat' dir='ltr'><strong>numerositate</strong></span> <span class='ocrx_word' id='word_1_447' title='bbox 2691 561 3000 634; x_wconf 72' lang='lat' dir='ltr'><strong>diligimus?</strong></span> <span class='ocrx_word' id='word_1_448' title='bbox 3023 564 3160 622; x_wconf 82' lang='lat' dir='ltr'><strong>Num</strong></span> <span class='ocrx_word' id='word_1_449' title='bbox 3205 566 3350 623; x_wconf 85' lang='lat' dir='ltr'><strong>aliud</strong></span> 
     </span>
    </p>
   </div>
   <div class='ocr_carea' id='block_1_66' title="bbox 1757 649 3348 724">
    <p class='ocr_par' dir='ltr' id='par_1_66' title="bbox 1757 649 3348 724">
     <span class='ocr_line' id='line_1_66' title="bbox 1757 649 3348 724; baseline 0.007 -23"><span class='ocrx_word' id='word_1_450' title='bbox 1757 655 1953 718; x_wconf 77' lang='lat' dir='ltr'><strong>prteter</strong></span> <span class='ocrx_word' id='word_1_451' title='bbox 1980 649 2294 718; x_wconf 86' lang='lat' dir='ltr'><strong>parilitatem</strong></span> <span class='ocrx_word' id='word_1_452' title='bbox 2319 651 2605 724; x_wconf 86' lang='lat' dir='ltr'><strong>quamdam</strong></span> <span class='ocrx_word' id='word_1_453' title='bbox 2625 660 2683 709; x_wconf 91' lang='lat' dir='ltr'><strong>et</strong></span> <span class='ocrx_word' id='word_1_454' title='bbox 2704 653 2982 724; x_wconf 67' lang='lat' dir='ltr'><strong>aequaliter</strong></span> <span class='ocrx_word' id='word_1_455' title='bbox 3003 654 3245 712; x_wconf 87' lang='lat' dir='ltr'><strong>dimensa</strong></span> <span class='ocrx_word' id='word_1_456' title='bbox 3267 657 3348 712; x_wconf 88' lang='lat' dir='ltr'><strong>in-</strong></span> 
     </span>
    </p>
   </div>
   <div class='ocr_carea' id='block_1_67' title="bbox 1755 740 3343 819">
    <p class='ocr_par' dir='ltr' id='par_1_67' title="bbox 1755 740 3343 819">
     <span class='ocr_line' id='line_1_67' title="bbox 1755 740 3343 819; baseline 0.007 -24"><span class='ocrx_word' id='word_1_457' title='bbox 1755 740 2010 796; x_wconf 85' lang='lat' dir='ltr'><strong>tervalla?</strong></span> <span class='ocrx_word' id='word_1_458' title='bbox 2038 743 2121 796; x_wconf 85' lang='lat' dir='ltr'><strong>An</strong></span> <span class='ocrx_word' id='word_1_459' title='bbox 2145 743 2234 798; x_wconf 89' lang='lat' dir='ltr'><strong>ille</strong></span> <span class='ocrx_word' id='word_1_460' title='bbox 2259 745 2594 817; x_wconf 85' lang='lat' dir='ltr'><strong>pyrrhichius</strong></span> <span class='ocrx_word' id='word_1_461' title='bbox 2619 761 2733 816; x_wconf 90' lang='lat' dir='ltr'><strong>pes.</strong></span> <span class='ocrx_word' id='word_1_462' title='bbox 2762 747 2881 803; x_wconf 85' lang='lat' dir='ltr'><strong>sive</strong></span> <span class='ocrx_word' id='word_1_463' title='bbox 2906 747 3196 819; x_wconf 88' lang='lat' dir='ltr'><strong>spondeus,</strong></span> <span class='ocrx_word' id='word_1_464' title='bbox 3227 749 3343 808; x_wconf 87' lang='lat' dir='ltr'><strong>sive</strong></span> 
     </span>
    </p>
   </div>
   <div class='ocr_carea' id='block_1_68' title="bbox 1752 835 3347 910">
    <p class='ocr_par' dir='ltr' id='par_1_68' title="bbox 1752 835 3347 910">
     <span class='ocr_line' id='line_1_68' title="bbox 1752 835 3347 910; baseline 0.009 -25"><span class='ocrx_word' id='word_1_465' title='bbox 1752 844 2087 902; x_wconf 66' lang='lat' dir='ltr'><strong>anapaestus,</strong></span> <span class='ocrx_word' id='word_1_466' title='bbox 2130 835 2242 891; x_wconf 79' lang='lat' dir='ltr'><strong>sive</strong></span> <span class='ocrx_word' id='word_1_467' title='bbox 2279 837 2541 909; x_wconf 85' lang='lat' dir='ltr'><strong>dactylus,</strong></span> <span class='ocrx_word' id='word_1_468' title='bbox 2573 839 2686 894; x_wconf 89' lang='lat' dir='ltr'><strong>sive</strong></span> <span class='ocrx_word' id='word_1_469' title='bbox 2709 839 3208 910; x_wconf 89' lang='lat' dir='ltr'><strong>proceleumaticus,</strong></span> <span class='ocrx_word' id='word_1_470' title='bbox 3231 843 3347 899; x_wconf 83' lang='lat' dir='ltr'><strong>sive</strong></span> 
     </span>
    </p>
   </div>
   <div class='ocr_carea' id='block_1_69' title="bbox 1751 924 3346 1003">
    <p class='ocr_par' dir='ltr' id='par_1_69' title="bbox 1751 924 3346 1003">
     <span class='ocr_line' id='line_1_69' title="bbox 1751 924 3346 1003; baseline 0.006 -23"><span class='ocrx_word' id='word_1_471' title='bbox 1751 924 2081 995; x_wconf 86' lang='lat' dir='ltr'><strong>dispoudeus</strong></span> <span class='ocrx_word' id='word_1_472' title='bbox 2123 940 2224 981; x_wconf 90' lang='lat' dir='ltr'><strong>nos</strong></span> <span class='ocrx_word' id='word_1_473' title='bbox 2260 928 2417 984; x_wconf 89' lang='lat' dir='ltr'><strong>aliter</strong></span> <span class='ocrx_word' id='word_1_474' title='bbox 2457 929 2784 996; x_wconf 87' lang='lat' dir='ltr'><strong>delectaret;</strong></span> <span class='ocrx_word' id='word_1_475' title='bbox 2815 930 2919 987; x_wconf 90' lang='lat' dir='ltr'><strong>nisi</strong></span> <span class='ocrx_word' id='word_1_476' title='bbox 2949 941 3157 1003; x_wconf 84' lang='lat' dir='ltr'><strong>partem</strong></span> <span class='ocrx_word' id='word_1_477' title='bbox 3195 949 3346 990; x_wconf 85' lang='lat' dir='ltr'><strong>suam</strong></span> 
     </span>
    </p>
   </div>
   <div class='ocr_carea' id='block_1_70' title="bbox 1751 1015 3347 1092">
    <p class='ocr_par' dir='ltr' id='par_1_70' title="bbox 1751 1015 3347 1092">
     <span class='ocr_line' id='line_1_70' title="bbox 1751 1015 3347 1092; baseline 0.005 -22"><span class='ocrx_word' id='word_1_478' title='bbox 1751 1015 1892 1086; x_wconf 85' lang='lat' dir='ltr'><strong>parti</strong></span> <span class='ocrx_word' id='word_1_479' title='bbox 1939 1016 2093 1072; x_wconf 89' lang='lat' dir='ltr'><strong>alteri</strong></span> <span class='ocrx_word' id='word_1_480' title='bbox 2147 1017 2336 1087; x_wconf 62' lang='lat' dir='ltr'><strong>aequali</strong></span> <span class='ocrx_word' id='word_1_481' title='bbox 2380 1018 2644 1075; x_wconf 87' lang='lat' dir='ltr'><strong>divisione</strong></span> <span class='ocrx_word' id='word_1_482' title='bbox 2684 1019 2988 1077; x_wconf 89' lang='lat' dir='ltr'><strong>conferret?</strong></span> <span class='ocrx_word' id='word_1_483' title='bbox 3031 1021 3170 1092; x_wconf 85' lang='lat' dir='ltr'><strong>Quid</strong></span> <span class='ocrx_word' id='word_1_484' title='bbox 3217 1039 3347 1081; x_wconf 83' lang='lat' dir='ltr'><strong>vero</strong></span> 
     </span>
    </p>
   </div>
   <div class='ocr_carea' id='block_1_71' title="bbox 1751 1105 3337 1182">
    <p class='ocr_par' dir='ltr' id='par_1_71' title="bbox 1751 1105 3337 1182">
     <span class='ocr_line' id='line_1_71' title="bbox 1751 1105 3337 1182; baseline 0.006 -21"><span class='ocrx_word' id='word_1_485' title='bbox 1751 1105 1978 1175; x_wconf 84' lang='lat' dir='ltr'><strong>iambus,</strong></span> <span class='ocrx_word' id='word_1_486' title='bbox 2007 1106 2308 1173; x_wconf 63' lang='lat' dir='ltr'><strong>trocbaus,</strong></span> <span class='ocrx_word' id='word_1_487' title='bbox 2340 1107 2640 1165; x_wconf 88' lang='lat' dir='ltr'><strong>tribracbus</strong></span> <span class='ocrx_word' id='word_1_488' title='bbox 2677 1110 3092 1182; x_wconf 85' lang='lat' dir='ltr'><strong>pulchritudinis</strong></span> <span class='ocrx_word' id='word_1_489' title='bbox 3120 1113 3337 1181; x_wconf 87' lang='lat' dir='ltr'><strong>habent,</strong></span> 
     </span>
    </p>
   </div>
   <div class='ocr_carea' id='block_1_72' title="bbox 1750 1196 3339 1278">
    <p class='ocr_par' dir='ltr' id='par_1_72' title="bbox 1750 1196 3339 1278">
     <span class='ocr_line' id='line_1_72' title="bbox 1750 1196 3339 1278; baseline 0.006 -24"><span class='ocrx_word' id='word_1_490' title='bbox 1750 1196 1852 1254; x_wconf 90' lang='lat' dir='ltr'><strong>nisi</strong></span> <span class='ocrx_word' id='word_1_491' title='bbox 1878 1198 2019 1269; x_wconf 90' lang='lat' dir='ltr'><strong>quod</strong></span> <span class='ocrx_word' id='word_1_492' title='bbox 2047 1199 2254 1254; x_wconf 92' lang='lat' dir='ltr'><strong>minore</strong></span> <span class='ocrx_word' id='word_1_493' title='bbox 2279 1214 2374 1254; x_wconf 89' lang='lat' dir='ltr'><strong>sua</strong></span> <span class='ocrx_word' id='word_1_494' title='bbox 2399 1208 2552 1270; x_wconf 89' lang='lat' dir='ltr'><strong>parte</strong></span> <span class='ocrx_word' id='word_1_495' title='bbox 2581 1201 2839 1272; x_wconf 85' lang='lat' dir='ltr'><strong>majorem</strong></span> <span class='ocrx_word' id='word_1_496' title='bbox 2874 1219 3028 1260; x_wconf 88' lang='lat' dir='ltr'><strong>suam</strong></span> <span class='ocrx_word' id='word_1_497' title='bbox 3052 1216 3258 1278; x_wconf 89' lang='lat' dir='ltr'><strong>partem</strong></span> <span class='ocrx_word' id='word_1_498' title='bbox 3286 1208 3339 1264; x_wconf 93' lang='lat' dir='ltr'><strong>in</strong></span> 
     </span>
    </p>
   </div>
   <div class='ocr_carea' id='block_1_73' title="bbox 1748 1287 3340 1365">
    <p class='ocr_par' dir='ltr' id='par_1_73' title="bbox 1748 1287 3340 1365">
     <span class='ocr_line' id='line_1_73' title="bbox 1748 1287 3340 1365; baseline 0.008 -23"><span class='ocrx_word' id='word_1_499' title='bbox 1748 1295 1923 1343; x_wconf 88' lang='lat' dir='ltr'><strong>tantas</strong></span> <span class='ocrx_word' id='word_1_500' title='bbox 1960 1287 2095 1345; x_wconf 90' lang='lat' dir='ltr'><strong>duas</strong></span> <span class='ocrx_word' id='word_1_501' title='bbox 2123 1289 2399 1360; x_wconf 82' lang='lat' dir='ltr'><strong>:equatiter</strong></span> <span class='ocrx_word' id='word_1_502' title='bbox 2426 1290 2708 1346; x_wconf 84' lang='lat' dir='ltr'><strong>dividunt?</strong></span> <span class='ocrx_word' id='word_1_503' title='bbox 2733 1291 2850 1347; x_wconf 84' lang='lat' dir='ltr'><strong>Jam</strong></span> <span class='ocrx_word' id='word_1_504' title='bbox 2891 1308 3053 1365; x_wconf 89' lang='lat' dir='ltr'><strong>porro</strong></span> <span class='ocrx_word' id='word_1_505' title='bbox 3077 1311 3172 1352; x_wconf 85' lang='lat' dir='ltr'><strong>sex</strong></span> <span class='ocrx_word' id='word_1_506' title='bbox 3199 1307 3340 1354; x_wconf 86' lang='lat' dir='ltr'><strong>tem-</strong></span> 
     </span>
    </p>
   </div>
   <div class='ocr_carea' id='block_1_74' title="bbox 1746 1381 3338 1460">
    <p class='ocr_par' dir='ltr' id='par_1_74' title="bbox 1746 1381 3338 1460">
     <span class='ocr_line' id='line_1_74' title="bbox 1746 1381 3338 1460; baseline 0.006 -25"><span class='ocrx_word' id='word_1_507' title='bbox 1746 1394 1938 1452; x_wconf 87' lang='lat' dir='ltr'><strong>porum</strong></span> <span class='ocrx_word' id='word_1_508' title='bbox 1969 1381 2159 1452; x_wconf 87' lang='lat' dir='ltr'><strong>pedes,</strong></span> <span class='ocrx_word' id='word_1_509' title='bbox 2207 1397 2335 1436; x_wconf 91' lang='lat' dir='ltr'><strong>num</strong></span> <span class='ocrx_word' id='word_1_510' title='bbox 2367 1382 2384 1415; x_wconf 81' lang='grc'>¹</span> <span class='ocrx_word' id='word_1_511' title='bbox 2415 1383 2630 1438; x_wconf 88' lang='lat' dir='ltr'><strong>aliunde</strong></span> <span class='ocrx_word' id='word_1_512' title='bbox 2659 1382 2908 1439; x_wconf 86' lang='lat' dir='ltr'><strong>blandius</strong></span> <span class='ocrx_word' id='word_1_513' title='bbox 2947 1385 3142 1442; x_wconf 83' lang='lat' dir='ltr'><strong>sonant</strong></span> <span class='ocrx_word' id='word_1_514' title='bbox 3179 1398 3338 1460; x_wconf 90' lang='lat' dir='ltr'><strong>atque</strong></span> 
     </span>
    </p>
   </div>
   <div class='ocr_carea' id='block_1_75' title="bbox 1747 1471 3337 1544">
    <p class='ocr_par' dir='ltr' id='par_1_75' title="bbox 1747 1471 3337 1544">
     <span class='ocr_line' id='line_1_75' title="bbox 1747 1471 3337 1544; baseline 0.004 -14"><span class='ocrx_word' id='word_1_515' title='bbox 1747 1471 2006 1540; x_wconf 77' lang='lat' dir='ltr'><strong>festivius,</strong></span> <span class='ocrx_word' id='word_1_516' title='bbox 2038 1473 2139 1528; x_wconf 88' lang='lat' dir='ltr'><strong>nisi</strong></span> <span class='ocrx_word' id='word_1_517' title='bbox 2168 1473 2310 1544; x_wconf 88' lang='lat' dir='ltr'><strong>quod</strong></span> <span class='ocrx_word' id='word_1_518' title='bbox 2351 1482 2573 1544; x_wconf 86' lang='lat' dir='ltr'><strong>utraque</strong></span> <span class='ocrx_word' id='word_1_519' title='bbox 2613 1473 2730 1544; x_wconf 87' lang='lat' dir='ltr'><strong>lege</strong></span> <span class='ocrx_word' id='word_1_520' title='bbox 2769 1473 3104 1544; x_wconf 88' lang='lat' dir='ltr'><strong>partiuntur;</strong></span> <span class='ocrx_word' id='word_1_521' title='bbox 3133 1478 3337 1536; x_wconf 83' lang='lat' dir='ltr'><strong>scilicet</strong></span> 
     </span>
    </p>
   </div>
   <div class='ocr_carea' id='block_1_76' title="bbox 1745 1566 3334 1638">
    <p class='ocr_par' dir='ltr' id='par_1_76' title="bbox 1745 1566 3334 1638">
     <span class='ocr_line' id='line_1_76' title="bbox 1745 1566 3334 1638; baseline 0.004 -18"><span class='ocrx_word' id='word_1_522' title='bbox 1745 1579 1836 1622; x_wconf 92' lang='lat' dir='ltr'><strong>aut</strong></span> <span class='ocrx_word' id='word_1_523' title='bbox 1857 1567 1912 1621; x_wconf 92' lang='lat' dir='ltr'><strong>in</strong></span> <span class='ocrx_word' id='word_1_524' title='bbox 1935 1566 2068 1622; x_wconf 85' lang='lat' dir='ltr'><strong>duas</strong></span> <span class='ocrx_word' id='word_1_525' title='bbox 2087 1567 2320 1637; x_wconf 73' lang='lat' dir='ltr'><strong>mquales</strong></span> <span class='ocrx_word' id='word_1_526' title='bbox 2345 1574 2523 1637; x_wconf 86' lang='lat' dir='ltr'><strong>partes</strong></span> <span class='ocrx_word' id='word_1_527' title='bbox 2541 1574 2692 1622; x_wconf 88' lang='lat' dir='ltr'><strong>terna</strong></span> <span class='ocrx_word' id='word_1_528' title='bbox 2714 1575 2957 1638; x_wconf 90' lang='lat' dir='ltr'><strong>tempora</strong></span> <span class='ocrx_word' id='word_1_529' title='bbox 2978 1568 3334 1638; x_wconf 80' lang='lat' dir='ltr'><strong>possidentes,</strong></span> 
     </span>
    </p>
   </div>
   <div class='ocr_carea' id='block_1_77' title="bbox 1745 1657 3337 1728">
    <p class='ocr_par' dir='ltr' id='par_1_77' title="bbox 1745 1657 3337 1728">
     <span class='ocr_line' id='line_1_77' title="bbox 1745 1657 3337 1728; baseline 0.003 -16"><span class='ocrx_word' id='word_1_530' title='bbox 1745 1667 1838 1713; x_wconf 93' lang='lat' dir='ltr'><strong>aut</strong></span> <span class='ocrx_word' id='word_1_531' title='bbox 1860 1657 1914 1714; x_wconf 92' lang='lat' dir='ltr'><strong>in</strong></span> <span class='ocrx_word' id='word_1_532' title='bbox 1945 1673 2101 1712; x_wconf 87' lang='lat' dir='ltr'><strong>unam</strong></span> <span class='ocrx_word' id='word_1_533' title='bbox 2127 1657 2371 1728; x_wconf 86' lang='lat' dir='ltr'><strong>simplam</strong></span> <span class='ocrx_word' id='word_1_534' title='bbox 2399 1672 2466 1713; x_wconf 87' lang='lat' dir='ltr'><strong>ex</strong></span> <span class='ocrx_word' id='word_1_535' title='bbox 2496 1657 2791 1728; x_wconf 62' lang='lat' dir='ltr'><strong>aequalibus</strong></span> <span class='ocrx_word' id='word_1_536' title='bbox 2817 1666 3023 1728; x_wconf 90' lang='lat' dir='ltr'><strong>partem</strong></span> <span class='ocrx_word' id='word_1_537' title='bbox 3051 1658 3096 1722; x_wconf 80' lang='lat'><strong>’,</strong></span> <span class='ocrx_word' id='word_1_538' title='bbox 3120 1667 3177 1714; x_wconf 92' lang='lat' dir='ltr'><strong>et</strong></span> <span class='ocrx_word' id='word_1_539' title='bbox 3200 1660 3337 1717; x_wconf 82' lang='lat' dir='ltr'><strong>alte-</strong></span> 
     </span>
    </p>
   </div>
   <div class='ocr_carea' id='block_1_78' title="bbox 1744 1748 3340 1820">
    <p class='ocr_par' dir='ltr' id='par_1_78' title="bbox 1744 1748 3340 1820">
     <span class='ocr_line' id='line_1_78' title="bbox 1744 1748 3340 1820; baseline 0.003 -15"><span class='ocrx_word' id='word_1_540' title='bbox 1744 1763 1858 1805; x_wconf 92' lang='lat' dir='ltr'><strong>ram</strong></span> <span class='ocrx_word' id='word_1_541' title='bbox 1882 1748 2122 1820; x_wconf 88' lang='lat' dir='ltr'><strong>duplam,</strong></span> <span class='ocrx_word' id='word_1_542' title='bbox 2154 1749 2207 1805; x_wconf 90' lang='lat' dir='ltr'><strong>id</strong></span> <span class='ocrx_word' id='word_1_543' title='bbox 2231 1756 2336 1817; x_wconf 90' lang='lat' dir='ltr'><strong>est,</strong></span> <span class='ocrx_word' id='word_1_544' title='bbox 2363 1757 2422 1805; x_wconf 92' lang='lat' dir='ltr'><strong>ut</strong></span> <span class='ocrx_word' id='word_1_545' title='bbox 2446 1749 2618 1820; x_wconf 88' lang='lat' dir='ltr'><strong>major</strong></span> <span class='ocrx_word' id='word_1_546' title='bbox 2644 1748 2838 1805; x_wconf 89' lang='lat' dir='ltr'><strong>habeat</strong></span> <span class='ocrx_word' id='word_1_547' title='bbox 2865 1749 2950 1806; x_wconf 88' lang='lat' dir='ltr'><strong>bis</strong></span> <span class='ocrx_word' id='word_1_548' title='bbox 2972 1749 3256 1820; x_wconf 87' lang='lat' dir='ltr'><strong>minorem,</strong></span> <span class='ocrx_word' id='word_1_549' title='bbox 3283 1762 3340 1810; x_wconf 91' lang='lat' dir='ltr'><strong>et</strong></span> 
     </span>
    </p>
   </div>
   <div class='ocr_carea' id='block_1_79' title="bbox 1742 1843 3336 1918">
    <p class='ocr_par' dir='ltr' id='par_1_79' title="bbox 1742 1843 3336 1918">
     <span class='ocr_line' id='line_1_79' title="bbox 1742 1843 3336 1918; baseline 0.001 -16"><span class='ocrx_word' id='word_1_550' title='bbox 1742 1860 1811 1902; x_wconf 81' lang='lat' dir='ltr'><strong>eo</strong></span> <span class='ocrx_word' id='word_1_551' title='bbox 1835 1845 1997 1902; x_wconf 90' lang='lat' dir='ltr'><strong>modo</strong></span> <span class='ocrx_word' id='word_1_552' title='bbox 2018 1846 2086 1900; x_wconf 92' lang='lat' dir='ltr'><strong>ab</strong></span> <span class='ocrx_word' id='word_1_553' title='bbox 2115 1845 2204 1900; x_wconf 92' lang='lat' dir='ltr'><strong>illa</strong></span> <span class='ocrx_word' id='word_1_554' title='bbox 2231 1844 2500 1900; x_wconf 87' lang='lat' dir='ltr'><strong>dividatur</strong></span> <span class='ocrx_word' id='word_1_555' title='bbox 2523 1845 2820 1916; x_wconf 79' lang='lat' dir='ltr'><strong>:equaliter,</strong></span> <span class='ocrx_word' id='word_1_556' title='bbox 2849 1843 3060 1901; x_wconf 86' lang='lat' dir='ltr'><strong>duobus</strong></span> <span class='ocrx_word' id='word_1_557' title='bbox 3080 1847 3336 1918; x_wconf 82' lang='lat' dir='ltr'><strong>tempori-</strong></span> 
     </span>
    </p>
   </div>
   <div class='ocr_carea' id='block_1_80' title="bbox 1743 1937 3336 2011">
    <p class='ocr_par' dir='ltr' id='par_1_80' title="bbox 1743 1937 3336 2011">
     <span class='ocr_line' id='line_1_80' title="bbox 1743 1937 3336 2011; baseline -0.001 -16"><span class='ocrx_word' id='word_1_558' title='bbox 1743 1939 1844 1996; x_wconf 87' lang='lat' dir='ltr'><strong>bus</strong></span> <span class='ocrx_word' id='word_1_559' title='bbox 1867 1947 2094 2011; x_wconf 88' lang='lat' dir='ltr'><strong>quatuor</strong></span> <span class='ocrx_word' id='word_1_560' title='bbox 2120 1946 2363 2010; x_wconf 89' lang='lat' dir='ltr'><strong>tempora</strong></span> <span class='ocrx_word' id='word_1_561' title='bbox 2393 1938 2446 1992; x_wconf 93' lang='lat' dir='ltr'><strong>in</strong></span> <span class='ocrx_word' id='word_1_562' title='bbox 2485 1937 2609 1993; x_wconf 86' lang='lat' dir='ltr'><strong>bina</strong></span> <span class='ocrx_word' id='word_1_563' title='bbox 2639 1937 2966 1994; x_wconf 88' lang='lat' dir='ltr'><strong>demetiente</strong></span> <span class='ocrx_word' id='word_1_564' title='bbox 2987 1952 3052 1994; x_wconf 89' lang='lat' dir='ltr'><strong>ac</strong></span> <span class='ocrx_word' id='word_1_565' title='bbox 3088 1939 3336 1998; x_wconf 87' lang='lat' dir='ltr'><strong>secante?</strong></span> 
     </span>
    </p>
   </div>
   <div class='ocr_carea' id='block_1_81' title="bbox 1741 2029 3338 2102">
    <p class='ocr_par' dir='ltr' id='par_1_81' title="bbox 1741 2029 3338 2102">
     <span class='ocr_line' id='line_1_81' title="bbox 1741 2029 3338 2102; baseline 0.002 -16"><span class='ocrx_word' id='word_1_566' title='bbox 1741 2029 1879 2099; x_wconf 82' lang='lat' dir='ltr'><strong>Quid</strong></span> <span class='ocrx_word' id='word_1_567' title='bbox 1901 2031 1975 2086; x_wconf 90' lang='lat' dir='ltr'><strong>illi</strong></span> <span class='ocrx_word' id='word_1_568' title='bbox 1999 2031 2217 2102; x_wconf 89' lang='lat' dir='ltr'><strong>quinum</strong></span> <span class='ocrx_word' id='word_1_569' title='bbox 2238 2041 2622 2102; x_wconf 88' lang='lat' dir='ltr'><strong>scptenumque</strong></span> <span class='ocrx_word' id='word_1_570' title='bbox 2648 2039 2948 2100; x_wconf 87' lang='lat' dir='ltr'><strong>temporum</strong></span> <span class='ocrx_word' id='word_1_571' title='bbox 2974 2029 3174 2101; x_wconf 88' lang='lat' dir='ltr'><strong>pedes?</strong></span> <span class='ocrx_word' id='word_1_572' title='bbox 3197 2031 3338 2089; x_wconf 83' lang='lat' dir='ltr'><strong>unde</strong></span> 
     </span>
    </p>
   </div>
   <div class='ocr_carea' id='block_1_82' title="bbox 1742 2119 3332 2193">
    <p class='ocr_par' dir='ltr' id='par_1_82' title="bbox 1742 2119 3332 2193">
     <span class='ocr_line' id='line_1_82' title="bbox 1742 2119 3332 2193; baseline 0.001 -15"><span class='ocrx_word' id='word_1_573' title='bbox 1742 2123 1933 2178; x_wconf 72' lang='lat' dir='ltr'><strong>soluta:</strong></span> <span class='ocrx_word' id='word_1_574' title='bbox 1959 2123 2208 2187; x_wconf 87' lang='lat' dir='ltr'><strong>orationi,</strong></span> <span class='ocrx_word' id='word_1_575' title='bbox 2236 2137 2394 2193; x_wconf 90' lang='lat' dir='ltr'><strong>quam</strong></span> <span class='ocrx_word' id='word_1_576' title='bbox 2414 2119 2657 2176; x_wconf 85' lang='lat' dir='ltr'><strong>versibus</strong></span> <span class='ocrx_word' id='word_1_577' title='bbox 2680 2119 2929 2176; x_wconf 90' lang='lat' dir='ltr'><strong>videntur</strong></span> <span class='ocrx_word' id='word_1_578' title='bbox 2946 2120 3200 2192; x_wconf 87' lang='lat' dir='ltr'><strong>aptiores,</strong></span> <span class='ocrx_word' id='word_1_579' title='bbox 3229 2123 3332 2180; x_wconf 85' lang='lat' dir='ltr'><strong>nisi</strong></span> 
     </span>
    </p>
   </div>
   <div class='ocr_carea' id='block_1_83' title="bbox 1741 2211 3334 2283">
    <p class='ocr_par' dir='ltr' id='par_1_83' title="bbox 1741 2211 3334 2283">
     <span class='ocr_line' id='line_1_83' title="bbox 1741 2211 3334 2283; baseline 0.002 -15"><span class='ocrx_word' id='word_1_580' title='bbox 1741 2212 1882 2283; x_wconf 89' lang='lat' dir='ltr'><strong>quod</strong></span> <span class='ocrx_word' id='word_1_581' title='bbox 1910 2228 2096 2268; x_wconf 90' lang='lat' dir='ltr'><strong>eorum</strong></span> <span class='ocrx_word' id='word_1_582' title='bbox 2126 2228 2249 2281; x_wconf 86' lang='lat' dir='ltr'><strong>pars</strong></span> <span class='ocrx_word' id='word_1_583' title='bbox 2295 2212 2470 2266; x_wconf 89' lang='lat' dir='ltr'><strong>minor</strong></span> <span class='ocrx_word' id='word_1_584' title='bbox 2510 2211 2563 2265; x_wconf 92' lang='lat' dir='ltr'><strong>in</strong></span> <span class='ocrx_word' id='word_1_585' title='bbox 2595 2219 2773 2281; x_wconf 87' lang='lat' dir='ltr'><strong>partes</strong></span> <span class='ocrx_word' id='word_1_586' title='bbox 2800 2211 3035 2281; x_wconf 67' lang='lat' dir='ltr'><strong>aequales</strong></span> <span class='ocrx_word' id='word_1_587' title='bbox 3075 2212 3334 2283; x_wconf 81' lang='lat' dir='ltr'><strong>majorem</strong></span> 
     </span>
    </p>
   </div>
   <div class='ocr_carea' id='block_1_84' title="bbox 1741 2300 3334 2372">
    <p class='ocr_par' dir='ltr' id='par_1_84' title="bbox 1741 2300 3334 2372">
     <span class='ocr_line' id='line_1_84' title="bbox 1741 2300 3334 2372; baseline 0.001 -13"><span class='ocrx_word' id='word_1_588' title='bbox 1741 2319 1848 2360; x_wconf 93' lang='lat' dir='ltr'><strong>non</strong></span> <span class='ocrx_word' id='word_1_589' title='bbox 1875 2303 2098 2359; x_wconf 84' lang='lat' dir='ltr'><strong>dividit?</strong></span> <span class='ocrx_word' id='word_1_590' title='bbox 2120 2304 2188 2359; x_wconf 83' lang='lat' dir='ltr'><strong>Et</strong></span> <span class='ocrx_word' id='word_1_591' title='bbox 2208 2303 2262 2358; x_wconf 92' lang='lat' dir='ltr'><strong>bi</strong></span> <span class='ocrx_word' id='word_1_592' title='bbox 2289 2312 2466 2358; x_wconf 88' lang='lat' dir='ltr'><strong>tamen</strong></span> <span class='ocrx_word' id='word_1_593' title='bbox 2493 2301 2594 2372; x_wconf 91' lang='lat' dir='ltr'><strong>ipsi</strong></span> <span class='ocrx_word' id='word_1_594' title='bbox 2622 2300 2766 2356; x_wconf 91' lang='lat' dir='ltr'><strong>unde</strong></span> <span class='ocrx_word' id='word_1_595' title='bbox 2793 2300 3144 2358; x_wconf 88' lang='lat' dir='ltr'><strong>admittuntur</strong></span> <span class='ocrx_word' id='word_1_596' title='bbox 3171 2304 3227 2360; x_wconf 92' lang='lat' dir='ltr'><strong>in</strong></span> <span class='ocrx_word' id='word_1_597' title='bbox 3250 2305 3334 2360; x_wconf 87' lang='lat' dir='ltr'><strong>sui</strong></span> 
     </span>
    </p>
   </div>
   <div class='ocr_carea' id='block_1_85' title="bbox 1740 2391 3333 2465">
    <p class='ocr_par' dir='ltr' id='par_1_85' title="bbox 1740 2391 3333 2465">
     <span class='ocr_line' id='line_1_85' title="bbox 1740 2391 3333 2465; baseline 0.001 -17"><span class='ocrx_word' id='word_1_598' title='bbox 1740 2393 1954 2464; x_wconf 77' lang='lat' dir='ltr'><strong>generis</strong></span> <span class='ocrx_word' id='word_1_599' title='bbox 1973 2393 2161 2449; x_wconf 88' lang='lat' dir='ltr'><strong>ordine</strong></span> <span class='ocrx_word' id='word_1_600' title='bbox 2183 2392 2250 2447; x_wconf 88' lang='lat' dir='ltr'><strong>ad</strong></span> <span class='ocrx_word' id='word_1_601' title='bbox 2277 2403 2578 2465; x_wconf 89' lang='lat' dir='ltr'><strong>temporum</strong></span> <span class='ocrx_word' id='word_1_602' title='bbox 2602 2391 3062 2460; x_wconf 88' lang='lat' dir='ltr'><strong>numerositatem,</strong></span> <span class='ocrx_word' id='word_1_603' title='bbox 3085 2393 3188 2449; x_wconf 93' lang='lat' dir='ltr'><strong>nisi</strong></span> <span class='ocrx_word' id='word_1_604' title='bbox 3209 2395 3333 2465; x_wconf 90' lang='lat' dir='ltr'><strong>quia</strong></span> 
     </span>
    </p>
   </div>
   <div class='ocr_carea' id='block_1_86' title="bbox 1739 2483 3336 2557">
    <p class='ocr_par' dir='ltr' id='par_1_86' title="bbox 1739 2483 3336 2557">
     <span class='ocr_line' id='line_1_86' title="bbox 1739 2483 3336 2557; baseline 0.001 -16"><span class='ocrx_word' id='word_1_605' title='bbox 1739 2496 1795 2541; x_wconf 89' lang='lat' dir='ltr'><strong>et</strong></span> <span class='ocrx_word' id='word_1_606' title='bbox 1819 2487 1872 2542; x_wconf 92' lang='lat' dir='ltr'><strong>in</strong></span> <span class='ocrx_word' id='word_1_607' title='bbox 1898 2486 2132 2557; x_wconf 87' lang='lat' dir='ltr'><strong>quinque</strong></span> <span class='ocrx_word' id='word_1_608' title='bbox 2162 2487 2496 2556; x_wconf 88' lang='lat' dir='ltr'><strong>temporibus</strong></span> <span class='ocrx_word' id='word_1_609' title='bbox 2517 2493 2690 2540; x_wconf 88' lang='lat' dir='ltr'><strong>tantas</strong></span> <span class='ocrx_word' id='word_1_610' title='bbox 2711 2483 2844 2540; x_wconf 87' lang='lat' dir='ltr'><strong>duas</strong></span> <span class='ocrx_word' id='word_1_611' title='bbox 2866 2485 3152 2554; x_wconf 87' lang='lat' dir='ltr'><strong>particulas</strong></span> <span class='ocrx_word' id='word_1_612' title='bbox 3173 2485 3336 2544; x_wconf 87' lang='lat' dir='ltr'><strong>habet</strong></span> 
     </span>
    </p>
   </div>
   <div class='ocr_carea' id='block_1_87' title="bbox 1740 2575 3335 2649">
    <p class='ocr_par' dir='ltr' id='par_1_87' title="bbox 1740 2575 3335 2649">
     <span class='ocr_line' id='line_1_87' title="bbox 1740 2575 3335 2649; baseline 0.002 -18"><span class='ocrx_word' id='word_1_613' title='bbox 1740 2591 1866 2649; x_wconf 86' lang='lat' dir='ltr'><strong>pars</strong></span> <span class='ocrx_word' id='word_1_614' title='bbox 1891 2577 2088 2643; x_wconf 88' lang='lat' dir='ltr'><strong>minor,</strong></span> <span class='ocrx_word' id='word_1_615' title='bbox 2132 2583 2359 2647; x_wconf 87' lang='lat' dir='ltr'><strong>quantas</strong></span> <span class='ocrx_word' id='word_1_616' title='bbox 2388 2575 2560 2644; x_wconf 88' lang='lat' dir='ltr'><strong>major</strong></span> <span class='ocrx_word' id='word_1_617' title='bbox 2587 2584 2726 2640; x_wconf 88' lang='lat' dir='ltr'><strong>tres;</strong></span> <span class='ocrx_word' id='word_1_618' title='bbox 2764 2582 2820 2630; x_wconf 91' lang='lat' dir='ltr'><strong>et</strong></span> <span class='ocrx_word' id='word_1_619' title='bbox 2847 2575 2900 2631; x_wconf 92' lang='lat' dir='ltr'><strong>in</strong></span> <span class='ocrx_word' id='word_1_620' title='bbox 2926 2583 3132 2646; x_wconf 86' lang='lat' dir='ltr'><strong>septem</strong></span> <span class='ocrx_word' id='word_1_621' title='bbox 3160 2585 3335 2634; x_wconf 88' lang='lat' dir='ltr'><strong>tantas</strong></span> 
     </span>
    </p>
   </div>
   <div class='ocr_carea' id='block_1_88' title="bbox 1740 2667 3336 2740">
    <p class='ocr_par' dir='ltr' id='par_1_88' title="bbox 1740 2667 3336 2740">
     <span class='ocr_line' id='line_1_88' title="bbox 1740 2667 3336 2740; baseline 0.001 -16"><span class='ocrx_word' id='word_1_622' title='bbox 1740 2676 1851 2725; x_wconf 86' lang='lat' dir='ltr'><strong>tres</strong></span> <span class='ocrx_word' id='word_1_623' title='bbox 1892 2668 2088 2734; x_wconf 89' lang='lat' dir='ltr'><strong>minor,</strong></span> <span class='ocrx_word' id='word_1_624' title='bbox 2134 2675 2362 2740; x_wconf 85' lang='lat' dir='ltr'><strong>quantas</strong></span> <span class='ocrx_word' id='word_1_625' title='bbox 2387 2667 2560 2738; x_wconf 87' lang='lat' dir='ltr'><strong>major</strong></span> <span class='ocrx_word' id='word_1_626' title='bbox 2595 2668 2852 2738; x_wconf 86' lang='lat' dir='ltr'><strong>quatuor?</strong></span> <span class='ocrx_word' id='word_1_627' title='bbox 2895 2668 2971 2724; x_wconf 84' lang='lat' dir='ltr'><strong>Ita</strong></span> <span class='ocrx_word' id='word_1_628' title='bbox 3009 2668 3060 2724; x_wconf 91' lang='lat' dir='ltr'><strong>in</strong></span> <span class='ocrx_word' id='word_1_629' title='bbox 3087 2669 3336 2727; x_wconf 85' lang='lat' dir='ltr'><strong>omnibus</strong></span> 
     </span>
    </p>
   </div>
   <div class='ocr_carea' id='block_1_89' title="bbox 1741 2757 3334 2830">
    <p class='ocr_par' dir='ltr' id='par_1_89' title="bbox 1741 2757 3334 2830">
     <span class='ocr_line' id='line_1_89' title="bbox 1741 2757 3334 2830; baseline 0.002 -16"><span class='ocrx_word' id='word_1_630' title='bbox 1741 2759 1962 2830; x_wconf 90' lang='lat' dir='ltr'><strong>pedibus</strong></span> <span class='ocrx_word' id='word_1_631' title='bbox 2006 2757 2149 2814; x_wconf 88' lang='lat' dir='ltr'><strong>nulla</strong></span> <span class='ocrx_word' id='word_1_632' title='bbox 2193 2772 2317 2829; x_wconf 86' lang='lat' dir='ltr'><strong>pars</strong></span> <span class='ocrx_word' id='word_1_633' title='bbox 2343 2757 2563 2813; x_wconf 87' lang='lat' dir='ltr'><strong>minima</strong></span> <span class='ocrx_word' id='word_1_634' title='bbox 2602 2765 2688 2814; x_wconf 84' lang='lat' dir='ltr'><strong>est</strong></span> <span class='ocrx_word' id='word_1_635' title='bbox 2713 2758 2939 2830; x_wconf 91' lang='lat' dir='ltr'><strong>alicujus</strong></span> <span class='ocrx_word' id='word_1_636' title='bbox 2981 2759 3334 2818; x_wconf 81' lang='lat' dir='ltr'><strong>dimensionis</strong></span> 
     </span>
    </p>
   </div>
   <div class='ocr_carea' id='block_1_90' title="bbox 1739 2851 3336 2928">
    <p class='ocr_par' dir='ltr' id='par_1_90' title="bbox 1739 2851 3336 2928">
     <span class='ocr_line' id='line_1_90' title="bbox 1739 2851 3336 2928; baseline 0.003 -22"><span class='ocrx_word' id='word_1_637' title='bbox 1739 2852 1964 2907; x_wconf 87' lang='lat' dir='ltr'><strong>articulo</strong></span> <span class='ocrx_word' id='word_1_638' title='bbox 1992 2861 2193 2917; x_wconf 90' lang='lat' dir='ltr'><strong>notata,</strong></span> <span class='ocrx_word' id='word_1_639' title='bbox 2220 2851 2306 2908; x_wconf 90' lang='lat' dir='ltr'><strong>cui</strong></span> <span class='ocrx_word' id='word_1_640' title='bbox 2327 2865 2435 2907; x_wconf 86' lang='lat' dir='ltr'><strong>non</strong></span> <span class='ocrx_word' id='word_1_641' title='bbox 2460 2859 2671 2908; x_wconf 64' lang='lat' dir='ltr'><strong>caetera:</strong></span> <span class='ocrx_word' id='word_1_642' title='bbox 2689 2861 2886 2923; x_wconf 88' lang='lat' dir='ltr'><strong>quanta</strong></span> <span class='ocrx_word' id='word_1_643' title='bbox 2913 2863 3137 2925; x_wconf 82' lang='lat' dir='ltr'><strong>possunt</strong></span> <span class='ocrx_word' id='word_1_644' title='bbox 3157 2869 3336 2928; x_wconf 71' lang='lat' dir='ltr'><strong>mqua-</strong></span> 
     </span>
    </p>
   </div>
   <div class='ocr_carea' id='block_1_91' title="bbox 1741 2943 2270 3000">
    <p class='ocr_par' dir='ltr' id='par_1_91' title="bbox 1741 2943 2270 3000">
     <span class='ocr_line' id='line_1_91' title="bbox 1741 2943 2270 3000; baseline -0.002 -1"><span class='ocrx_word' id='word_1_645' title='bbox 1741 2943 1890 3000; x_wconf 89' lang='lat' dir='ltr'><strong>litate</strong></span> <span class='ocrx_word' id='word_1_646' title='bbox 1909 2945 2270 3000; x_wconf 88' lang='lat' dir='ltr'><strong>consentiant.</strong></span> 
     </span>
    </p>
   </div>
   <div class='ocr_carea' id='block_1_92' title="bbox 1810 3036 3334 3111">
    <p class='ocr_par' dir='ltr' id='par_1_92' title="bbox 1810 3036 3334 3111">
     <span class='ocr_line' id='line_1_92' title="bbox 1810 3036 3334 3111; baseline 0.003 -19"><span class='ocrx_word' id='word_1_647' title='bbox 1810 3037 1897 3092; x_wconf 74' lang='lat'><strong>27.</strong></span> <span class='ocrx_word' id='word_1_648' title='bbox 1932 3037 2044 3108; x_wconf 79' lang='lat' dir='ltr'><strong>Age</strong></span> <span class='ocrx_word' id='word_1_649' title='bbox 2067 3078 2084 3103; x_wconf 94' lang='lat'><strong>,</strong></span> <span class='ocrx_word' id='word_1_650' title='bbox 2113 3037 2166 3092; x_wconf 92' lang='lat' dir='ltr'><strong>in</strong></span> <span class='ocrx_word' id='word_1_651' title='bbox 2197 3037 2499 3105; x_wconf 86' lang='lat' dir='ltr'><strong>conjunctis</strong></span> <span class='ocrx_word' id='word_1_652' title='bbox 2523 3036 2750 3109; x_wconf 86' lang='lat' dir='ltr'><strong>pedibus</strong></span> <span class='ocrx_word' id='word_1_653' title='bbox 2789 3037 2903 3094; x_wconf 84' lang='lat' dir='ltr'><strong>sive</strong></span> <span class='ocrx_word' id='word_1_654' title='bbox 2930 3038 3095 3095; x_wconf 84' lang='lat' dir='ltr'><strong>libera</strong></span> <span class='ocrx_word' id='word_1_655' title='bbox 3139 3055 3334 3111; x_wconf 89' lang='lat' dir='ltr'><strong>perpe-</strong></span> 
     </span>
    </p>
   </div>
   <div class='ocr_carea' id='block_1_93' title="bbox 1739 3128 3333 3203">
    <p class='ocr_par' dir='ltr' id='par_1_93' title="bbox 1739 3128 3333 3203">
     <span class='ocr_line' id='line_1_93' title="bbox 1739 3128 3333 3203; baseline 0.004 -19"><span class='ocrx_word' id='word_1_656' title='bbox 1739 3128 1930 3184; x_wconf 87' lang='lat' dir='ltr'><strong>tuitate</strong></span> <span class='ocrx_word' id='word_1_657' title='bbox 1956 3129 2260 3200; x_wconf 84' lang='lat' dir='ltr'><strong>porrigatur</strong></span> <span class='ocrx_word' id='word_1_658' title='bbox 2289 3128 2393 3186; x_wconf 89' lang='lat' dir='ltr'><strong>ista</strong></span> <span class='ocrx_word' id='word_1_659' title='bbox 2433 3129 2758 3200; x_wconf 91' lang='lat' dir='ltr'><strong>conjunctio,</strong></span> <span class='ocrx_word' id='word_1_660' title='bbox 2788 3131 2928 3186; x_wconf 87' lang='lat' dir='ltr'><strong>sicut</strong></span> <span class='ocrx_word' id='word_1_661' title='bbox 2956 3131 3010 3186; x_wconf 92' lang='lat' dir='ltr'><strong>in</strong></span> <span class='ocrx_word' id='word_1_662' title='bbox 3036 3132 3333 3203; x_wconf 84' lang='lat' dir='ltr'><strong>rhythmis;</strong></span> 
     </span>
    </p>
   </div>
   <div class='ocr_carea' id='block_1_94' title="bbox 1740 3219 3334 3290">
    <p class='ocr_par' dir='ltr' id='par_1_94' title="bbox 1740 3219 3334 3290">
     <span class='ocr_line' id='line_1_94' title="bbox 1740 3219 3334 3290; baseline 0.002 -15"><span class='ocrx_word' id='word_1_663' title='bbox 1740 3219 1854 3275; x_wconf 85' lang='lat' dir='ltr'><strong>sive</strong></span> <span class='ocrx_word' id='word_1_664' title='bbox 1880 3219 1949 3274; x_wconf 86' lang='lat' dir='ltr'><strong>ab</strong></span> <span class='ocrx_word' id='word_1_665' title='bbox 1991 3219 2172 3290; x_wconf 91' lang='lat' dir='ltr'><strong>aliquo</strong></span> <span class='ocrx_word' id='word_1_666' title='bbox 2195 3229 2344 3275; x_wconf 88' lang='lat' dir='ltr'><strong>certo</strong></span> <span class='ocrx_word' id='word_1_667' title='bbox 2373 3219 2479 3276; x_wconf 83' lang='lat' dir='ltr'><strong>fine</strong></span> <span class='ocrx_word' id='word_1_668' title='bbox 2521 3229 2822 3284; x_wconf 88' lang='lat' dir='ltr'><strong>revocetur,</strong></span> <span class='ocrx_word' id='word_1_669' title='bbox 2854 3219 2992 3277; x_wconf 89' lang='lat' dir='ltr'><strong>sicut</strong></span> <span class='ocrx_word' id='word_1_670' title='bbox 3036 3222 3088 3276; x_wconf 90' lang='lat' dir='ltr'><strong>in</strong></span> <span class='ocrx_word' id='word_1_671' title='bbox 3115 3224 3334 3289; x_wconf 86' lang='lat' dir='ltr'><strong>metris;</strong></span> 
     </span>
    </p>
   </div>
   <div class='ocr_carea' id='block_1_95' title="bbox 1744 3309 3336 3380">
    <p class='ocr_par' dir='ltr' id='par_1_95' title="bbox 1744 3309 3336 3380">
     <span class='ocr_line' id='line_1_95' title="bbox 1744 3309 3336 3380; baseline 0.002 -15"><span class='ocrx_word' id='word_1_672' title='bbox 1744 3310 1860 3366; x_wconf 83' lang='lat' dir='ltr'><strong>sive</strong></span> <span class='ocrx_word' id='word_1_673' title='bbox 1887 3309 2048 3364; x_wconf 90' lang='lat' dir='ltr'><strong>etiam</strong></span> <span class='ocrx_word' id='word_1_674' title='bbox 2076 3310 2128 3364; x_wconf 92' lang='lat' dir='ltr'><strong>in</strong></span> <span class='ocrx_word' id='word_1_675' title='bbox 2155 3309 2263 3364; x_wconf 91' lang='lat' dir='ltr'><strong>duo</strong></span> <span class='ocrx_word' id='word_1_676' title='bbox 2293 3309 2530 3366; x_wconf 87' lang='lat' dir='ltr'><strong>membra</strong></span> <span class='ocrx_word' id='word_1_677' title='bbox 2557 3309 2782 3380; x_wconf 85' lang='lat' dir='ltr'><strong>quadam</strong></span> <span class='ocrx_word' id='word_1_678' title='bbox 2819 3309 2935 3380; x_wconf 88' lang='lat' dir='ltr'><strong>lege</strong></span> <span class='ocrx_word' id='word_1_679' title='bbox 2963 3309 3180 3366; x_wconf 89' lang='lat' dir='ltr'><strong>sibimet</strong></span> <span class='ocrx_word' id='word_1_680' title='bbox 3203 3326 3336 3368; x_wconf 91' lang='lat' dir='ltr'><strong>con-</strong></span> 
     </span>
    </p>
   </div>
   <div class='ocr_carea' id='block_1_96' title="bbox 1738 3400 3338 3471">
    <p class='ocr_par' dir='ltr' id='par_1_96' title="bbox 1738 3400 3338 3471">
     <span class='ocr_line' id='line_1_96' title="bbox 1738 3400 3338 3471; baseline 0.003 -17"><span class='ocrx_word' id='word_1_681' title='bbox 1738 3401 1981 3471; x_wconf 88' lang='lat' dir='ltr'><strong>gruentia</strong></span> <span class='ocrx_word' id='word_1_682' title='bbox 2012 3400 2295 3467; x_wconf 89' lang='lat' dir='ltr'><strong>tribuatur,</strong></span> <span class='ocrx_word' id='word_1_683' title='bbox 2326 3401 2464 3457; x_wconf 85' lang='lat' dir='ltr'><strong>sicut</strong></span> <span class='ocrx_word' id='word_1_684' title='bbox 2485 3400 2539 3455; x_wconf 93' lang='lat' dir='ltr'><strong>in</strong></span> <span class='ocrx_word' id='word_1_685' title='bbox 2565 3400 2832 3465; x_wconf 88' lang='lat' dir='ltr'><strong>versibus;</strong></span> <span class='ocrx_word' id='word_1_686' title='bbox 2864 3417 2965 3470; x_wconf 89' lang='lat' dir='ltr'><strong>qua</strong></span> <span class='ocrx_word' id='word_1_687' title='bbox 2993 3401 3204 3458; x_wconf 90' lang='lat' dir='ltr'><strong>tandem</strong></span> <span class='ocrx_word' id='word_1_688' title='bbox 3231 3403 3338 3459; x_wconf 89' lang='lat' dir='ltr'><strong>alia</strong></span> 
     </span>
    </p>
   </div>
   <div class='ocr_carea' id='block_1_97' title="bbox 1741 3491 3335 3562">
    <p class='ocr_par' dir='ltr' id='par_1_97' title="bbox 1741 3491 3335 3562">
     <span class='ocr_line' id='line_1_97' title="bbox 1741 3491 3335 3562; baseline 0.003 -16"><span class='ocrx_word' id='word_1_689' title='bbox 1741 3505 1823 3559; x_wconf 88' lang='lat' dir='ltr'><strong>re,</strong></span> <span class='ocrx_word' id='word_1_690' title='bbox 1847 3491 1947 3546; x_wconf 87' lang='lat' dir='ltr'><strong>nisi</strong></span> <span class='ocrx_word' id='word_1_691' title='bbox 1968 3492 2268 3562; x_wconf 66' lang='lat' dir='ltr'><strong>aequalitate</strong></span> <span class='ocrx_word' id='word_1_692' title='bbox 2291 3507 2384 3562; x_wconf 88' lang='lat' dir='ltr'><strong>pes</strong></span> <span class='ocrx_word' id='word_1_693' title='bbox 2407 3491 2531 3562; x_wconf 91' lang='lat' dir='ltr'><strong>pedi</strong></span> <span class='ocrx_word' id='word_1_694' title='bbox 2550 3493 2754 3548; x_wconf 90' lang='lat' dir='ltr'><strong>amicus</strong></span> <span class='ocrx_word' id='word_1_695' title='bbox 2772 3492 2892 3548; x_wconf 88' lang='lat' dir='ltr'><strong>est?</strong></span> <span class='ocrx_word' id='word_1_696' title='bbox 2917 3491 3070 3550; x_wconf 85' lang='lat' dir='ltr'><strong>Unde</strong></span> <span class='ocrx_word' id='word_1_697' title='bbox 3091 3495 3335 3561; x_wconf 87' lang='lat' dir='ltr'><strong>molossi,</strong></span> 
     </span>
    </p>
   </div>
   <div class='ocr_carea' id='block_1_98' title="bbox 1739 3582 3340 3656">
    <p class='ocr_par' dir='ltr' id='par_1_98' title="bbox 1739 3582 3340 3656">
     <span class='ocr_line' id='line_1_98' title="bbox 1739 3582 3340 3656; baseline 0.003 -18"><span class='ocrx_word' id='word_1_698' title='bbox 1739 3591 1795 3638; x_wconf 91' lang='lat' dir='ltr'><strong>et</strong></span> <span class='ocrx_word' id='word_1_699' title='bbox 1834 3582 2126 3638; x_wconf 91' lang='lat' dir='ltr'><strong>ionicorum</strong></span> <span class='ocrx_word' id='word_1_700' title='bbox 2170 3583 2370 3656; x_wconf 84' lang='lat' dir='ltr'><strong>syllaba</strong></span> <span class='ocrx_word' id='word_1_701' title='bbox 2401 3583 2574 3640; x_wconf 89' lang='lat' dir='ltr'><strong>media</strong></span> <span class='ocrx_word' id='word_1_702' title='bbox 2615 3600 2734 3654; x_wconf 76' lang='lat' dir='ltr'><strong>qua:</strong></span> <span class='ocrx_word' id='word_1_703' title='bbox 2773 3585 2931 3655; x_wconf 85' lang='lat' dir='ltr'><strong>longa</strong></span> <span class='ocrx_word' id='word_1_704' title='bbox 2971 3593 3083 3651; x_wconf 89' lang='lat' dir='ltr'><strong>est,</strong></span> <span class='ocrx_word' id='word_1_705' title='bbox 3119 3602 3225 3642; x_wconf 92' lang='lat' dir='ltr'><strong>non</strong></span> <span class='ocrx_word' id='word_1_706' title='bbox 3252 3602 3340 3642; x_wconf 61' lang='lat' dir='ltr'><strong>se.</strong></span> 
     </span>
    </p>
   </div>
   <div class='ocr_carea' id='block_1_99' title="bbox 1739 3675 3342 3750">
    <p class='ocr_par' dir='ltr' id='par_1_99' title="bbox 1739 3675 3342 3750">
     <span class='ocr_line' id='line_1_99' title="bbox 1739 3675 3342 3750; baseline 0.004 -20"><span class='ocrx_word' id='word_1_707' title='bbox 1739 3675 1934 3741; x_wconf 88' lang='lat' dir='ltr'><strong>ctione,</strong></span> <span class='ocrx_word' id='word_1_708' title='bbox 1962 3675 2056 3730; x_wconf 87' lang='lat' dir='ltr'><strong>sed</strong></span> <span class='ocrx_word' id='word_1_709' title='bbox 2085 3681 2216 3731; x_wconf 82' lang='lat' dir='ltr'><strong>nutu</strong></span> <span class='ocrx_word' id='word_1_710' title='bbox 2238 3675 2259 3707; x_wconf 83' lang='grc'><em>³</em></span> <span class='ocrx_word' id='word_1_711' title='bbox 2286 3676 2403 3747; x_wconf 91' lang='lat' dir='ltr'><strong>ipso</strong></span> <span class='ocrx_word' id='word_1_712' title='bbox 2431 3677 2822 3748; x_wconf 88' lang='lat' dir='ltr'><strong>pronuntiantis</strong></span> <span class='ocrx_word' id='word_1_713' title='bbox 2855 3685 3014 3750; x_wconf 87' lang='lat' dir='ltr'><strong>atque</strong></span> <span class='ocrx_word' id='word_1_714' title='bbox 3039 3678 3342 3749; x_wconf 90' lang='lat' dir='ltr'><strong>plaudentis</strong></span> 
     </span>
    </p>
   </div>
   <div class='ocr_carea' id='block_1_100' title="bbox 1741 3767 3337 3839">
    <p class='ocr_par' dir='ltr' id='par_1_100' title="bbox 1741 3767 3337 3839">
     <span class='ocr_line' id='line_1_100' title="bbox 1741 3767 3337 3839; baseline 0.002 -15"><span class='ocrx_word' id='word_1_715' title='bbox 1741 3768 1796 3824; x_wconf 94' lang='lat' dir='ltr'><strong>in</strong></span> <span class='ocrx_word' id='word_1_716' title='bbox 1823 3767 1932 3823; x_wconf 92' lang='lat' dir='ltr'><strong>duo</strong></span> <span class='ocrx_word' id='word_1_717' title='bbox 1957 3768 2101 3839; x_wconf 87' lang='lat' dir='ltr'><strong>paria</strong></span> <span class='ocrx_word' id='word_1_718' title='bbox 2147 3777 2418 3824; x_wconf 88' lang='lat' dir='ltr'><strong>momenta</strong></span> <span class='ocrx_word' id='word_1_719' title='bbox 2463 3767 2710 3823; x_wconf 90' lang='lat' dir='ltr'><strong>distribui</strong></span> <span class='ocrx_word' id='word_1_720' title='bbox 2740 3777 2954 3838; x_wconf 90' lang='lat' dir='ltr'><strong>potest;</strong></span> <span class='ocrx_word' id='word_1_721' title='bbox 2993 3777 3050 3824; x_wconf 90' lang='lat' dir='ltr'><strong>ut</strong></span> <span class='ocrx_word' id='word_1_722' title='bbox 3078 3770 3236 3825; x_wconf 87' lang='lat' dir='ltr'><strong>etiam</strong></span> <span class='ocrx_word' id='word_1_723' title='bbox 3267 3771 3337 3827; x_wconf 88' lang='lat' dir='ltr'><strong>ad</strong></span> 
     </span>
    </p>
   </div>
   <div class='ocr_carea' id='block_1_101' title="bbox 1740 3859 3338 3931">
    <p class='ocr_par' dir='ltr' id='par_1_101' title="bbox 1740 3859 3338 3931">
     <span class='ocr_line' id='line_1_101' title="bbox 1740 3859 3338 3931; baseline 0.001 -15"><span class='ocrx_word' id='word_1_724' title='bbox 1740 3870 1890 3916; x_wconf 90' lang='lat' dir='ltr'><strong>terna</strong></span> <span class='ocrx_word' id='word_1_725' title='bbox 1919 3869 2158 3931; x_wconf 86' lang='lat' dir='ltr'><strong>tempora</strong></span> <span class='ocrx_word' id='word_1_726' title='bbox 2203 3875 2297 3931; x_wconf 86' lang='lat' dir='ltr'><strong>pes</strong></span> <span class='ocrx_word' id='word_1_727' title='bbox 2339 3868 2483 3916; x_wconf 89' lang='lat' dir='ltr'><strong>totus</strong></span> <span class='ocrx_word' id='word_1_728' title='bbox 2524 3859 2843 3923; x_wconf 90' lang='lat' dir='ltr'><strong>conveniat,</strong></span> <span class='ocrx_word' id='word_1_729' title='bbox 2889 3860 3104 3931; x_wconf 89' lang='lat' dir='ltr'><strong>quando</strong></span> <span class='ocrx_word' id='word_1_730' title='bbox 3128 3863 3338 3918; x_wconf 74' lang='lat' dir='ltr'><strong>cmteris</strong></span> 
     </span>
    </p>
   </div>
   <div class='ocr_carea' id='block_1_102' title="bbox 1739 3950 3334 4024">
    <p class='ocr_par' dir='ltr' id='par_1_102' title="bbox 1739 3950 3334 4024">
     <span class='ocr_line' id='line_1_102' title="bbox 1739 3950 3334 4024; baseline 0.001 -17"><span class='ocrx_word' id='word_1_731' title='bbox 1739 3952 1830 4024; x_wconf 91' lang='lat' dir='ltr'><strong>qui</strong></span> <span class='ocrx_word' id='word_1_732' title='bbox 1878 3951 2068 4008; x_wconf 90' lang='lat' dir='ltr'><strong>eodem</strong></span> <span class='ocrx_word' id='word_1_733' title='bbox 2118 3950 2278 4006; x_wconf 91' lang='lat' dir='ltr'><strong>modo</strong></span> <span class='ocrx_word' id='word_1_734' title='bbox 2322 3950 2657 4017; x_wconf 89' lang='lat' dir='ltr'><strong>dividuntur,</strong></span> <span class='ocrx_word' id='word_1_735' title='bbox 2711 3950 3047 4021; x_wconf 86' lang='lat' dir='ltr'><strong>adjungitur;</strong></span> <span class='ocrx_word' id='word_1_736' title='bbox 3095 3968 3190 4006; x_wconf 88' lang='lat' dir='ltr'><strong>cur</strong></span> <span class='ocrx_word' id='word_1_737' title='bbox 3231 3953 3334 4009; x_wconf 88' lang='lat' dir='ltr'><strong>nisi</strong></span> 
     </span>
    </p>
   </div>
   <div class='ocr_carea' id='block_1_103' title="bbox 1709 4040 3336 4115">
    <p class='ocr_par' dir='ltr' id='par_1_103' title="bbox 1709 4040 3336 4115">
     <span class='ocr_line' id='line_1_103' title="bbox 1709 4040 3336 4115; baseline 0.003 -20"><span class='ocrx_word' id='word_1_738' title='bbox 1709 4043 2054 4115; x_wconf 52' lang='lat' dir='ltr'><strong>.aéqualitatis</strong></span> <span class='ocrx_word' id='word_1_739' title='bbox 2072 4044 2194 4112; x_wconf 86' lang='lat' dir='ltr'><strong>jure</strong></span> <span class='ocrx_word' id='word_1_740' title='bbox 2228 4043 2570 4110; x_wconf 88' lang='lat' dir='ltr'><strong>dominante,</strong></span> <span class='ocrx_word' id='word_1_741' title='bbox 2597 4040 2738 4113; x_wconf 92' lang='lat' dir='ltr'><strong>quod</strong></span> <span class='ocrx_word' id='word_1_742' title='bbox 2779 4040 2982 4096; x_wconf 88' lang='lat' dir='ltr'><strong>scilicet</strong></span> <span class='ocrx_word' id='word_1_743' title='bbox 3001 4042 3218 4112; x_wconf 65' lang='lat' dir='ltr'><strong>aequalis</strong></span> <span class='ocrx_word' id='word_1_744' title='bbox 3251 4053 3336 4100; x_wconf 85' lang='lat' dir='ltr'><strong>est</strong></span> 
     </span>
    </p>
   </div>
   <div class='ocr_carea' id='block_1_104' title="bbox 1741 4131 3333 4202">
    <p class='ocr_par' dir='ltr' id='par_1_104' title="bbox 1741 4131 3333 4202">
     <span class='ocr_line' id='line_1_104' title="bbox 1741 4131 3333 4202; baseline 0 -12"><span class='ocrx_word' id='word_1_745' title='bbox 1741 4134 1997 4190; x_wconf 86' lang='lat' dir='ltr'><strong>lateribus</strong></span> <span class='ocrx_word' id='word_1_746' title='bbox 2023 4132 2046 4164; x_wconf 74' lang='grc'><strong>⁸</strong></span> <span class='ocrx_word' id='word_1_747' title='bbox 2075 4133 2213 4198; x_wconf 88' lang='lat' dir='ltr'><strong>suis,</strong></span> <span class='ocrx_word' id='word_1_748' title='bbox 2260 4147 2380 4202; x_wconf 65' lang='lat' dir='ltr'><strong>quae</strong></span> <span class='ocrx_word' id='word_1_749' title='bbox 2406 4131 2652 4186; x_wconf 90' lang='lat' dir='ltr'><strong>binorum</strong></span> <span class='ocrx_word' id='word_1_750' title='bbox 2682 4138 2982 4201; x_wconf 91' lang='lat' dir='ltr'><strong>temporum</strong></span> <span class='ocrx_word' id='word_1_751' title='bbox 3022 4140 3144 4187; x_wconf 90' lang='lat' dir='ltr'><strong>sunt</strong></span> <span class='ocrx_word' id='word_1_752' title='bbox 3162 4172 3177 4196; x_wconf 90' lang='lat'><strong>,</strong></span> <span class='ocrx_word' id='word_1_753' title='bbox 3208 4147 3333 4190; x_wconf 72' lang='lat' dir='ltr'><strong>cura</strong></span> 
     </span>
    </p>
   </div>
   <div class='ocr_carea' id='block_1_105' title="bbox 1739 4223 3341 4297">
    <p class='ocr_par' dir='ltr' id='par_1_105' title="bbox 1739 4223 3341 4297">
     <span class='ocr_line' id='line_1_105' title="bbox 1739 4223 3341 4297; baseline -0.001 -14"><span class='ocrx_word' id='word_1_754' title='bbox 1739 4239 1793 4284; x_wconf 91' lang='lat' dir='ltr'><strong>et</strong></span> <span class='ocrx_word' id='word_1_755' title='bbox 1820 4227 1933 4297; x_wconf 84' lang='lat' dir='ltr'><strong>ipsa</strong></span> <span class='ocrx_word' id='word_1_756' title='bbox 1955 4225 2026 4279; x_wconf 91' lang='lat' dir='ltr'><strong>sit</strong></span> <span class='ocrx_word' id='word_1_757' title='bbox 2046 4223 2209 4279; x_wconf 91' lang='lat' dir='ltr'><strong>duum</strong></span> <span class='ocrx_word' id='word_1_758' title='bbox 2239 4223 2576 4294; x_wconf 78' lang='lat' dir='ltr'><strong>temporum?</strong></span> <span class='ocrx_word' id='word_1_759' title='bbox 2603 4223 2710 4279; x_wconf 87' lang='lat' dir='ltr'><strong>Cur</strong></span> <span class='ocrx_word' id='word_1_760' title='bbox 2736 4223 2878 4278; x_wconf 88' lang='lat' dir='ltr'><strong>idem</strong></span> <span class='ocrx_word' id='word_1_761' title='bbox 2907 4223 3019 4279; x_wconf 84' lang='lat' dir='ltr'><strong>lieri</strong></span> <span class='ocrx_word' id='word_1_762' title='bbox 3047 4223 3100 4279; x_wconf 91' lang='lat' dir='ltr'><strong>in</strong></span> <span class='ocrx_word' id='word_1_763' title='bbox 3125 4226 3341 4295; x_wconf 65' lang='lat' dir='ltr'><strong>amphio</strong></span> 
     </span>
    </p>
   </div>
   <div class='ocr_carea' id='block_1_106' title="bbox 1740 4316 3338 4391">
    <p class='ocr_par' dir='ltr' id='par_1_106' title="bbox 1740 4316 3338 4391">
     <span class='ocr_line' id='line_1_106' title="bbox 1740 4316 3338 4391; baseline -0.002 -15"><span class='ocrx_word' id='word_1_764' title='bbox 1740 4319 1942 4376; x_wconf 90' lang='lat' dir='ltr'><strong>braeho</strong></span> <span class='ocrx_word' id='word_1_765' title='bbox 1969 4335 2075 4375; x_wconf 92' lang='lat' dir='ltr'><strong>non</strong></span> <span class='ocrx_word' id='word_1_766' title='bbox 2099 4327 2296 4391; x_wconf 86' lang='lat' dir='ltr'><strong>potest,</strong></span> <span class='ocrx_word' id='word_1_767' title='bbox 2318 4316 2532 4390; x_wconf 90' lang='lat' dir='ltr'><strong>quando</strong></span> <span class='ocrx_word' id='word_1_768' title='bbox 2550 4318 2764 4374; x_wconf 57' lang='lat' dir='ltr'><strong>caeteris</strong></span> <span class='ocrx_word' id='word_1_769' title='bbox 2786 4325 3012 4388; x_wconf 88' lang='lat' dir='ltr'><strong>quatuor</strong></span> <span class='ocrx_word' id='word_1_770' title='bbox 3031 4327 3338 4389; x_wconf 76' lang='lat' dir='ltr'><strong>temporum</strong></span> 
     </span>
    </p>
   </div>
   <div class='ocr_carea' id='block_1_107' title="bbox 1740 4409 3338 4485">
    <p class='ocr_par' dir='ltr' id='par_1_107' title="bbox 1740 4409 3338 4485">
     <span class='ocr_line' id='line_1_107' title="bbox 1740 4409 3338 4485; baseline -0.002 -17"><span class='ocrx_word' id='word_1_771' title='bbox 1740 4414 2064 4485; x_wconf 79' lang='lat' dir='ltr'><strong>adiungitur,</strong></span> <span class='ocrx_word' id='word_1_772' title='bbox 2093 4413 2196 4468; x_wconf 89' lang='lat' dir='ltr'><strong>nisi</strong></span> <span class='ocrx_word' id='word_1_773' title='bbox 2221 4411 2345 4484; x_wconf 91' lang='lat' dir='ltr'><strong>quia</strong></span> <span class='ocrx_word' id='word_1_774' title='bbox 2375 4419 2519 4467; x_wconf 89' lang='lat' dir='ltr'><strong>tanta</strong></span> <span class='ocrx_word' id='word_1_775' title='bbox 2545 4410 2619 4466; x_wconf 90' lang='lat' dir='ltr'><strong>ibi</strong></span> <span class='ocrx_word' id='word_1_776' title='bbox 2641 4426 2746 4467; x_wconf 91' lang='lat' dir='ltr'><strong>non</strong></span> <span class='ocrx_word' id='word_1_777' title='bbox 2769 4409 3038 4466; x_wconf 86' lang='lat' dir='ltr'><strong>invenitur</strong></span> <span class='ocrx_word' id='word_1_778' title='bbox 3055 4412 3338 4482; x_wconf 84' lang='lat' dir='ltr'><strong>:equalitas</strong></span> 
     </span>
    </p>
   </div>
   <div class='ocr_carea' id='block_1_108' title="bbox 1739 4501 3337 4576">
    <p class='ocr_par' dir='ltr' id='par_1_108' title="bbox 1739 4501 3337 4576">
     <span class='ocr_line' id='line_1_108' title="bbox 1739 4501 3337 4576; baseline -0.002 -15"><span class='ocrx_word' id='word_1_779' title='bbox 1739 4505 1902 4576; x_wconf 89' lang='lat' dir='ltr'><strong>duplo</strong></span> <span class='ocrx_word' id='word_1_780' title='bbox 1926 4504 2125 4572; x_wconf 90' lang='lat' dir='ltr'><strong>medio,</strong></span> <span class='ocrx_word' id='word_1_781' title='bbox 2147 4503 2402 4560; x_wconf 89' lang='lat' dir='ltr'><strong>lateribus</strong></span> <span class='ocrx_word' id='word_1_782' title='bbox 2420 4501 2666 4574; x_wconf 88' lang='lat' dir='ltr'><strong>simplis?</strong></span> <span class='ocrx_word' id='word_1_783' title='bbox 2691 4501 2800 4557; x_wconf 88' lang='lat' dir='ltr'><strong>Cur</strong></span> <span class='ocrx_word' id='word_1_784' title='bbox 2822 4502 2874 4557; x_wconf 92' lang='lat' dir='ltr'><strong>in</strong></span> <span class='ocrx_word' id='word_1_785' title='bbox 2897 4501 3229 4558; x_wconf 87' lang='lat' dir='ltr'><strong>silentiorum</strong></span> <span class='ocrx_word' id='word_1_786' title='bbox 3256 4504 3337 4558; x_wconf 82' lang='lat' dir='ltr'><strong>iu—</strong></span> 
     </span>
    </p>
   </div>
   <div class='ocr_carea' id='block_1_109' title="bbox 1741 4593 3338 4667">
    <p class='ocr_par' dir='ltr' id='par_1_109' title="bbox 1741 4593 3338 4667">
     <span class='ocr_line' id='line_1_109' title="bbox 1741 4593 3338 4667; baseline 0.001 -14"><span class='ocrx_word' id='word_1_787' title='bbox 1741 4598 1979 4655; x_wconf 85' lang='lat' dir='ltr'><strong>tervallis</strong></span> <span class='ocrx_word' id='word_1_788' title='bbox 2005 4596 2145 4653; x_wconf 90' lang='lat' dir='ltr'><strong>nulla</strong></span> <span class='ocrx_word' id='word_1_789' title='bbox 2173 4595 2355 4651; x_wconf 88' lang='lat' dir='ltr'><strong>fraude</strong></span> <span class='ocrx_word' id='word_1_790' title='bbox 2389 4610 2580 4652; x_wconf 87' lang='lat' dir='ltr'><strong>sensus</strong></span> <span class='ocrx_word' id='word_1_791' title='bbox 2614 4593 2922 4662; x_wconf 77' lang='lat' dir='ltr'><strong>oﬂ&#39;enditur,</strong></span> <span class='ocrx_word' id='word_1_792' title='bbox 2959 4595 3061 4652; x_wconf 88' lang='lat' dir='ltr'><strong>nisi</strong></span> <span class='ocrx_word' id='word_1_793' title='bbox 3102 4595 3224 4667; x_wconf 85' lang='lat' dir='ltr'><strong>quia</strong></span> <span class='ocrx_word' id='word_1_794' title='bbox 3257 4597 3338 4654; x_wconf 65' lang='lat' dir='ltr'><strong>civ</strong></span> 
     </span>
    </p>
   </div>
   <div class='ocr_carea' id='block_1_110' title="bbox 1739 4685 3332 4759">
    <p class='ocr_par' dir='ltr' id='par_1_110' title="bbox 1739 4685 3332 4759">
     <span class='ocr_line' id='line_1_110' title="bbox 1739 4685 3332 4759; baseline -0.001 -15"><span class='ocrx_word' id='word_1_795' title='bbox 1739 4688 1864 4745; x_wconf 90' lang='lat' dir='ltr'><strong>dem</strong></span> <span class='ocrx_word' id='word_1_796' title='bbox 1887 4688 1994 4758; x_wconf 90' lang='lat' dir='ltr'><strong>juri</strong></span> <span class='ocrx_word' id='word_1_797' title='bbox 2019 4687 2366 4759; x_wconf 79' lang='lat' dir='ltr'><strong>:equalitatis,</strong></span> <span class='ocrx_word' id='word_1_798' title='bbox 2396 4685 2604 4741; x_wconf 86' lang='lat' dir='ltr'><strong>etiamsi</strong></span> <span class='ocrx_word' id='word_1_799' title='bbox 2633 4701 2738 4740; x_wconf 92' lang='lat' dir='ltr'><strong>non</strong></span> <span class='ocrx_word' id='word_1_800' title='bbox 2769 4700 2924 4751; x_wconf 88' lang='lat' dir='ltr'><strong>sono,</strong></span> <span class='ocrx_word' id='word_1_801' title='bbox 2951 4687 3125 4757; x_wconf 83' lang='lat' dir='ltr'><strong>spatio</strong></span> <span class='ocrx_word' id='word_1_802' title='bbox 3153 4697 3332 4744; x_wconf 89' lang='lat' dir='ltr'><strong>tamen</strong></span> 
     </span>
    </p>
   </div>
   <div class='ocr_carea' id='block_1_111' title="bbox 1740 4774 3331 4850">
    <p class='ocr_par' dir='ltr' id='par_1_111' title="bbox 1740 4774 3331 4850">
     <span class='ocr_line' id='line_1_111' title="bbox 1740 4774 3331 4850; baseline -0.001 -15"><span class='ocrx_word' id='word_1_803' title='bbox 1740 4779 1995 4850; x_wconf 86' lang='lat' dir='ltr'><strong>temporis</strong></span> <span class='ocrx_word' id='word_1_804' title='bbox 2021 4777 2165 4850; x_wconf 89' lang='lat' dir='ltr'><strong>quod</strong></span> <span class='ocrx_word' id='word_1_805' title='bbox 2187 4776 2432 4844; x_wconf 89' lang='lat' dir='ltr'><strong>debetur,</strong></span> <span class='ocrx_word' id='word_1_806' title='bbox 2461 4776 2793 4833; x_wconf 77' lang='lat' dir='ltr'><strong>exsolvitur?</strong></span> <span class='ocrx_word' id='word_1_807' title='bbox 2817 4774 2927 4833; x_wconf 89' lang='lat' dir='ltr'><strong>Cur</strong></span> <span class='ocrx_word' id='word_1_808' title='bbox 2954 4787 3214 4849; x_wconf 86' lang='lat' dir='ltr'><strong>sequente</strong></span> <span class='ocrx_word' id='word_1_809' title='bbox 3250 4780 3331 4836; x_wconf 81' lang='lat' dir='ltr'><strong>si-</strong></span> 
     </span>
    </p>
   </div>
   <div class='ocr_carea' id='block_1_112' title="bbox 1740 4868 3332 4941">
    <p class='ocr_par' dir='ltr' id='par_1_112' title="bbox 1740 4868 3332 4941">
     <span class='ocr_line' id='line_1_112' title="bbox 1740 4868 3332 4941; baseline 0.001 -15"><span class='ocrx_word' id='word_1_810' title='bbox 1740 4871 1904 4927; x_wconf 87' lang='lat' dir='ltr'><strong>lentio</strong></span> <span class='ocrx_word' id='word_1_811' title='bbox 1933 4871 2094 4926; x_wconf 85' lang='lat' dir='ltr'><strong>etiam</strong></span> <span class='ocrx_word' id='word_1_812' title='bbox 2136 4869 2312 4925; x_wconf 89' lang='lat' dir='ltr'><strong>brevis</strong></span> <span class='ocrx_word' id='word_1_813' title='bbox 2354 4868 2558 4941; x_wconf 87' lang='lat' dir='ltr'><strong>syllaba</strong></span> <span class='ocrx_word' id='word_1_814' title='bbox 2585 4884 2682 4941; x_wconf 89' lang='lat' dir='ltr'><strong>pro</strong></span> <span class='ocrx_word' id='word_1_815' title='bbox 2708 4869 2864 4941; x_wconf 85' lang='lat' dir='ltr'><strong>longa</strong></span> <span class='ocrx_word' id='word_1_816' title='bbox 2900 4870 3182 4941; x_wconf 88' lang='lat' dir='ltr'><strong>accipitur,</strong></span> <span class='ocrx_word' id='word_1_817' title='bbox 3225 4886 3332 4929; x_wconf 89' lang='lat' dir='ltr'><strong>non</strong></span> 
     </span>
    </p>
   </div>
   <div class='ocr_carea' id='block_1_113' title="bbox 1741 4961 3334 5036">
    <p class='ocr_par' dir='ltr' id='par_1_113' title="bbox 1741 4961 3334 5036">
     <span class='ocr_line' id='line_1_113' title="bbox 1741 4961 3334 5036; baseline 0.001 -17"><span class='ocrx_word' id='word_1_818' title='bbox 1741 4963 2012 5030; x_wconf 84' lang='lat' dir='ltr'><strong>instituto,</strong></span> <span class='ocrx_word' id='word_1_819' title='bbox 2063 4961 2157 5018; x_wconf 90' lang='lat' dir='ltr'><strong>sed</strong></span> <span class='ocrx_word' id='word_1_820' title='bbox 2199 4963 2315 5032; x_wconf 90' lang='lat' dir='ltr'><strong>ipso</strong></span> <span class='ocrx_word' id='word_1_821' title='bbox 2360 4961 2586 5017; x_wconf 89' lang='lat' dir='ltr'><strong>naturali</strong></span> <span class='ocrx_word' id='word_1_822' title='bbox 2631 4963 2878 5020; x_wconf 75' lang='lat' dir='ltr'><strong>examine</strong></span> <span class='ocrx_word' id='word_1_823' title='bbox 2923 4963 3067 5036; x_wconf 91' lang='lat' dir='ltr'><strong>quod</strong></span> <span class='ocrx_word' id='word_1_824' title='bbox 3114 4965 3334 5021; x_wconf 89' lang='lat' dir='ltr'><strong>auribus</strong></span> 
     </span>
    </p>
   </div>
   <div class='ocr_carea' id='block_1_114' title="bbox 1739 5054 3330 5128">
    <p class='ocr_par' dir='ltr' id='par_1_114' title="bbox 1739 5054 3330 5128">
     <span class='ocr_line' id='line_1_114' title="bbox 1739 5054 3330 5128; baseline -0.001 -16"><span class='ocrx_word' id='word_1_825' title='bbox 1739 5055 2021 5128; x_wconf 64' lang='lat' dir='ltr'><strong>praesidet;</strong></span> <span class='ocrx_word' id='word_1_826' title='bbox 2050 5055 2153 5111; x_wconf 92' lang='lat' dir='ltr'><strong>nisi</strong></span> <span class='ocrx_word' id='word_1_827' title='bbox 2174 5055 2296 5126; x_wconf 87' lang='lat' dir='ltr'><strong>quia</strong></span> <span class='ocrx_word' id='word_1_828' title='bbox 2323 5054 2378 5110; x_wconf 91' lang='lat' dir='ltr'><strong>in</strong></span> <span class='ocrx_word' id='word_1_829' title='bbox 2395 5055 2570 5126; x_wconf 89' lang='lat' dir='ltr'><strong>spatio</strong></span> <span class='ocrx_word' id='word_1_830' title='bbox 2594 5055 2856 5126; x_wconf 85' lang='lat' dir='ltr'><strong>temporis</strong></span> <span class='ocrx_word' id='word_1_831' title='bbox 2875 5055 3118 5128; x_wconf 88' lang='lat' dir='ltr'><strong>longiore</strong></span> <span class='ocrx_word' id='word_1_832' title='bbox 3139 5070 3330 5111; x_wconf 85' lang='lat' dir='ltr'><strong>sonum</strong></span> 
     </span>
    </p>
   </div>
   <div class='ocr_carea' id='block_1_115' title="bbox 1741 5145 3332 5219">
    <p class='ocr_par' dir='ltr' id='par_1_115' title="bbox 1741 5145 3332 5219">
     <span class='ocr_line' id='line_1_115' title="bbox 1741 5145 3332 5219; baseline 0.001 -17"><span class='ocrx_word' id='word_1_833' title='bbox 1741 5155 2020 5203; x_wconf 84' lang='lat' dir='ltr'><strong>coarctare</strong></span> <span class='ocrx_word' id='word_1_834' title='bbox 2050 5147 2102 5202; x_wconf 91' lang='lat' dir='ltr'><strong>in</strong></span> <span class='ocrx_word' id='word_1_835' title='bbox 2125 5146 2398 5217; x_wconf 88' lang='lat' dir='ltr'><strong>angustias</strong></span> <span class='ocrx_word' id='word_1_836' title='bbox 2415 5145 2604 5201; x_wconf 89' lang='lat' dir='ltr'><strong>eadem</strong></span> <span class='ocrx_word' id='word_1_837' title='bbox 2626 5145 2714 5202; x_wconf 88' lang='lat' dir='ltr'><strong>illa</strong></span> <span class='ocrx_word' id='word_1_838' title='bbox 2736 5149 3055 5219; x_wconf 76' lang='lat' dir='ltr'><strong>:equalitatis</strong></span> <span class='ocrx_word' id='word_1_839' title='bbox 3075 5149 3190 5218; x_wconf 86' lang='lat' dir='ltr'><strong>lege</strong></span> <span class='ocrx_word' id='word_1_840' title='bbox 3214 5162 3332 5218; x_wconf 78' lang='lat' dir='ltr'><strong>pro-</strong></span> 
     </span>
    </p>
   </div>
   <div class='ocr_carea' id='block_1_116' title="bbox 1741 5239 3328 5313">
    <p class='ocr_par' dir='ltr' id='par_1_116' title="bbox 1741 5239 3328 5313">
     <span class='ocr_line' id='line_1_116' title="bbox 1741 5239 3328 5313; baseline 0.002 -18"><span class='ocrx_word' id='word_1_841' title='bbox 1741 5239 2018 5296; x_wconf 84' lang='lat' dir='ltr'><strong>hibemur?</strong></span> <span class='ocrx_word' id='word_1_842' title='bbox 2052 5239 2232 5311; x_wconf 84' lang='lat' dir='ltr'><strong>Itaque</strong></span> <span class='ocrx_word' id='word_1_843' title='bbox 2256 5239 2518 5312; x_wconf 86' lang='lat' dir='ltr'><strong>syllabam</strong></span> <span class='ocrx_word' id='word_1_844' title='bbox 2549 5241 2688 5299; x_wconf 89' lang='lat' dir='ltr'><strong>ultra</strong></span> <span class='ocrx_word' id='word_1_845' title='bbox 2715 5242 2823 5298; x_wconf 90' lang='lat' dir='ltr'><strong>duo</strong></span> <span class='ocrx_word' id='word_1_846' title='bbox 2853 5251 3091 5313; x_wconf 88' lang='lat' dir='ltr'><strong>tempora</strong></span> <span class='ocrx_word' id='word_1_847' title='bbox 3128 5241 3328 5311; x_wconf 84' lang='lat' dir='ltr'><strong>produ-</strong></span> 
     </span>
    </p>
   </div>
   <div class='ocr_carea' id='block_1_117' title="bbox 1739 5332 3328 5406">
    <p class='ocr_par' dir='ltr' id='par_1_117' title="bbox 1739 5332 3328 5406">
     <span class='ocr_line' id='line_1_117' title="bbox 1739 5332 3328 5406; baseline -0.001 -15"><span class='ocrx_word' id='word_1_848' title='bbox 1739 5350 1888 5401; x_wconf 88' lang='lat' dir='ltr'><strong>cere,</strong></span> <span class='ocrx_word' id='word_1_849' title='bbox 1919 5333 2168 5390; x_wconf 88' lang='lat' dir='ltr'><strong>utetiam</strong></span> <span class='ocrx_word' id='word_1_850' title='bbox 2215 5347 2350 5388; x_wconf 75' lang='lat' dir='ltr'><strong>cono</strong></span> <span class='ocrx_word' id='word_1_851' title='bbox 2375 5332 2659 5405; x_wconf 89' lang='lat' dir='ltr'><strong>impleatur</strong></span> <span class='ocrx_word' id='word_1_852' title='bbox 2685 5333 2826 5406; x_wconf 87' lang='lat' dir='ltr'><strong>quod</strong></span> <span class='ocrx_word' id='word_1_853' title='bbox 2865 5332 3078 5390; x_wconf 89' lang='lat' dir='ltr'><strong>silentio</strong></span> <span class='ocrx_word' id='word_1_854' title='bbox 3117 5332 3328 5404; x_wconf 83' lang='lat' dir='ltr'><strong>impleri</strong></span> 
     </span>
    </p>
   </div>
   <div class='ocr_carea' id='block_1_118' title="bbox 1740 5424 3326 5499">
    <p class='ocr_par' dir='ltr' id='par_1_118' title="bbox 1740 5424 3326 5499">
     <span class='ocr_line' id='line_1_118' title="bbox 1740 5424 3326 5499; baseline -0.001 -15"><span class='ocrx_word' id='word_1_855' title='bbox 1740 5435 1934 5499; x_wconf 88' lang='lat' dir='ltr'><strong>potest,</strong></span> <span class='ocrx_word' id='word_1_856' title='bbox 1966 5425 2196 5482; x_wconf 88' lang='lat' dir='ltr'><strong>admittit</strong></span> <span class='ocrx_word' id='word_1_857' title='bbox 2220 5434 2406 5481; x_wconf 88' lang='lat' dir='ltr'><strong>natura</strong></span> <span class='ocrx_word' id='word_1_858' title='bbox 2433 5427 2680 5483; x_wconf 89' lang='lat' dir='ltr'><strong>audiendi</strong></span> <span class='ocrx_word' id='word_1_859' title='bbox 2701 5435 2755 5482; x_wconf 90' lang='lat' dir='ltr'><strong>et</strong></span> <span class='ocrx_word' id='word_1_860' title='bbox 2783 5424 3053 5482; x_wconf 78' lang='lat' dir='ltr'><strong>tacendi’:</strong></span> <span class='ocrx_word' id='word_1_861' title='bbox 3072 5433 3130 5479; x_wconf 90' lang='lat' dir='ltr'><strong>ut</strong></span> <span class='ocrx_word' id='word_1_862' title='bbox 3147 5434 3326 5483; x_wconf 89' lang='lat' dir='ltr'><strong>autem</strong></span> 
     </span>
    </p>
   </div>
   <div class='ocr_carea' id='block_1_119' title="bbox 1804 5531 3322 5608">
    <p class='ocr_par' dir='ltr' id='par_1_119' title="bbox 1804 5531 3322 5608">
     <span class='ocr_line' id='line_1_119' title="bbox 1804 5531 3322 5608; baseline 0.001 -21"><span class='ocrx_word' id='word_1_863' title='bbox 1804 5538 1823 5608; x_wconf 71' lang='grc' dir='ltr'><strong>ξ</strong></span> <span class='ocrx_word' id='word_1_864' title='bbox 1856 5543 1940 5608; x_wconf 58' lang='lat' dir='ltr'><strong>its.</strong></span> <span class='ocrx_word' id='word_1_865' title='bbox 1956 5537 2216 5608; x_wconf 53' lang='lat' dir='ltr'><strong>ssiczlyon</strong></span> <span class='ocrx_word' id='word_1_866' title='bbox 2234 5533 2669 5608; x_wconf 49' lang='lat' dir='ltr'><strong>(numquam</strong></span> <span class='ocrx_word' id='word_1_867' title='bbox 2686 5531 3244 5608; x_wconf 63' lang='lat' dir='ltr'><strong>mmmam</strong></span> <span class='ocrx_word' id='word_1_868' title='bbox 3263 5542 3322 5588; x_wconf 80' lang='lat' dir='ltr'><strong>tt.</strong></span> 
     </span>
    </p>
   </div>
   <div class='ocr_carea' id='block_1_120' title="bbox 1802 5596 2743 5662">
    <p class='ocr_par' dir='ltr' id='par_1_120' title="bbox 1802 5596 2743 5662">
     <span class='ocr_line' id='line_1_120' title="bbox 1802 5596 2743 5662; baseline -0.006 -12"><span class='ocrx_word' id='word_1_869' title='bbox 1802 5599 1824 5662; x_wconf 52' lang='grc' dir='ltr'>ξ</span> <span class='ocrx_word' id='word_1_870' title='bbox 1855 5598 2112 5662; x_wconf 86' lang='lat' dir='ltr'><strong>Duodecim</strong></span> <span class='ocrx_word' id='word_1_871' title='bbox 2133 5604 2261 5659; x_wconf 69' lang='lat' dir='ltr'><strong>Mss,</strong></span> <span class='ocrx_word' id='word_1_872' title='bbox 2282 5610 2353 5662; x_wconf 68' lang='lat' dir='ltr'><strong>ea:</strong></span> <span class='ocrx_word' id='word_1_873' title='bbox 2591 5602 2743 5662; x_wconf 78' lang='lat' dir='ltr'><strong>parte.</strong></span> 
     </span>
    </p>
   </div>
   <div class='ocr_carea' id='block_1_121' title="bbox 1804 5657 3320 5728">
    <p class='ocr_par' dir='ltr' id='par_1_121' title="bbox 1804 5657 3320 5728">
     <span class='ocr_line' id='line_1_121' title="bbox 1804 5657 3320 5728; baseline -0.001 -17"><span class='ocrx_word' id='word_1_874' title='bbox 1804 5661 1827 5728; x_wconf 59' lang='grc' dir='ltr'><strong><em>ξ</em></strong></span> <span class='ocrx_word' id='word_1_875' title='bbox 1858 5667 1923 5712; x_wconf 84' lang='lat' dir='ltr'><strong>tta</strong></span> <span class='ocrx_word' id='word_1_876' title='bbox 1945 5661 1992 5709; x_wconf 88' lang='lat' dir='ltr'><strong>in</strong></span> <span class='ocrx_word' id='word_1_877' title='bbox 2017 5667 2122 5710; x_wconf 80' lang='lat' dir='ltr'><strong>Mss.</strong></span> <span class='ocrx_word' id='word_1_878' title='bbox 2141 5667 2194 5710; x_wconf 76' lang='lat' dir='ltr'><strong>At</strong></span> <span class='ocrx_word' id='word_1_879' title='bbox 2215 5657 2266 5710; x_wconf 83' lang='lat' dir='ltr'><strong>in</strong></span> <span class='ocrx_word' id='word_1_880' title='bbox 2284 5657 2420 5724; x_wconf 78' lang='lat' dir='ltr'><strong>prius</strong></span> <span class='ocrx_word' id='word_1_881' title='bbox 2436 5657 2603 5728; x_wconf 48' lang='lat' dir='ltr'><strong>editis;</strong></span> <span class='ocrx_word' id='word_1_882' title='bbox 2617 5661 2763 5728; x_wconf 61' lang='lat' dir='ltr'><strong>rnatu.</strong></span> <span class='ocrx_word' id='word_1_883' title='bbox 2776 5657 2924 5728; x_wconf 63' lang='lat' dir='ltr'><strong>—5lc</strong></span> <span class='ocrx_word' id='word_1_884' title='bbox 2939 5658 3243 5728; x_wconf 30' lang='lat' dir='ltr'><strong>etiamne».</strong></span> <span class='ocrx_word' id='word_1_885' title='bbox 3263 5666 3320 5710; x_wconf 80' lang='lat' dir='ltr'><strong>tu.</strong></span> 
     </span>
    </p>
   </div>
   <div class='ocr_carea' id='block_1_122' title="bbox 1804 5717 3327 5792">
    <p class='ocr_par' dir='ltr' id='par_1_122' title="bbox 1804 5717 3327 5792">
     <span class='ocr_line' id='line_1_122' title="bbox 1804 5717 3327 5792; baseline 0.001 -21"><span class='ocrx_word' id='word_1_886' title='bbox 1804 5721 1826 5752; x_wconf 72' lang='grc' dir='ltr'>δ</span> <span class='ocrx_word' id='word_1_887' title='bbox 1859 5729 1960 5771; x_wconf 83' lang='lat' dir='ltr'><strong>Am.</strong></span> <span class='ocrx_word' id='word_1_888' title='bbox 1983 5728 2062 5792; x_wconf 50' lang='lat' dir='ltr'><strong>Et...</strong></span> <span class='ocrx_word' id='word_1_889' title='bbox 2082 5729 2135 5771; x_wconf 87' lang='lat' dir='ltr'><strong>et</strong></span> <span class='ocrx_word' id='word_1_890' title='bbox 2153 5717 2564 5792; x_wconf 60' lang='lat' dir='ltr'><strong>inv.,&#39;_tpqttalibus</strong></span> <span class='ocrx_word' id='word_1_891' title='bbox 2835 5717 3122 5792; x_wconf 63' lang='lat' dir='ltr'><strong>sauciat-ius</strong></span> <span class='ocrx_word' id='word_1_892' title='bbox 3142 5718 3327 5792; x_wconf 77' lang='lat' dir='ltr'><strong>aliquot</strong></span> 
     </span>
    </p>
   </div>
   <div class='ocr_carea' id='block_1_123' title="bbox 1740 5779 3328 5908">
    <p class='ocr_par' dir='ltr' id='par_1_123' title="bbox 1740 5779 3328 5908">
     <span class='ocr_line' id='line_1_123' title="bbox 1740 5779 3262 5853; baseline -0.003 -17"><span class='ocrx_word' id='word_1_893' title='bbox 1740 5788 1870 5843; x_wconf 66' lang='lat' dir='ltr'><strong>llas,</strong></span> <span class='ocrx_word' id='word_1_894' title='bbox 1888 5781 2196 5847; x_wconf 65' lang='lat' dir='ltr'><strong>aequalisest;</strong></span> <span class='ocrx_word' id='word_1_895' title='bbox 2219 5779 2424 5841; x_wconf 76' lang='lat' dir='ltr'><strong>scilicet,</strong></span> <span class='ocrx_word' id='word_1_896' title='bbox 2446 5793 2537 5853; x_wconf 87' lang='lat' dir='ltr'><strong>pes</strong></span> <span class='ocrx_word' id='word_1_897' title='bbox 2550 5787 2654 5851; x_wconf 69' lang='lat' dir='ltr'><strong>tum</strong></span> <span class='ocrx_word' id='word_1_898' title='bbox 2669 5779 2925 5842; x_wconf 83' lang='lat' dir='ltr'><strong>molossus,</strong></span> <span class='ocrx_word' id='word_1_899' title='bbox 2943 5788 3045 5832; x_wconf 88' lang='lat' dir='ltr'><strong>tum</strong></span> <span class='ocrx_word' id='word_1_900' title='bbox 3062 5779 3262 5832; x_wconf 73' lang='lat' dir='ltr'><strong>ionicus.</strong></span> 
     </span>
     <span class='ocr_line' id='line_1_124' title="bbox 1807 5841 3328 5908; baseline 0 -14"><span class='ocrx_word' id='word_1_901' title='bbox 1807 5846 1827 5879; x_wconf 85' lang='grc'><strong><em>³</em></strong></span> <span class='ocrx_word' id='word_1_902' title='bbox 1859 5849 1908 5894; x_wconf 83' lang='lat' dir='ltr'><strong>tn</strong></span> <span class='ocrx_word' id='word_1_903' title='bbox 1930 5842 2176 5908; x_wconf 87' lang='lat' dir='ltr'><strong>plerisque</strong></span> <span class='ocrx_word' id='word_1_904' title='bbox 2193 5851 2323 5903; x_wconf 65' lang='lat' dir='ltr'><strong>Mss,</strong></span> <span class='ocrx_word' id='word_1_905' title='bbox 2344 5841 2574 5894; x_wconf 70' lang='lat' dir='ltr'><strong>audientis</strong></span> <span class='ocrx_word' id='word_1_906' title='bbox 2588 5847 2634 5894; x_wconf 71' lang='lat' dir='ltr'><strong>et</strong></span> <span class='ocrx_word' id='word_1_907' title='bbox 2654 5841 2878 5894; x_wconf 62' lang='lat' dir='ltr'><strong>canendi.</strong></span> <span class='ocrx_word' id='word_1_908' title='bbox 2900 5850 2956 5897; x_wconf 73' lang='lat' dir='ltr'><strong>Et</strong></span> <span class='ocrx_word' id='word_1_909' title='bbox 2983 5855 3096 5896; x_wconf 75' lang='lat' dir='ltr'><strong>mox</strong></span> <span class='ocrx_word' id='word_1_910' title='bbox 3113 5843 3162 5894; x_wconf 77' lang='lat' dir='ltr'><strong>in</strong></span> <span class='ocrx_word' id='word_1_911' title='bbox 3186 5843 3328 5895; x_wconf 80' lang='lat' dir='ltr'><strong>editis</strong></span> 
     </span>
    </p>
   </div>
  </div>
