  <div class='ocr_page' id='page_1' title='image "/cluster/home/n/w/nwhite01/storage/ocr_20150623/32/uva.x000669813/601.png"; bbox 0 0 3844 6280; ppageno 0'>
   <div class='ocr_carea' id='block_1_1' title="bbox 586 423 771 486">
    <p class='ocr_par' dir='ltr' id='par_1_1' title="bbox 586 423 771 486">
     <span class='ocr_line' id='line_1_1' title="bbox 586 423 771 486; baseline -0.022 0"><span class='ocrx_word' id='word_1_1' title='bbox 586 423 771 486; x_wconf 75' lang='grc'><strong>’1183</strong></span> 
     </span>
    </p>
   </div>
   <div class='ocr_carea' id='block_1_2' title="bbox 630 519 2219 612">
    <p class='ocr_par' dir='ltr' id='par_1_2' title="bbox 630 519 2219 612">
     <span class='ocr_line' id='line_1_2' title="bbox 630 519 2219 612; baseline -0.021 -14"><span class='ocrx_word' id='word_1_2' title='bbox 630 555 751 599; x_wconf 89' lang='lat' dir='ltr'><strong>nem</strong></span> <span class='ocrx_word' id='word_1_3' title='bbox 778 551 897 612; x_wconf 56' lang='lat' dir='ltr'><strong>qua</strong></span> <span class='ocrx_word' id='word_1_4' title='bbox 920 548 1007 593; x_wconf 88' lang='lat' dir='ltr'><strong>ars</strong></span> <span class='ocrx_word' id='word_1_5' title='bbox 1030 529 1263 590; x_wconf 91' lang='lat' dir='ltr'><strong>dicitur?</strong></span> <span class='ocrx_word' id='word_1_6' title='bbox 1287 542 1354 584; x_wconf 87' lang='lat' dir='ltr'><strong>an</strong></span> <span class='ocrx_word' id='word_1_7' title='bbox 1386 525 1512 582; x_wconf 87' lang='lat' dir='ltr'><strong>huic</strong></span> <span class='ocrx_word' id='word_1_8' title='bbox 1535 524 1725 580; x_wconf 80' lang='lat' dir='ltr'><strong>saltem</strong></span> <span class='ocrx_word' id='word_1_9' title='bbox 1753 519 1841 576; x_wconf 88' lang='lat' dir='ltr'><strong>ille</strong></span> <span class='ocrx_word' id='word_1_10' title='bbox 1868 520 2219 584; x_wconf 79' lang='lat' dir='ltr'><strong>interrogator</strong></span> 
     </span>
    </p>
   </div>
   <div class='ocr_carea' id='block_1_3' title="bbox 624 606 2219 689">
    <p class='ocr_par' dir='ltr' id='par_1_3' title="bbox 624 606 2219 689">
     <span class='ocr_line' id='line_1_3' title="bbox 624 606 2219 689; baseline -0.018 1"><span class='ocrx_word' id='word_1_11' title='bbox 624 647 720 689; x_wconf 88' lang='lat' dir='ltr'><strong>eos</strong></span> <span class='ocrx_word' id='word_1_12' title='bbox 747 606 931 687; x_wconf 74' lang='lat' dir='ltr'><strong>dabit?</strong></span> <span class='ocrx_word' id='word_1_13' title='bbox 968 627 1037 683; x_wconf 79' lang='grc' dir='ltr'><strong>ι).</strong></span> <span class='ocrx_word' id='word_1_14' title='bbox 1076 625 1157 682; x_wconf 84' lang='lat' dir='ltr'><strong>Eo</strong></span> <span class='ocrx_word' id='word_1_15' title='bbox 1196 622 1356 680; x_wconf 91' lang='lat' dir='ltr'><strong>modo</strong></span> <span class='ocrx_word' id='word_1_16' title='bbox 1400 617 1561 675; x_wconf 86' lang='lat' dir='ltr'><strong>etiam</strong></span> <span class='ocrx_word' id='word_1_17' title='bbox 1609 615 1766 671; x_wconf 89' lang='lat' dir='ltr'><strong>istum</strong></span> <span class='ocrx_word' id='word_1_18' title='bbox 1809 612 2039 668; x_wconf 87' lang='lat' dir='ltr'><strong>arbitror</strong></span> <span class='ocrx_word' id='word_1_19' title='bbox 2078 606 2219 680; x_wconf 87' lang='lat' dir='ltr'><strong>apud</strong></span> 
     </span>
    </p>
   </div>
   <div class='ocr_carea' id='block_1_4' title="bbox 624 712 2217 793">
    <p class='ocr_par' dir='ltr' id='par_1_4' title="bbox 624 712 2217 793">
     <span class='ocr_line' id='line_1_4' title="bbox 624 712 2217 793; baseline -0.015 -11"><span class='ocrx_word' id='word_1_20' title='bbox 624 724 967 793; x_wconf 76' lang='lat' dir='ltr'><strong>semetipsum</strong></span> <span class='ocrx_word' id='word_1_21' title='bbox 1014 734 1206 791; x_wconf 88' lang='lat' dir='ltr'><strong>agere,</strong></span> <span class='ocrx_word' id='word_1_22' title='bbox 1255 725 1313 771; x_wconf 92' lang='lat' dir='ltr'><strong>ut</strong></span> <span class='ocrx_word' id='word_1_23' title='bbox 1349 730 1411 770; x_wconf 87' lang='lat' dir='ltr'><strong>ea</strong></span> <span class='ocrx_word' id='word_1_24' title='bbox 1456 728 1575 783; x_wconf 79' lang='lat' dir='ltr'><strong>qua:</strong></span> <span class='ocrx_word' id='word_1_25' title='bbox 1620 712 2045 777; x_wconf 88' lang='lat' dir='ltr'><strong>interrogantur,</strong></span> <span class='ocrx_word' id='word_1_26' title='bbox 2090 716 2217 759; x_wconf 83' lang='lat' dir='ltr'><strong>vera</strong></span> 
     </span>
    </p>
   </div>
   <div class='ocr_carea' id='block_1_5' title="bbox 624 806 1583 887">
    <p class='ocr_par' dir='ltr' id='par_1_5' title="bbox 624 806 1583 887">
     <span class='ocr_line' id='line_1_5' title="bbox 624 806 1583 887; baseline -0.018 -11"><span class='ocrx_word' id='word_1_27' title='bbox 624 834 746 875; x_wconf 88' lang='lat' dir='ltr'><strong>esse</strong></span> <span class='ocrx_word' id='word_1_28' title='bbox 776 815 1031 887; x_wconf 72' lang='lat' dir='ltr'><strong>intelligat</strong></span> <span class='ocrx_word' id='word_1_29' title='bbox 1056 822 1215 883; x_wconf 88' lang='lat' dir='ltr'><strong>atque</strong></span> <span class='ocrx_word' id='word_1_30' title='bbox 1243 806 1583 881; x_wconf 67' lang='lat' dir='ltr'><strong>respondeat.</strong></span> 
     </span>
    </p>
   </div>
   <div class='ocr_carea' id='block_1_6' title="bbox 694 889 2218 978">
    <p class='ocr_par' dir='ltr' id='par_1_6' title="bbox 694 889 2218 978">
     <span class='ocr_line' id='line_1_6' title="bbox 694 889 2218 978; baseline -0.014 -11"><span class='ocrx_word' id='word_1_31' title='bbox 694 910 783 969; x_wconf 80' lang='lat'><strong>36.</strong></span> <span class='ocrx_word' id='word_1_32' title='bbox 818 906 897 964; x_wconf 73' lang='grc' dir='ltr'><em>Μ.</em></span> <span class='ocrx_word' id='word_1_33' title='bbox 941 909 1091 978; x_wconf 79' lang='lat' dir='ltr'><strong>Age,</strong></span> <span class='ocrx_word' id='word_1_34' title='bbox 1122 918 1262 960; x_wconf 91' lang='lat' dir='ltr'><strong>nunc</strong></span> <span class='ocrx_word' id='word_1_35' title='bbox 1290 900 1375 956; x_wconf 90' lang='lat' dir='ltr'><strong>die</strong></span> <span class='ocrx_word' id='word_1_36' title='bbox 1419 898 1549 955; x_wconf 91' lang='lat' dir='ltr'><strong>mihi</strong></span> <span class='ocrx_word' id='word_1_37' title='bbox 1591 905 1765 952; x_wconf 90' lang='lat' dir='ltr'><strong>utrum</strong></span> <span class='ocrx_word' id='word_1_38' title='bbox 1808 894 1862 949; x_wconf 95' lang='lat' dir='ltr'><strong>hi</strong></span> <span class='ocrx_word' id='word_1_39' title='bbox 1902 892 2106 948; x_wconf 89' lang='lat' dir='ltr'><strong>numeri</strong></span> <span class='ocrx_word' id='word_1_40' title='bbox 2149 889 2218 946; x_wconf 90' lang='lat' dir='ltr'><strong>de</strong></span> 
     </span>
    </p>
   </div>
   <div class='ocr_carea' id='block_1_7' title="bbox 620 985 2218 1078">
    <p class='ocr_par' dir='ltr' id='par_1_7' title="bbox 620 985 2218 1078">
     <span class='ocr_line' id='line_1_7' title="bbox 620 985 2218 1078; baseline -0.015 -18"><span class='ocrx_word' id='word_1_41' title='bbox 620 1003 813 1078; x_wconf 83' lang='lat' dir='ltr'><strong>quibus</strong></span> <span class='ocrx_word' id='word_1_42' title='bbox 841 1000 918 1057; x_wconf 91' lang='lat' dir='ltr'><strong>sic</strong></span> <span class='ocrx_word' id='word_1_43' title='bbox 954 997 1229 1070; x_wconf 74' lang='lat' dir='ltr'><strong>qumritur,</strong></span> <span class='ocrx_word' id='word_1_44' title='bbox 1270 990 1672 1050; x_wconf 90' lang='lat' dir='ltr'><strong>commutabiles</strong></span> <span class='ocrx_word' id='word_1_45' title='bbox 1704 1002 1823 1043; x_wconf 90' lang='lat' dir='ltr'><strong>esse</strong></span> <span class='ocrx_word' id='word_1_46' title='bbox 1870 986 1965 1042; x_wconf 87' lang='lat' dir='ltr'><strong>tibi</strong></span> <span class='ocrx_word' id='word_1_47' title='bbox 2000 985 2218 1039; x_wconf 83' lang='lat' dir='ltr'><strong>videan-</strong></span> 
     </span>
    </p>
   </div>
   <div class='ocr_carea' id='block_1_8' title="bbox 621 1088 2213 1159">
    <p class='ocr_par' dir='ltr' id='par_1_8' title="bbox 621 1088 2213 1159">
     <span class='ocr_line' id='line_1_8' title="bbox 621 1088 2213 1159; baseline -0.014 -5"><span class='ocrx_word' id='word_1_48' title='bbox 621 1106 726 1154; x_wconf 89' lang='lat' dir='ltr'><strong>tur.</strong></span> <span class='ocrx_word' id='word_1_49' title='bbox 749 1095 818 1151; x_wconf 89' lang='lat' dir='ltr'><strong>D.</strong></span> <span class='ocrx_word' id='word_1_50' title='bbox 842 1093 997 1150; x_wconf 85' lang='lat' dir='ltr'><strong>Nullo</strong></span> <span class='ocrx_word' id='word_1_51' title='bbox 1023 1090 1203 1146; x_wconf 91' lang='lat' dir='ltr'><strong>modo.</strong></span> <span class='ocrx_word' id='word_1_52' title='bbox 1235 1088 1311 1143; x_wconf 76' lang='grc' dir='ltr'><em>Μ.</em></span> <span class='ocrx_word' id='word_1_53' title='bbox 1342 1088 1479 1159; x_wconf 85' lang='lat' dir='ltr'><strong>Ergo</strong></span> <span class='ocrx_word' id='word_1_54' title='bbox 1503 1094 1733 1141; x_wconf 66' lang='lat' dir='ltr'><strong>aeternos</strong></span> <span class='ocrx_word' id='word_1_55' title='bbox 1756 1095 1875 1137; x_wconf 88' lang='lat' dir='ltr'><strong>esse</strong></span> <span class='ocrx_word' id='word_1_56' title='bbox 1902 1094 2007 1135; x_wconf 92' lang='lat' dir='ltr'><strong>non</strong></span> <span class='ocrx_word' id='word_1_57' title='bbox 2028 1091 2213 1148; x_wconf 81' lang='lat' dir='ltr'><strong>negas.</strong></span> 
     </span>
    </p>
   </div>
   <div class='ocr_carea' id='block_1_9' title="bbox 621 1170 2216 1251">
    <p class='ocr_par' dir='ltr' id='par_1_9' title="bbox 621 1170 2216 1251">
     <span class='ocr_line' id='line_1_9' title="bbox 621 1170 2216 1251; baseline -0.016 -4"><span class='ocrx_word' id='word_1_58' title='bbox 621 1189 691 1246; x_wconf 89' lang='lat' dir='ltr'><strong>D.</strong></span> <span class='ocrx_word' id='word_1_59' title='bbox 712 1189 825 1246; x_wconf 88' lang='lat' dir='ltr'><strong>Imo</strong></span> <span class='ocrx_word' id='word_1_60' title='bbox 847 1188 1031 1241; x_wconf 79' lang='lat' dir='ltr'><strong>fateor.</strong></span> <span class='ocrx_word' id='word_1_61' title='bbox 1056 1183 1130 1238; x_wconf 80' lang='grc' dir='ltr'><strong>Μ.</strong></span> <span class='ocrx_word' id='word_1_62' title='bbox 1160 1180 1336 1251; x_wconf 84' lang='lat' dir='ltr'><strong>Quid?</strong></span> <span class='ocrx_word' id='word_1_63' title='bbox 1358 1188 1530 1234; x_wconf 88' lang='lat' dir='ltr'><strong>metus</strong></span> <span class='ocrx_word' id='word_1_64' title='bbox 1551 1177 1640 1232; x_wconf 91' lang='lat' dir='ltr'><strong>ille</strong></span> <span class='ocrx_word' id='word_1_65' title='bbox 1659 1191 1765 1230; x_wconf 85' lang='lat' dir='ltr'><strong>non</strong></span> <span class='ocrx_word' id='word_1_66' title='bbox 1781 1173 1880 1229; x_wconf 92' lang='lat' dir='ltr'><strong>suh</strong></span> <span class='ocrx_word' id='word_1_67' title='bbox 1894 1173 2014 1237; x_wconf 81' lang='lat' dir='ltr'><strong>erit,</strong></span> <span class='ocrx_word' id='word_1_68' title='bbox 2031 1186 2099 1239; x_wconf 86' lang='lat' dir='ltr'><strong>ne</strong></span> <span class='ocrx_word' id='word_1_69' title='bbox 2120 1170 2216 1224; x_wconf 88' lang='lat' dir='ltr'><strong>ali-</strong></span> 
     </span>
    </p>
   </div>
   <div class='ocr_carea' id='block_1_10' title="bbox 546 1261 2217 1354">
    <p class='ocr_par' dir='ltr' id='par_1_10' title="bbox 546 1261 2217 1354">
     <span class='ocr_line' id='line_1_10' title="bbox 546 1261 2217 1354; baseline -0.014 -15"><span class='ocrx_word' id='word_1_70' title='bbox 546 1338 552 1347; x_wconf 73' lang='grc'><em>,</em></span> <span class='ocrx_word' id='word_1_71' title='bbox 618 1297 722 1354; x_wconf 87' lang='lat' dir='ltr'><strong>qua</strong></span> <span class='ocrx_word' id='word_1_72' title='bbox 750 1296 848 1334; x_wconf 89' lang='lat' dir='ltr'><strong>nos</strong></span> <span class='ocrx_word' id='word_1_73' title='bbox 870 1278 921 1333; x_wconf 92' lang='lat' dir='ltr'><strong>in</strong></span> <span class='ocrx_word' id='word_1_74' title='bbox 944 1278 1023 1332; x_wconf 91' lang='lat' dir='ltr'><strong>eis</strong></span> <span class='ocrx_word' id='word_1_75' title='bbox 1046 1273 1375 1344; x_wconf 60' lang='lat' dir='ltr'><strong>inaequalitas</strong></span> <span class='ocrx_word' id='word_1_76' title='bbox 1394 1269 1533 1325; x_wconf 79' lang='lat' dir='ltr'><strong>fallat</strong></span> <span class='ocrx_word' id='word_1_77' title='bbox 1553 1268 1609 1322; x_wconf 67' lang='grc' dir='ltr'><strong>εἳ</strong></span> <span class='ocrx_word' id='word_1_78' title='bbox 1634 1266 1699 1320; x_wconf 90' lang='lat' dir='ltr'><strong>D.</strong></span> <span class='ocrx_word' id='word_1_79' title='bbox 1727 1264 1865 1320; x_wconf 82' lang='lat' dir='ltr'><strong>Nihil</strong></span> <span class='ocrx_word' id='word_1_80' title='bbox 1894 1280 1978 1319; x_wconf 89' lang='lat' dir='ltr'><strong>me</strong></span> <span class='ocrx_word' id='word_1_81' title='bbox 1998 1261 2217 1319; x_wconf 86' lang='lat' dir='ltr'><strong>omnino</strong></span> 
     </span>
    </p>
   </div>
   <div class='ocr_carea' id='block_1_11' title="bbox 621 1358 2217 1438">
    <p class='ocr_par' dir='ltr' id='par_1_11' title="bbox 621 1358 2217 1438">
     <span class='ocr_line' id='line_1_11' title="bbox 621 1358 2217 1438; baseline -0.013 -6"><span class='ocrx_word' id='word_1_82' title='bbox 621 1382 706 1432; x_wconf 88' lang='lat' dir='ltr'><strong>est</strong></span> <span class='ocrx_word' id='word_1_83' title='bbox 731 1374 799 1429; x_wconf 89' lang='lat' dir='ltr'><strong>de</strong></span> <span class='ocrx_word' id='word_1_84' title='bbox 823 1373 1042 1428; x_wconf 85' lang='lat' dir='ltr'><strong>istorum</strong></span> <span class='ocrx_word' id='word_1_85' title='bbox 1062 1366 1364 1438; x_wconf 79' lang='lat' dir='ltr'><strong>:rqualitate</strong></span> <span class='ocrx_word' id='word_1_86' title='bbox 1381 1362 1640 1419; x_wconf 88' lang='lat' dir='ltr'><strong>securius.</strong></span> <span class='ocrx_word' id='word_1_87' title='bbox 1670 1359 1749 1415; x_wconf 74' lang='grc' dir='ltr'><em>Μ.</em></span> <span class='ocrx_word' id='word_1_88' title='bbox 1778 1358 1930 1416; x_wconf 83' lang='lat' dir='ltr'><strong>Unde</strong></span> <span class='ocrx_word' id='word_1_89' title='bbox 1958 1374 2085 1429; x_wconf 87' lang='lat' dir='ltr'><strong>ergo</strong></span> <span class='ocrx_word' id='word_1_90' title='bbox 2101 1373 2217 1412; x_wconf 85' lang='lat' dir='ltr'><strong>erc-</strong></span> 
     </span>
    </p>
   </div>
   <div class='ocr_carea' id='block_1_12' title="bbox 623 1445 2217 1529">
    <p class='ocr_par' dir='ltr' id='par_1_12' title="bbox 623 1445 2217 1529">
     <span class='ocr_line' id='line_1_12' title="bbox 623 1445 2217 1529; baseline -0.015 -3"><span class='ocrx_word' id='word_1_91' title='bbox 623 1468 855 1526; x_wconf 79' lang='lat' dir='ltr'><strong>dentium</strong></span> <span class='ocrx_word' id='word_1_92' title='bbox 876 1445 956 1522; x_wconf 67' lang='grc' dir='ltr'><strong>εει</strong></span> <span class='ocrx_word' id='word_1_93' title='bbox 980 1464 1170 1519; x_wconf 70' lang='lat' dir='ltr'><strong>anima:</strong></span> <span class='ocrx_word' id='word_1_94' title='bbox 1199 1460 1355 1515; x_wconf 84' lang='lat' dir='ltr'><strong>tribui</strong></span> <span class='ocrx_word' id='word_1_95' title='bbox 1380 1457 1518 1529; x_wconf 90' lang='lat' dir='ltr'><strong>quod</strong></span> <span class='ocrx_word' id='word_1_96' title='bbox 1544 1464 1800 1510; x_wconf 81' lang='lat' dir='ltr'><strong>:eternum</strong></span> <span class='ocrx_word' id='word_1_97' title='bbox 1831 1461 1985 1508; x_wconf 88' lang='lat' dir='ltr'><strong>estet</strong></span> <span class='ocrx_word' id='word_1_98' title='bbox 2015 1451 2217 1505; x_wconf 56' lang='lat' dir='ltr'><strong>incum.</strong></span> 
     </span>
    </p>
   </div>
   <div class='ocr_carea' id='block_1_13' title="bbox 620 1540 2215 1619">
    <p class='ocr_par' dir='ltr' id='par_1_13' title="bbox 620 1540 2215 1619">
     <span class='ocr_line' id='line_1_13' title="bbox 620 1540 2215 1619; baseline -0.016 0"><span class='ocrx_word' id='word_1_99' title='bbox 620 1560 907 1619; x_wconf 84' lang='lat' dir='ltr'><strong>mutabile,</strong></span> <span class='ocrx_word' id='word_1_100' title='bbox 964 1554 1069 1610; x_wconf 88' lang='lat' dir='ltr'><strong>nisi</strong></span> <span class='ocrx_word' id='word_1_101' title='bbox 1094 1553 1161 1608; x_wconf 88' lang='lat' dir='ltr'><strong>ab</strong></span> <span class='ocrx_word' id='word_1_102' title='bbox 1190 1567 1297 1607; x_wconf 90' lang='lat' dir='ltr'><strong>uno</strong></span> <span class='ocrx_word' id='word_1_103' title='bbox 1324 1560 1526 1605; x_wconf 68' lang='lat' dir='ltr'><strong>aeterno</strong></span> <span class='ocrx_word' id='word_1_104' title='bbox 1554 1554 1608 1602; x_wconf 91' lang='lat' dir='ltr'><strong>et</strong></span> <span class='ocrx_word' id='word_1_105' title='bbox 1636 1542 2049 1601; x_wconf 89' lang='lat' dir='ltr'><strong>incommtttahili</strong></span> <span class='ocrx_word' id='word_1_106' title='bbox 2072 1540 2215 1595; x_wconf 84' lang='lat' dir='ltr'><strong>Deo?</strong></span> 
     </span>
    </p>
   </div>
   <div class='ocr_carea' id='block_1_14' title="bbox 621 1634 2215 1717">
    <p class='ocr_par' dir='ltr' id='par_1_14' title="bbox 621 1634 2215 1717">
     <span class='ocr_line' id='line_1_14' title="bbox 621 1634 2215 1717; baseline -0.014 -9"><span class='ocrx_word' id='word_1_107' title='bbox 621 1652 691 1708; x_wconf 88' lang='lat' dir='ltr'><strong>D.</strong></span> <span class='ocrx_word' id='word_1_108' title='bbox 714 1651 829 1707; x_wconf 85' lang='lat' dir='ltr'><strong>Non</strong></span> <span class='ocrx_word' id='word_1_109' title='bbox 857 1648 1015 1703; x_wconf 90' lang='lat' dir='ltr'><strong>video</strong></span> <span class='ocrx_word' id='word_1_110' title='bbox 1044 1644 1168 1717; x_wconf 89' lang='lat' dir='ltr'><strong>quid</strong></span> <span class='ocrx_word' id='word_1_111' title='bbox 1195 1642 1333 1698; x_wconf 91' lang='lat' dir='ltr'><strong>aliud</strong></span> <span class='ocrx_word' id='word_1_112' title='bbox 1356 1640 1501 1695; x_wconf 86' lang='lat' dir='ltr'><strong>credi</strong></span> <span class='ocrx_word' id='word_1_113' title='bbox 1531 1647 1792 1709; x_wconf 80' lang='lat' dir='ltr'><strong>oporteat.</strong></span> <span class='ocrx_word' id='word_1_114' title='bbox 1828 1635 1904 1690; x_wconf 79' lang='grc' dir='ltr'><strong>Μ.</strong></span> <span class='ocrx_word' id='word_1_115' title='bbox 1933 1634 2069 1703; x_wconf 83' lang='lat' dir='ltr'><strong>Quid</strong></span> <span class='ocrx_word' id='word_1_116' title='bbox 2101 1642 2215 1687; x_wconf 85' lang='lat' dir='ltr'><strong>tan-</strong></span> 
     </span>
    </p>
   </div>
   <div class='ocr_carea' id='block_1_15' title="bbox 618 1727 2216 1811">
    <p class='ocr_par' dir='ltr' id='par_1_15' title="bbox 618 1727 2216 1811">
     <span class='ocr_line' id='line_1_15' title="bbox 618 1727 2216 1811; baseline -0.013 -9"><span class='ocrx_word' id='word_1_117' title='bbox 618 1744 782 1801; x_wconf 88' lang='lat' dir='ltr'><strong>dem?</strong></span> <span class='ocrx_word' id='word_1_118' title='bbox 811 1739 939 1798; x_wconf 92' lang='lat' dir='ltr'><strong>illud</strong></span> <span class='ocrx_word' id='word_1_119' title='bbox 981 1754 1156 1794; x_wconf 85' lang='lat' dir='ltr'><strong>nonne</strong></span> <span class='ocrx_word' id='word_1_120' title='bbox 1195 1735 1533 1811; x_wconf 78' lang='lat' dir='ltr'><strong>manifestum</strong></span> <span class='ocrx_word' id='word_1_121' title='bbox 1570 1741 1686 1795; x_wconf 90' lang='lat' dir='ltr'><strong>est,</strong></span> <span class='ocrx_word' id='word_1_122' title='bbox 1723 1746 1845 1784; x_wconf 89' lang='lat' dir='ltr'><strong>eum</strong></span> <span class='ocrx_word' id='word_1_123' title='bbox 1881 1729 1969 1800; x_wconf 87' lang='lat' dir='ltr'><strong>qtti</strong></span> <span class='ocrx_word' id='word_1_124' title='bbox 2007 1728 2111 1782; x_wconf 89' lang='lat' dir='ltr'><strong>alio</strong></span> <span class='ocrx_word' id='word_1_125' title='bbox 2137 1727 2216 1781; x_wconf 74' lang='lat' dir='ltr'><strong>in-</strong></span> 
     </span>
    </p>
   </div>
   <div class='ocr_carea' id='block_1_16' title="bbox 623 1826 2213 1905">
    <p class='ocr_par' dir='ltr' id='par_1_16' title="bbox 623 1826 2213 1905">
     <span class='ocr_line' id='line_1_16' title="bbox 623 1826 2213 1905; baseline -0.011 -14"><span class='ocrx_word' id='word_1_126' title='bbox 623 1842 922 1905; x_wconf 85' lang='lat' dir='ltr'><strong>terrogante</strong></span> <span class='ocrx_word' id='word_1_127' title='bbox 967 1846 1086 1886; x_wconf 87' lang='lat' dir='ltr'><strong>sese</strong></span> <span class='ocrx_word' id='word_1_128' title='bbox 1137 1831 1279 1884; x_wconf 92' lang='lat' dir='ltr'><strong>intus</strong></span> <span class='ocrx_word' id='word_1_129' title='bbox 1328 1826 1394 1880; x_wconf 87' lang='lat' dir='ltr'><strong>ad</strong></span> <span class='ocrx_word' id='word_1_130' title='bbox 1449 1826 1611 1880; x_wconf 84' lang='lat' dir='ltr'><strong>Deum</strong></span> <span class='ocrx_word' id='word_1_131' title='bbox 1663 1830 1875 1887; x_wconf 81' lang='lat' dir='ltr'><strong>movet,</strong></span> <span class='ocrx_word' id='word_1_132' title='bbox 1925 1832 1981 1874; x_wconf 93' lang='lat' dir='ltr'><strong>ut</strong></span> <span class='ocrx_word' id='word_1_133' title='bbox 2026 1834 2213 1875; x_wconf 89' lang='lat' dir='ltr'><strong>verum</strong></span> 
     </span>
    </p>
   </div>
   <div class='ocr_carea' id='block_1_17' title="bbox 620 1913 2212 1989">
    <p class='ocr_par' dir='ltr' id='par_1_17' title="bbox 620 1913 2212 1989">
     <span class='ocr_line' id='line_1_17' title="bbox 620 1913 2212 1989; baseline -0.011 -6"><span class='ocrx_word' id='word_1_134' title='bbox 620 1923 1054 1983; x_wconf 84' lang='lat' dir='ltr'><strong>incommutabile</strong></span> <span class='ocrx_word' id='word_1_135' title='bbox 1096 1919 1389 1989; x_wconf 71' lang='lat' dir='ltr'><strong>intelligat;</strong></span> <span class='ocrx_word' id='word_1_136' title='bbox 1422 1916 1520 1971; x_wconf 91' lang='lat' dir='ltr'><strong>nisi</strong></span> <span class='ocrx_word' id='word_1_137' title='bbox 1548 1913 1797 1969; x_wconf 82' lang='lat' dir='ltr'><strong>eumdem</strong></span> <span class='ocrx_word' id='word_1_138' title='bbox 1829 1922 2028 1967; x_wconf 87' lang='lat' dir='ltr'><strong>motum</strong></span> <span class='ocrx_word' id='word_1_139' title='bbox 2060 1928 2212 1966; x_wconf 91' lang='lat' dir='ltr'><strong>suum</strong></span> 
     </span>
    </p>
   </div>
   <div class='ocr_carea' id='block_1_18' title="bbox 620 2001 2212 2078">
    <p class='ocr_par' dir='ltr' id='par_1_18' title="bbox 620 2001 2212 2078">
     <span class='ocr_line' id='line_1_18' title="bbox 620 2001 2212 2078; baseline -0.01 -5"><span class='ocrx_word' id='word_1_140' title='bbox 620 2014 875 2073; x_wconf 86' lang='lat' dir='ltr'><strong>memoria</strong></span> <span class='ocrx_word' id='word_1_141' title='bbox 904 2022 1107 2078; x_wconf 87' lang='lat' dir='ltr'><strong>teneat,</strong></span> <span class='ocrx_word' id='word_1_142' title='bbox 1142 2025 1247 2065; x_wconf 86' lang='lat' dir='ltr'><strong>non</strong></span> <span class='ocrx_word' id='word_1_143' title='bbox 1288 2022 1445 2078; x_wconf 84' lang='lat' dir='ltr'><strong>posse</strong></span> <span class='ocrx_word' id='word_1_144' title='bbox 1486 2005 1553 2060; x_wconf 88' lang='lat' dir='ltr'><strong>ad</strong></span> <span class='ocrx_word' id='word_1_145' title='bbox 1600 2001 1912 2059; x_wconf 90' lang='lat' dir='ltr'><strong>intuendum</strong></span> <span class='ocrx_word' id='word_1_146' title='bbox 1955 2002 2079 2055; x_wconf 83' lang='lat' dir='ltr'><strong>illud</strong></span> <span class='ocrx_word' id='word_1_147' title='bbox 2119 2016 2212 2057; x_wconf 85' lang='lat' dir='ltr'><strong>ve-</strong></span> 
     </span>
    </p>
   </div>
   <div class='ocr_carea' id='block_1_19' title="bbox 618 2094 2214 2173">
    <p class='ocr_par' dir='ltr' id='par_1_19' title="bbox 618 2094 2214 2173">
     <span class='ocr_line' id='line_1_19' title="bbox 618 2094 2214 2173; baseline -0.01 -8"><span class='ocrx_word' id='word_1_148' title='bbox 618 2125 736 2166; x_wconf 92' lang='lat' dir='ltr'><strong>rum</strong></span> <span class='ocrx_word' id='word_1_149' title='bbox 757 2150 772 2173; x_wconf 91' lang='lat'><strong>,</strong></span> <span class='ocrx_word' id='word_1_150' title='bbox 806 2107 948 2162; x_wconf 90' lang='lat' dir='ltr'><strong>nullo</strong></span> <span class='ocrx_word' id='word_1_151' title='bbox 975 2105 1307 2161; x_wconf 80' lang='lat' dir='ltr'><strong>extrinsecus</strong></span> <span class='ocrx_word' id='word_1_152' title='bbox 1338 2101 1659 2157; x_wconf 85' lang='lat' dir='ltr'><strong>admonente</strong></span> <span class='ocrx_word' id='word_1_153' title='bbox 1697 2096 1976 2154; x_wconf 85' lang='lat' dir='ltr'><strong>revocari?</strong></span> <span class='ocrx_word' id='word_1_154' title='bbox 2004 2094 2073 2149; x_wconf 92' lang='lat' dir='ltr'><strong>D.</strong></span> <span class='ocrx_word' id='word_1_155' title='bbox 2106 2094 2214 2150; x_wconf 83' lang='lat' dir='ltr'><strong>Ma-</strong></span> 
     </span>
    </p>
   </div>
   <div class='ocr_carea' id='block_1_20' title="bbox 617 2203 993 2260">
    <p class='ocr_par' dir='ltr' id='par_1_20' title="bbox 617 2203 993 2260">
     <span class='ocr_line' id='line_1_20' title="bbox 617 2203 993 2260; baseline -0.016 0"><span class='ocrx_word' id='word_1_156' title='bbox 617 2203 863 2260; x_wconf 81' lang='lat' dir='ltr'><strong>nifestum</strong></span> <span class='ocrx_word' id='word_1_157' title='bbox 891 2208 993 2256; x_wconf 87' lang='lat' dir='ltr'><strong>est.</strong></span> 
     </span>
    </p>
   </div>
   <div class='ocr_carea' id='block_1_21' title="bbox 613 2304 2213 2376">
    <p class='ocr_par' dir='ltr' id='par_1_21' title="bbox 613 2304 2213 2376">
     <span class='ocr_line' id='line_1_21' title="bbox 613 2304 2213 2376; baseline -0.012 -2"><span class='ocrx_word' id='word_1_158' title='bbox 613 2315 839 2374; x_wconf 85' lang='lat' dir='ltr'><strong>CAPUT</strong></span> <span class='ocrx_word' id='word_1_159' title='bbox 868 2313 1006 2370; x_wconf 81' lang='lat' dir='ltr'>XIII.</span> <span class='ocrx_word' id='word_1_160' title='bbox 1038 2342 1109 2353; x_wconf 92' lang='lat'><strong>—</strong></span> <span class='ocrx_word' id='word_1_161' title='bbox 1133 2310 1346 2366; x_wconf 76' lang='lat' dir='ltr'><strong>Animus</strong></span> <span class='ocrx_word' id='word_1_162' title='bbox 1394 2306 1530 2361; x_wconf 82' lang='lat' dir='ltr'><strong>unde</strong></span> <span class='ocrx_word' id='word_1_163' title='bbox 1557 2306 1616 2376; x_wconf 84' lang='lat' dir='ltr'><strong>ﬁt</strong></span> <span class='ocrx_word' id='word_1_164' title='bbox 1645 2315 1700 2360; x_wconf 81' lang='lat' dir='ltr'><strong>ut</strong></span> <span class='ocrx_word' id='word_1_165' title='bbox 1730 2322 1763 2359; x_wconf 90' lang='lat' dir='ltr'><strong>a</strong></span> <span class='ocrx_word' id='word_1_166' title='bbox 1785 2304 1990 2359; x_wconf 81' lang='lat' dir='ltr'><strong>veritate</strong></span> <span class='ocrx_word' id='word_1_167' title='bbox 2021 2304 2213 2357; x_wconf 82' lang='lat' dir='ltr'><strong>incom-</strong></span> 
     </span>
    </p>
   </div>
   <div class='ocr_carea' id='block_1_22' title="bbox 1151 2400 1676 2456">
    <p class='ocr_par' dir='ltr' id='par_1_22' title="bbox 1151 2400 1676 2456">
     <span class='ocr_line' id='line_1_22' title="bbox 1151 2400 1676 2456; baseline -0.01 0"><span class='ocrx_word' id='word_1_168' title='bbox 1151 2400 1381 2456; x_wconf 81' lang='lat' dir='ltr'><strong>mutabili</strong></span> <span class='ocrx_word' id='word_1_169' title='bbox 1400 2409 1676 2454; x_wconf 76' lang='lat' dir='ltr'><strong>avertatur.</strong></span> 
     </span>
    </p>
   </div>
   <div class='ocr_carea' id='block_1_23' title="bbox 686 2510 2212 2587">
    <p class='ocr_par' dir='ltr' id='par_1_23' title="bbox 686 2510 2212 2587">
     <span class='ocr_line' id='line_1_23' title="bbox 686 2510 2212 2587; baseline -0.01 -9"><span class='ocrx_word' id='word_1_170' title='bbox 686 2523 773 2579; x_wconf 82' lang='lat'><strong>57.</strong></span> <span class='ocrx_word' id='word_1_171' title='bbox 822 2519 900 2576; x_wconf 76' lang='grc' dir='ltr'><strong>Μ.</strong></span> <span class='ocrx_word' id='word_1_172' title='bbox 931 2521 1125 2586; x_wconf 81' lang='lat' dir='ltr'><strong>Quaero</strong></span> <span class='ocrx_word' id='word_1_173' title='bbox 1159 2531 1288 2587; x_wconf 89' lang='lat' dir='ltr'><strong>ergo</strong></span> <span class='ocrx_word' id='word_1_174' title='bbox 1327 2530 1558 2586; x_wconf 88' lang='lat' dir='ltr'><strong>quonam</strong></span> <span class='ocrx_word' id='word_1_175' title='bbox 1601 2513 1701 2569; x_wconf 84' lang='lat' dir='ltr'><strong>iste</strong></span> <span class='ocrx_word' id='word_1_176' title='bbox 1740 2512 1807 2567; x_wconf 88' lang='lat' dir='ltr'><strong>ab</strong></span> <span class='ocrx_word' id='word_1_177' title='bbox 1846 2510 2212 2581; x_wconf 89' lang='lat' dir='ltr'><strong>hujuscemodi</strong></span> 
     </span>
    </p>
   </div>
   <div class='ocr_carea' id='block_1_24' title="bbox 613 2603 2213 2680">
    <p class='ocr_par' dir='ltr' id='par_1_24' title="bbox 613 2603 2213 2680">
     <span class='ocr_line' id='line_1_24' title="bbox 613 2603 2213 2680; baseline -0.008 -10"><span class='ocrx_word' id='word_1_178' title='bbox 613 2628 794 2670; x_wconf 88' lang='lat' dir='ltr'><strong>rerum</strong></span> <span class='ocrx_word' id='word_1_179' title='bbox 824 2609 1272 2680; x_wconf 88' lang='lat' dir='ltr'><strong>contemplatione</strong></span> <span class='ocrx_word' id='word_1_180' title='bbox 1295 2606 1564 2667; x_wconf 86' lang='lat' dir='ltr'><strong>discedat.</strong></span> <span class='ocrx_word' id='word_1_181' title='bbox 1596 2615 1653 2659; x_wconf 92' lang='lat' dir='ltr'><strong>ut</strong></span> <span class='ocrx_word' id='word_1_182' title='bbox 1692 2603 1838 2658; x_wconf 89' lang='lat' dir='ltr'><strong>illum</strong></span> <span class='ocrx_word' id='word_1_183' title='bbox 1875 2603 1941 2657; x_wconf 89' lang='lat' dir='ltr'><strong>ad</strong></span> <span class='ocrx_word' id='word_1_184' title='bbox 1970 2618 2087 2657; x_wconf 90' lang='lat' dir='ltr'><strong>eam</strong></span> <span class='ocrx_word' id='word_1_185' title='bbox 2120 2616 2213 2658; x_wconf 80' lang='lat' dir='ltr'><strong>ne-</strong></span> 
     </span>
    </p>
   </div>
   <div class='ocr_carea' id='block_1_25' title="bbox 612 2694 2211 2761">
    <p class='ocr_par' dir='ltr' id='par_1_25' title="bbox 612 2694 2211 2761">
     <span class='ocr_line' id='line_1_25' title="bbox 612 2694 2211 2761; baseline -0.009 0"><span class='ocrx_word' id='word_1_186' title='bbox 612 2719 765 2761; x_wconf 88' lang='lat' dir='ltr'><strong>cesse</strong></span> <span class='ocrx_word' id='word_1_187' title='bbox 790 2704 862 2759; x_wconf 88' lang='lat' dir='ltr'><strong>sit</strong></span> <span class='ocrx_word' id='word_1_188' title='bbox 886 2701 1139 2757; x_wconf 88' lang='lat' dir='ltr'><strong>memoria</strong></span> <span class='ocrx_word' id='word_1_189' title='bbox 1172 2698 1433 2756; x_wconf 86' lang='lat' dir='ltr'><strong>revocari.</strong></span> <span class='ocrx_word' id='word_1_190' title='bbox 1462 2698 1544 2753; x_wconf 84' lang='lat' dir='ltr'><strong>An</strong></span> <span class='ocrx_word' id='word_1_191' title='bbox 1570 2695 1707 2752; x_wconf 82' lang='lat' dir='ltr'><strong>forte</strong></span> <span class='ocrx_word' id='word_1_192' title='bbox 1733 2696 1785 2750; x_wconf 91' lang='lat' dir='ltr'><strong>in</strong></span> <span class='ocrx_word' id='word_1_193' title='bbox 1809 2694 1949 2749; x_wconf 89' lang='lat' dir='ltr'><strong>aliud</strong></span> <span class='ocrx_word' id='word_1_194' title='bbox 1976 2694 2211 2748; x_wconf 89' lang='lat' dir='ltr'><strong>intentus</strong></span> 
     </span>
    </p>
   </div>
   <div class='ocr_carea' id='block_1_26' title="bbox 612 2784 2212 2861">
    <p class='ocr_par' dir='ltr' id='par_1_26' title="bbox 612 2784 2212 2861">
     <span class='ocr_line' id='line_1_26' title="bbox 612 2784 2212 2861; baseline -0.008 -10"><span class='ocrx_word' id='word_1_195' title='bbox 612 2796 824 2851; x_wconf 90' lang='lat' dir='ltr'><strong>animus</strong></span> <span class='ocrx_word' id='word_1_196' title='bbox 854 2794 942 2848; x_wconf 89' lang='lat' dir='ltr'><strong>tali</strong></span> <span class='ocrx_word' id='word_1_197' title='bbox 973 2792 1144 2847; x_wconf 87' lang='lat' dir='ltr'><strong>reditu</strong></span> <span class='ocrx_word' id='word_1_198' title='bbox 1172 2790 1411 2861; x_wconf 89' lang='lat' dir='ltr'><strong>indigere</strong></span> <span class='ocrx_word' id='word_1_199' title='bbox 1439 2787 1703 2859; x_wconf 82' lang='lat' dir='ltr'><strong>putandus</strong></span> <span class='ocrx_word' id='word_1_200' title='bbox 1729 2787 1852 2842; x_wconf 88' lang='lat' dir='ltr'><strong>est?</strong></span> <span class='ocrx_word' id='word_1_201' title='bbox 1883 2786 1949 2840; x_wconf 92' lang='lat' dir='ltr'><strong>D.</strong></span> <span class='ocrx_word' id='word_1_202' title='bbox 1983 2785 2073 2840; x_wconf 89' lang='lat' dir='ltr'><strong>Sic</strong></span> <span class='ocrx_word' id='word_1_203' title='bbox 2098 2784 2212 2839; x_wconf 76' lang='lat' dir='ltr'><strong>exi-</strong></span> 
     </span>
    </p>
   </div>
   <div class='ocr_carea' id='block_1_27' title="bbox 611 2876 2214 2951">
    <p class='ocr_par' dir='ltr' id='par_1_27' title="bbox 611 2876 2214 2951">
     <span class='ocr_line' id='line_1_27' title="bbox 611 2876 2214 2951; baseline -0.007 -9"><span class='ocrx_word' id='word_1_204' title='bbox 611 2888 792 2943; x_wconf 88' lang='lat' dir='ltr'><strong>stimo.</strong></span> <span class='ocrx_word' id='word_1_205' title='bbox 822 2883 898 2940; x_wconf 78' lang='grc' dir='ltr'><strong>Μ.</strong></span> <span class='ocrx_word' id='word_1_206' title='bbox 934 2882 1241 2947; x_wconf 80' lang='lat' dir='ltr'><strong>Videamus,</strong></span> <span class='ocrx_word' id='word_1_207' title='bbox 1270 2882 1315 2936; x_wconf 88' lang='lat' dir='ltr'><strong>si</strong></span> <span class='ocrx_word' id='word_1_208' title='bbox 1348 2882 1539 2951; x_wconf 85' lang='lat' dir='ltr'><strong>placet,</strong></span> <span class='ocrx_word' id='word_1_209' title='bbox 1571 2879 1695 2949; x_wconf 87' lang='lat' dir='ltr'><strong>quid</strong></span> <span class='ocrx_word' id='word_1_210' title='bbox 1726 2886 1933 2933; x_wconf 86' lang='lat' dir='ltr'><strong>tantum</strong></span> <span class='ocrx_word' id='word_1_211' title='bbox 1974 2876 2103 2932; x_wconf 91' lang='lat' dir='ltr'><strong>illud</strong></span> <span class='ocrx_word' id='word_1_212' title='bbox 2143 2876 2214 2930; x_wconf 90' lang='lat' dir='ltr'><strong>sit</strong></span> 
     </span>
    </p>
   </div>
   <div class='ocr_carea' id='block_1_28' title="bbox 612 2969 2211 3050">
    <p class='ocr_par' dir='ltr' id='par_1_28' title="bbox 612 2969 2211 3050">
     <span class='ocr_line' id='line_1_28' title="bbox 612 2969 2211 3050; baseline -0.006 -18"><span class='ocrx_word' id='word_1_213' title='bbox 612 2993 717 3050; x_wconf 91' lang='lat' dir='ltr'><strong>quo</strong></span> <span class='ocrx_word' id='word_1_214' title='bbox 756 2976 925 3047; x_wconf 88' lang='lat' dir='ltr'><strong>possit</strong></span> <span class='ocrx_word' id='word_1_215' title='bbox 955 2974 1194 3038; x_wconf 90' lang='lat' dir='ltr'><strong>intendi,</strong></span> <span class='ocrx_word' id='word_1_216' title='bbox 1228 2983 1286 3029; x_wconf 91' lang='lat' dir='ltr'><strong>ut</strong></span> <span class='ocrx_word' id='word_1_217' title='bbox 1316 2972 1386 3028; x_wconf 90' lang='lat' dir='ltr'><strong>ab</strong></span> <span class='ocrx_word' id='word_1_218' title='bbox 1412 2969 1859 3028; x_wconf 81' lang='lat' dir='ltr'><strong>incommutabilis</strong></span> <span class='ocrx_word' id='word_1_219' title='bbox 1896 2979 1950 3025; x_wconf 91' lang='lat' dir='ltr'><strong>et</strong></span> <span class='ocrx_word' id='word_1_220' title='bbox 1987 2984 2211 3023; x_wconf 73' lang='lat' dir='ltr'><strong>summa:</strong></span> 
     </span>
    </p>
   </div>
   <div class='ocr_carea' id='block_1_29' title="bbox 613 3061 2211 3141">
    <p class='ocr_par' dir='ltr' id='par_1_29' title="bbox 613 3061 2211 3141">
     <span class='ocr_line' id='line_1_29' title="bbox 613 3061 2211 3141; baseline -0.006 -16"><span class='ocrx_word' id='word_1_221' title='bbox 613 3070 932 3141; x_wconf 71' lang='lat' dir='ltr'><strong>mortalitatis</strong></span> <span class='ocrx_word' id='word_1_222' title='bbox 956 3065 1405 3137; x_wconf 81' lang='lat' dir='ltr'><strong>contemplatione</strong></span> <span class='ocrx_word' id='word_1_223' title='bbox 1438 3074 1729 3119; x_wconf 81' lang='lat' dir='ltr'><strong>avertatur.</strong></span> <span class='ocrx_word' id='word_1_224' title='bbox 1764 3062 1894 3117; x_wconf 82' lang='lat' dir='ltr'><strong>Nam</strong></span> <span class='ocrx_word' id='word_1_225' title='bbox 1927 3061 2095 3117; x_wconf 90' lang='lat' dir='ltr'><strong>tribus</strong></span> <span class='ocrx_word' id='word_1_226' title='bbox 2120 3076 2211 3131; x_wconf 89' lang='lat' dir='ltr'><strong>ge-</strong></span> 
     </span>
    </p>
   </div>
   <div class='ocr_carea' id='block_1_30' title="bbox 612 3154 2213 3229">
    <p class='ocr_par' dir='ltr' id='par_1_30' title="bbox 612 3154 2213 3229">
     <span class='ocr_line' id='line_1_30' title="bbox 612 3154 2213 3229; baseline -0.007 -10"><span class='ocrx_word' id='word_1_227' title='bbox 612 3162 832 3219; x_wconf 88' lang='lat' dir='ltr'><strong>neribus</strong></span> <span class='ocrx_word' id='word_1_228' title='bbox 859 3160 1090 3229; x_wconf 88' lang='lat' dir='ltr'><strong>amplius</strong></span> <span class='ocrx_word' id='word_1_229' title='bbox 1119 3159 1246 3213; x_wconf 88' lang='lat' dir='ltr'><strong>nihil</strong></span> <span class='ocrx_word' id='word_1_230' title='bbox 1281 3157 1451 3212; x_wconf 63' lang='lat' dir='ltr'><strong>video.</strong></span> <span class='ocrx_word' id='word_1_231' title='bbox 1498 3158 1603 3211; x_wconf 82' lang='grc' dir='ltr'>Αιιι</span> <span class='ocrx_word' id='word_1_232' title='bbox 1630 3157 1771 3211; x_wconf 90' lang='lat' dir='ltr'><strong>enim</strong></span> <span class='ocrx_word' id='word_1_233' title='bbox 1800 3155 1867 3210; x_wconf 87' lang='lat' dir='ltr'><strong>ad</strong></span> <span class='ocrx_word' id='word_1_234' title='bbox 1891 3154 2089 3225; x_wconf 89' lang='lat' dir='ltr'><strong>aliquid</strong></span> <span class='ocrx_word' id='word_1_235' title='bbox 2117 3169 2213 3223; x_wconf 87' lang='lat' dir='ltr'><strong>par</strong></span> 
     </span>
    </p>
   </div>
   <div class='ocr_carea' id='block_1_31' title="bbox 612 3245 2214 3325">
    <p class='ocr_par' dir='ltr' id='par_1_31' title="bbox 612 3245 2214 3325">
     <span class='ocr_line' id='line_1_31' title="bbox 612 3245 2214 3325; baseline -0.006 -16"><span class='ocrx_word' id='word_1_236' title='bbox 612 3264 772 3325; x_wconf 87' lang='lat' dir='ltr'><strong>atque</strong></span> <span class='ocrx_word' id='word_1_237' title='bbox 795 3252 861 3306; x_wconf 84' lang='lat' dir='ltr'><strong>ad</strong></span> <span class='ocrx_word' id='word_1_238' title='bbox 888 3250 1153 3319; x_wconf 85' lang='lat' dir='ltr'><strong>ejusmodi</strong></span> <span class='ocrx_word' id='word_1_239' title='bbox 1179 3248 1320 3303; x_wconf 81' lang='lat' dir='ltr'><strong>aliud</strong></span> <span class='ocrx_word' id='word_1_240' title='bbox 1346 3264 1405 3303; x_wconf 86' lang='lat' dir='ltr'><strong>se</strong></span> <span class='ocrx_word' id='word_1_241' title='bbox 1431 3247 1658 3302; x_wconf 83' lang='lat' dir='ltr'><strong>intendit</strong></span> <span class='ocrx_word' id='word_1_242' title='bbox 1683 3248 1915 3312; x_wconf 88' lang='lat' dir='ltr'><strong>animus,</strong></span> <span class='ocrx_word' id='word_1_243' title='bbox 1938 3262 2061 3301; x_wconf 89' lang='lat' dir='ltr'><strong>cum</strong></span> <span class='ocrx_word' id='word_1_244' title='bbox 2090 3245 2214 3300; x_wconf 91' lang='lat' dir='ltr'><strong>hinc</strong></span> 
     </span>
    </p>
   </div>
   <div class='ocr_carea' id='block_1_32' title="bbox 614 3337 2213 3410">
    <p class='ocr_par' dir='ltr' id='par_1_32' title="bbox 614 3337 2213 3410">
     <span class='ocr_line' id='line_1_32' title="bbox 614 3337 2213 3410; baseline -0.005 -9"><span class='ocrx_word' id='word_1_245' title='bbox 614 3346 893 3406; x_wconf 85' lang='lat' dir='ltr'><strong>avertitur,</strong></span> <span class='ocrx_word' id='word_1_246' title='bbox 923 3351 1013 3396; x_wconf 91' lang='lat' dir='ltr'><strong>aut</strong></span> <span class='ocrx_word' id='word_1_247' title='bbox 1039 3342 1107 3396; x_wconf 91' lang='lat' dir='ltr'><strong>ad</strong></span> <span class='ocrx_word' id='word_1_248' title='bbox 1134 3341 1399 3410; x_wconf 85' lang='lat' dir='ltr'><strong>superius,</strong></span> <span class='ocrx_word' id='word_1_249' title='bbox 1424 3348 1515 3393; x_wconf 89' lang='lat' dir='ltr'><strong>attt</strong></span> <span class='ocrx_word' id='word_1_250' title='bbox 1538 3340 1605 3395; x_wconf 88' lang='lat' dir='ltr'><strong>ad</strong></span> <span class='ocrx_word' id='word_1_251' title='bbox 1636 3339 1875 3395; x_wconf 76' lang='lat' dir='ltr'><strong>inferius.</strong></span> <span class='ocrx_word' id='word_1_252' title='bbox 1905 3337 1973 3392; x_wconf 78' lang='grc' dir='ltr'>ι).</span> <span class='ocrx_word' id='word_1_253' title='bbox 2012 3339 2085 3393; x_wconf 87' lang='lat' dir='ltr'><strong>De</strong></span> <span class='ocrx_word' id='word_1_254' title='bbox 2110 3355 2213 3393; x_wconf 78' lang='lat' dir='ltr'><strong>ca:-</strong></span> 
     </span>
    </p>
   </div>
   <div class='ocr_carea' id='block_1_33' title="bbox 617 3432 2212 3507">
    <p class='ocr_par' dir='ltr' id='par_1_33' title="bbox 617 3432 2212 3507">
     <span class='ocr_line' id='line_1_33' title="bbox 617 3432 2212 3507; baseline -0.004 -13"><span class='ocrx_word' id='word_1_255' title='bbox 617 3439 746 3495; x_wconf 88' lang='lat' dir='ltr'><strong>teris</strong></span> <span class='ocrx_word' id='word_1_256' title='bbox 782 3435 991 3492; x_wconf 86' lang='lat' dir='ltr'><strong>duobus</strong></span> <span class='ocrx_word' id='word_1_257' title='bbox 1020 3434 1364 3507; x_wconf 68' lang='lat' dir='ltr'><strong>quaerendum</strong></span> <span class='ocrx_word' id='word_1_258' title='bbox 1392 3443 1476 3488; x_wconf 88' lang='lat' dir='ltr'><strong>est</strong></span> <span class='ocrx_word' id='word_1_259' title='bbox 1506 3452 1518 3488; x_wconf 92' lang='lat'><strong>:</strong></span> <span class='ocrx_word' id='word_1_260' title='bbox 1549 3449 1667 3487; x_wconf 85' lang='lat' dir='ltr'><strong>nam</strong></span> <span class='ocrx_word' id='word_1_261' title='bbox 1695 3432 1820 3503; x_wconf 87' lang='lat' dir='ltr'><strong>quid</strong></span> <span class='ocrx_word' id='word_1_262' title='bbox 1860 3432 1931 3487; x_wconf 87' lang='lat' dir='ltr'><strong>sit</strong></span> <span class='ocrx_word' id='word_1_263' title='bbox 1967 3432 2212 3501; x_wconf 91' lang='lat' dir='ltr'><strong>superius</strong></span> 
     </span>
    </p>
   </div>
   <div class='ocr_carea' id='block_1_34' title="bbox 617 3510 2215 3600">
    <p class='ocr_par' dir='ltr' id='par_1_34' title="bbox 617 3510 2215 3600">
     <span class='ocr_line' id='line_1_34' title="bbox 617 3510 2215 3600; baseline -0.004 -13"><span class='ocrx_word' id='word_1_264' title='bbox 617 3542 817 3588; x_wconf 79' lang='lat' dir='ltr'><strong>:eterna</strong></span> <span class='ocrx_word' id='word_1_265' title='bbox 851 3531 1152 3600; x_wconf 78' lang='lat' dir='ltr'><strong>:cqualitate</strong></span> <span class='ocrx_word' id='word_1_266' title='bbox 1182 3544 1287 3583; x_wconf 91' lang='lat' dir='ltr'><strong>non</strong></span> <span class='ocrx_word' id='word_1_267' title='bbox 1316 3526 1491 3583; x_wconf 86' lang='lat' dir='ltr'><strong>video.</strong></span> <span class='ocrx_word' id='word_1_268' title='bbox 1524 3510 1856 3582; x_wconf 22' lang='lat' dir='ltr'><strong>tit-Videsne</strong></span> <span class='ocrx_word' id='word_1_269' title='bbox 1882 3525 2033 3589; x_wconf 90' lang='lat' dir='ltr'><strong>illud,</strong></span> <span class='ocrx_word' id='word_1_270' title='bbox 2057 3526 2215 3581; x_wconf 90' lang='lat' dir='ltr'><strong>obse-</strong></span> 
     </span>
    </p>
   </div>
   <div class='ocr_carea' id='block_1_35' title="bbox 616 3618 2212 3697">
    <p class='ocr_par' dir='ltr' id='par_1_35' title="bbox 616 3618 2212 3697">
     <span class='ocr_line' id='line_1_35' title="bbox 616 3618 2212 3697; baseline -0.005 -15"><span class='ocrx_word' id='word_1_271' title='bbox 616 3641 743 3689; x_wconf 90' lang='lat' dir='ltr'><strong>cro,</strong></span> <span class='ocrx_word' id='word_1_272' title='bbox 773 3624 1024 3697; x_wconf 87' lang='lat' dir='ltr'><strong>quidnam</strong></span> <span class='ocrx_word' id='word_1_273' title='bbox 1062 3624 1109 3679; x_wconf 90' lang='lat' dir='ltr'><strong>ei</strong></span> <span class='ocrx_word' id='word_1_274' title='bbox 1140 3638 1240 3695; x_wconf 88' lang='lat' dir='ltr'><strong>par</strong></span> <span class='ocrx_word' id='word_1_275' title='bbox 1280 3636 1399 3678; x_wconf 89' lang='lat' dir='ltr'><strong>esse</strong></span> <span class='ocrx_word' id='word_1_276' title='bbox 1443 3621 1641 3691; x_wconf 86' lang='lat' dir='ltr'><strong>possit,</strong></span> <span class='ocrx_word' id='word_1_277' title='bbox 1673 3620 1814 3690; x_wconf 89' lang='lat' dir='ltr'><strong>quod</strong></span> <span class='ocrx_word' id='word_1_278' title='bbox 1852 3630 2028 3675; x_wconf 87' lang='lat' dir='ltr'><strong>tamen</strong></span> <span class='ocrx_word' id='word_1_279' title='bbox 2070 3618 2212 3674; x_wconf 89' lang='lat' dir='ltr'><strong>aliud</strong></span> 
     </span>
    </p>
   </div>
   <div class='ocr_carea' id='block_1_36' title="bbox 618 3712 2214 3786">
    <p class='ocr_par' dir='ltr' id='par_1_36' title="bbox 618 3712 2214 3786">
     <span class='ocr_line' id='line_1_36' title="bbox 618 3712 2214 3786; baseline -0.006 -11"><span class='ocrx_word' id='word_1_280' title='bbox 618 3718 724 3776; x_wconf 85' lang='lat' dir='ltr'><strong>sit?</strong></span> <span class='ocrx_word' id='word_1_281' title='bbox 764 3717 831 3772; x_wconf 82' lang='grc' dir='ltr'><em>υ.</em></span> <span class='ocrx_word' id='word_1_282' title='bbox 869 3716 945 3772; x_wconf 88' lang='grc' dir='ltr'>Νε</span> <span class='ocrx_word' id='word_1_283' title='bbox 976 3717 1026 3772; x_wconf 92' lang='lat' dir='ltr'><strong>id</strong></span> <span class='ocrx_word' id='word_1_284' title='bbox 1056 3716 1268 3786; x_wconf 83' lang='lat' dir='ltr'><strong>quidem</strong></span> <span class='ocrx_word' id='word_1_285' title='bbox 1304 3712 1479 3769; x_wconf 81' lang='lat' dir='ltr'><strong>video.</strong></span> <span class='ocrx_word' id='word_1_286' title='bbox 1518 3712 1595 3767; x_wconf 77' lang='grc' dir='ltr'><strong>Μ.</strong></span> <span class='ocrx_word' id='word_1_287' title='bbox 1624 3712 1807 3767; x_wconf 81' lang='lat' dir='ltr'><strong>Restat</strong></span> <span class='ocrx_word' id='word_1_288' title='bbox 1834 3727 1963 3782; x_wconf 90' lang='lat' dir='ltr'><strong>ergo</strong></span> <span class='ocrx_word' id='word_1_289' title='bbox 1991 3720 2046 3767; x_wconf 90' lang='lat' dir='ltr'><strong>ut</strong></span> <span class='ocrx_word' id='word_1_290' title='bbox 2068 3728 2214 3782; x_wconf 71' lang='lat' dir='ltr'><strong>quaa-</strong></span> 
     </span>
    </p>
   </div>
   <div class='ocr_carea' id='block_1_37' title="bbox 618 3803 2213 3879">
    <p class='ocr_par' dir='ltr' id='par_1_37' title="bbox 618 3803 2213 3879">
     <span class='ocr_line' id='line_1_37' title="bbox 618 3803 2213 3879; baseline -0.006 -12"><span class='ocrx_word' id='word_1_291' title='bbox 618 3824 833 3873; x_wconf 88' lang='lat' dir='ltr'><strong>ramus,</strong></span> <span class='ocrx_word' id='word_1_292' title='bbox 872 3808 1001 3879; x_wconf 90' lang='lat' dir='ltr'><strong>quid</strong></span> <span class='ocrx_word' id='word_1_293' title='bbox 1038 3808 1106 3862; x_wconf 89' lang='lat' dir='ltr'><strong>sit</strong></span> <span class='ocrx_word' id='word_1_294' title='bbox 1142 3805 1384 3862; x_wconf 82' lang='lat' dir='ltr'><strong>inferius.</strong></span> <span class='ocrx_word' id='word_1_295' title='bbox 1428 3804 1532 3860; x_wconf 90' lang='lat' dir='ltr'><strong>Sed</strong></span> <span class='ocrx_word' id='word_1_296' title='bbox 1574 3818 1751 3859; x_wconf 89' lang='lat' dir='ltr'><strong>nonne</strong></span> <span class='ocrx_word' id='word_1_297' title='bbox 1791 3803 1882 3857; x_wconf 87' lang='lat' dir='ltr'><strong>tibi</strong></span> <span class='ocrx_word' id='word_1_298' title='bbox 1927 3803 2070 3870; x_wconf 85' lang='lat' dir='ltr'><strong>prius</strong></span> <span class='ocrx_word' id='word_1_299' title='bbox 2100 3803 2213 3873; x_wconf 88' lang='lat' dir='ltr'><strong>ipsa</strong></span> 
     </span>
    </p>
   </div>
   <div class='ocr_carea' id='block_1_38' title="bbox 617 3896 2214 3971">
    <p class='ocr_par' dir='ltr' id='par_1_38' title="bbox 617 3896 2214 3971">
     <span class='ocr_line' id='line_1_38' title="bbox 617 3896 2214 3971; baseline -0.006 -12"><span class='ocrx_word' id='word_1_300' title='bbox 617 3903 795 3959; x_wconf 88' lang='lat' dir='ltr'><strong>anima</strong></span> <span class='ocrx_word' id='word_1_301' title='bbox 816 3902 1071 3968; x_wconf 86' lang='lat' dir='ltr'><strong>occurrit,</strong></span> <span class='ocrx_word' id='word_1_302' title='bbox 1086 3916 1204 3971; x_wconf 75' lang='lat' dir='ltr'><strong>qua:</strong></span> <span class='ocrx_word' id='word_1_303' title='bbox 1221 3910 1364 3954; x_wconf 86' lang='lat' dir='ltr'><strong>certe</strong></span> <span class='ocrx_word' id='word_1_304' title='bbox 1384 3898 1737 3968; x_wconf 67' lang='lat' dir='ltr'><strong>aequalitatem</strong></span> <span class='ocrx_word' id='word_1_305' title='bbox 1756 3896 1899 3951; x_wconf 87' lang='lat' dir='ltr'><strong>illam</strong></span> <span class='ocrx_word' id='word_1_306' title='bbox 1919 3896 2214 3950; x_wconf 89' lang='lat' dir='ltr'><strong>incommu-</strong></span> 
     </span>
    </p>
   </div>
   <div class='ocr_carea' id='block_1_39' title="bbox 620 3988 2215 4059">
    <p class='ocr_par' dir='ltr' id='par_1_39' title="bbox 620 3988 2215 4059">
     <span class='ocr_line' id='line_1_39' title="bbox 620 3988 2215 4059; baseline -0.006 -7"><span class='ocrx_word' id='word_1_307' title='bbox 620 3996 835 4053; x_wconf 84' lang='lat' dir='ltr'><strong>tabilem</strong></span> <span class='ocrx_word' id='word_1_308' title='bbox 869 4010 988 4050; x_wconf 89' lang='lat' dir='ltr'><strong>esse</strong></span> <span class='ocrx_word' id='word_1_309' title='bbox 1014 3993 1316 4054; x_wconf 78' lang='lat' dir='ltr'><strong>confitetur.</strong></span> <span class='ocrx_word' id='word_1_310' title='bbox 1356 4007 1416 4047; x_wconf 91' lang='lat' dir='ltr'><strong>se</strong></span> <span class='ocrx_word' id='word_1_311' title='bbox 1453 4000 1634 4045; x_wconf 88' lang='lat' dir='ltr'><strong>autem</strong></span> <span class='ocrx_word' id='word_1_312' title='bbox 1661 3990 1901 4059; x_wconf 79' lang='lat' dir='ltr'><strong>agnoscit</strong></span> <span class='ocrx_word' id='word_1_313' title='bbox 1929 3988 2119 4043; x_wconf 82' lang='lat' dir='ltr'><strong>mutari</strong></span> <span class='ocrx_word' id='word_1_314' title='bbox 2147 4002 2215 4044; x_wconf 90' lang='lat' dir='ltr'><strong>eo</strong></span> 
     </span>
    </p>
   </div>
   <div class='ocr_carea' id='block_1_40' title="bbox 619 4079 2215 4159">
    <p class='ocr_par' dir='ltr' id='par_1_40' title="bbox 619 4079 2215 4159">
     <span class='ocr_line' id='line_1_40' title="bbox 619 4079 2215 4159; baseline -0.006 -16"><span class='ocrx_word' id='word_1_315' title='bbox 619 4088 736 4158; x_wconf 88' lang='lat' dir='ltr'><strong>ipso</strong></span> <span class='ocrx_word' id='word_1_316' title='bbox 758 4086 898 4159; x_wconf 91' lang='lat' dir='ltr'><strong>quod</strong></span> <span class='ocrx_word' id='word_1_317' title='bbox 913 4085 1045 4141; x_wconf 88' lang='lat' dir='ltr'><strong>alias</strong></span> <span class='ocrx_word' id='word_1_318' title='bbox 1068 4084 1226 4152; x_wconf 91' lang='lat' dir='ltr'><strong>hanc,</strong></span> <span class='ocrx_word' id='word_1_319' title='bbox 1256 4084 1387 4140; x_wconf 77' lang='lat' dir='ltr'><strong>alias</strong></span> <span class='ocrx_word' id='word_1_320' title='bbox 1404 4082 1545 4138; x_wconf 89' lang='lat' dir='ltr'><strong>aliud</strong></span> <span class='ocrx_word' id='word_1_321' title='bbox 1567 4082 1829 4145; x_wconf 86' lang='lat' dir='ltr'><strong>intuetur;</strong></span> <span class='ocrx_word' id='word_1_322' title='bbox 1864 4091 1917 4135; x_wconf 83' lang='lat' dir='ltr'><strong>et</strong></span> <span class='ocrx_word' id='word_1_323' title='bbox 1937 4079 2040 4134; x_wconf 90' lang='lat' dir='ltr'><strong>hoc</strong></span> <span class='ocrx_word' id='word_1_324' title='bbox 2055 4079 2215 4136; x_wconf 90' lang='lat' dir='ltr'><strong>modo</strong></span> 
     </span>
    </p>
   </div>
   <div class='ocr_carea' id='block_1_41' title="bbox 617 4172 2214 4249">
    <p class='ocr_par' dir='ltr' id='par_1_41' title="bbox 617 4172 2214 4249">
     <span class='ocr_line' id='line_1_41' title="bbox 617 4172 2214 4249; baseline -0.006 -13"><span class='ocrx_word' id='word_1_325' title='bbox 617 4179 761 4236; x_wconf 88' lang='lat' dir='ltr'><strong>aliud</strong></span> <span class='ocrx_word' id='word_1_326' title='bbox 788 4190 947 4249; x_wconf 85' lang='lat' dir='ltr'><strong>atque</strong></span> <span class='ocrx_word' id='word_1_327' title='bbox 973 4177 1115 4233; x_wconf 89' lang='lat' dir='ltr'><strong>aliud</strong></span> <span class='ocrx_word' id='word_1_328' title='bbox 1153 4192 1386 4247; x_wconf 84' lang='lat' dir='ltr'><strong>sequens</strong></span> <span class='ocrx_word' id='word_1_329' title='bbox 1410 4175 1716 4230; x_wconf 78' lang='lat' dir='ltr'><strong>varietatem</strong></span> <span class='ocrx_word' id='word_1_330' title='bbox 1747 4172 2002 4242; x_wconf 88' lang='lat' dir='ltr'><strong>temporis</strong></span> <span class='ocrx_word' id='word_1_331' title='bbox 2027 4187 2214 4240; x_wconf 83' lang='lat' dir='ltr'><strong>opem-</strong></span> 
     </span>
    </p>
   </div>
   <div class='ocr_carea' id='block_1_42' title="bbox 620 4261 2211 4343">
    <p class='ocr_par' dir='ltr' id='par_1_42' title="bbox 620 4261 2211 4343">
     <span class='ocr_line' id='line_1_42' title="bbox 620 4261 2211 4343; baseline -0.008 -15"><span class='ocrx_word' id='word_1_332' title='bbox 620 4282 727 4340; x_wconf 90' lang='lat' dir='ltr'><strong>tur,</strong></span> <span class='ocrx_word' id='word_1_333' title='bbox 749 4288 868 4343; x_wconf 76' lang='lat' dir='ltr'><strong>qu-e</strong></span> <span class='ocrx_word' id='word_1_334' title='bbox 893 4272 943 4326; x_wconf 96' lang='lat' dir='ltr'><strong>in</strong></span> <span class='ocrx_word' id='word_1_335' title='bbox 975 4271 1187 4327; x_wconf 63' lang='lat' dir='ltr'><strong>aeternis</strong></span> <span class='ocrx_word' id='word_1_336' title='bbox 1210 4280 1265 4325; x_wconf 90' lang='lat' dir='ltr'><strong>et</strong></span> <span class='ocrx_word' id='word_1_337' title='bbox 1290 4266 1813 4324; x_wconf 75' lang='lat' dir='ltr'><strong>incommutaltilihus</strong></span> <span class='ocrx_word' id='word_1_338' title='bbox 1836 4263 1980 4319; x_wconf 88' lang='lat' dir='ltr'><strong>nulla</strong></span> <span class='ocrx_word' id='word_1_339' title='bbox 2004 4263 2122 4320; x_wconf 84' lang='lat' dir='ltr'><strong>est?</strong></span> <span class='ocrx_word' id='word_1_340' title='bbox 2145 4261 2211 4317; x_wconf 91' lang='lat' dir='ltr'><strong>D.</strong></span> 
     </span>
    </p>
   </div>
   <div class='ocr_carea' id='block_1_43' title="bbox 621 4355 2213 4442">
    <p class='ocr_par' dir='ltr' id='par_1_43' title="bbox 621 4355 2213 4442">
     <span class='ocr_line' id='line_1_43' title="bbox 621 4355 2213 4442; baseline -0.006 -21"><span class='ocrx_word' id='word_1_341' title='bbox 621 4364 920 4442; x_wconf 75' lang='lat' dir='ltr'><strong>AsSvntior.</strong></span> <span class='ocrx_word' id='word_1_342' title='bbox 955 4363 1031 4418; x_wconf 83' lang='lat' dir='ltr'><strong>M.</strong></span> <span class='ocrx_word' id='word_1_343' title='bbox 1071 4362 1198 4418; x_wconf 69' lang='lat' dir='ltr'><strong>Haec</strong></span> <span class='ocrx_word' id='word_1_344' title='bbox 1224 4362 1380 4432; x_wconf 80' lang='lat' dir='ltr'><strong>igitur</strong></span> <span class='ocrx_word' id='word_1_345' title='bbox 1416 4359 1627 4414; x_wconf 81' lang='lat' dir='ltr'><strong>allectio</strong></span> <span class='ocrx_word' id='word_1_346' title='bbox 1665 4358 1857 4412; x_wconf 76' lang='lat' dir='ltr'><strong>anima:</strong></span> <span class='ocrx_word' id='word_1_347' title='bbox 1883 4355 1965 4409; x_wconf 86' lang='lat' dir='ltr'><strong>vel</strong></span> <span class='ocrx_word' id='word_1_348' title='bbox 2002 4364 2213 4422; x_wconf 86' lang='lat' dir='ltr'><strong>motus,</strong></span> 
     </span>
    </p>
   </div>
   <div class='ocr_carea' id='block_1_44' title="bbox 618 4446 2212 4528">
    <p class='ocr_par' dir='ltr' id='par_1_44' title="bbox 618 4446 2212 4528">
     <span class='ocr_line' id='line_1_44' title="bbox 618 4446 2212 4528; baseline -0.006 -19"><span class='ocrx_word' id='word_1_349' title='bbox 618 4472 725 4528; x_wconf 89' lang='lat' dir='ltr'><strong>quo</strong></span> <span class='ocrx_word' id='word_1_350' title='bbox 756 4455 999 4526; x_wconf 82' lang='lat' dir='ltr'><strong>intelligit</strong></span> <span class='ocrx_word' id='word_1_351' title='bbox 1023 4465 1243 4519; x_wconf 70' lang='lat' dir='ltr'><strong>aeterna,</strong></span> <span class='ocrx_word' id='word_1_352' title='bbox 1276 4462 1331 4508; x_wconf 90' lang='lat' dir='ltr'><strong>et</strong></span> <span class='ocrx_word' id='word_1_353' title='bbox 1359 4451 1442 4506; x_wconf 89' lang='lat' dir='ltr'><strong>his</strong></span> <span class='ocrx_word' id='word_1_354' title='bbox 1464 4449 1711 4506; x_wconf 80' lang='lat' dir='ltr'><strong>inferiora</strong></span> <span class='ocrx_word' id='word_1_355' title='bbox 1741 4462 1859 4504; x_wconf 90' lang='lat' dir='ltr'><strong>esse</strong></span> <span class='ocrx_word' id='word_1_356' title='bbox 1880 4446 2212 4516; x_wconf 85' lang='lat' dir='ltr'><strong>temporalia,</strong></span> 
     </span>
    </p>
   </div>
   <div class='ocr_carea' id='block_1_45' title="bbox 622 4540 2215 4617">
    <p class='ocr_par' dir='ltr' id='par_1_45' title="bbox 622 4540 2215 4617">
     <span class='ocr_line' id='line_1_45' title="bbox 622 4540 2215 4617; baseline -0.006 -15"><span class='ocrx_word' id='word_1_357' title='bbox 622 4547 783 4603; x_wconf 87' lang='lat' dir='ltr'><strong>etiam</strong></span> <span class='ocrx_word' id='word_1_358' title='bbox 816 4549 867 4601; x_wconf 90' lang='lat' dir='ltr'><strong>in</strong></span> <span class='ocrx_word' id='word_1_359' title='bbox 910 4547 1118 4617; x_wconf 85' lang='lat' dir='ltr'><strong>seipsa;</strong></span> <span class='ocrx_word' id='word_1_360' title='bbox 1148 4556 1205 4600; x_wconf 91' lang='lat' dir='ltr'><strong>et</strong></span> <span class='ocrx_word' id='word_1_361' title='bbox 1235 4545 1351 4600; x_wconf 77' lang='lat' dir='ltr'><strong>lure</strong></span> <span class='ocrx_word' id='word_1_362' title='bbox 1374 4541 1671 4614; x_wconf 87' lang='lat' dir='ltr'><strong>appetenda</strong></span> <span class='ocrx_word' id='word_1_363' title='bbox 1702 4540 1880 4612; x_wconf 87' lang='lat' dir='ltr'><strong>potius</strong></span> <span class='ocrx_word' id='word_1_364' title='bbox 1906 4554 2025 4609; x_wconf 64' lang='lat' dir='ltr'><strong>qua:</strong></span> <span class='ocrx_word' id='word_1_365' title='bbox 2053 4552 2215 4609; x_wconf 88' lang='lat' dir='ltr'><strong>supe-</strong></span> 
     </span>
    </p>
   </div>
   <div class='ocr_carea' id='block_1_46' title="bbox 625 4631 2218 4709">
    <p class='ocr_par' dir='ltr' id='par_1_46' title="bbox 625 4631 2218 4709">
     <span class='ocr_line' id='line_1_46' title="bbox 625 4631 2218 4709; baseline -0.006 -12"><span class='ocrx_word' id='word_1_366' title='bbox 625 4648 761 4697; x_wconf 86' lang='lat' dir='ltr'><strong>riora</strong></span> <span class='ocrx_word' id='word_1_367' title='bbox 790 4649 934 4705; x_wconf 90' lang='lat' dir='ltr'><strong>sunt,</strong></span> <span class='ocrx_word' id='word_1_368' title='bbox 962 4654 1121 4709; x_wconf 78' lang='lat' dir='ltr'><strong>quam</strong></span> <span class='ocrx_word' id='word_1_369' title='bbox 1152 4638 1240 4692; x_wconf 87' lang='lat' dir='ltr'><strong>illa</strong></span> <span class='ocrx_word' id='word_1_370' title='bbox 1264 4651 1383 4707; x_wconf 71' lang='lat' dir='ltr'><strong>qua:</strong></span> <span class='ocrx_word' id='word_1_371' title='bbox 1409 4632 1657 4689; x_wconf 72' lang='lat' dir='ltr'><strong>inferiora</strong></span> <span class='ocrx_word' id='word_1_372' title='bbox 1684 4640 1809 4688; x_wconf 89' lang='lat' dir='ltr'><strong>sunt</strong></span> <span class='ocrx_word' id='word_1_373' title='bbox 1830 4631 1977 4687; x_wconf 90' lang='lat' dir='ltr'><strong>novit</strong></span> <span class='ocrx_word' id='word_1_374' title='bbox 2004 4645 2218 4687; x_wconf 85' lang='lat' dir='ltr'><strong>:nonnc</strong></span> 
     </span>
    </p>
   </div>
   <div class='ocr_carea' id='block_1_47' title="bbox 626 4724 1999 4805">
    <p class='ocr_par' dir='ltr' id='par_1_47' title="bbox 626 4724 1999 4805">
     <span class='ocr_line' id='line_1_47' title="bbox 626 4724 1999 4805; baseline -0.007 -18"><span class='ocrx_word' id='word_1_375' title='bbox 626 4733 717 4788; x_wconf 85' lang='lat' dir='ltr'><strong>tibi</strong></span> <span class='ocrx_word' id='word_1_376' title='bbox 751 4734 1031 4805; x_wconf 73' lang='lat' dir='ltr'><strong>prudentia</strong></span> <span class='ocrx_word' id='word_1_377' title='bbox 1064 4730 1305 4786; x_wconf 74' lang='lat' dir='ltr'><strong>videtur?</strong></span> <span class='ocrx_word' id='word_1_378' title='bbox 1334 4728 1400 4783; x_wconf 82' lang='grc' dir='ltr'><em>υ.</em></span> <span class='ocrx_word' id='word_1_379' title='bbox 1432 4726 1572 4784; x_wconf 86' lang='lat' dir='ltr'><strong>Nihil</strong></span> <span class='ocrx_word' id='word_1_380' title='bbox 1602 4725 1744 4783; x_wconf 89' lang='lat' dir='ltr'><strong>aliud</strong></span> <span class='ocrx_word' id='word_1_381' title='bbox 1774 4724 1999 4781; x_wconf 87' lang='lat' dir='ltr'><strong>videtur.</strong></span> 
     </span>
    </p>
   </div>
   <div class='ocr_carea' id='block_1_48' title="bbox 696 4816 2217 4893">
    <p class='ocr_par' dir='ltr' id='par_1_48' title="bbox 696 4816 2217 4893">
     <span class='ocr_line' id='line_1_48' title="bbox 696 4816 2217 4893; baseline -0.007 -11"><span class='ocrx_word' id='word_1_382' title='bbox 696 4828 786 4883; x_wconf 73' lang='lat'><strong>38.</strong></span> <span class='ocrx_word' id='word_1_383' title='bbox 817 4826 870 4880; x_wconf 79' lang='grc' dir='ltr'><em>Μ</em></span> <span class='ocrx_word' id='word_1_384' title='bbox 883 4865 896 4879; x_wconf 94' lang='grc'><strong>.</strong></span> <span class='ocrx_word' id='word_1_385' title='bbox 928 4823 1065 4893; x_wconf 85' lang='lat' dir='ltr'><strong>Quid</strong></span> <span class='ocrx_word' id='word_1_386' title='bbox 1102 4822 1265 4877; x_wconf 86' lang='lat' dir='ltr'><strong>illud?</strong></span> <span class='ocrx_word' id='word_1_387' title='bbox 1290 4837 1415 4877; x_wconf 94' lang='lat' dir='ltr'><strong>num</strong></span> <span class='ocrx_word' id='word_1_388' title='bbox 1444 4820 1619 4875; x_wconf 92' lang='lat' dir='ltr'><strong>minus</strong></span> <span class='ocrx_word' id='word_1_389' title='bbox 1646 4816 2090 4873; x_wconf 87' lang='lat' dir='ltr'><strong>considerandum</strong></span> <span class='ocrx_word' id='word_1_390' title='bbox 2117 4830 2217 4886; x_wconf 89' lang='lat' dir='ltr'><strong>pu-</strong></span> 
     </span>
    </p>
   </div>
   <div class='ocr_carea' id='block_1_49' title="bbox 629 4908 2216 4988">
    <p class='ocr_par' dir='ltr' id='par_1_49' title="bbox 629 4908 2216 4988">
     <span class='ocr_line' id='line_1_49' title="bbox 629 4908 2216 4988; baseline -0.008 -13"><span class='ocrx_word' id='word_1_391' title='bbox 629 4928 710 4975; x_wconf 89' lang='lat' dir='ltr'><strong>tas</strong></span> <span class='ocrx_word' id='word_1_392' title='bbox 738 4917 878 4988; x_wconf 82' lang='lat' dir='ltr'><strong>qnod</strong></span> <span class='ocrx_word' id='word_1_393' title='bbox 908 4914 1145 4971; x_wconf 90' lang='lat' dir='ltr'><strong>nondum</strong></span> <span class='ocrx_word' id='word_1_394' title='bbox 1174 4914 1227 4970; x_wconf 91' lang='lat' dir='ltr'><strong>in</strong></span> <span class='ocrx_word' id='word_1_395' title='bbox 1255 4929 1316 4970; x_wconf 88' lang='lat' dir='ltr'><strong>ea</strong></span> <span class='ocrx_word' id='word_1_396' title='bbox 1346 4912 1504 4970; x_wconf 90' lang='lat' dir='ltr'><strong>simul</strong></span> <span class='ocrx_word' id='word_1_397' title='bbox 1549 4919 1634 4968; x_wconf 90' lang='lat' dir='ltr'><strong>est</strong></span> <span class='ocrx_word' id='word_1_398' title='bbox 1673 4910 1886 4966; x_wconf 64' lang='lat' dir='ltr'><strong>aeternis</strong></span> <span class='ocrx_word' id='word_1_399' title='bbox 1921 4908 2216 4976; x_wconf 65' lang='lat' dir='ltr'><strong>inhaerere,</strong></span> 
     </span>
    </p>
   </div>
   <div class='ocr_carea' id='block_1_50' title="bbox 628 4998 2220 5080">
    <p class='ocr_par' dir='ltr' id='par_1_50' title="bbox 628 4998 2220 5080">
     <span class='ocr_line' id='line_1_50' title="bbox 628 4998 2220 5080; baseline -0.007 -14"><span class='ocrx_word' id='word_1_400' title='bbox 628 5027 749 5067; x_wconf 90' lang='lat' dir='ltr'><strong>cum</strong></span> <span class='ocrx_word' id='word_1_401' title='bbox 770 5008 962 5080; x_wconf 72' lang='lat' dir='ltr'><strong>jamjn</strong></span> <span class='ocrx_word' id='word_1_402' title='bbox 989 5022 1052 5063; x_wconf 86' lang='lat' dir='ltr'><strong>ea</strong></span> <span class='ocrx_word' id='word_1_403' title='bbox 1076 5006 1145 5063; x_wconf 88' lang='lat' dir='ltr'><strong>sit</strong></span> <span class='ocrx_word' id='word_1_404' title='bbox 1171 5020 1326 5062; x_wconf 89' lang='lat' dir='ltr'><strong>nosse</strong></span> <span class='ocrx_word' id='word_1_405' title='bbox 1352 5006 1435 5061; x_wconf 92' lang='lat' dir='ltr'><strong>his</strong></span> <span class='ocrx_word' id='word_1_406' title='bbox 1455 4998 1575 5060; x_wconf 46' lang='lat' dir='ltr'><strong>est</strong></span> <span class='ocrx_word' id='word_1_407' title='bbox 1595 5000 1994 5058; x_wconf 72' lang='lat' dir='ltr'><strong>inhaerendum?</strong></span> <span class='ocrx_word' id='word_1_408' title='bbox 2017 4999 2083 5053; x_wconf 89' lang='lat' dir='ltr'><strong>D.</strong></span> <span class='ocrx_word' id='word_1_409' title='bbox 2108 5000 2220 5055; x_wconf 94' lang='lat' dir='ltr'><strong>lmo</strong></span> 
     </span>
    </p>
   </div>
   <div class='ocr_carea' id='block_1_51' title="bbox 630 5091 2221 5167">
    <p class='ocr_par' dir='ltr' id='par_1_51' title="bbox 630 5091 2221 5167">
     <span class='ocr_line' id='line_1_51' title="bbox 630 5091 2221 5167; baseline -0.008 -9"><span class='ocrx_word' id='word_1_410' title='bbox 630 5101 860 5158; x_wconf 73' lang='lat' dir='ltr'><strong>maxime</strong></span> <span class='ocrx_word' id='word_1_411' title='bbox 881 5107 939 5155; x_wconf 92' lang='lat' dir='ltr'><strong>ut</strong></span> <span class='ocrx_word' id='word_1_412' title='bbox 963 5098 1013 5155; x_wconf 91' lang='lat' dir='ltr'><strong>id</strong></span> <span class='ocrx_word' id='word_1_413' title='bbox 1039 5097 1440 5156; x_wconf 90' lang='lat' dir='ltr'><strong>consideremus</strong></span> <span class='ocrx_word' id='word_1_414' title='bbox 1457 5104 1599 5167; x_wconf 88' lang='lat' dir='ltr'><strong>peto,</strong></span> <span class='ocrx_word' id='word_1_415' title='bbox 1625 5102 1679 5150; x_wconf 91' lang='lat' dir='ltr'><strong>et</strong></span> <span class='ocrx_word' id='word_1_416' title='bbox 1699 5093 1838 5149; x_wconf 91' lang='lat' dir='ltr'><strong>unde</strong></span> <span class='ocrx_word' id='word_1_417' title='bbox 1858 5091 2065 5148; x_wconf 88' lang='lat' dir='ltr'><strong>accidat</strong></span> <span class='ocrx_word' id='word_1_418' title='bbox 2082 5091 2221 5146; x_wconf 90' lang='lat' dir='ltr'><strong>scire</strong></span> 
     </span>
    </p>
   </div>
   <div class='ocr_carea' id='block_1_52' title="bbox 629 5184 2222 5267">
    <p class='ocr_par' dir='ltr' id='par_1_52' title="bbox 629 5184 2222 5267">
     <span class='ocr_line' id='line_1_52' title="bbox 629 5184 2222 5267; baseline -0.008 -16"><span class='ocrx_word' id='word_1_419' title='bbox 629 5194 807 5267; x_wconf 90' lang='lat' dir='ltr'><strong>cupio.</strong></span> <span class='ocrx_word' id='word_1_420' title='bbox 846 5193 921 5247; x_wconf 81' lang='grc' dir='ltr'><strong>Μ.</strong></span> <span class='ocrx_word' id='word_1_421' title='bbox 957 5191 1131 5248; x_wconf 86' lang='lat' dir='ltr'><strong>Facile</strong></span> <span class='ocrx_word' id='word_1_422' title='bbox 1161 5191 1213 5246; x_wconf 91' lang='lat' dir='ltr'><strong>id</strong></span> <span class='ocrx_word' id='word_1_423' title='bbox 1241 5189 1467 5255; x_wconf 80' lang='lat' dir='ltr'><strong>videbis,</strong></span> <span class='ocrx_word' id='word_1_424' title='bbox 1490 5188 1536 5244; x_wconf 88' lang='lat' dir='ltr'><strong>si</strong></span> <span class='ocrx_word' id='word_1_425' title='bbox 1564 5185 2003 5242; x_wconf 86' lang='lat' dir='ltr'><strong>animadverteris</strong></span> <span class='ocrx_word' id='word_1_426' title='bbox 2030 5184 2222 5255; x_wconf 86' lang='lat' dir='ltr'><strong>quibus</strong></span> 
     </span>
    </p>
   </div>
   <div class='ocr_carea' id='block_1_53' title="bbox 631 5278 2221 5344">
    <p class='ocr_par' dir='ltr' id='par_1_53' title="bbox 631 5278 2221 5344">
     <span class='ocr_line' id='line_1_53' title="bbox 631 5278 2221 5344; baseline -0.008 -1"><span class='ocrx_word' id='word_1_427' title='bbox 631 5287 792 5343; x_wconf 88' lang='lat' dir='ltr'><strong>rebus</strong></span> <span class='ocrx_word' id='word_1_428' title='bbox 833 5285 1068 5341; x_wconf 80' lang='lat' dir='ltr'><strong>maxime</strong></span> <span class='ocrx_word' id='word_1_429' title='bbox 1106 5283 1341 5339; x_wconf 89' lang='lat' dir='ltr'><strong>animum</strong></span> <span class='ocrx_word' id='word_1_430' title='bbox 1380 5282 1648 5337; x_wconf 80' lang='lat' dir='ltr'><strong>soleamus</strong></span> <span class='ocrx_word' id='word_1_431' title='bbox 1686 5278 1997 5344; x_wconf 89' lang='lat' dir='ltr'><strong>intendere,</strong></span> <span class='ocrx_word' id='word_1_432' title='bbox 2024 5286 2078 5334; x_wconf 90' lang='lat' dir='ltr'><strong>et</strong></span> <span class='ocrx_word' id='word_1_433' title='bbox 2106 5292 2221 5331; x_wconf 88' lang='lat' dir='ltr'><strong>ma-</strong></span> 
     </span>
    </p>
   </div>
   <div class='ocr_carea' id='block_1_54' title="bbox 628 5370 2223 5451">
    <p class='ocr_par' dir='ltr' id='par_1_54' title="bbox 628 5370 2223 5451">
     <span class='ocr_line' id='line_1_54' title="bbox 628 5370 2223 5451; baseline -0.006 -16"><span class='ocrx_word' id='word_1_434' title='bbox 628 5394 789 5451; x_wconf 88' lang='lat' dir='ltr'><strong>gnam</strong></span> <span class='ocrx_word' id='word_1_435' title='bbox 832 5393 1014 5433; x_wconf 88' lang='lat' dir='ltr'><strong>curam</strong></span> <span class='ocrx_word' id='word_1_436' title='bbox 1058 5374 1312 5430; x_wconf 71' lang='lat' dir='ltr'><strong>exhibere</strong></span> <span class='ocrx_word' id='word_1_437' title='bbox 1342 5396 1355 5427; x_wconf 92' lang='lat'><strong>:</strong></span> <span class='ocrx_word' id='word_1_438' title='bbox 1389 5388 1511 5428; x_wconf 90' lang='lat' dir='ltr'><strong>nam</strong></span> <span class='ocrx_word' id='word_1_439' title='bbox 1557 5387 1650 5428; x_wconf 89' lang='lat' dir='ltr'><strong>eas</strong></span> <span class='ocrx_word' id='word_1_440' title='bbox 1694 5370 1884 5442; x_wconf 83' lang='lat' dir='ltr'><strong>Opinor</strong></span> <span class='ocrx_word' id='word_1_441' title='bbox 1924 5385 2045 5427; x_wconf 87' lang='lat' dir='ltr'><strong>esse</strong></span> <span class='ocrx_word' id='word_1_442' title='bbox 2089 5384 2223 5442; x_wconf 89' lang='lat' dir='ltr'><strong>quas</strong></span> 
     </span>
    </p>
   </div>
   <div class='ocr_carea' id='block_1_55' title="bbox 632 5462 2223 5536">
    <p class='ocr_par' dir='ltr' id='par_1_55' title="bbox 632 5462 2223 5536">
     <span class='ocr_line' id='line_1_55' title="bbox 632 5462 2223 5536; baseline -0.005 -10"><span class='ocrx_word' id='word_1_443' title='bbox 632 5471 857 5528; x_wconf 90' lang='lat' dir='ltr'><strong>multum</strong></span> <span class='ocrx_word' id='word_1_444' title='bbox 902 5482 1144 5525; x_wconf 89' lang='lat' dir='ltr'><strong>amamus</strong></span> <span class='ocrx_word' id='word_1_445' title='bbox 1189 5485 1201 5522; x_wconf 92' lang='lat'><strong>:</strong></span> <span class='ocrx_word' id='word_1_446' title='bbox 1242 5481 1310 5521; x_wconf 90' lang='lat' dir='ltr'><strong>an</strong></span> <span class='ocrx_word' id='word_1_447' title='bbox 1346 5474 1402 5521; x_wconf 88' lang='lat' dir='ltr'><strong>tu</strong></span> <span class='ocrx_word' id='word_1_448' title='bbox 1445 5465 1578 5521; x_wconf 86' lang='lat' dir='ltr'><strong>alias</strong></span> <span class='ocrx_word' id='word_1_449' title='bbox 1623 5463 1891 5536; x_wconf 88' lang='lat' dir='ltr'><strong>opinaris?</strong></span> <span class='ocrx_word' id='word_1_450' title='bbox 1932 5462 2003 5518; x_wconf 87' lang='lat' dir='ltr'><strong>D.</strong></span> <span class='ocrx_word' id='word_1_451' title='bbox 2044 5462 2223 5519; x_wconf 88' lang='lat' dir='ltr'><strong>Nullas</strong></span> 
     </span>
    </p>
   </div>
   <div class='ocr_carea' id='block_1_56' title="bbox 634 5561 2225 5642">
    <p class='ocr_par' dir='ltr' id='par_1_56' title="bbox 634 5561 2225 5642">
     <span class='ocr_line' id='line_1_56' title="bbox 634 5561 2225 5642; baseline -0.008 -18"><span class='ocrx_word' id='word_1_452' title='bbox 634 5567 882 5642; x_wconf 83' lang='lat' dir='ltr'><strong>equidem</strong></span> <span class='ocrx_word' id='word_1_453' title='bbox 911 5565 1062 5622; x_wconf 89' lang='lat' dir='ltr'><strong>alias.</strong></span> <span class='ocrx_word' id='word_1_454' title='bbox 1094 5561 1172 5618; x_wconf 79' lang='grc' dir='ltr'><em>Η.</em></span> <span class='ocrx_word' id='word_1_455' title='bbox 1205 5562 1319 5629; x_wconf 90' lang='lat' dir='ltr'><strong>Die,</strong></span> <span class='ocrx_word' id='word_1_456' title='bbox 1348 5575 1445 5617; x_wconf 89' lang='lat' dir='ltr'><strong>oro</strong></span> <span class='ocrx_word' id='word_1_457' title='bbox 1467 5569 1547 5628; x_wconf 91' lang='lat' dir='ltr'><strong>te,</strong></span> <span class='ocrx_word' id='word_1_458' title='bbox 1578 5573 1702 5614; x_wconf 92' lang='lat' dir='ltr'><strong>num</strong></span> <span class='ocrx_word' id='word_1_459' title='bbox 1735 5572 2015 5629; x_wconf 87' lang='lat' dir='ltr'><strong>possumus</strong></span> <span class='ocrx_word' id='word_1_460' title='bbox 2044 5571 2225 5612; x_wconf 86' lang='lat' dir='ltr'><strong>amare</strong></span> 
     </span>
    </p>
   </div>
   <div class='ocr_carea' id='block_1_57' title="bbox 635 5648 2225 5734">
    <p class='ocr_par' dir='ltr' id='par_1_57' title="bbox 635 5648 2225 5734">
     <span class='ocr_line' id='line_1_57' title="bbox 635 5648 2225 5734; baseline -0.009 -16"><span class='ocrx_word' id='word_1_461' title='bbox 635 5661 739 5719; x_wconf 83' lang='lat' dir='ltr'><strong>nisi</strong></span> <span class='ocrx_word' id='word_1_462' title='bbox 764 5658 1021 5734; x_wconf 87' lang='lat' dir='ltr'><strong>pulchra?</strong></span> <span class='ocrx_word' id='word_1_463' title='bbox 1050 5658 1181 5715; x_wconf 82' lang='lat' dir='ltr'><strong>Nam</strong></span> <span class='ocrx_word' id='word_1_464' title='bbox 1207 5655 1305 5713; x_wconf 87' lang='lat' dir='ltr'><strong>etsi</strong></span> <span class='ocrx_word' id='word_1_465' title='bbox 1332 5653 1545 5727; x_wconf 90' lang='lat' dir='ltr'><strong>quidam</strong></span> <span class='ocrx_word' id='word_1_466' title='bbox 1576 5651 1819 5709; x_wconf 91' lang='lat' dir='ltr'><strong>videntur</strong></span> <span class='ocrx_word' id='word_1_467' title='bbox 1843 5666 2025 5707; x_wconf 90' lang='lat' dir='ltr'><strong>amare</strong></span> <span class='ocrx_word' id='word_1_468' title='bbox 2050 5648 2225 5705; x_wconf 80' lang='lat' dir='ltr'><strong>defor-</strong></span> 
     </span>
    </p>
   </div>
   <div class='ocr_carea' id='block_1_58' title="bbox 637 5743 2227 5824">
    <p class='ocr_par' dir='ltr' id='par_1_58' title="bbox 637 5743 2227 5824">
     <span class='ocr_line' id='line_1_58' title="bbox 637 5743 2227 5824; baseline -0.01 -12"><span class='ocrx_word' id='word_1_469' title='bbox 637 5756 780 5822; x_wconf 89' lang='lat' dir='ltr'><strong>mia,</strong></span> <span class='ocrx_word' id='word_1_470' title='bbox 809 5767 943 5824; x_wconf 82' lang='lat' dir='ltr'><strong>quos</strong></span> <span class='ocrx_word' id='word_1_471' title='bbox 979 5753 1134 5824; x_wconf 82' lang='lat' dir='ltr'><strong>vulgo</strong></span> <span class='ocrx_word' id='word_1_472' title='bbox 1172 5748 1343 5808; x_wconf 69' lang='grc' dir='ltr'><strong>ρι’(εεί</strong></span> <span class='ocrx_word' id='word_1_473' title='bbox 1386 5754 1694 5821; x_wconf 72' lang='grc' dir='ltr'><strong>σαπροφίλους</strong></span> <span class='ocrx_word' id='word_1_474' title='bbox 1735 5752 1959 5811; x_wconf 86' lang='lat' dir='ltr'><strong>vocant,</strong></span> <span class='ocrx_word' id='word_1_475' title='bbox 2005 5743 2227 5798; x_wconf 88' lang='lat' dir='ltr'><strong>interest</strong></span> 
     </span>
    </p>
   </div>
   <div class='ocr_carea' id='block_1_59' title="bbox 705 5888 2221 5961">
    <p class='ocr_par' dir='ltr' id='par_1_59' title="bbox 705 5888 2221 5961">
     <span class='ocr_line' id='line_1_59' title="bbox 705 5888 2221 5961; baseline -0.002 -17"><span class='ocrx_word' id='word_1_476' title='bbox 705 5893 849 5944; x_wconf 77' lang='grc' dir='ltr'>ιων.</span> <span class='ocrx_word' id='word_1_477' title='bbox 874 5905 889 5941; x_wconf 88' lang='lat'><strong>:</strong></span> <span class='ocrx_word' id='word_1_478' title='bbox 916 5902 1006 5945; x_wconf 72' lang='lat' dir='ltr'><strong>Nos</strong></span> <span class='ocrx_word' id='word_1_479' title='bbox 1025 5891 1078 5943; x_wconf 74' lang='lat' dir='ltr'><strong>in</strong></span> <span class='ocrx_word' id='word_1_480' title='bbox 1098 5892 1167 5945; x_wconf 75' lang='lat' dir='ltr'><strong>eis</strong></span> <span class='ocrx_word' id='word_1_481' title='bbox 1183 5893 1433 5961; x_wconf 59' lang='lat' dir='ltr'><strong>mlius</strong></span> <span class='ocrx_word' id='word_1_482' title='bbox 1458 5893 1606 5946; x_wconf 76' lang='lat' dir='ltr'><strong>fallat.</strong></span> <span class='ocrx_word' id='word_1_483' title='bbox 1632 5902 1727 5945; x_wconf 80' lang='lat' dir='ltr'><strong>sex</strong></span> <span class='ocrx_word' id='word_1_484' title='bbox 1748 5899 1879 5954; x_wconf 61' lang='lat' dir='ltr'><strong>uss,</strong></span> <span class='ocrx_word' id='word_1_485' title='bbox 1904 5888 2221 5957; x_wconf 56' lang='lat' dir='ltr'><strong>umquamde.</strong></span> 
     </span>
    </p>
   </div>
   <div class='ocr_carea' id='block_1_60' title="bbox 1828 391 3784 469">
    <p class='ocr_par' dir='ltr' id='par_1_60' title="bbox 1828 391 3784 469">
     <span class='ocr_line' id='line_1_60' title="bbox 1828 391 3784 469; baseline -0.001 -12"><span class='ocrx_word' id='word_1_486' title='bbox 1828 399 1917 457; x_wconf 84' lang='lat' dir='ltr'><strong>DE</strong></span> <span class='ocrx_word' id='word_1_487' title='bbox 1956 394 2230 460; x_wconf 76' lang='lat' dir='ltr'><strong>MUSICA,</strong></span> <span class='ocrx_word' id='word_1_488' title='bbox 2268 393 2324 450; x_wconf 91' lang='lat' dir='ltr'><strong>S.</strong></span> <span class='ocrx_word' id='word_1_489' title='bbox 2368 391 2734 452; x_wconf 80' lang='lat' dir='ltr'><strong>AUGUSTINI</strong></span> <span class='ocrx_word' id='word_1_490' title='bbox 3650 392 3653 395; x_wconf 29' lang='grc' dir='ltr'><strong><em>λ</em></strong></span> <span class='ocrx_word' id='word_1_491' title='bbox 3701 406 3784 469; x_wconf 66' lang='grc' dir='ltr'><strong>ωε</strong></span> 
     </span>
    </p>
   </div>
   <div class='ocr_carea' id='block_1_61' title="bbox 2327 601 3729 674">
    <p class='ocr_par' dir='ltr' id='par_1_61' title="bbox 2327 601 3729 674">
     <span class='ocr_line' id='line_1_61' title="bbox 2327 601 3729 674; baseline 0.006 -14"><span class='ocrx_word' id='word_1_492' title='bbox 2327 604 2477 660; x_wconf 89' lang='lat' dir='ltr'><strong>ribus</strong></span> <span class='ocrx_word' id='word_1_493' title='bbox 2517 603 2743 674; x_wconf 86' lang='lat' dir='ltr'><strong>placent.</strong></span> <span class='ocrx_word' id='word_1_494' title='bbox 2788 601 2919 658; x_wconf 80' lang='lat' dir='ltr'><strong>Nam</strong></span> <span class='ocrx_word' id='word_1_495' title='bbox 2955 618 3015 660; x_wconf 89' lang='lat' dir='ltr'><strong>ea</strong></span> <span class='ocrx_word' id='word_1_496' title='bbox 3058 605 3320 660; x_wconf 87' lang='lat' dir='ltr'><strong>neminem</strong></span> <span class='ocrx_word' id='word_1_497' title='bbox 3347 621 3511 664; x_wconf 82' lang='lat' dir='ltr'><strong>amare</strong></span> <span class='ocrx_word' id='word_1_498' title='bbox 3541 615 3729 671; x_wconf 83' lang='lat' dir='ltr'><strong>mauilest</strong></span> 
     </span>
    </p>
   </div>
   <div class='ocr_carea' id='block_1_62' title="bbox 2328 697 3729 771">
    <p class='ocr_par' dir='ltr' id='par_1_62' title="bbox 2328 697 3729 771">
     <span class='ocr_line' id='line_1_62' title="bbox 2328 697 3729 771; baseline 0.005 -17"><span class='ocrx_word' id='word_1_499' title='bbox 2328 706 2430 759; x_wconf 91' lang='lat' dir='ltr'><strong>est.</strong></span> <span class='ocrx_word' id='word_1_500' title='bbox 2453 711 2679 769; x_wconf 89' lang='lat' dir='ltr'><strong>quorum</strong></span> <span class='ocrx_word' id='word_1_501' title='bbox 2713 698 2950 753; x_wconf 73' lang='lat' dir='ltr'><strong>lmditate</strong></span> <span class='ocrx_word' id='word_1_502' title='bbox 2976 711 3165 752; x_wconf 88' lang='lat' dir='ltr'><strong>sensus</strong></span> <span class='ocrx_word' id='word_1_503' title='bbox 3187 697 3469 756; x_wconf 84' lang='lat' dir='ltr'><strong>oll‘enditur.</strong></span> <span class='ocrx_word' id='word_1_504' title='bbox 3497 700 3562 758; x_wconf 74' lang='grc' dir='ltr'><em>Β.</em></span> <span class='ocrx_word' id='word_1_505' title='bbox 3586 702 3647 759; x_wconf 91' lang='lat' dir='ltr'><strong>ha</strong></span> <span class='ocrx_word' id='word_1_506' title='bbox 3666 720 3729 771; x_wconf 80' lang='lat' dir='ltr'><strong>est,</strong></span> 
     </span>
    </p>
   </div>
   <div class='ocr_carea' id='block_1_63' title="bbox 2326 788 3699 864">
    <p class='ocr_par' dir='ltr' id='par_1_63' title="bbox 2326 788 3699 864">
     <span class='ocr_line' id='line_1_63' title="bbox 2326 788 3699 864; baseline 0.007 -19"><span class='ocrx_word' id='word_1_507' title='bbox 2326 789 2480 845; x_wconf 84' lang='lat' dir='ltr'><strong>dicis.</strong></span> <span class='ocrx_word' id='word_1_508' title='bbox 2515 788 2591 843; x_wconf 75' lang='grc' dir='ltr'><strong>Μ.</strong></span> <span class='ocrx_word' id='word_1_509' title='bbox 2625 790 2749 847; x_wconf 66' lang='lat' dir='ltr'><strong>llaec</strong></span> <span class='ocrx_word' id='word_1_510' title='bbox 2777 790 2940 861; x_wconf 88' lang='lat' dir='ltr'><strong>igitur</strong></span> <span class='ocrx_word' id='word_1_511' title='bbox 2970 790 3188 860; x_wconf 83' lang='lat' dir='ltr'><strong>pulchra</strong></span> <span class='ocrx_word' id='word_1_512' title='bbox 3216 806 3426 847; x_wconf 85' lang='lat' dir='ltr'><strong>numero</strong></span> <span class='ocrx_word' id='word_1_513' title='bbox 3450 794 3643 864; x_wconf 85' lang='lat' dir='ltr'><strong>placent,</strong></span> <span class='ocrx_word' id='word_1_514' title='bbox 3665 801 3699 855; x_wconf 89' lang='lat' dir='ltr'><strong>in</strong></span> 
     </span>
    </p>
   </div>
   <div class='ocr_carea' id='block_1_64' title="bbox 2321 883 3783 956">
    <p class='ocr_par' dir='ltr' id='par_1_64' title="bbox 2321 883 3783 956">
     <span class='ocr_line' id='line_1_64' title="bbox 2321 883 3783 956; baseline 0.008 -19"><span class='ocrx_word' id='word_1_515' title='bbox 2321 883 2431 953; x_wconf 86' lang='lat' dir='ltr'><strong>jam</strong></span> <span class='ocrx_word' id='word_1_516' title='bbox 2472 883 2809 938; x_wconf 84' lang='lat' dir='ltr'><strong>ostendimus</strong></span> <span class='ocrx_word' id='word_1_517' title='bbox 2846 884 3200 954; x_wconf 75' lang='lat' dir='ltr'><strong>:equalitatem</strong></span> <span class='ocrx_word' id='word_1_518' title='bbox 3242 886 3427 956; x_wconf 85' lang='lat' dir='ltr'><strong>appeti.</strong></span> <span class='ocrx_word' id='word_1_519' title='bbox 3454 886 3555 944; x_wconf 79' lang='lat' dir='ltr'><strong>Non</strong></span> <span class='ocrx_word' id='word_1_520' title='bbox 3586 892 3690 947; x_wconf 85' lang='lat' dir='ltr'><strong>enim</strong></span> <span class='ocrx_word' id='word_1_521' title='bbox 3720 883 3783 954; x_wconf 56' lang='lat' dir='ltr'><strong>ioci</strong></span> 
     </span>
    </p>
   </div>
   <div class='ocr_carea' id='block_1_65' title="bbox 2324 960 3783 1053">
    <p class='ocr_par' dir='ltr' id='par_1_65' title="bbox 2324 960 3783 1053">
     <span class='ocr_line' id='line_1_65' title="bbox 2324 960 3783 1053; baseline 0 -22"><span class='ocrx_word' id='word_1_522' title='bbox 2324 984 2531 1031; x_wconf 80' lang='lat' dir='ltr'><strong>tantum</strong></span> <span class='ocrx_word' id='word_1_523' title='bbox 2562 976 2613 1029; x_wconf 93' lang='lat' dir='ltr'><strong>in</strong></span> <span class='ocrx_word' id='word_1_524' title='bbox 2642 989 2706 1030; x_wconf 88' lang='lat' dir='ltr'><strong>ea</strong></span> <span class='ocrx_word' id='word_1_525' title='bbox 2739 974 3131 1044; x_wconf 84' lang='lat' dir='ltr'><strong>pulchritudine</strong></span> <span class='ocrx_word' id='word_1_526' title='bbox 3174 990 3293 1046; x_wconf 79' lang='lat' dir='ltr'><strong>qua:</strong></span> <span class='ocrx_word' id='word_1_527' title='bbox 3331 976 3395 1030; x_wconf 88' lang='lat' dir='ltr'><strong>ad</strong></span> <span class='ocrx_word' id='word_1_528' title='bbox 3432 992 3572 1034; x_wconf 71' lang='lat' dir='ltr'><strong>aures</strong></span> <span class='ocrx_word' id='word_1_529' title='bbox 3602 960 3783 1053; x_wconf 36' lang='lat' dir='ltr'><strong>pertimui</strong></span> 
     </span>
    </p>
   </div>
   <div class='ocr_carea' id='block_1_66' title="bbox 2323 1060 3783 1146">
    <p class='ocr_par' dir='ltr' id='par_1_66' title="bbox 2323 1060 3783 1146">
     <span class='ocr_line' id='line_1_66' title="bbox 2323 1060 3783 1146; baseline 0.007 -26"><span class='ocrx_word' id='word_1_530' title='bbox 2323 1076 2484 1137; x_wconf 85' lang='lat' dir='ltr'><strong>atque</strong></span> <span class='ocrx_word' id='word_1_531' title='bbox 2512 1067 2567 1121; x_wconf 93' lang='lat' dir='ltr'><strong>in</strong></span> <span class='ocrx_word' id='word_1_532' title='bbox 2605 1076 2752 1122; x_wconf 91' lang='lat' dir='ltr'><strong>motu</strong></span> <span class='ocrx_word' id='word_1_533' title='bbox 2782 1082 3067 1137; x_wconf 86' lang='lat' dir='ltr'><strong>corporum</strong></span> <span class='ocrx_word' id='word_1_534' title='bbox 3092 1074 3209 1132; x_wconf 84' lang='lat' dir='ltr'><strong>est,</strong></span> <span class='ocrx_word' id='word_1_535' title='bbox 3237 1066 3504 1135; x_wconf 79' lang='lat' dir='ltr'><strong>invenitur,</strong></span> <span class='ocrx_word' id='word_1_536' title='bbox 3538 1072 3615 1126; x_wconf 81' lang='lat' dir='ltr'><strong>sed</strong></span> <span class='ocrx_word' id='word_1_537' title='bbox 3645 1060 3783 1146; x_wconf 88' lang='lat' dir='ltr'><strong>in</strong></span> 
     </span>
    </p>
   </div>
   <div class='ocr_carea' id='block_1_67' title="bbox 2324 1142 3783 1228">
    <p class='ocr_par' dir='ltr' id='par_1_67' title="bbox 2324 1142 3783 1228">
     <span class='ocr_line' id='line_1_67' title="bbox 2324 1142 3783 1228; baseline 0.006 -15"><span class='ocrx_word' id='word_1_538' title='bbox 2324 1158 2484 1213; x_wconf 90' lang='lat' dir='ltr'><strong>etiam</strong></span> <span class='ocrx_word' id='word_1_539' title='bbox 2514 1156 2814 1212; x_wconf 86' lang='lat' dir='ltr'><strong>visibilibus</strong></span> <span class='ocrx_word' id='word_1_540' title='bbox 2843 1158 3051 1223; x_wconf 76' lang='lat' dir='ltr'><strong>formis,</strong></span> <span class='ocrx_word' id='word_1_541' title='bbox 3082 1157 3136 1211; x_wconf 92' lang='lat' dir='ltr'><strong>in</strong></span> <span class='ocrx_word' id='word_1_542' title='bbox 3165 1158 3353 1228; x_wconf 88' lang='lat' dir='ltr'><strong>quibus</strong></span> <span class='ocrx_word' id='word_1_543' title='bbox 3372 1158 3471 1228; x_wconf 73' lang='lat' dir='ltr'><strong>iam</strong></span> <span class='ocrx_word' id='word_1_544' title='bbox 3497 1163 3686 1219; x_wconf 81' lang='lat' dir='ltr'><strong>usitatius</strong></span> <span class='ocrx_word' id='word_1_545' title='bbox 3700 1142 3783 1223; x_wconf 65' lang='grc' dir='ltr'><strong>διάςῖ</strong></span> 
     </span>
    </p>
   </div>
   <div class='ocr_carea' id='block_1_68' title="bbox 2325 1250 3783 1322">
    <p class='ocr_par' dir='ltr' id='par_1_68' title="bbox 2325 1250 3783 1322">
     <span class='ocr_line' id='line_1_68' title="bbox 2325 1250 3783 1322; baseline -0.003 -17"><span class='ocrx_word' id='word_1_546' title='bbox 2325 1260 2411 1306; x_wconf 88' lang='grc' dir='ltr'>ιιιι·</span> <span class='ocrx_word' id='word_1_547' title='bbox 2435 1250 2792 1322; x_wconf 88' lang='lat' dir='ltr'><strong>pulchritudo.</strong></span> <span class='ocrx_word' id='word_1_548' title='bbox 2820 1251 2899 1305; x_wconf 82' lang='lat' dir='ltr'><strong>An</strong></span> <span class='ocrx_word' id='word_1_549' title='bbox 2924 1250 3069 1305; x_wconf 88' lang='lat' dir='ltr'><strong>aliud</strong></span> <span class='ocrx_word' id='word_1_550' title='bbox 3093 1265 3252 1322; x_wconf 87' lang='lat' dir='ltr'><strong>quam</strong></span> <span class='ocrx_word' id='word_1_551' title='bbox 3278 1250 3594 1320; x_wconf 68' lang='lat' dir='ltr'><strong>mqualitatem</strong></span> <span class='ocrx_word' id='word_1_552' title='bbox 3618 1271 3783 1314; x_wconf 69' lang='grc' dir='ltr'><strong>ιιιιπηςτο.</strong></span> 
     </span>
    </p>
   </div>
   <div class='ocr_carea' id='block_1_69' title="bbox 2323 1341 3777 1413">
    <p class='ocr_par' dir='ltr' id='par_1_69' title="bbox 2323 1341 3777 1413">
     <span class='ocr_line' id='line_1_69' title="bbox 2323 1341 3777 1413; baseline 0.005 -16"><span class='ocrx_word' id='word_1_553' title='bbox 2323 1358 2437 1397; x_wconf 86' lang='lat' dir='ltr'><strong>sam</strong></span> <span class='ocrx_word' id='word_1_554' title='bbox 2466 1358 2587 1398; x_wconf 89' lang='lat' dir='ltr'><strong>esse</strong></span> <span class='ocrx_word' id='word_1_555' title='bbox 2616 1343 2912 1409; x_wconf 87' lang='lat' dir='ltr'><strong>arbitraris,</strong></span> <span class='ocrx_word' id='word_1_556' title='bbox 2944 1358 3069 1398; x_wconf 88' lang='lat' dir='ltr'><strong>cum</strong></span> <span class='ocrx_word' id='word_1_557' title='bbox 3100 1341 3247 1413; x_wconf 89' lang='lat' dir='ltr'><strong>paria</strong></span> <span class='ocrx_word' id='word_1_558' title='bbox 3280 1343 3479 1413; x_wconf 88' lang='lat' dir='ltr'><strong>paribus</strong></span> <span class='ocrx_word' id='word_1_559' title='bbox 3503 1344 3601 1400; x_wconf 86' lang='lat' dir='ltr'><strong>bina</strong></span> <span class='ocrx_word' id='word_1_560' title='bbox 3622 1352 3777 1404; x_wconf 78' lang='lat' dir='ltr'><strong>tuetnbn</strong></span> 
     </span>
    </p>
   </div>
   <div class='ocr_carea' id='block_1_70' title="bbox 2322 1438 3777 1510">
    <p class='ocr_par' dir='ltr' id='par_1_70' title="bbox 2322 1438 3777 1510">
     <span class='ocr_line' id='line_1_70' title="bbox 2322 1438 3777 1510; baseline 0.003 -15"><span class='ocrx_word' id='word_1_561' title='bbox 2322 1439 2649 1509; x_wconf 83' lang='lat' dir='ltr'><strong>respondent</strong></span> <span class='ocrx_word' id='word_1_562' title='bbox 2675 1458 2689 1495; x_wconf 88' lang='lat'><strong>:</strong></span> <span class='ocrx_word' id='word_1_563' title='bbox 2713 1455 2833 1510; x_wconf 74' lang='lat' dir='ltr'><strong>qua:</strong></span> <span class='ocrx_word' id='word_1_564' title='bbox 2857 1446 3037 1493; x_wconf 90' lang='lat' dir='ltr'><strong>autem</strong></span> <span class='ocrx_word' id='word_1_565' title='bbox 3067 1438 3274 1510; x_wconf 87' lang='lat' dir='ltr'><strong>singula</strong></span> <span class='ocrx_word' id='word_1_566' title='bbox 3302 1448 3436 1503; x_wconf 87' lang='lat' dir='ltr'><strong>sunt,</strong></span> <span class='ocrx_word' id='word_1_567' title='bbox 3461 1439 3647 1495; x_wconf 86' lang='lat' dir='ltr'><strong>medium</strong></span> <span class='ocrx_word' id='word_1_568' title='bbox 3668 1442 3777 1499; x_wconf 71' lang='lat' dir='ltr'><strong>locum</strong></span> 
     </span>
    </p>
   </div>
   <div class='ocr_carea' id='block_1_71' title="bbox 2324 1531 3777 1602">
    <p class='ocr_par' dir='ltr' id='par_1_71' title="bbox 2324 1531 3777 1602">
     <span class='ocr_line' id='line_1_71' title="bbox 2324 1531 3777 1602; baseline 0.001 -14"><span class='ocrx_word' id='word_1_569' title='bbox 2324 1541 2533 1597; x_wconf 85' lang='lat' dir='ltr'><strong>tenent,</strong></span> <span class='ocrx_word' id='word_1_570' title='bbox 2575 1542 2633 1587; x_wconf 93' lang='lat' dir='ltr'><strong>nt</strong></span> <span class='ocrx_word' id='word_1_571' title='bbox 2670 1532 2738 1587; x_wconf 87' lang='lat' dir='ltr'><strong>ad</strong></span> <span class='ocrx_word' id='word_1_572' title='bbox 2778 1547 2841 1587; x_wconf 90' lang='lat' dir='ltr'><strong>ea</strong></span> <span class='ocrx_word' id='word_1_573' title='bbox 2882 1532 2950 1587; x_wconf 91' lang='lat' dir='ltr'><strong>de</strong></span> <span class='ocrx_word' id='word_1_574' title='bbox 2992 1539 3220 1602; x_wconf 82' lang='lat' dir='ltr'><strong>utraque</strong></span> <span class='ocrx_word' id='word_1_575' title='bbox 3262 1537 3405 1601; x_wconf 87' lang='lat' dir='ltr'><strong>parte</strong></span> <span class='ocrx_word' id='word_1_576' title='bbox 3441 1531 3565 1601; x_wconf 88' lang='lat' dir='ltr'><strong>paria</strong></span> <span class='ocrx_word' id='word_1_577' title='bbox 3594 1532 3777 1590; x_wconf 70' lang='lat' dir='ltr'><strong>intervalla</strong></span> 
     </span>
    </p>
   </div>
   <div class='ocr_carea' id='block_1_72' title="bbox 2322 1622 3778 1693">
    <p class='ocr_par' dir='ltr' id='par_1_72' title="bbox 2322 1622 3778 1693">
     <span class='ocr_line' id='line_1_72' title="bbox 2322 1622 3778 1693; baseline 0.001 -13"><span class='ocrx_word' id='word_1_578' title='bbox 2322 1624 2638 1680; x_wconf 81' lang='lat' dir='ltr'><strong>serventur?</strong></span> <span class='ocrx_word' id='word_1_579' title='bbox 2667 1623 2736 1677; x_wconf 79' lang='grc' dir='ltr'><strong>ι).</strong></span> <span class='ocrx_word' id='word_1_580' title='bbox 2776 1622 2891 1679; x_wconf 80' lang='lat' dir='ltr'><strong>Non</strong></span> <span class='ocrx_word' id='word_1_581' title='bbox 2921 1623 3086 1679; x_wconf 88' lang='lat' dir='ltr'><strong>aliter</strong></span> <span class='ocrx_word' id='word_1_582' title='bbox 3112 1631 3262 1693; x_wconf 93' lang='lat' dir='ltr'><strong>puto.</strong></span> <span class='ocrx_word' id='word_1_583' title='bbox 3303 1622 3376 1677; x_wconf 78' lang='grc' dir='ltr'>ιι.</span> <span class='ocrx_word' id='word_1_584' title='bbox 3404 1622 3524 1689; x_wconf 88' lang='lat' dir='ltr'><strong>Quid</strong></span> <span class='ocrx_word' id='word_1_585' title='bbox 3548 1624 3591 1678; x_wconf 91' lang='lat' dir='ltr'><strong>in</strong></span> <span class='ocrx_word' id='word_1_586' title='bbox 3610 1624 3687 1693; x_wconf 79' lang='lat' dir='ltr'><strong>ipsa</strong></span> <span class='ocrx_word' id='word_1_587' title='bbox 3706 1627 3778 1681; x_wconf 80' lang='lat' dir='ltr'><strong>luce</strong></span> 
     </span>
    </p>
   </div>
   <div class='ocr_carea' id='block_1_73' title="bbox 2322 1713 3776 1786">
    <p class='ocr_par' dir='ltr' id='par_1_73' title="bbox 2322 1713 3776 1786">
     <span class='ocr_line' id='line_1_73' title="bbox 2322 1713 3776 1786; baseline 0.001 -17"><span class='ocrx_word' id='word_1_588' title='bbox 2322 1716 2514 1771; x_wconf 87' lang='lat' dir='ltr'><strong>visibili</strong></span> <span class='ocrx_word' id='word_1_589' title='bbox 2535 1730 2654 1786; x_wconf 77' lang='lat' dir='ltr'><strong>qua:</strong></span> <span class='ocrx_word' id='word_1_590' title='bbox 2672 1714 2911 1770; x_wconf 90' lang='lat' dir='ltr'><strong>omnium</strong></span> <span class='ocrx_word' id='word_1_591' title='bbox 2936 1715 3182 1770; x_wconf 90' lang='lat' dir='ltr'><strong>colorutn</strong></span> <span class='ocrx_word' id='word_1_592' title='bbox 3212 1713 3367 1768; x_wconf 87' lang='lat' dir='ltr'><strong>habet</strong></span> <span class='ocrx_word' id='word_1_593' title='bbox 3385 1713 3687 1783; x_wconf 80' lang='lat' dir='ltr'><strong>principatum,</strong></span> <span class='ocrx_word' id='word_1_594' title='bbox 3700 1732 3776 1770; x_wconf 78' lang='lat' dir='ltr'><strong>nam</strong></span> 
     </span>
    </p>
   </div>
   <div class='ocr_carea' id='block_1_74' title="bbox 2320 1805 3777 1877">
    <p class='ocr_par' dir='ltr' id='par_1_74' title="bbox 2320 1805 3777 1877">
     <span class='ocr_line' id='line_1_74' title="bbox 2320 1805 3777 1877; baseline 0 -15"><span class='ocrx_word' id='word_1_595' title='bbox 2320 1816 2375 1862; x_wconf 91' lang='lat' dir='ltr'><strong>et</strong></span> <span class='ocrx_word' id='word_1_596' title='bbox 2397 1808 2547 1862; x_wconf 85' lang='lat' dir='ltr'><strong>color</strong></span> <span class='ocrx_word' id='word_1_597' title='bbox 2576 1822 2675 1861; x_wconf 85' lang='lat' dir='ltr'><strong>nos</strong></span> <span class='ocrx_word' id='word_1_598' title='bbox 2707 1806 2935 1862; x_wconf 86' lang='lat' dir='ltr'><strong>delectat</strong></span> <span class='ocrx_word' id='word_1_599' title='bbox 2974 1805 3028 1860; x_wconf 92' lang='lat' dir='ltr'><strong>in</strong></span> <span class='ocrx_word' id='word_1_600' title='bbox 3058 1820 3343 1875; x_wconf 89' lang='lat' dir='ltr'><strong>corporum</strong></span> <span class='ocrx_word' id='word_1_601' title='bbox 3373 1805 3565 1871; x_wconf 77' lang='lat' dir='ltr'><strong>tomis;</strong></span> <span class='ocrx_word' id='word_1_602' title='bbox 3587 1806 3676 1876; x_wconf 83' lang='lat' dir='ltr'><strong>quiti</strong></span> <span class='ocrx_word' id='word_1_603' title='bbox 3696 1822 3777 1877; x_wconf 75' lang='lat' dir='ltr'><strong>ergo</strong></span> 
     </span>
    </p>
   </div>
   <div class='ocr_carea' id='block_1_75' title="bbox 2319 1896 3774 1966">
    <p class='ocr_par' dir='ltr' id='par_1_75' title="bbox 2319 1896 3774 1966">
     <span class='ocr_line' id='line_1_75' title="bbox 2319 1896 3774 1966; baseline -0.001 -13"><span class='ocrx_word' id='word_1_604' title='bbox 2319 1898 2463 1953; x_wconf 85' lang='lat' dir='ltr'><strong>aliud</strong></span> <span class='ocrx_word' id='word_1_605' title='bbox 2502 1899 2555 1953; x_wconf 92' lang='lat' dir='ltr'><strong>in</strong></span> <span class='ocrx_word' id='word_1_606' title='bbox 2592 1899 2712 1953; x_wconf 88' lang='lat' dir='ltr'><strong>luce</strong></span> <span class='ocrx_word' id='word_1_607' title='bbox 2745 1907 2801 1954; x_wconf 88' lang='lat' dir='ltr'><strong>et</strong></span> <span class='ocrx_word' id='word_1_608' title='bbox 2834 1897 3141 1962; x_wconf 83' lang='lat' dir='ltr'><strong>coloribus,</strong></span> <span class='ocrx_word' id='word_1_609' title='bbox 3182 1896 3283 1951; x_wconf 89' lang='lat' dir='ltr'><strong>nisi</strong></span> <span class='ocrx_word' id='word_1_610' title='bbox 3319 1896 3451 1966; x_wconf 89' lang='lat' dir='ltr'><strong>quod</strong></span> <span class='ocrx_word' id='word_1_611' title='bbox 3486 1898 3642 1952; x_wconf 82' lang='lat' dir='ltr'><strong>nostris</strong></span> <span class='ocrx_word' id='word_1_612' title='bbox 3669 1900 3774 1952; x_wconf 78' lang='lat' dir='ltr'><strong>oculis</strong></span> 
     </span>
    </p>
   </div>
   <div class='ocr_carea' id='block_1_76' title="bbox 2319 1986 3773 2062">
    <p class='ocr_par' dir='ltr' id='par_1_76' title="bbox 2319 1986 3773 2062">
     <span class='ocr_line' id='line_1_76' title="bbox 2319 1986 3773 2062; baseline -0.003 -16"><span class='ocrx_word' id='word_1_613' title='bbox 2319 1990 2583 2062; x_wconf 83' lang='lat' dir='ltr'><strong>congruit,</strong></span> <span class='ocrx_word' id='word_1_614' title='bbox 2612 1988 2953 2060; x_wconf 84' lang='lat' dir='ltr'><strong>appetimus?</strong></span> <span class='ocrx_word' id='word_1_615' title='bbox 2980 1989 3193 2045; x_wconf 83' lang='lat' dir='ltr'><strong>Etenim</strong></span> <span class='ocrx_word' id='word_1_616' title='bbox 3220 2004 3251 2043; x_wconf 91' lang='lat' dir='ltr'><strong>a</strong></span> <span class='ocrx_word' id='word_1_617' title='bbox 3277 1986 3435 2043; x_wconf 89' lang='lat' dir='ltr'><strong>nimio</strong></span> <span class='ocrx_word' id='word_1_618' title='bbox 3452 1986 3618 2057; x_wconf 75' lang='lat' dir='ltr'><strong>fulgore</strong></span> <span class='ocrx_word' id='word_1_619' title='bbox 3636 2003 3773 2043; x_wconf 71' lang='lat' dir='ltr'><strong>areis:-</strong></span> 
     </span>
    </p>
   </div>
   <div class='ocr_carea' id='block_1_77' title="bbox 2319 2078 3769 2147">
    <p class='ocr_par' dir='ltr' id='par_1_77' title="bbox 2319 2078 3769 2147">
     <span class='ocr_line' id='line_1_77' title="bbox 2319 2078 3769 2147; baseline -0.002 -10"><span class='ocrx_word' id='word_1_620' title='bbox 2319 2097 2460 2147; x_wconf 90' lang='lat' dir='ltr'><strong>mur,</strong></span> <span class='ocrx_word' id='word_1_621' title='bbox 2486 2091 2543 2137; x_wconf 89' lang='lat' dir='ltr'><strong>et</strong></span> <span class='ocrx_word' id='word_1_622' title='bbox 2577 2082 2734 2137; x_wconf 90' lang='lat' dir='ltr'><strong>nimis</strong></span> <span class='ocrx_word' id='word_1_623' title='bbox 2762 2082 2990 2137; x_wconf 84' lang='lat' dir='ltr'><strong>obscura</strong></span> <span class='ocrx_word' id='word_1_624' title='bbox 3020 2080 3273 2136; x_wconf 89' lang='lat' dir='ltr'><strong>nolumus</strong></span> <span class='ocrx_word' id='word_1_625' title='bbox 3303 2093 3531 2142; x_wconf 87' lang='lat' dir='ltr'><strong>cernere,</strong></span> <span class='ocrx_word' id='word_1_626' title='bbox 3552 2078 3653 2134; x_wconf 86' lang='lat' dir='ltr'><strong>sicut</strong></span> <span class='ocrx_word' id='word_1_627' title='bbox 3672 2080 3769 2134; x_wconf 76' lang='lat' dir='ltr'><strong>etum</strong></span> 
     </span>
    </p>
   </div>
   <div class='ocr_carea' id='block_1_78' title="bbox 2319 2170 3769 2239">
    <p class='ocr_par' dir='ltr' id='par_1_78' title="bbox 2319 2170 3769 2239">
     <span class='ocr_line' id='line_1_78' title="bbox 2319 2170 3769 2239; baseline -0.003 -11"><span class='ocrx_word' id='word_1_628' title='bbox 2319 2173 2374 2228; x_wconf 92' lang='lat' dir='ltr'><strong>in</strong></span> <span class='ocrx_word' id='word_1_629' title='bbox 2398 2174 2546 2229; x_wconf 88' lang='lat' dir='ltr'><strong>sonis</strong></span> <span class='ocrx_word' id='word_1_630' title='bbox 2564 2184 2619 2229; x_wconf 89' lang='lat' dir='ltr'><strong>et</strong></span> <span class='ocrx_word' id='word_1_631' title='bbox 2637 2190 2665 2227; x_wconf 91' lang='lat' dir='ltr'><strong>a</strong></span> <span class='ocrx_word' id='word_1_632' title='bbox 2688 2174 2908 2229; x_wconf 93' lang='lat' dir='ltr'><strong>nimium</strong></span> <span class='ocrx_word' id='word_1_633' title='bbox 2946 2172 3268 2227; x_wconf 88' lang='lat' dir='ltr'><strong>sonantibus</strong></span> <span class='ocrx_word' id='word_1_634' title='bbox 3292 2170 3613 2235; x_wconf 85' lang='lat' dir='ltr'><strong>abborremus,</strong></span> <span class='ocrx_word' id='word_1_635' title='bbox 3628 2179 3665 2224; x_wconf 83' lang='lat' dir='ltr'><strong>et</strong></span> <span class='ocrx_word' id='word_1_636' title='bbox 3680 2170 3769 2239; x_wconf 77' lang='lat' dir='ltr'><strong>quasi</strong></span> 
     </span>
    </p>
   </div>
   <div class='ocr_carea' id='block_1_79' title="bbox 2318 2263 3767 2333">
    <p class='ocr_par' dir='ltr' id='par_1_79' title="bbox 2318 2263 3767 2333">
     <span class='ocr_line' id='line_1_79' title="bbox 2318 2263 3767 2333; baseline -0.003 -11"><span class='ocrx_word' id='word_1_637' title='bbox 2318 2270 2647 2323; x_wconf 72' lang='lat' dir='ltr'><strong>susutrantia</strong></span> <span class='ocrx_word' id='word_1_638' title='bbox 2678 2283 2784 2322; x_wconf 90' lang='lat' dir='ltr'><strong>non</strong></span> <span class='ocrx_word' id='word_1_639' title='bbox 2808 2282 3074 2321; x_wconf 89' lang='lat' dir='ltr'><strong>amamus.</strong></span> <span class='ocrx_word' id='word_1_640' title='bbox 3105 2264 3263 2333; x_wconf 86' lang='lat' dir='ltr'><strong>Quod</strong></span> <span class='ocrx_word' id='word_1_641' title='bbox 3287 2280 3387 2319; x_wconf 92' lang='lat' dir='ltr'><strong>non</strong></span> <span class='ocrx_word' id='word_1_642' title='bbox 3412 2263 3458 2318; x_wconf 91' lang='lat' dir='ltr'><strong>in</strong></span> <span class='ocrx_word' id='word_1_643' title='bbox 3485 2273 3705 2333; x_wconf 86' lang='lat' dir='ltr'><strong>temporum</strong></span> <span class='ocrx_word' id='word_1_644' title='bbox 3720 2264 3767 2317; x_wconf 62' lang='grc' dir='ltr'>ιι.</span> 
     </span>
    </p>
   </div>
   <div class='ocr_carea' id='block_1_80' title="bbox 2318 2355 3769 2429">
    <p class='ocr_par' dir='ltr' id='par_1_80' title="bbox 2318 2355 3769 2429">
     <span class='ocr_line' id='line_1_80' title="bbox 2318 2355 3769 2429; baseline -0.002 -17"><span class='ocrx_word' id='word_1_645' title='bbox 2318 2360 2554 2414; x_wconf 87' lang='lat' dir='ltr'><strong>tervallis</strong></span> <span class='ocrx_word' id='word_1_646' title='bbox 2573 2368 2675 2423; x_wconf 91' lang='lat' dir='ltr'><strong>est,</strong></span> <span class='ocrx_word' id='word_1_647' title='bbox 2701 2359 2793 2413; x_wconf 88' lang='lat' dir='ltr'><strong>sed</strong></span> <span class='ocrx_word' id='word_1_648' title='bbox 2815 2358 2871 2412; x_wconf 89' lang='lat' dir='ltr'><strong>in</strong></span> <span class='ocrx_word' id='word_1_649' title='bbox 2902 2358 3017 2429; x_wconf 87' lang='lat' dir='ltr'><strong>ipso</strong></span> <span class='ocrx_word' id='word_1_650' title='bbox 3050 2372 3209 2423; x_wconf 86' lang='lat' dir='ltr'><strong>sono,</strong></span> <span class='ocrx_word' id='word_1_651' title='bbox 3232 2357 3316 2426; x_wconf 83' lang='lat' dir='ltr'><strong>qui</strong></span> <span class='ocrx_word' id='word_1_652' title='bbox 3335 2355 3469 2427; x_wconf 83' lang='lat' dir='ltr'><strong>quasi</strong></span> <span class='ocrx_word' id='word_1_653' title='bbox 3491 2355 3565 2409; x_wconf 76' lang='lat' dir='ltr'><strong>lux</strong></span> <span class='ocrx_word' id='word_1_654' title='bbox 3584 2356 3769 2410; x_wconf 79' lang='lat' dir='ltr'><strong>esttaliun</strong></span> 
     </span>
    </p>
   </div>
   <div class='ocr_carea' id='block_1_81' title="bbox 2317 2447 3767 2515">
    <p class='ocr_par' dir='ltr' id='par_1_81' title="bbox 2317 2447 3767 2515">
     <span class='ocr_line' id='line_1_81' title="bbox 2317 2447 3767 2515; baseline -0.003 -10"><span class='ocrx_word' id='word_1_655' title='bbox 2317 2465 2685 2515; x_wconf 86' lang='lat' dir='ltr'><strong>numerorum,</strong></span> <span class='ocrx_word' id='word_1_656' title='bbox 2711 2449 2798 2504; x_wconf 92' lang='lat' dir='ltr'><strong>cui</strong></span> <span class='ocrx_word' id='word_1_657' title='bbox 2840 2450 2918 2504; x_wconf 89' lang='lat' dir='ltr'><strong>sic</strong></span> <span class='ocrx_word' id='word_1_658' title='bbox 2944 2458 3030 2504; x_wconf 88' lang='lat' dir='ltr'><strong>est</strong></span> <span class='ocrx_word' id='word_1_659' title='bbox 3061 2449 3380 2504; x_wconf 87' lang='lat' dir='ltr'><strong>contrarium</strong></span> <span class='ocrx_word' id='word_1_660' title='bbox 3404 2447 3639 2510; x_wconf 85' lang='lat' dir='ltr'><strong>silentium,</strong></span> <span class='ocrx_word' id='word_1_661' title='bbox 3659 2457 3695 2501; x_wconf 93' lang='lat' dir='ltr'><strong>ut</strong></span> <span class='ocrx_word' id='word_1_662' title='bbox 3712 2462 3767 2499; x_wconf 81' lang='lat' dir='ltr'><strong>co-</strong></span> 
     </span>
    </p>
   </div>
   <div class='ocr_carea' id='block_1_82' title="bbox 2316 2540 3769 2612">
    <p class='ocr_par' dir='ltr' id='par_1_82' title="bbox 2316 2540 3769 2612">
     <span class='ocr_line' id='line_1_82' title="bbox 2316 2540 3769 2612; baseline -0.006 -13"><span class='ocrx_word' id='word_1_663' title='bbox 2316 2544 2523 2599; x_wconf 87' lang='lat' dir='ltr'><strong>loribus</strong></span> <span class='ocrx_word' id='word_1_664' title='bbox 2552 2542 2807 2598; x_wconf 79' lang='lat' dir='ltr'><strong>tenebrae.</strong></span> <span class='ocrx_word' id='word_1_665' title='bbox 2839 2541 2896 2596; x_wconf 94' lang='lat' dir='ltr'><strong>ln</strong></span> <span class='ocrx_word' id='word_1_666' title='bbox 2933 2541 3016 2598; x_wconf 88' lang='lat' dir='ltr'><strong>his</strong></span> <span class='ocrx_word' id='word_1_667' title='bbox 3052 2556 3186 2612; x_wconf 84' lang='lat' dir='ltr'><strong>ergo</strong></span> <span class='ocrx_word' id='word_1_668' title='bbox 3223 2556 3341 2596; x_wconf 89' lang='lat' dir='ltr'><strong>cum</strong></span> <span class='ocrx_word' id='word_1_669' title='bbox 3377 2540 3769 2610; x_wconf 57' lang='lat' dir='ltr'><strong>appetimusmnver</strong></span> 
     </span>
    </p>
   </div>
   <div class='ocr_carea' id='block_1_83' title="bbox 2318 2631 3767 2705">
    <p class='ocr_par' dir='ltr' id='par_1_83' title="bbox 2318 2631 3767 2705">
     <span class='ocr_line' id='line_1_83' title="bbox 2318 2631 3767 2705; baseline -0.003 -16"><span class='ocrx_word' id='word_1_670' title='bbox 2318 2635 2517 2690; x_wconf 90' lang='lat' dir='ltr'><strong>nientia</strong></span> <span class='ocrx_word' id='word_1_671' title='bbox 2549 2651 2646 2705; x_wconf 93' lang='lat' dir='ltr'><strong>pro</strong></span> <span class='ocrx_word' id='word_1_672' title='bbox 2685 2642 2887 2689; x_wconf 69' lang='lat' dir='ltr'><strong>natura:</strong></span> <span class='ocrx_word' id='word_1_673' title='bbox 2926 2643 3135 2689; x_wconf 57' lang='lat' dir='ltr'><strong>nostra;</strong></span> <span class='ocrx_word' id='word_1_674' title='bbox 3174 2633 3356 2699; x_wconf 91' lang='lat' dir='ltr'><strong>modo,</strong></span> <span class='ocrx_word' id='word_1_675' title='bbox 3392 2642 3440 2689; x_wconf 91' lang='grc' dir='ltr'><strong>ει</strong></span> <span class='ocrx_word' id='word_1_676' title='bbox 3473 2631 3767 2687; x_wconf 76' lang='lat' dir='ltr'><strong>inconvenientia</strong></span> 
     </span>
    </p>
   </div>
   <div class='ocr_carea' id='block_1_84' title="bbox 2316 2724 3767 2799">
    <p class='ocr_par' dir='ltr' id='par_1_84' title="bbox 2316 2724 3767 2799">
     <span class='ocr_line' id='line_1_84' title="bbox 2316 2724 3767 2799; baseline -0.005 -16"><span class='ocrx_word' id='word_1_677' title='bbox 2316 2729 2638 2799; x_wconf 88' lang='lat' dir='ltr'><strong>respuimus,</strong></span> <span class='ocrx_word' id='word_1_678' title='bbox 2661 2742 2780 2798; x_wconf 74' lang='lat' dir='ltr'><strong>qua:</strong></span> <span class='ocrx_word' id='word_1_679' title='bbox 2802 2726 2923 2781; x_wconf 91' lang='lat' dir='ltr'><strong>aliis</strong></span> <span class='ocrx_word' id='word_1_680' title='bbox 2947 2734 3133 2782; x_wconf 87' lang='lat' dir='ltr'><strong>tamen</strong></span> <span class='ocrx_word' id='word_1_681' title='bbox 3161 2724 3456 2781; x_wconf 88' lang='lat' dir='ltr'><strong>animalibus</strong></span> <span class='ocrx_word' id='word_1_682' title='bbox 3471 2724 3685 2779; x_wconf 79' lang='lat' dir='ltr'><strong>convenire</strong></span> <span class='ocrx_word' id='word_1_683' title='bbox 3698 2736 3767 2776; x_wconf 78' lang='lat' dir='ltr'><strong>sett-</strong></span> 
     </span>
    </p>
   </div>
   <div class='ocr_carea' id='block_1_85' title="bbox 2318 2815 3765 2890">
    <p class='ocr_par' dir='ltr' id='par_1_85' title="bbox 2318 2815 3765 2890">
     <span class='ocr_line' id='line_1_85' title="bbox 2318 2815 3765 2890; baseline -0.006 -13"><span class='ocrx_word' id='word_1_684' title='bbox 2318 2824 2481 2877; x_wconf 86' lang='lat' dir='ltr'><strong>timus</strong></span> <span class='ocrx_word' id='word_1_685' title='bbox 2499 2863 2514 2888; x_wconf 90' lang='lat'><strong>,</strong></span> <span class='ocrx_word' id='word_1_686' title='bbox 2543 2837 2721 2876; x_wconf 90' lang='lat' dir='ltr'><strong>nonne</strong></span> <span class='ocrx_word' id='word_1_687' title='bbox 2748 2821 2835 2876; x_wconf 91' lang='lat' dir='ltr'><strong>hic</strong></span> <span class='ocrx_word' id='word_1_688' title='bbox 2859 2821 3021 2875; x_wconf 88' lang='lat' dir='ltr'><strong>etiam</strong></span> <span class='ocrx_word' id='word_1_689' title='bbox 3061 2818 3293 2890; x_wconf 87' lang='lat' dir='ltr'><strong>quodam</strong></span> <span class='ocrx_word' id='word_1_690' title='bbox 3328 2817 3592 2889; x_wconf 66' lang='lat' dir='ltr'><strong>aqualitatis</strong></span> <span class='ocrx_word' id='word_1_691' title='bbox 3607 2816 3688 2885; x_wconf 80' lang='lat' dir='ltr'><strong>jure</strong></span> <span class='ocrx_word' id='word_1_692' title='bbox 3707 2815 3765 2868; x_wconf 69' lang='lat' dir='ltr'><strong>la-</strong></span> 
     </span>
    </p>
   </div>
   <div class='ocr_carea' id='block_1_86' title="bbox 2317 2906 3765 2980">
    <p class='ocr_par' dir='ltr' id='par_1_86' title="bbox 2317 2906 3765 2980">
     <span class='ocr_line' id='line_1_86' title="bbox 2317 2906 3765 2980; baseline -0.009 -10"><span class='ocrx_word' id='word_1_693' title='bbox 2317 2924 2512 2980; x_wconf 85' lang='lat' dir='ltr'><strong>tamur,</strong></span> <span class='ocrx_word' id='word_1_694' title='bbox 2538 2929 2659 2969; x_wconf 91' lang='lat' dir='ltr'><strong>cum</strong></span> <span class='ocrx_word' id='word_1_695' title='bbox 2685 2911 3071 2968; x_wconf 87' lang='lat' dir='ltr'><strong>oceultioribus</strong></span> <span class='ocrx_word' id='word_1_696' title='bbox 3100 2910 3277 2965; x_wconf 83' lang='lat' dir='ltr'><strong>modis</strong></span> <span class='ocrx_word' id='word_1_697' title='bbox 3304 2910 3436 2979; x_wconf 86' lang='lat' dir='ltr'><strong>paria</strong></span> <span class='ocrx_word' id='word_1_698' title='bbox 3459 2907 3623 2978; x_wconf 85' lang='lat' dir='ltr'><strong>paribus</strong></span> <span class='ocrx_word' id='word_1_699' title='bbox 3639 2906 3765 2959; x_wconf 73' lang='lat' dir='ltr'><strong>tributa</strong></span> 
     </span>
    </p>
   </div>
   <div class='ocr_carea' id='block_1_87' title="bbox 2316 2997 3764 3078">
    <p class='ocr_par' dir='ltr' id='par_1_87' title="bbox 2316 2997 3764 3078">
     <span class='ocr_line' id='line_1_87' title="bbox 2316 2997 3764 3078; baseline -0.008 -15"><span class='ocrx_word' id='word_1_700' title='bbox 2316 3022 2439 3064; x_wconf 82' lang='lat' dir='ltr'><strong>esse</strong></span> <span class='ocrx_word' id='word_1_701' title='bbox 2465 3005 2876 3078; x_wconf 75' lang='lat' dir='ltr'><strong>cognoscimus?</strong></span> <span class='ocrx_word' id='word_1_702' title='bbox 2908 3004 3019 3059; x_wconf 85' lang='lat' dir='ltr'><strong>Hoc</strong></span> <span class='ocrx_word' id='word_1_703' title='bbox 3064 3004 3119 3059; x_wconf 92' lang='lat' dir='ltr'><strong>in</strong></span> <span class='ocrx_word' id='word_1_704' title='bbox 3148 3002 3393 3059; x_wconf 89' lang='lat' dir='ltr'><strong>odoribus</strong></span> <span class='ocrx_word' id='word_1_705' title='bbox 3416 3009 3461 3057; x_wconf 85' lang='lat' dir='ltr'><strong>et</strong></span> <span class='ocrx_word' id='word_1_706' title='bbox 3494 3000 3534 3056; x_wconf 86' lang='lat' dir='ltr'><strong>in</strong></span> <span class='ocrx_word' id='word_1_707' title='bbox 3561 2997 3764 3069; x_wconf 72' lang='lat' dir='ltr'><strong>saporibus.</strong></span> 
     </span>
    </p>
   </div>
   <div class='ocr_carea' id='block_1_88' title="bbox 2316 3090 3765 3169">
    <p class='ocr_par' dir='ltr' id='par_1_88' title="bbox 2316 3090 3765 3169">
     <span class='ocr_line' id='line_1_88' title="bbox 2316 3090 3765 3169; baseline -0.011 -14"><span class='ocrx_word' id='word_1_708' title='bbox 2316 3108 2373 3155; x_wconf 86' lang='lat' dir='ltr'><strong>et</strong></span> <span class='ocrx_word' id='word_1_709' title='bbox 2397 3099 2449 3154; x_wconf 81' lang='lat' dir='ltr'><strong>in</strong></span> <span class='ocrx_word' id='word_1_710' title='bbox 2474 3098 2719 3169; x_wconf 85' lang='lat' dir='ltr'><strong>tangendi</strong></span> <span class='ocrx_word' id='word_1_711' title='bbox 2749 3111 2913 3152; x_wconf 89' lang='lat' dir='ltr'><strong>sensu</strong></span> <span class='ocrx_word' id='word_1_712' title='bbox 2932 3095 3363 3151; x_wconf 87' lang='lat' dir='ltr'><strong>animadvertere</strong></span> <span class='ocrx_word' id='word_1_713' title='bbox 3384 3094 3494 3155; x_wconf 86' lang='lat' dir='ltr'><strong>licet,</strong></span> <span class='ocrx_word' id='word_1_714' title='bbox 3513 3104 3598 3160; x_wconf 70' lang='lat' dir='ltr'><strong>qua:</strong></span> <span class='ocrx_word' id='word_1_715' title='bbox 3614 3090 3765 3156; x_wconf 79' lang='lat' dir='ltr'><strong>longum</strong></span> 
     </span>
    </p>
   </div>
   <div class='ocr_carea' id='block_1_89' title="bbox 2315 3180 3764 3260">
    <p class='ocr_par' dir='ltr' id='par_1_89' title="bbox 2315 3180 3764 3260">
     <span class='ocr_line' id='line_1_89' title="bbox 2315 3180 3764 3260; baseline -0.013 -12"><span class='ocrx_word' id='word_1_716' title='bbox 2315 3206 2400 3248; x_wconf 84' lang='lat' dir='ltr'><strong>est</strong></span> <span class='ocrx_word' id='word_1_717' title='bbox 2430 3190 2759 3246; x_wconf 86' lang='lat' dir='ltr'><strong>enucleatius</strong></span> <span class='ocrx_word' id='word_1_718' title='bbox 2799 3187 3085 3260; x_wconf 84' lang='lat' dir='ltr'><strong>persequi.</strong></span> <span class='ocrx_word' id='word_1_719' title='bbox 3118 3187 3215 3243; x_wconf 88' lang='lat' dir='ltr'><strong>sed</strong></span> <span class='ocrx_word' id='word_1_720' title='bbox 3245 3186 3485 3258; x_wconf 77' lang='lat' dir='ltr'><strong>explorate</strong></span> <span class='ocrx_word' id='word_1_721' title='bbox 3511 3180 3764 3237; x_wconf 77' lang='lat' dir='ltr'><strong>facillimum:</strong></span> 
     </span>
    </p>
   </div>
   <div class='ocr_carea' id='block_1_90' title="bbox 2316 3270 3763 3345">
    <p class='ocr_par' dir='ltr' id='par_1_90' title="bbox 2316 3270 3763 3345">
     <span class='ocr_line' id='line_1_90' title="bbox 2316 3270 3763 3345; baseline -0.014 -6"><span class='ocrx_word' id='word_1_722' title='bbox 2316 3284 2446 3340; x_wconf 91' lang='lat' dir='ltr'><strong>nihil</strong></span> <span class='ocrx_word' id='word_1_723' title='bbox 2489 3283 2631 3337; x_wconf 88' lang='lat' dir='ltr'><strong>enim</strong></span> <span class='ocrx_word' id='word_1_724' title='bbox 2660 3290 2744 3336; x_wconf 87' lang='lat' dir='ltr'><strong>est</strong></span> <span class='ocrx_word' id='word_1_725' title='bbox 2782 3280 2973 3335; x_wconf 88' lang='lat' dir='ltr'><strong>horum</strong></span> <span class='ocrx_word' id='word_1_726' title='bbox 3018 3277 3382 3343; x_wconf 84' lang='lat' dir='ltr'><strong>sensibilium,</strong></span> <span class='ocrx_word' id='word_1_727' title='bbox 3420 3272 3528 3345; x_wconf 84' lang='lat' dir='ltr'><strong>quod</strong></span> <span class='ocrx_word' id='word_1_728' title='bbox 3559 3270 3671 3325; x_wconf 85' lang='lat' dir='ltr'><strong>nobis</strong></span> <span class='ocrx_word' id='word_1_729' title='bbox 3695 3283 3763 3321; x_wconf 87' lang='lat' dir='ltr'><strong>non</strong></span> 
     </span>
    </p>
   </div>
   <div class='ocr_carea' id='block_1_91' title="bbox 2316 3365 3763 3447">
    <p class='ocr_par' dir='ltr' id='par_1_91' title="bbox 2316 3365 3763 3447">
     <span class='ocr_line' id='line_1_91' title="bbox 2316 3365 3763 3447; baseline -0.015 -16"><span class='ocrx_word' id='word_1_730' title='bbox 2316 3375 2618 3447; x_wconf 75' lang='lat' dir='ltr'><strong>mqualitate</strong></span> <span class='ocrx_word' id='word_1_731' title='bbox 2643 3381 2735 3427; x_wconf 88' lang='lat' dir='ltr'><strong>aut</strong></span> <span class='ocrx_word' id='word_1_732' title='bbox 2761 3371 3117 3426; x_wconf 88' lang='lat' dir='ltr'><strong>similitudine</strong></span> <span class='ocrx_word' id='word_1_733' title='bbox 3146 3370 3365 3439; x_wconf 85' lang='lat' dir='ltr'><strong>placeat.</strong></span> <span class='ocrx_word' id='word_1_734' title='bbox 3394 3365 3475 3422; x_wconf 87' lang='lat' dir='ltr'><strong>Ubi</strong></span> <span class='ocrx_word' id='word_1_735' title='bbox 3502 3370 3633 3417; x_wconf 79' lang='lat' dir='ltr'><strong>autem</strong></span> <span class='ocrx_word' id='word_1_736' title='bbox 3649 3372 3763 3427; x_wconf 71' lang='lat' dir='ltr'><strong>equa-</strong></span> 
     </span>
    </p>
   </div>
   <div class='ocr_carea' id='block_1_92' title="bbox 2319 3450 3761 3525">
    <p class='ocr_par' dir='ltr' id='par_1_92' title="bbox 2319 3450 3761 3525">
     <span class='ocr_line' id='line_1_92' title="bbox 2319 3450 3761 3525; baseline -0.014 -2"><span class='ocrx_word' id='word_1_737' title='bbox 2319 3468 2441 3523; x_wconf 89' lang='lat' dir='ltr'><strong>litas</strong></span> <span class='ocrx_word' id='word_1_738' title='bbox 2468 3473 2563 3521; x_wconf 87' lang='lat' dir='ltr'><strong>aut</strong></span> <span class='ocrx_word' id='word_1_739' title='bbox 2584 3464 2896 3525; x_wconf 89' lang='lat' dir='ltr'><strong>similitudo,</strong></span> <span class='ocrx_word' id='word_1_740' title='bbox 2927 3462 2999 3516; x_wconf 88' lang='lat' dir='ltr'><strong>ibi</strong></span> <span class='ocrx_word' id='word_1_741' title='bbox 3031 3461 3413 3521; x_wconf 84' lang='lat' dir='ltr'><strong>numerositas;</strong></span> <span class='ocrx_word' id='word_1_742' title='bbox 3442 3454 3546 3511; x_wconf 87' lang='lat' dir='ltr'><strong>nihil</strong></span> <span class='ocrx_word' id='word_1_743' title='bbox 3565 3450 3761 3521; x_wconf 66' lang='lat' dir='ltr'><strong>estquippt</strong></span> 
     </span>
    </p>
   </div>
   <div class='ocr_carea' id='block_1_93' title="bbox 2318 3539 3759 3628">
    <p class='ocr_par' dir='ltr' id='par_1_93' title="bbox 2318 3539 3759 3628">
     <span class='ocr_line' id='line_1_93' title="bbox 2318 3539 3759 3628; baseline -0.016 -14"><span class='ocrx_word' id='word_1_744' title='bbox 2318 3567 2425 3614; x_wconf 90' lang='lat' dir='ltr'><strong>tam</strong></span> <span class='ocrx_word' id='word_1_745' title='bbox 2447 3556 2652 3628; x_wconf 74' lang='lat' dir='ltr'><strong>:cquale</strong></span> <span class='ocrx_word' id='word_1_746' title='bbox 2676 3563 2768 3611; x_wconf 88' lang='lat' dir='ltr'><strong>aut</strong></span> <span class='ocrx_word' id='word_1_747' title='bbox 2790 3555 2964 3609; x_wconf 89' lang='lat' dir='ltr'><strong>simile</strong></span> <span class='ocrx_word' id='word_1_748' title='bbox 2984 3569 3152 3624; x_wconf 84' lang='lat' dir='ltr'><strong>quam</strong></span> <span class='ocrx_word' id='word_1_749' title='bbox 3176 3566 3334 3607; x_wconf 89' lang='lat' dir='ltr'><strong>unum</strong></span> <span class='ocrx_word' id='word_1_750' title='bbox 3357 3558 3406 3606; x_wconf 86' lang='lat' dir='ltr'><strong>et</strong></span> <span class='ocrx_word' id='word_1_751' title='bbox 3425 3560 3554 3604; x_wconf 90' lang='lat' dir='ltr'><strong>unum</strong></span> <span class='ocrx_word' id='word_1_752' title='bbox 3576 3542 3672 3599; x_wconf 87' lang='lat' dir='ltr'><strong>:oisi</strong></span> <span class='ocrx_word' id='word_1_753' title='bbox 3685 3539 3759 3610; x_wconf 76' lang='lat' dir='ltr'><strong>quid</strong></span> 
     </span>
    </p>
   </div>
   <div class='ocr_carea' id='block_1_94' title="bbox 2318 3644 3403 3706">
    <p class='ocr_par' dir='ltr' id='par_1_94' title="bbox 2318 3644 3403 3706">
     <span class='ocr_line' id='line_1_94' title="bbox 2318 3644 3403 3706; baseline -0.01 -1"><span class='ocrx_word' id='word_1_754' title='bbox 2318 3650 2484 3706; x_wconf 89' lang='lat' dir='ltr'><strong>habes</strong></span> <span class='ocrx_word' id='word_1_755' title='bbox 2507 3648 2573 3703; x_wconf 87' lang='lat' dir='ltr'><strong>ad</strong></span> <span class='ocrx_word' id='word_1_756' title='bbox 2600 3648 2733 3703; x_wconf 77' lang='lat' dir='ltr'><strong>hzcc.</strong></span> <span class='ocrx_word' id='word_1_757' title='bbox 2765 3646 2836 3700; x_wconf 78' lang='grc' dir='ltr'><em>Β.</em></span> <span class='ocrx_word' id='word_1_758' title='bbox 2867 3646 3107 3702; x_wconf 85' lang='lat' dir='ltr'><strong>Omnino</strong></span> <span class='ocrx_word' id='word_1_759' title='bbox 3135 3644 3403 3701; x_wconf 88' lang='lat' dir='ltr'><strong>assentior.</strong></span> 
     </span>
    </p>
   </div>
   <div class='ocr_carea' id='block_1_95' title="bbox 2391 3722 3759 3807">
    <p class='ocr_par' dir='ltr' id='par_1_95' title="bbox 2391 3722 3759 3807">
     <span class='ocr_line' id='line_1_95' title="bbox 2391 3722 3759 3807; baseline -0.018 -11"><span class='ocrx_word' id='word_1_760' title='bbox 2391 3741 2481 3796; x_wconf 76' lang='lat'><strong>59.</strong></span> <span class='ocrx_word' id='word_1_761' title='bbox 2512 3739 2588 3795; x_wconf 77' lang='grc' dir='ltr'><em>Μ.</em></span> <span class='ocrx_word' id='word_1_762' title='bbox 2609 3738 2784 3805; x_wconf 85' lang='lat' dir='ltr'><strong>Quid?</strong></span> <span class='ocrx_word' id='word_1_763' title='bbox 2811 3737 3063 3807; x_wconf 85' lang='lat' dir='ltr'><strong>superior</strong></span> <span class='ocrx_word' id='word_1_764' title='bbox 3080 3735 3169 3791; x_wconf 89' lang='lat' dir='ltr'><strong>illa</strong></span> <span class='ocrx_word' id='word_1_765' title='bbox 3192 3732 3420 3790; x_wconf 86' lang='lat' dir='ltr'><strong>tractatio</strong></span> <span class='ocrx_word' id='word_1_766' title='bbox 3441 3741 3581 3783; x_wconf 88' lang='lat' dir='ltr'><strong>nonne</strong></span> <span class='ocrx_word' id='word_1_767' title='bbox 3594 3722 3759 3796; x_wconf 76' lang='lat' dir='ltr'><strong>persuasit</strong></span> 
     </span>
    </p>
   </div>
   <div class='ocr_carea' id='block_1_96' title="bbox 2319 3824 3757 3901">
    <p class='ocr_par' dir='ltr' id='par_1_96' title="bbox 2319 3824 3757 3901">
     <span class='ocr_line' id='line_1_96' title="bbox 2319 3824 3757 3901; baseline -0.015 -13"><span class='ocrx_word' id='word_1_768' title='bbox 2319 3833 2475 3888; x_wconf 90' lang='lat' dir='ltr'><strong>nobis</strong></span> <span class='ocrx_word' id='word_1_769' title='bbox 2498 3846 2657 3901; x_wconf 79' lang='lat' dir='ltr'><strong>agere</strong></span> <span class='ocrx_word' id='word_1_770' title='bbox 2686 3830 2800 3884; x_wconf 81' lang='lat' dir='ltr'><strong>haec</strong></span> <span class='ocrx_word' id='word_1_771' title='bbox 2824 3830 3059 3883; x_wconf 88' lang='lat' dir='ltr'><strong>animam</strong></span> <span class='ocrx_word' id='word_1_772' title='bbox 3092 3827 3146 3882; x_wconf 92' lang='lat' dir='ltr'><strong>in</strong></span> <span class='ocrx_word' id='word_1_773' title='bbox 3176 3824 3482 3895; x_wconf 86' lang='lat' dir='ltr'><strong>corporibus,</strong></span> <span class='ocrx_word' id='word_1_774' title='bbox 3504 3834 3585 3874; x_wconf 84' lang='lat' dir='ltr'><strong>non</strong></span> <span class='ocrx_word' id='word_1_775' title='bbox 3602 3832 3624 3869; x_wconf 77' lang='grc' dir='ltr'><strong>ιι</strong></span> <span class='ocrx_word' id='word_1_776' title='bbox 3642 3824 3757 3881; x_wconf 84' lang='lat' dir='ltr'><strong>corpo-</strong></span> 
     </span>
    </p>
   </div>
   <div class='ocr_carea' id='block_1_97' title="bbox 2319 3902 3757 3993">
    <p class='ocr_par' dir='ltr' id='par_1_97' title="bbox 2319 3902 3757 3993">
     <span class='ocr_line' id='line_1_97' title="bbox 2319 3902 3757 3993; baseline -0.018 -13"><span class='ocrx_word' id='word_1_777' title='bbox 2319 3925 2469 3980; x_wconf 90' lang='lat' dir='ltr'><strong>ribus</strong></span> <span class='ocrx_word' id='word_1_778' title='bbox 2496 3922 2638 3993; x_wconf 85' lang='lat' dir='ltr'><strong>pati?</strong></span> <span class='ocrx_word' id='word_1_779' title='bbox 2663 3920 2733 3975; x_wconf 87' lang='lat' dir='ltr'><strong>D.</strong></span> <span class='ocrx_word' id='word_1_780' title='bbox 2766 3921 3040 3977; x_wconf 87' lang='lat' dir='ltr'><strong>Persuasit</strong></span> <span class='ocrx_word' id='word_1_781' title='bbox 3069 3934 3221 3975; x_wconf 88' lang='lat' dir='ltr'><strong>sane.</strong></span> <span class='ocrx_word' id='word_1_782' title='bbox 3246 3915 3322 3971; x_wconf 76' lang='grc' dir='ltr'><em>Μ.</em></span> <span class='ocrx_word' id='word_1_783' title='bbox 3350 3916 3495 3971; x_wconf 79' lang='lat' dir='ltr'><strong>Amor</strong></span> <span class='ocrx_word' id='word_1_784' title='bbox 3514 3902 3757 3982; x_wconf 77' lang='lat' dir='ltr'><strong>igituragendi</strong></span> 
     </span>
    </p>
   </div>
   <div class='ocr_carea' id='block_1_98' title="bbox 2322 3994 3757 4081">
    <p class='ocr_par' dir='ltr' id='par_1_98' title="bbox 2322 3994 3757 4081">
     <span class='ocr_line' id='line_1_98' title="bbox 2322 3994 3757 4081; baseline -0.011 -11"><span class='ocrx_word' id='word_1_785' title='bbox 2322 4016 2579 4070; x_wconf 86' lang='lat' dir='ltr'><strong>adversus</strong></span> <span class='ocrx_word' id='word_1_786' title='bbox 2607 4012 2954 4068; x_wconf 84' lang='lat' dir='ltr'><strong>succedentes</strong></span> <span class='ocrx_word' id='word_1_787' title='bbox 2985 4012 3264 4081; x_wconf 88' lang='lat' dir='ltr'><strong>passiones</strong></span> <span class='ocrx_word' id='word_1_788' title='bbox 3298 4005 3513 4077; x_wconf 88' lang='lat' dir='ltr'><strong>corporis</strong></span> <span class='ocrx_word' id='word_1_789' title='bbox 3533 4004 3611 4062; x_wconf 84' lang='lat' dir='ltr'><strong>sui,</strong></span> <span class='ocrx_word' id='word_1_790' title='bbox 3630 3994 3757 4051; x_wconf 65' lang='lat' dir='ltr'><strong>avellit</strong></span> 
     </span>
    </p>
   </div>
   <div class='ocr_carea' id='block_1_99' title="bbox 2320 4064 3783 4173">
    <p class='ocr_par' dir='ltr' id='par_1_99' title="bbox 2320 4064 3783 4173">
     <span class='ocr_line' id='line_1_99' title="bbox 2320 4064 3783 4173; baseline -0.016 -12"><span class='ocrx_word' id='word_1_791' title='bbox 2320 4110 2555 4162; x_wconf 88' lang='lat' dir='ltr'><strong>animam</strong></span> <span class='ocrx_word' id='word_1_792' title='bbox 2590 4122 2620 4161; x_wconf 87' lang='lat' dir='ltr'><strong>a</strong></span> <span class='ocrx_word' id='word_1_793' title='bbox 2654 4102 3111 4173; x_wconf 88' lang='lat' dir='ltr'><strong>contemplatione</strong></span> <span class='ocrx_word' id='word_1_794' title='bbox 3141 4110 3474 4161; x_wconf 61' lang='lat' dir='ltr'><strong>artemorum,</strong></span> <span class='ocrx_word' id='word_1_795' title='bbox 3500 4087 3684 4149; x_wconf 78' lang='lat' dir='ltr'><strong>sensibilis</strong></span> <span class='ocrx_word' id='word_1_796' title='bbox 3702 4064 3783 4157; x_wconf 51' lang='lat' dir='ltr'><strong>rei</strong></span> 
     </span>
    </p>
   </div>
   <div class='ocr_carea' id='block_1_100' title="bbox 2321 4185 3783 4272">
    <p class='ocr_par' dir='ltr' id='par_1_100' title="bbox 2321 4185 3783 4272">
     <span class='ocr_line' id='line_1_100' title="bbox 2321 4185 3783 4272; baseline -0.02 -16"><span class='ocrx_word' id='word_1_797' title='bbox 2321 4200 2538 4272; x_wconf 89' lang='lat' dir='ltr'><strong>luptatis</strong></span> <span class='ocrx_word' id='word_1_798' title='bbox 2572 4215 2697 4256; x_wconf 86' lang='lat' dir='ltr'><strong>cura</strong></span> <span class='ocrx_word' id='word_1_799' title='bbox 2742 4199 2859 4267; x_wconf 84' lang='lat' dir='ltr'><strong>ejus</strong></span> <span class='ocrx_word' id='word_1_800' title='bbox 2895 4211 3134 4252; x_wconf 83' lang='lat' dir='ltr'><strong>avocans</strong></span> <span class='ocrx_word' id='word_1_801' title='bbox 3170 4194 3489 4250; x_wconf 87' lang='lat' dir='ltr'><strong>intentionem</strong></span> <span class='ocrx_word' id='word_1_802' title='bbox 3521 4185 3627 4239; x_wconf 88' lang='lat' dir='ltr'><strong>:boc</strong></span> <span class='ocrx_word' id='word_1_803' title='bbox 3650 4187 3783 4272; x_wconf 60' lang='lat' dir='ltr'><strong>auten</strong></span> 
     </span>
    </p>
   </div>
   <div class='ocr_carea' id='block_1_101' title="bbox 2320 4262 3783 4363">
    <p class='ocr_par' dir='ltr' id='par_1_101' title="bbox 2320 4262 3783 4363">
     <span class='ocr_line' id='line_1_101' title="bbox 2320 4262 3783 4363; baseline -0.02 -17"><span class='ocrx_word' id='word_1_804' title='bbox 2320 4293 2428 4363; x_wconf 86' lang='lat' dir='ltr'><strong>agit</strong></span> <span class='ocrx_word' id='word_1_805' title='bbox 2467 4288 2841 4346; x_wconf 88' lang='lat' dir='ltr'><strong>occursoribus</strong></span> <span class='ocrx_word' id='word_1_806' title='bbox 2887 4286 3148 4342; x_wconf 89' lang='lat' dir='ltr'><strong>numeris.</strong></span> <span class='ocrx_word' id='word_1_807' title='bbox 3197 4282 3396 4339; x_wconf 84' lang='lat' dir='ltr'><strong>Avertit</strong></span> <span class='ocrx_word' id='word_1_808' title='bbox 3434 4278 3562 4334; x_wconf 84' lang='lat' dir='ltr'><strong>etiam</strong></span> <span class='ocrx_word' id='word_1_809' title='bbox 3592 4282 3693 4325; x_wconf 84' lang='lat' dir='ltr'><strong>amor</strong></span> <span class='ocrx_word' id='word_1_810' title='bbox 3720 4262 3759 4317; x_wconf 79' lang='lat' dir='ltr'><strong>de</strong></span> 
     </span>
    </p>
   </div>
   <div class='ocr_carea' id='block_1_102' title="bbox 2321 4365 3783 4457">
    <p class='ocr_par' dir='ltr' id='par_1_102' title="bbox 2321 4365 3783 4457">
     <span class='ocr_line' id='line_1_102' title="bbox 2321 4365 3783 4457; baseline -0.018 -14"><span class='ocrx_word' id='word_1_811' title='bbox 2321 4384 2637 4457; x_wconf 80' lang='lat' dir='ltr'><strong>Corporibus</strong></span> <span class='ocrx_word' id='word_1_812' title='bbox 2676 4381 2961 4452; x_wconf 88' lang='lat' dir='ltr'><strong>operandi,</strong></span> <span class='ocrx_word' id='word_1_813' title='bbox 2997 4389 3053 4435; x_wconf 91' lang='grc' dir='ltr'><strong>ει</strong></span> <span class='ocrx_word' id='word_1_814' title='bbox 3084 4378 3365 4450; x_wconf 86' lang='lat' dir='ltr'><strong>inquietam</strong></span> <span class='ocrx_word' id='word_1_815' title='bbox 3400 4372 3533 4428; x_wconf 81' lang='lat' dir='ltr'><strong>facit:</strong></span> <span class='ocrx_word' id='word_1_816' title='bbox 3557 4365 3783 4457; x_wconf 18' lang='lat' dir='ltr'><strong>hortantem}</strong></span> 
     </span>
    </p>
   </div>
   <div class='ocr_carea' id='block_1_103' title="bbox 2322 4450 3761 4549">
    <p class='ocr_par' dir='ltr' id='par_1_103' title="bbox 2322 4450 3761 4549">
     <span class='ocr_line' id='line_1_103' title="bbox 2322 4450 3761 4549; baseline -0.02 -14"><span class='ocrx_word' id='word_1_817' title='bbox 2322 4450 2436 4549; x_wconf 75' lang='lat' dir='ltr'><strong>agit</strong></span> <span class='ocrx_word' id='word_1_818' title='bbox 2456 4450 2885 4549; x_wconf 81' lang='lat' dir='ltr'><strong>progressoribus</strong></span> <span class='ocrx_word' id='word_1_819' title='bbox 2911 4472 3169 4527; x_wconf 89' lang='lat' dir='ltr'><strong>numeris.</strong></span> <span class='ocrx_word' id='word_1_820' title='bbox 3198 4470 3443 4524; x_wconf 83' lang='lat' dir='ltr'><strong>Avertttnt</strong></span> <span class='ocrx_word' id='word_1_821' title='bbox 3474 4450 3686 4533; x_wconf 64' lang='lat' dir='ltr'><strong>phantasie</strong></span> <span class='ocrx_word' id='word_1_822' title='bbox 3712 4456 3761 4548; x_wconf 61' lang='grc' dir='ltr'>ιι·</span> 
     </span>
    </p>
   </div>
   <div class='ocr_carea' id='block_1_104' title="bbox 2321 4540 3758 4642">
    <p class='ocr_par' dir='ltr' id='par_1_104' title="bbox 2321 4540 3758 4642">
     <span class='ocr_line' id='line_1_104' title="bbox 2321 4540 3758 4642; baseline -0.019 -20"><span class='ocrx_word' id='word_1_823' title='bbox 2321 4540 2427 4642; x_wconf 70' lang='lat' dir='ltr'><strong>que</strong></span> <span class='ocrx_word' id='word_1_824' title='bbox 2452 4540 2820 4640; x_wconf 68' lang='lat' dir='ltr'><strong>phantasmata</strong></span> <span class='ocrx_word' id='word_1_825' title='bbox 2844 4583 2857 4620; x_wconf 92' lang='lat'>:</span> <span class='ocrx_word' id='word_1_826' title='bbox 2879 4574 2934 4621; x_wconf 88' lang='lat' dir='ltr'><strong>et</strong></span> <span class='ocrx_word' id='word_1_827' title='bbox 2954 4565 3068 4619; x_wconf 70' lang='lat' dir='ltr'><strong>lucc</strong></span> <span class='ocrx_word' id='word_1_828' title='bbox 3088 4562 3197 4634; x_wconf 88' lang='lat' dir='ltr'><strong>agit</strong></span> <span class='ocrx_word' id='word_1_829' title='bbox 3215 4540 3758 4642; x_wconf 65' lang='lat' dir='ltr'><strong>recordabilibustutmeris.</strong></span> 
     </span>
    </p>
   </div>
   <div class='ocr_carea' id='block_1_105' title="bbox 2322 4632 3757 4732">
    <p class='ocr_par' dir='ltr' id='par_1_105' title="bbox 2322 4632 3757 4732">
     <span class='ocr_line' id='line_1_105' title="bbox 2322 4632 3757 4732; baseline -0.024 -13"><span class='ocrx_word' id='word_1_830' title='bbox 2322 4663 2530 4719; x_wconf 84' lang='lat' dir='ltr'><strong>Avertit</strong></span> <span class='ocrx_word' id='word_1_831' title='bbox 2567 4660 2797 4730; x_wconf 87' lang='lat' dir='ltr'><strong>denique</strong></span> <span class='ocrx_word' id='word_1_832' title='bbox 2832 4672 2986 4713; x_wconf 89' lang='lat' dir='ltr'><strong>amor</strong></span> <span class='ocrx_word' id='word_1_833' title='bbox 3024 4632 3321 4709; x_wconf 69' lang='lat' dir='ltr'><strong>vanissima&#39;</strong></span> <span class='ocrx_word' id='word_1_834' title='bbox 3360 4640 3618 4719; x_wconf 76' lang='lat' dir='ltr'><strong>Cognitionis</strong></span> <span class='ocrx_word' id='word_1_835' title='bbox 3646 4632 3757 4732; x_wconf 61' lang='lat' dir='ltr'><strong>talium</strong></span> 
     </span>
    </p>
   </div>
   <div class='ocr_carea' id='block_1_106' title="bbox 2322 4729 3757 4822">
    <p class='ocr_par' dir='ltr' id='par_1_106' title="bbox 2322 4729 3757 4822">
     <span class='ocr_line' id='line_1_106' title="bbox 2322 4729 3757 4822; baseline -0.016 -10"><span class='ocrx_word' id='word_1_836' title='bbox 2322 4771 2501 4812; x_wconf 87' lang='lat' dir='ltr'><strong>rerum</strong></span> <span class='ocrx_word' id='word_1_837' title='bbox 2533 4772 2546 4809; x_wconf 89' lang='lat'><strong>:</strong></span> <span class='ocrx_word' id='word_1_838' title='bbox 2578 4763 2635 4809; x_wconf 86' lang='lat' dir='ltr'><strong>et</strong></span> <span class='ocrx_word' id='word_1_839' title='bbox 2666 4729 2768 4807; x_wconf 89' lang='lat' dir='ltr'><strong>hoc</strong></span> <span class='ocrx_word' id='word_1_840' title='bbox 2794 4751 2903 4822; x_wconf 85' lang='lat' dir='ltr'><strong>agit</strong></span> <span class='ocrx_word' id='word_1_841' title='bbox 2930 4747 3262 4805; x_wconf 85' lang='lat' dir='ltr'><strong>sensualibus</strong></span> <span class='ocrx_word' id='word_1_842' title='bbox 3296 4740 3528 4802; x_wconf 90' lang='lat' dir='ltr'><strong>numeris,</strong></span> <span class='ocrx_word' id='word_1_843' title='bbox 3559 4729 3757 4822; x_wconf 63' lang='lat' dir='ltr'><strong>thilell‘</strong></span> 
     </span>
    </p>
   </div>
   <div class='ocr_carea' id='block_1_107' title="bbox 2324 4819 3757 4916">
    <p class='ocr_par' dir='ltr' id='par_1_107' title="bbox 2324 4819 3757 4916">
     <span class='ocr_line' id='line_1_107' title="bbox 2324 4819 3757 4916; baseline -0.018 -15"><span class='ocrx_word' id='word_1_844' title='bbox 2324 4854 2449 4901; x_wconf 90' lang='lat' dir='ltr'><strong>sunt</strong></span> <span class='ocrx_word' id='word_1_845' title='bbox 2467 4845 2616 4916; x_wconf 85' lang='lat' dir='ltr'><strong>quasi</strong></span> <span class='ocrx_word' id='word_1_846' title='bbox 2634 4819 3096 4913; x_wconf 33' lang='lat' dir='ltr'><strong>regulae&#39;qutedam</strong></span> <span class='ocrx_word' id='word_1_847' title='bbox 3118 4838 3247 4893; x_wconf 88' lang='lat' dir='ltr'><strong>artis</strong></span> <span class='ocrx_word' id='word_1_848' title='bbox 3267 4832 3528 4889; x_wconf 85' lang='lat' dir='ltr'><strong>imitatione</strong></span> <span class='ocrx_word' id='word_1_849' title='bbox 3545 4819 3757 4916; x_wconf 50' lang='lat' dir='ltr'><strong>gaudeam:</strong></span> 
     </span>
    </p>
   </div>
   <div class='ocr_carea' id='block_1_108' title="bbox 2325 4910 3757 5001">
    <p class='ocr_par' dir='ltr' id='par_1_108' title="bbox 2325 4910 3757 5001">
     <span class='ocr_line' id='line_1_108' title="bbox 2325 4910 3757 5001; baseline -0.023 -6"><span class='ocrx_word' id='word_1_850' title='bbox 2325 4948 2380 4995; x_wconf 89' lang='lat' dir='ltr'><strong>et</strong></span> <span class='ocrx_word' id='word_1_851' title='bbox 2401 4954 2469 4995; x_wconf 83' lang='lat' dir='ltr'><strong>ex</strong></span> <span class='ocrx_word' id='word_1_852' title='bbox 2490 4939 2572 4993; x_wconf 90' lang='lat' dir='ltr'><strong>his</strong></span> <span class='ocrx_word' id='word_1_853' title='bbox 2596 4936 2877 4993; x_wconf 89' lang='lat' dir='ltr'><strong>curiositas</strong></span> <span class='ocrx_word' id='word_1_854' title='bbox 2905 4933 3138 4990; x_wconf 86' lang='lat' dir='ltr'><strong>nascitur</strong></span> <span class='ocrx_word' id='word_1_855' title='bbox 3158 4932 3269 5001; x_wconf 90' lang='lat' dir='ltr'><strong>ipso</strong></span> <span class='ocrx_word' id='word_1_856' title='bbox 3286 4942 3417 4982; x_wconf 75' lang='lat' dir='ltr'><strong>cura:</strong></span> <span class='ocrx_word' id='word_1_857' title='bbox 3439 4918 3612 4978; x_wconf 85' lang='lat' dir='ltr'><strong>nomine</strong></span> <span class='ocrx_word' id='word_1_858' title='bbox 3628 4910 3757 4966; x_wconf 66' lang='lat' dir='ltr'><strong>inimta</strong></span> 
     </span>
    </p>
   </div>
   <div class='ocr_carea' id='block_1_109' title="bbox 2326 5018 3704 5099">
    <p class='ocr_par' dir='ltr' id='par_1_109' title="bbox 2326 5018 3704 5099">
     <span class='ocr_line' id='line_1_109' title="bbox 2326 5018 3704 5099; baseline -0.019 -9"><span class='ocrx_word' id='word_1_859' title='bbox 2326 5032 2613 5096; x_wconf 87' lang='lat' dir='ltr'><strong>securitati,</strong></span> <span class='ocrx_word' id='word_1_860' title='bbox 2644 5038 2699 5085; x_wconf 90' lang='lat' dir='ltr'><strong>et</strong></span> <span class='ocrx_word' id='word_1_861' title='bbox 2724 5028 2954 5083; x_wconf 84' lang='lat' dir='ltr'><strong>vanitate</strong></span> <span class='ocrx_word' id='word_1_862' title='bbox 2980 5026 3149 5095; x_wconf 91' lang='lat' dir='ltr'><strong>impos</strong></span> <span class='ocrx_word' id='word_1_863' title='bbox 3178 5019 3397 5077; x_wconf 89' lang='lat' dir='ltr'><strong>veritatis</strong></span> <span class='ocrx_word' id='word_1_864' title='bbox 3412 5018 3447 5069; x_wconf 78' lang='grc' dir='ltr'><em>ί.</em></span> <span class='ocrx_word' id='word_1_865' title='bbox 3697 5090 3704 5099; x_wconf 40' lang='grc'>.</span> 
     </span>
    </p>
   </div>
   <div class='ocr_carea' id='block_1_110' title="bbox 2397 5098 3752 5192">
    <p class='ocr_par' dir='ltr' id='par_1_110' title="bbox 2397 5098 3752 5192">
     <span class='ocr_line' id='line_1_110' title="bbox 2397 5098 3752 5192; baseline -0.018 -13"><span class='ocrx_word' id='word_1_866' title='bbox 2397 5124 2488 5179; x_wconf 69' lang='grc'><strong>40.</strong></span> <span class='ocrx_word' id='word_1_867' title='bbox 2536 5122 2815 5179; x_wconf 84' lang='lat' dir='ltr'><strong>Generalis</strong></span> <span class='ocrx_word' id='word_1_868' title='bbox 2848 5134 2975 5175; x_wconf 91' lang='lat' dir='ltr'><strong>vero</strong></span> <span class='ocrx_word' id='word_1_869' title='bbox 3012 5133 3162 5172; x_wconf 86' lang='lat' dir='ltr'><strong>amor</strong></span> <span class='ocrx_word' id='word_1_870' title='bbox 3194 5110 3428 5170; x_wconf 87' lang='lat' dir='ltr'><strong>actionis.</strong></span> <span class='ocrx_word' id='word_1_871' title='bbox 3463 5118 3562 5176; x_wconf 74' lang='lat' dir='ltr'><strong>qua:</strong></span> 
     </span>
    </p>
   </div>
   <div class='ocr_carea' id='block_1_111' title="bbox 2327 5188 3752 5287">
    <p class='ocr_par' dir='ltr' id='par_1_111' title="bbox 2327 5188 3752 5287">
     <span class='ocr_line' id='line_1_111' title="bbox 2327 5188 3752 5287; baseline -0.023 -15"><span class='ocrx_word' id='word_1_872' title='bbox 2327 5233 2476 5283; x_wconf 87' lang='lat' dir='ltr'><strong>vero,</strong></span> <span class='ocrx_word' id='word_1_873' title='bbox 2498 5232 2527 5270; x_wconf 92' lang='lat' dir='ltr'><strong>a</strong></span> <span class='ocrx_word' id='word_1_874' title='bbox 2548 5214 2793 5287; x_wconf 89' lang='lat' dir='ltr'><strong>superbia</strong></span> <span class='ocrx_word' id='word_1_875' title='bbox 2817 5210 3182 5283; x_wconf 82' lang='lat' dir='ltr'><strong>proﬁciscitur,</strong></span> <span class='ocrx_word' id='word_1_876' title='bbox 3210 5218 3311 5276; x_wconf 88' lang='lat' dir='ltr'><strong>quo</strong></span> <span class='ocrx_word' id='word_1_877' title='bbox 3333 5199 3449 5255; x_wconf 84' lang='lat' dir='ltr'><strong>vitio</strong></span> <span class='ocrx_word' id='word_1_878' title='bbox 3473 5198 3606 5250; x_wconf 86' lang='lat' dir='ltr'><strong>Deum</strong></span> <span class='ocrx_word' id='word_1_879' title='bbox 3623 5188 3752 5287; x_wconf 43' lang='lat' dir='ltr'><strong>imitat}</strong></span> 
     </span>
    </p>
   </div>
   <div class='ocr_carea' id='block_1_112' title="bbox 2327 5284 3753 5383">
    <p class='ocr_par' dir='ltr' id='par_1_112' title="bbox 2327 5284 3753 5383">
     <span class='ocr_line' id='line_1_112' title="bbox 2327 5284 3753 5383; baseline -0.024 -15"><span class='ocrx_word' id='word_1_880' title='bbox 2327 5327 2485 5383; x_wconf 89' lang='lat' dir='ltr'><strong>quam</strong></span> <span class='ocrx_word' id='word_1_881' title='bbox 2518 5284 2630 5364; x_wconf 77' lang='lat' dir='ltr'><strong>Deo</strong></span> <span class='ocrx_word' id='word_1_882' title='bbox 2655 5307 2857 5364; x_wconf 84' lang='lat' dir='ltr'><strong>servire</strong></span> <span class='ocrx_word' id='word_1_883' title='bbox 2884 5305 3056 5360; x_wconf 89' lang='lat' dir='ltr'><strong>anima</strong></span> <span class='ocrx_word' id='word_1_884' title='bbox 3101 5300 3297 5356; x_wconf 86' lang='lat' dir='ltr'><strong>maluit.</strong></span> <span class='ocrx_word' id='word_1_885' title='bbox 3340 5295 3484 5349; x_wconf 76' lang='lat' dir='ltr'><strong>[lecte</strong></span> 
     </span>
    </p>
   </div>
   <div class='ocr_carea' id='block_1_113' title="bbox 2330 5370 3753 5476">
    <p class='ocr_par' dir='ltr' id='par_1_113' title="bbox 2330 5370 3753 5476">
     <span class='ocr_line' id='line_1_113' title="bbox 2330 5370 3753 5476; baseline -0.025 -14"><span class='ocrx_word' id='word_1_886' title='bbox 2330 5370 2476 5476; x_wconf 68' lang='lat' dir='ltr'><strong>[itum</strong></span> <span class='ocrx_word' id='word_1_887' title='bbox 2502 5410 2583 5457; x_wconf 88' lang='lat' dir='ltr'><strong>est</strong></span> <span class='ocrx_word' id='word_1_888' title='bbox 2608 5401 2661 5456; x_wconf 94' lang='lat' dir='ltr'><strong>in</strong></span> <span class='ocrx_word' id='word_1_889' title='bbox 2688 5398 2883 5453; x_wconf 86' lang='lat' dir='ltr'><strong>sanctis</strong></span> <span class='ocrx_word' id='word_1_890' title='bbox 2922 5394 3090 5451; x_wconf 88' lang='lat' dir='ltr'><strong>Libris</strong></span> <span class='ocrx_word' id='word_1_891' title='bbox 3126 5409 3139 5445; x_wconf 91' lang='lat'>:</span> <span class='ocrx_word' id='word_1_892' title='bbox 3170 5389 3369 5444; x_wconf 80' lang='lat' dir='ltr'><strong>Initium</strong></span> <span class='ocrx_word' id='word_1_893' title='bbox 3401 5376 3605 5476; x_wconf 63' lang='lat' dir='ltr'><strong>superbit:</strong></span> <span class='ocrx_word' id='word_1_894' title='bbox 3624 5370 3753 5476; x_wconf 51' lang='grc' dir='ltr'><strong>Ιεοίῗί</strong></span> 
     </span>
    </p>
   </div>
   <div class='ocr_carea' id='block_1_114' title="bbox 2329 5454 3750 5569">
    <p class='ocr_par' dir='ltr' id='par_1_114' title="bbox 2329 5454 3750 5569">
     <span class='ocr_line' id='line_1_114' title="bbox 2329 5454 3750 5569; baseline -0.002 -17"><span class='ocrx_word' id='word_1_895' title='bbox 2329 5454 2618 5569; x_wconf 54' lang='lat' dir='ltr'><strong>apostatare</strong></span> <span class='ocrx_word' id='word_1_896' title='bbox 2644 5511 2676 5547; x_wconf 90' lang='lat' dir='ltr'><strong>a</strong></span> <span class='ocrx_word' id='word_1_897' title='bbox 2704 5491 2847 5556; x_wconf 88' lang='lat' dir='ltr'><strong>Deo;</strong></span> <span class='ocrx_word' id='word_1_898' title='bbox 2875 5498 2927 5546; x_wconf 89' lang='lat' dir='ltr'><strong>et</strong></span> <span class='ocrx_word' id='word_1_899' title='bbox 2946 5532 2958 5553; x_wconf 89' lang='lat'><strong>,</strong></span> <span class='ocrx_word' id='word_1_900' title='bbox 2992 5486 3199 5541; x_wconf 68' lang='lat' dir='ltr'><strong>Initium</strong></span> <span class='ocrx_word' id='word_1_901' title='bbox 3230 5482 3380 5536; x_wconf 61' lang='lat' dir='ltr'><strong>0mm&quot;</strong></span> <span class='ocrx_word' id='word_1_902' title='bbox 3405 5470 3564 5569; x_wconf 55' lang='grc' dir='ltr'><strong>Ραθίξίί</strong></span> <span class='ocrx_word' id='word_1_903' title='bbox 3591 5454 3750 5569; x_wconf 46' lang='lat' dir='ltr'><strong>fw:</strong></span> 
     </span>
    </p>
   </div>
   <div class='ocr_carea' id='block_1_115' title="bbox 2332 5555 3754 5663">
    <p class='ocr_par' dir='ltr' id='par_1_115' title="bbox 2332 5555 3754 5663">
     <span class='ocr_line' id='line_1_115' title="bbox 2332 5555 3754 5663; baseline -0.001 -21"><span class='ocrx_word' id='word_1_904' title='bbox 2332 5555 2446 5648; x_wconf 64' lang='lat' dir='ltr'><strong>Dion</strong></span> <span class='ocrx_word' id='word_1_905' title='bbox 2474 5589 2646 5663; x_wconf 91' lang='lat' dir='ltr'><strong>potuit</strong></span> <span class='ocrx_word' id='word_1_906' title='bbox 2670 5594 2848 5643; x_wconf 90' lang='lat' dir='ltr'><strong>autem</strong></span> <span class='ocrx_word' id='word_1_907' title='bbox 2876 5583 3059 5639; x_wconf 86' lang='lat' dir='ltr'><strong>melius</strong></span> <span class='ocrx_word' id='word_1_908' title='bbox 3081 5568 3410 5635; x_wconf 84' lang='lat' dir='ltr'><strong>demonstrari</strong></span> <span class='ocrx_word' id='word_1_909' title='bbox 3433 5560 3538 5663; x_wconf 63' lang='grc' dir='ltr'><strong>(Ιυξξί</strong></span> 
     </span>
    </p>
   </div>
   <div class='ocr_carea' id='block_1_116' title="bbox 2333 5632 3753 5752">
    <p class='ocr_par' dir='ltr' id='par_1_116' title="bbox 2333 5632 3753 5752">
     <span class='ocr_line' id='line_1_116' title="bbox 2333 5632 3753 5752; baseline -0.03 -12"><span class='ocrx_word' id='word_1_910' title='bbox 3131 5632 3327 5723; x_wconf 78' lang='lat' dir='ltr'><strong>dictum</strong></span> <span class='ocrx_word' id='word_1_911' title='bbox 3354 5632 3462 5715; x_wconf 85' lang='grc' dir='ltr'><strong>εει</strong></span> <span class='ocrx_word' id='word_1_912' title='bbox 3486 5648 3596 5718; x_wconf 68' lang='lat' dir='ltr'><strong>Quid</strong></span> <span class='ocrx_word' id='word_1_913' title='bbox 3616 5632 3753 5711; x_wconf 61' lang='lat' dir='ltr'><strong>uthW</strong></span> 
     </span>
    </p>
   </div>
   <div class='ocr_carea' id='block_1_117' title="bbox 2331 508 3784 923">
    <p class='ocr_par' dir='ltr' id='par_1_117' title="bbox 2331 508 3784 923">
     <span class='ocr_line' id='line_1_117' title="bbox 2331 508 3745 595; baseline 0.009 -31"><span class='ocrx_word' id='word_1_914' title='bbox 2331 518 2506 565; x_wconf 83' lang='lat' dir='ltr'><strong>tamen</strong></span> <span class='ocrx_word' id='word_1_915' title='bbox 2534 518 2733 581; x_wconf 88' lang='lat' dir='ltr'><strong>quanto</strong></span> <span class='ocrx_word' id='word_1_916' title='bbox 2755 508 2936 565; x_wconf 84' lang='lat' dir='ltr'><strong>minus</strong></span> <span class='ocrx_word' id='word_1_917' title='bbox 2959 509 3180 580; x_wconf 86' lang='lat' dir='ltr'><strong>pulchra</strong></span> <span class='ocrx_word' id='word_1_918' title='bbox 3216 509 3319 569; x_wconf 88' lang='lat' dir='ltr'><strong>sint</strong></span> <span class='ocrx_word' id='word_1_919' title='bbox 3343 526 3488 585; x_wconf 83' lang='lat' dir='ltr'><strong>quam</strong></span> <span class='ocrx_word' id='word_1_920' title='bbox 3508 515 3583 575; x_wconf 78' lang='lat' dir='ltr'><strong>illa</strong></span> <span class='ocrx_word' id='word_1_921' title='bbox 3602 533 3694 591; x_wconf 73' lang='lat' dir='ltr'><strong>qua:</strong></span> <span class='ocrx_word' id='word_1_922' title='bbox 3710 527 3745 595; x_wconf 88' lang='lat' dir='ltr'><strong>pl</strong></span> 
     </span>
     <span class='ocr_line' id='line_1_118' title="bbox 2331 601 3729 674; baseline 0.006 -14"><span class='ocrx_word' id='word_1_923' title='bbox 2331 604 2477 660; x_wconf 89' lang='lat' dir='ltr'><strong>ribus</strong></span> <span class='ocrx_word' id='word_1_924' title='bbox 2517 603 2743 674; x_wconf 86' lang='lat' dir='ltr'><strong>placent.</strong></span> <span class='ocrx_word' id='word_1_925' title='bbox 2788 601 2919 658; x_wconf 80' lang='lat' dir='ltr'><strong>Nam</strong></span> <span class='ocrx_word' id='word_1_926' title='bbox 2955 618 3015 660; x_wconf 89' lang='lat' dir='ltr'><strong>ea</strong></span> <span class='ocrx_word' id='word_1_927' title='bbox 3058 605 3320 660; x_wconf 87' lang='lat' dir='ltr'><strong>neminem</strong></span> <span class='ocrx_word' id='word_1_928' title='bbox 3347 621 3511 664; x_wconf 82' lang='lat' dir='ltr'><strong>amare</strong></span> <span class='ocrx_word' id='word_1_929' title='bbox 3541 615 3729 671; x_wconf 83' lang='lat' dir='ltr'><strong>mauilest</strong></span> 
     </span>
     <span class='ocr_line' id='line_1_119' title="bbox 2331 542 3784 923; baseline 0.006 -169"><span class='ocrx_word' id='word_1_930' title='bbox 2331 706 2430 759; x_wconf 89' lang='lat' dir='ltr'><strong>est.</strong></span> <span class='ocrx_word' id='word_1_931' title='bbox 2453 711 2679 769; x_wconf 89' lang='lat' dir='ltr'><strong>quorum</strong></span> <span class='ocrx_word' id='word_1_932' title='bbox 2713 698 2950 753; x_wconf 73' lang='lat' dir='ltr'><strong>lmditate</strong></span> <span class='ocrx_word' id='word_1_933' title='bbox 2976 711 3165 752; x_wconf 88' lang='lat' dir='ltr'><strong>sensus</strong></span> <span class='ocrx_word' id='word_1_934' title='bbox 3187 697 3469 756; x_wconf 84' lang='lat' dir='ltr'><strong>oll‘enditur.</strong></span> <span class='ocrx_word' id='word_1_935' title='bbox 3497 700 3562 758; x_wconf 74' lang='grc' dir='ltr'><em>Β.</em></span> <span class='ocrx_word' id='word_1_936' title='bbox 3586 702 3647 759; x_wconf 91' lang='lat' dir='ltr'><strong>ha</strong></span> <span class='ocrx_word' id='word_1_937' title='bbox 3666 542 3784 923; x_wconf 46' lang='lat' dir='ltr'><strong>uti</strong></span> 
     </span>
     <span class='ocr_line' id='line_1_120' title="bbox 2331 788 3699 864; baseline 0.007 -19"><span class='ocrx_word' id='word_1_938' title='bbox 2331 789 2480 845; x_wconf 85' lang='lat' dir='ltr'><strong>dicis.</strong></span> <span class='ocrx_word' id='word_1_939' title='bbox 2515 788 2591 843; x_wconf 75' lang='grc' dir='ltr'><strong>Μ.</strong></span> <span class='ocrx_word' id='word_1_940' title='bbox 2625 790 2749 847; x_wconf 66' lang='lat' dir='ltr'><strong>llaec</strong></span> <span class='ocrx_word' id='word_1_941' title='bbox 2777 790 2940 861; x_wconf 87' lang='lat' dir='ltr'><strong>igitur</strong></span> <span class='ocrx_word' id='word_1_942' title='bbox 2970 790 3188 860; x_wconf 83' lang='lat' dir='ltr'><strong>pulchra</strong></span> <span class='ocrx_word' id='word_1_943' title='bbox 3216 806 3426 847; x_wconf 85' lang='lat' dir='ltr'><strong>numero</strong></span> <span class='ocrx_word' id='word_1_944' title='bbox 3450 794 3643 864; x_wconf 85' lang='lat' dir='ltr'><strong>placent,</strong></span> <span class='ocrx_word' id='word_1_945' title='bbox 3665 801 3699 855; x_wconf 89' lang='lat' dir='ltr'><strong>in</strong></span> 
     </span>
     <span class='ocr_line' id='line_1_121' title="bbox 2331 883 3779 923; baseline 0 0"><span class='ocrx_word' id='word_1_946' title='bbox 2331 883 2431 923; x_wconf 66' lang='lat' dir='ltr'><strong>iam</strong></span> <span class='ocrx_word' id='word_1_947' title='bbox 2472 883 2809 923; x_wconf 69' lang='lat' dir='ltr'><strong>Mlpnﬂimnc</strong></span> <span class='ocrx_word' id='word_1_948' title='bbox 2847 884 3200 923; x_wconf 71' lang='lat' dir='ltr'><strong>mnamlilnlm</strong></span> <span class='ocrx_word' id='word_1_949' title='bbox 3243 886 3406 923; x_wconf 65' lang='lat' dir='ltr'><strong>annali</strong></span> <span class='ocrx_word' id='word_1_950' title='bbox 3456 886 3554 923; x_wconf 72' lang='lat' dir='ltr'><strong>Nm</strong></span> <span class='ocrx_word' id='word_1_951' title='bbox 3586 892 3690 923; x_wconf 66' lang='grc' dir='ltr'><em>ηις...</em></span> <span class='ocrx_word' id='word_1_952' title='bbox 3720 899 3779 923; x_wconf 64' lang='grc' dir='ltr'><em>ι...</em></span> 
     </span>
    </p>
   </div>
   <div class='ocr_carea' id='block_1_118' title="bbox 2397 5771 3755 5873">
    <p class='ocr_par' dir='ltr' id='par_1_118' title="bbox 2397 5771 3755 5873">
     <span class='ocr_line' id='line_1_122' title="bbox 2397 5771 3755 5873; baseline -0.029 -2"><span class='ocrx_word' id='word_1_953' title='bbox 2397 5822 2411 5853; x_wconf 85' lang='grc'>¹</span> <span class='ocrx_word' id='word_1_954' title='bbox 2448 5820 2521 5869; x_wconf 88' lang='lat' dir='ltr'><strong>sic</strong></span> <span class='ocrx_word' id='word_1_955' title='bbox 2535 5815 2767 5868; x_wconf 87' lang='lat' dir='ltr'><strong>meliores</strong></span> <span class='ocrx_word' id='word_1_956' title='bbox 2778 5821 2886 5866; x_wconf 78' lang='lat' dir='ltr'><strong>Mss.</strong></span> <span class='ocrx_word' id='word_1_957' title='bbox 2906 5818 2960 5862; x_wconf 79' lang='lat' dir='ltr'><strong>At</strong></span> <span class='ocrx_word' id='word_1_958' title='bbox 2974 5818 3068 5873; x_wconf 74' lang='lat' dir='ltr'><strong>Am.</strong></span> <span class='ocrx_word' id='word_1_959' title='bbox 3088 5813 3141 5858; x_wconf 88' lang='lat' dir='ltr'><strong>et</strong></span> <span class='ocrx_word' id='word_1_960' title='bbox 3152 5811 3223 5854; x_wconf 66' lang='grc' dir='ltr'><strong>η.</strong></span> <span class='ocrx_word' id='word_1_961' title='bbox 3241 5795 3490 5873; x_wconf 50' lang='lat' dir='ltr'><strong>fit</strong></span> <span class='ocrx_word' id='word_1_962' title='bbox 3500 5771 3755 5839; x_wconf 54' lang='grc' dir='ltr'><strong>Μίδεω</strong></span> 
     </span>
    </p>
   </div>
   <div class='ocr_carea' id='block_1_119' title="bbox 2334 5860 3493 5977">
    <p class='ocr_par' dir='ltr' id='par_1_119' title="bbox 2334 5860 3493 5977">
     <span class='ocr_line' id='line_1_123' title="bbox 2334 5860 3493 5977; baseline -0.016 -42"><span class='ocrx_word' id='word_1_963' title='bbox 2334 5860 2892 5977; x_wconf 45' lang='grc' dir='ltr'><strong>νενίιῖιῶιιῖῖῦἶιῖἑι</strong></span> <span class='ocrx_word' id='word_1_964' title='bbox 3102 5864 3302 5933; x_wconf 68' lang='lat' dir='ltr'><strong>opposita</strong></span> <span class='ocrx_word' id='word_1_965' title='bbox 3321 5860 3493 5911; x_wconf 68' lang='grc' dir='ltr'><strong>ωνίιαα·</strong></span> 
     </span>
    </p>
   </div>
  </div>
