3844 6280
19 325 153 389 1185

20 457 149 499 terra
187 447 243 498 et
274 438 445 504 cinis,
475 435 716 510 quoniam
739 434 792 490 in
819 434 919 490 vita
949 447 1045 489 sua
1070 424 1279 504 proiecit
1302 425 1482 482 intima
1507 421 1638 477 sua?

21 538 211 605 Effci-li.
235 553 301 600 x.
330 537 420 599 ιι,
442 535 533 602 15,
555 534 612 602 9,
638 533 748 605 l0.)
768 528 900 588 Cum
919 529 1061 585 enim
1088 526 1262 581 anima
1293 537 1387 594 per
1405 520 1637 589 seipsam

21 561 211 592 3126f".
238 561 301 600 ι,
330 561 420 599 ιο,
442 561 533 602 ‘IO,
558 561 612 602 ἰ),
638 561 748 605 Ιυ.)
768 561 900 588 υιιιιι
919 561 1061 585 CIIII"
1088 561 1262 581 «ullqu
1294 561 1376 594 γι..
1405 561 1637 589 ον-γνιι...

5 561 34 764 Ϋ
71 631 150 684 hil
175 630 287 691 sit;
319 643 428 683 non
457 627 601 682 enim
628 626 784 680 aliter
807 630 952 678 esset
969 615 1382 680 commutabilis,
1410 623 1463 669 et
1490 621 1638 683 pate-

22 732 172 764 n-lnr
216 714 522 764 dpfmtiim'
543 717 612 764 ab
649 717 875 764 essentia
903 733 918 764 :
947 729 1068 764 cum
1109 727 1236 764 emo
1280 709 1392 764 insa
1439 721 1533 764 ner
1575 719 1636 761 se

22 732 172 776 n-tur
216 714 522 776 defectum'
543 717 612 773 ab
649 717 918 772 essentia:
947 729 1068 769 cum
1109 727 1236 783 ergo
1280 709 1392 780 ipsa
1439 721 1533 777 per
1575 719 1636 761 se

22 813 154 867 nihil
199 812 274 866 sit
296 853 315 879 ,
349 809 608 882 quidquid
639 817 816 864 autem
853 805 926 862 illi
969 817 1089 860 esse
1118 813 1229 867 est,
1257 816 1288 856 a
1321 801 1428 856 Deo
1452 799 1550 857 sit:
1581 797 1634 852 in

20 905 220 960 ordine
250 918 356 958 suo
385 916 629 965 manens,
659 900 825 970 ipsius
858 897 949 953 Dei
979 895 1257 968 praesentia
1287 900 1560 964 vegetatur
1581 889 1636 944 in

5 973 214 1086 latente
262 1004 430 1066 atque
477 991 823 1051 conscientia.
870 989 1050 1060 Itaque
1093 987 1196 1042 hoc
1235 987 1432 1042 bonum
1477 982 1638 1038 habet

23 1088 302 1144 intimum.
335 1087 516 1156 Quare
542 1085 792 1156 superbia
819 1083 1172 1138 intumescere
1194 1122 1210 1146 ,
1238 1077 1342 1134 hoc
1369 1076 1444 1132 illi
1471 1085 1554 1130 est
1579 1074 1634 1129 in

24 1183 224 1236 extima
257 1179 532 1252 progredi,
564 1188 617 1235 et
639 1187 694 1233 ut
720 1177 789 1232 ita
816 1175 1011 1241 dicam,
1036 1174 1368 1236 inanescere,
1389 1167 1531 1240 quod
1553 1173 1638 1222 est

26 1276 210 1330 minus
229 1274 516 1342 minusque
539 1285 678 1327 esse.
703 1267 954 1340 Progredi
978 1274 1154 1321 autent
1185 1265 1237 1319 in
1258 1262 1482 1325 extima,
1507 1257 1635 1330 quid

29 1376 108 1421 est
135 1366 286 1422 aliud
314 1379 478 1436 quam
509 1363 693 1417 intima
722 1359 1016 1432 projicere;
1047 1358 1096 1412 id
1117 1367 1229 1422 est,
1251 1356 1408 1424 longe
1429 1370 1458 1408 a
1479 1368 1536 1408 se
1559 1349 1637 1405 fa-

29 1475 148 1515 cere
179 1460 380 1523 Deum,
413 1471 518 1512 non
553 1456 792 1510 locorum
827 1453 1028 1524 spatio,
1064 1451 1158 1508 sed
1185 1451 1381 1508 mentis
1404 1450 1637 1508 alfectu!

107 1554 187 1608 ιι.
220 1551 329 1606 Iste
363 1559 542 1604 autem
573 1547 766 1602 anima:
801 1546 1065 1617 appetitus
1094 1553 1178 1601 est
1203 1544 1306 1600 sub
1335 1560 1394 1600 se
1434 1543 1634 1600 habere

53 1645 164 1698 alias
191 1643 442 1706 animas;
474 1653 579 1695 non
611 1652 861 1709 pecorum
883 1677 898 1701 ,
947 1651 1080 1707 quas
1119 1635 1301 1691 divino
1340 1635 1462 1706 jure
1501 1649 1634 1691 con-

53 1749 243 1792 cessum
271 1743 373 1798 est,
404 1733 499 1789 sed
525 1731 815 1787 rationales
835 1769 852 1795 ,
885 1729 936 1783 id
966 1738 1068 1794 est,
1099 1728 1368 1798 proximas
1397 1742 1546 1792 suas,
1577 1733 1634 1781 et

57 1831 141 1884 sub
161 1828 352 1884 eadem
384 1826 501 1897 lege
527 1825 701 1881 socias
727 1834 883 1894 atque
910 1832 1208 1878 consortes.
1238 1821 1315 1877 De
1345 1819 1428 1875 his
1453 1829 1633 1874 autem

58 1921 241 1991 appetit
285 1918 496 1988 operari
524 1916 698 1972 anima
729 1913 958 1987 superba
980 1956 995 1982 ,
1023 1922 1080 1969 et
1105 1920 1252 1968 tanto
1278 1910 1636 1967 excellentior

55 2013 250 2069 videtur
288 2013 405 2066 b:ec
448 2010 588 2065 actio
628 2024 786 2080 quam
827 2008 913 2062 illa
942 2005 1010 2062 de
1049 2004 1398 2077 corporibus,
1431 2010 1632 2074 quanto

54 2105 210 2160 anima
237 2103 414 2159 omnis
441 2103 587 2156 omni
615 2115 840 2171 corpore
864 2109 948 2154 est
970 2098 1178 2153 melior.
1202 2095 1305 2153 Sed
1326 2095 1536 2166 operari
1562 2094 1631 2150 de

53 2196 228 2251 animis
246 2193 612 2258 rationalibus,
638 2207 742 2247 non
774 2206 871 2262 per
889 2204 1106 2260 corpus,
1128 2188 1223 2244 sed
1255 2205 1349 2260 per
1370 2188 1626 2258 seipsum,

57 2291 189 2346 solus
215 2288 354 2346 Deus
379 2297 577 2360 potest.
609 2286 954 2343 Peccatorum
995 2295 1170 2340 tamen
1208 2283 1511 2339 conditione
1547 2283 1624 2349 lit,

53 2392 108 2436 ιιι
137 2383 499 2451 permittantur
527 2378 717 2435 anima:
761 2378 828 2434 de
869 2379 1058 2432 animis
1086 2375 1284 2446 aliquid
1330 2390 1488 2446 agere
1509 2416 1524 2442 ,
1556 2374 1630 2429 si-

54 2473 336 2544 gnificando
361 2487 459 2529 eas
487 2480 764 2528 moventes
806 2487 904 2542 per
945 2470 1196 2527 alterutra
1239 2483 1491 2539 corpora,
1541 2466 1626 2521 vel

54 2564 364 2621 naturalibus
393 2563 584 2636 signis,
615 2565 751 2619 sicut
778 2571 862 2619 est
888 2563 1064 2618 vultus
1091 2562 1174 2616 vel
1201 2571 1378 2628 nutus,
1412 2560 1491 2615 vel
1515 2559 1630 2630 pla-

54 2661 178 2726 citis,
209 2660 348 2716 sicut
376 2668 506 2716 sunt
532 2657 718 2715 verba.
749 2657 882 2714 Nam
913 2668 965 2713 et
987 2657 1232 2726 jubentes
1258 2666 1312 2709 et
1341 2653 1629 2709 suadentes

54 2752 200 2822 signis
221 2759 420 2822 agunt,
449 2760 506 2807 et
539 2750 582 2806 si
612 2749 738 2822 quid
767 2758 850 2806 est
870 2747 1010 2803 aliud
1039 2756 1231 2819 praeter
1254 2745 1547 2817 iussionem
1572 2755 1628 2800 et

56 2844 358 2909 masionem,
387 2859 496 2914 quo
525 2843 716 2898 animat
744 2841 811 2897 de
834 2839 1026 2896 animis
1045 2839 1128 2895 vel
1155 2853 1275 2893 cum
1306 2837 1500 2892 animis
1523 2837 1624 2892 ali-

53 2936 158 3005 quid
180 2943 366 3007 agunt.
396 2933 529 2991 Jure
551 2943 728 2990 autem
751 2941 990 2988 secutum
1019 2939 1120 2995 est,
1153 2939 1209 2984 ut
1229 2945 1348 3000 quae
1375 2929 1625 3000 superbia

56 3029 239 3085 ceteris
261 3027 533 3083 excellere
576 3026 894 3096 cupierunt,
935 3039 1033 3079 nec
1067 3023 1177 3077 suis
1205 3021 1441 3092 partibus
1466 3031 1627 3092 atque

56 3121 347 3194 corporibus
368 3121 489 3177 sine
503 3119 814 3175 diflicultate
833 3125 887 3173 et
906 3115 1175 3172 doloribus
1198 3115 1480 3184 imperent,
1507 3129 1627 3184 par-

58 3215 134 3269 tim
155 3214 331 3269 stulta:
360 3214 412 3268 in
453 3227 544 3278 se,
589 3212 776 3282 partim
807 3209 1118 3265 mortalibus
1153 3207 1406 3264 membris
1433 3222 1626 3276 aggra-

57 3319 194 3362 valz'e.
225 3307 291 3362 Et
319 3304 406 3360 bis
432 3305 594 3375 igitur
617 3302 853 3358 numeris
883 3312 936 3356 et
961 3301 1194 3356 motibus
1219 3300 1410 3370 quibus
1431 3299 1627 3353 anima:

58 3400 117 3453 ad
139 3401 337 3455 animas
362 3406 549 3470 agunt,
576 3395 809 3450 honores
832 3392 1122 3462 laude-que
1145 3389 1445 3462 appetendo
1468 3405 1627 3445 aver—

62 3503 237 3547 tantur
259 3507 288 3544 a
309 3490 678 3562 perspectione
707 3503 852 3560 purae
873 3487 1016 3541 illius
1039 3495 1092 3541 et
1120 3486 1340 3540 sincera:
1367 3485 1626 3541 veritatis.

61 3585 207 3639 Solus
235 3583 369 3640 enim
397 3583 628 3639 honorat
653 3581 792 3636 Deus
830 3580 1061 3635 animam
1093 3578 1300 3634 beatam
1341 3577 1544 3634 faciens
1573 3577 1627 3632 in

61 3677 252 3732 occulto
273 3692 456 3732 coram
481 3690 542 3731 se
565 3673 706 3745 juste
733 3683 785 3728 et
815 3671 898 3742 pie
926 3671 1213 3725 viventem.

117 3769 203 3825 49..
235 3770 407 3825 Motus
447 3767 607 3838 igitur
632 3780 766 3837 quos
789 3764 988 3819 exserit
1011 3762 1186 3818 anima
1225 3760 1293 3817 de
1323 3758 1632 3815 inhaerenti-

60 3862 146 3919 bus
168 3862 300 3929 sibi,
328 3869 384 3916 et
411 3859 637 3916 subditis
661 3857 883 3922 animis,
917 3855 1341 3926 progressoribus
1368 3854 1472 3909 illis
1505 3862 1632 3908 sunt

64 3954 279 4020 similes;
309 3952 417 4024 agit
436 3950 580 4007 enim
603 3959 850 4019 tanquam
872 3947 938 4003 de
958 3963 1182 4020 corpore
1205 3963 1322 4002 suo.
1348 3946 1423 4002 llli
1448 3957 1630 4004 autem

66 4058 222 4102 notus
245 4060 382 4118 quos
404 4043 622 4108 exserit,
646 4056 930 4112 aggregare
954 4041 1054 4096 sibi
1075 4041 1278 4112 aliquas
1303 4041 1384 4095 vel
1401 4039 1634 4096 subdere

7 4134 13 4184 ἶ
70 4138 300 4208 cupiens,
351 4136 405 4190 in
455 4149 796 4190 occursurum
845 4149 1068 4189 numero
1121 4132 1461 4203 deputantur.
1509 4133 1634 4205 Agit

71 4229 193 4285 enim
219 4239 469 4297 tanquam
495 4228 546 4281 in
568 4226 812 4282 sensibus
832 4225 884 4280 id
907 4226 1148 4287 moliens,
1175 4235 1232 4280 ut
1260 4241 1423 4280 unum
1448 4241 1630 4284 secum

76 4325 180 4384 nat,
203 4319 340 4390 quod
367 4319 512 4374 velut
537 4319 869 4374 extrinsecus
897 4317 1209 4373 admovetur
1227 4360 1242 4384 ,
1271 4327 1328 4374 et
1353 4319 1494 4390 quod
1526 4332 1630 4374 non

77 4422 225 4481 potest
251 4411 557 4484 repellatur.
593 4410 658 4467 Et
685 4411 783 4466 hos
811 4421 1060 4481 utrosque
1097 4421 1273 4465 motus
1297 4411 1493 4480 excipit
1518 4427 1633 4467 tneo

75 4506 242 4570 moria,
267 4513 323 4562 et
347 4502 701 4559 rccordabiles
729 4501 871 4569 facit,
895 4501 1050 4556 simili
1078 4501 1238 4557 modo
1263 4502 1315 4556 in
1343 4502 1636 4572 pbantasiis

77 4603 128 4650 et
154 4595 590 4666 pltantasmatibus
628 4591 896 4648 actionum
941 4593 1121 4649 talium
1163 4593 1636 4650 tumultuosissime

79 4700 370 4745 etzt‘sluans.
415 4686 524 4744 Nec
574 4687 644 4741 illi
700 4697 948 4756 tanquam
990 4686 1382 4743 examinatores
1429 4687 1636 4744 numeri

80 4781 269 4847 desunt,
296 4783 382 4853 qui
410 4782 640 4838 sentiant
661 4781 784 4851 quid
807 4779 859 4835 in
887 4780 970 4835 his
993 4779 1198 4835 actibus
1217 4783 1495 4838 commode
1517 4783 1637 4840 sive

81 4873 388 4929 incommode
413 4881 688 4927 moveatur
708 4912 723 4936 ,
753 4885 887 4941 quos
917 4871 1040 4925 item
1068 4871 1340 4926 sensualcs
1365 4873 1637 4942 appellare

83 4979 174 5017 non
200 4965 380 5035 pigeat,
406 4965 528 5035 quia
545 4962 816 5018 sensibilia
833 4963 981 5034 signa
1004 4970 1129 5018 sunt
1149 4963 1340 5033 quibus
1357 4968 1457 5019 hoc
1477 4964 1637 5021 modo

83 5057 250 5110 anima:
273 5056 336 5111 ad
374 5056 580 5110 animas
623 5062 805 5124 agunt.
833 5052 927 5108 llis
957 5064 1034 5108 tot
1060 5065 1115 5109 et
1144 5054 1302 5109 tantis
1330 5055 1636 5113 intentioni-

83 5147 170 5204 bus
194 5149 358 5204 anima
409 5147 677 5216 implicata
700 5188 714 5211 ,
746 5145 870 5216 quid
916 5147 1106 5202 mirmn
1125 5188 1141 5211 ,
1171 5147 1214 5200 si
1245 5163 1274 5201 a
1313 5150 1640 5219 contempla-

82 5239 209 5295 tione
243 5238 481 5294 veritatis
505 5235 803 5292 avertitur?
831 5235 900 5291 Et
935 5246 1186 5307 quantum
1227 5238 1436 5308 quidem
1465 5240 1531 5294 ab
1558 5239 1640 5297 his

73 5329 284 5402 respirat
312 5328 460 5384 videt
507 5327 692 5392 illatn;
725 5327 818 5382 sed
854 5327 974 5397 quia
1006 5327 1238 5382 nondum
1263 5344 1354 5384 eas
1379 5333 1556 5396 evicit,
1587 5333 1640 5386 in

68 5425 150 5480 illa
182 5435 399 5477 manere
433 5433 541 5473 non
567 5419 777 5473 sinitur.
807 5419 883 5474 Ex
913 5435 1019 5489 quo
1045 5420 1115 5476 liL
1131 5429 1189 5473 ut
1224 5435 1326 5474 non
1371 5421 1526 5476 simul
1552 5422 1644 5474 ba-

60 5519 186 5574 beat
208 5514 382 5570 anima
409 5526 570 5568 nosse
596 5511 648 5566 iu
675 5513 866 5584 quibus
882 5512 1277 5570 consistendum
1299 5515 1387 5578 sit,
1415 5525 1470 5570 et
1489 5531 1646 5585 posse

52 5612 350 5674 consistere
370 5628 385 5665 :
405 5607 502 5664 sed
520 5608 772 5680 numquid
796 5620 849 5664 tu
867 5608 1002 5664 forte
1022 5612 1280 5666 adversus
1299 5610 1414 5666 lucc
1427 5608 1451 5663 ἲ
1466 5609 1534 5663 D.
1557 5609 1646 5665 Ni-

43 5709 127 5768 hil
159 5714 243 5763 cst
264 5701 411 5777 quod
439 5700 804 5759 contradicere
833 5702 1075 5758 audeam.

1416 302 1624 365 LIBER
1659 302 1946 364 SEXTUS.

3188 310 3328 376 H8.

1742 417 1968 475 CAPUT
2005 417 2146 475 XIV.
2170 449 2242 464 —-
2259 422 2342 477 Ad
2374 418 2474 477 Dei
2498 439 2721 481 antorem
2745 437 3045 497 provocatur
3063 431 3243 487 animo.
3263 451 3330 491 es

1799 527 2123 566 numerorum
2147 523 2194 568 et
2219 514 2413 571 ordinis
2435 517 2630 574 ratione
2645 535 2797 590 quant
2822 519 2876 576 in
2895 521 3040 577 rebus
3065 522 3253 597 diligit.

1814 604 1902 699 t5.
2039 604 2176 699 Quid
2197 622 2324 699 ergo
2353 611 2551 667 restat?
2576 617 2658 667 An
2687 621 2763 681 ut,
2789 617 3038 685 quoniam
3065 617 3203 699 sicut.
3227 635 3326 690 po-

1744 695 1941 750 tuimus
1969 695 2382 766 inquinatiouem
2416 709 2472 756 et
2509 706 2937 774 aggravationem
2963 709 3156 766 animat
3191 696 3325 769 con-

1741 786 2126 855 sideravimus,
2177 787 2446 846 videamus
2490 809 2733 864 quaenam
2780 796 2853 852 illi
2891 801 3032 855 actio
3075 801 3327 862 divinitus

1740 881 2066 951 imperetur,
2094 896 2198 952 qua
2241 894 2458 954 purgata
2496 895 2655 958 atque
2692 903 2978 949 exonerata
3019 897 3228 954 revolet
3258 899 3327 956 ad

1741 978 1996 1047 quietem,
2022 986 2074 1033 et
2101 977 2259 1033 intret
2285 978 2337 1033 in
2361 978 2608 1049 gaudium
2639 983 2847 1043 Domini
2867 987 3074 1045 sui”).
3109 989 3182 1048 Ita
3213 992 3324 1051 fiat.

1744 1068 1820 1124 Μ.
1845 1068 1980 1136 Quid
2005 1083 2091 1124 me
2118 1077 2270 1140 putas
2297 1070 2419 1126 hinc
2439 1071 2634 1128 diutius
2653 1073 2848 1133 debere
2873 1078 3072 1146 dicere.
3098 1098 3218 1140 cum
3245 1085 3326 1141 di-

1741 1162 1878 1217 vina:
1905 1161 2194 1232 Scriptura:
2225 1170 2303 1217 tot
2339 1163 2694 1220 voluminibus
2736 1178 2791 1223 et
2831 1179 2972 1226 tanta
3009 1177 3325 1236 auctoritate

1742 1265 1798 1312 et
1819 1255 2101 1312 sanctitate
2122 1254 2376 1327 pneditis,
2407 1255 2538 1312 nihil
2561 1258 2836 1316 nobiscum
2856 1264 2998 1320 aliud
3021 1279 3196 1336 agant,
3220 1270 3324 1326 nisi

1743 1358 1801 1405 ut
1845 1349 2127 1420 diligamus
2182 1349 2346 1404 Deum
2390 1358 2447 1406 et
2494 1349 2776 1408 Dominum
2828 1367 3064 1415 nostrum
3103 1377 3169 1418 ex
3213 1373 3325 1421 toto

1741 1442 1924 1509 corde,
1949 1459 2017 1518 ex
2047 1451 2156 1496 tota
2196 1442 2394 1506 anima,
2425 1451 2482 1498 et
2501 1457 2567 1499 ex
2597 1451 2705 1500 tota
2731 1456 2944 1513 mente;
2971 1461 3023 1506 et
3048 1453 3326 1524 diligamus

1740 1535 2042 1605 proximum
2083 1543 2322 1590 nostrum
2359 1543 2608 1606 tanquam
2642 1539 3036 1611 nosmetipsos?
3069 1544 3148 1599 Ad
3184 1545 3326 1604 hunc

1741 1627 1901 1698 igitur
1926 1627 2086 1684 finem
2116 1629 2160 1682 si
2198 1643 2384 1684 omnes
2425 1629 2544 1684 illos
2582 1629 2830 1688 humana:
2858 1635 3082 1692 actionis
3117 1647 3324 1709 motus,

1741 1733 2100 1790 numerosque
2140 1717 2462 1786 referamus,
2511 1720 2628 1778 sine
2673 1721 3005 1783 dubitatione
3046 1729 3327 1786 mundabi-

1741 1826 1878 1867 mur.
1906 1815 1986 1868 An
2009 1810 2151 1869 aliud
2180 1813 2498 1869 existimas?
2516 1811 2588 1868 D.
2610 1814 2750 1872 Nihil
2766 1819 3011 1888 equidem
3032 1821 3194 1877 aliud.
3219 1822 3325 1880 Sed

1738 1917 1896 1973 quam
1932 1903 2033 1960 hoc
2072 1902 2253 1960 auditu
2281 1903 2443 1961 breve
2466 1913 2572 1975 est,
2595 1914 2704 1962 tam
2732 1907 2874 1965 factu
2912 1910 3130 1970 difficile
3167 1924 3326 1986 atque

1737 1993 1981 2048 arduum.

1807 2085 1898 2139 44.
1936 2081 2010 2137 Μ.
2043 2084 2180 2152 Quid
2203 2099 2333 2156 ergo
2357 2085 2510 2142 facile
2534 2089 2661 2144 est?
2685 2105 2752 2145 an
2788 2106 2968 2149 amare
3011 2095 3240 2163 colores,
3268 2109 3326 2157 et

1736 2189 1916 2241 voces,
1943 2183 1998 2231 et
2030 2175 2316 2245 placentas,
2355 2188 2408 2232 et
2432 2193 2582 2236 rosas
2601 2220 2617 2243 ,
2649 2191 2701 2236 et
2727 2197 2950 2254 corpora
2974 2185 3165 2242 leniter
3189 2190 3324 2246 ntolo

1737 2265 1846 2319 lia?
1867 2265 2102 2322 haeccine
2130 2283 2311 2323 amare
2336 2268 2491 2324 facile
2517 2280 2601 2325 est
2624 2271 2845 2337 animae,
2885 2275 2935 2329 in
2973 2275 3164 2347 quibus
3189 2279 3323 2336 nihil

1737 2357 1838 2411 nisi
1873 2358 2227 2428 mqualitatem
2277 2375 2341 2414 ac
2379 2359 2777 2418 similitudinem
2814 2367 3046 2436 appetit,
3084 2377 3141 2425 et
3167 2372 3323 2441 paulo

1734 2449 2040 2520 diligentius
2076 2453 2454 2517 considerans.
2486 2455 2572 2510 vix
2599 2455 2714 2526 ejus
2752 2466 3043 2516 extremam
3079 2463 3322 2522 umbram

1735 2543 2122 2615 vestiginmque
2148 2547 2460 2616 cognoscit;
2488 2555 2543 2602 et
2572 2547 2736 2603 Deum
2767 2566 2947 2608 amare
2973 2553 3186 2612 difficile
3213 2568 3316 2626 est,

1735 2653 1893 2708 quem
1923 2637 1976 2693 in
1997 2648 2251 2709 quantum
2279 2649 2475 2712 potest,
2502 2641 2677 2698 adhuc
2704 2645 2880 2702 saucia
2912 2656 2967 2702 et
2988 2648 3201 2706 sordida
3226 2666 3321 2706 co-

1733 2729 1929 2800 gitans,
1964 2730 2094 2784 nihil
2127 2731 2178 2785 in
2205 2745 2270 2786 eo
2308 2732 2586 2803 inaequale.
2616 2734 2744 2790 nihil
2783 2726 2864 2791 siti
2889 2737 3165 2807 dissimile,
3191 2743 3324 2800 nihil

1735 2819 2024 2877 disclusum
2069 2821 2237 2890 locis,
2267 2823 2395 2878 nihil
2428 2825 2687 2881 variatum
2719 2839 2957 2900 tempore
2985 2834 3326 2903 suspicatur?

1735 2915 1817 2968 An
1844 2923 2125 2969 exstruere
2145 2915 2313 2970 moles
2337 2914 2701 2984 :ediliciorum,
2727 2928 2781 2975 et
2804 2921 3168 2991 hujuscemodi
3194 2941 3324 2997 ope-

1736 3004 1886 3059 ribus
1925 3004 2155 3060 delectat
2196 3005 2442 3073 extendi,
2478 3008 2529 3062 in
2568 3010 2755 3079 quibus
2783 3013 2826 3067 si
2868 3015 3072 3070 numeri
3113 3016 3324 3087 placent

1738 3097 1758 3169 (
1784 3112 1887 3152 non
1928 3100 2069 3152 enim
2097 3097 2239 3153 aliud
2278 3099 2528 3170 invenio)
2562 3102 2686 3171 quid
2718 3103 2768 3157 in
2800 3103 2884 3158 his
2925 3107 3126 3176 :equale
3151 3124 3213 3164 ac
3245 3110 3322 3165 si-

1736 3190 1865 3245 mile
1904 3189 2099 3245 dicitur
2127 3192 2166 3258 ⁸,
2195 3190 2336 3261 quod
2381 3206 2488 3247 non
2527 3191 2768 3249 derideat
2807 3195 2942 3250 ratio
2988 3197 3326 3269 disciplima?

1740 3283 1892 3352 Quod
1921 3283 1965 3338 si
1987 3283 2056 3338 ita
2084 3294 2185 3345 est,
2217 3299 2312 3338 cur
2335 3284 2403 3338 ab
2432 3284 2522 3340 illa
2551 3286 2823 3342 verissima
2864 3288 3180 3361 aequalitatis
3200 3307 3326 3350 arce

1737 3375 1804 3430 ad
1837 3376 1934 3430 ista
1979 3375 2276 3442 delabitur,
2320 3385 2380 3430 et
2421 3377 2588 3432 ruinis
2615 3379 2727 3433 suis
2769 3388 3011 3438 terrenas
3052 3385 3326 3443 machinas

1739 3466 1934 3538 erigit?
1972 3466 2086 3522 Non
2135 3465 2237 3522 hoc
2283 3468 2600 3537 promissum
2652 3479 2734 3526 est
2762 3471 2830 3529 ab
2868 3474 2961 3529 illo
3005 3475 3095 3546 qui
3146 3476 3327 3536 fallere

1738 3559 1965 3629 ignorat.
1998 3557 2189 3629 Iugum
2215 3563 2346 3613 enim
2372 3577 2556 3622 meum,
2587 3561 2773 3633 inquit,
2805 3563 2910 3619 leve
2931 3565 3324 3641 eu(HatlIr.xt,

1737 3650 1866 3719 50).
1896 3649 2238 3705 Laboriosior
2272 3661 2354 3706 est
2391 3651 2549 3723 hujus
2574 3655 2754 3710 mundi
2784 3671 2955 3712 amor.
2992 3658 3146 3726 Quod
3182 3661 3328 3721 enim

1738 3742 1792 3798 in
1820 3741 1911 3797 illo
1925 3742 2102 3798 anima
2121 3743 2328 3814 quaerit,
2351 3745 2701 3801 constantiam
2718 3748 2922 3806 scilicet
2946 3754 3328 3811 aeternitatem-

1737 3848 1864 3904 que,
1889 3849 1996 3888 non
2024 3834 2263 3890 invenit:
2289 3836 2539 3905 quoniam
2570 3852 2745 3892 rerum
2779 3840 2999 3896 transitu
3029 3845 3329 3914 completur

1739 3924 1920 3980 inlima
1965 3924 2339 3996 pulchritudo,
2369 3936 2424 3982 et
2450 3926 2592 3997 quod
2618 3927 2670 3982 in
2697 3928 2784 3983 illa
2813 3928 3046 3987 imitatur
3073 3944 3326 3993 constan-

1741 4020 1891 4084 tiam,
1921 4034 1952 4073 a
1991 4033 2201 4073 summo
2227 4017 2340 4073 Deo
2365 4034 2460 4088 per
2483 4019 2712 4074 animam
2743 4021 3004 4091 trajicitur
3033 4041 3047 4079 :
3072 4027 3324 4096 quoniam

1741 4112 1889 4182 prior
1913 4121 1996 4167 est
2019 4111 2226 4182 species
2252 4111 2618 4166 tantummodo
2649 4122 2886 4184 tempore
2909 4118 3321 4190 commutabilis,

1742 4221 1897 4278 quam
1945 4221 2005 4262 ea
2047 4221 2168 4277 qua:
2213 4215 2267 4262 et
2294 4214 2535 4276 tempore
2571 4213 2626 4262 et
2662 4205 2792 4261 locis
2831 4207 2926 4282 (α).
2959 4209 3107 4266 Sicut
3149 4212 3326 4284 itaque

1743 4309 2068 4370 praeceptum
2091 4308 2174 4355 est
2197 4299 2388 4354 animis
2406 4315 2436 4354 a
2466 4298 2691 4354 Domino
2713 4299 2837 4372 quid
2861 4300 3098 4374 diligant,
3130 4304 3196 4360 ita
3229 4320 3326 4377 per

1742 4390 2000 4448 Joannem
2024 4391 2321 4463 apostolum
2348 4391 2473 4464 quid
2509 4407 2612 4447 non
2637 4391 2875 4464 diligant.
2903 4395 3103 4462 Nolite,
3131 4397 3320 4468 inquit,

1744 4484 1954 4558 diligere
1976 4485 2220 4541 mundum
2243 4502 2262 4541 :
2281 4487 2399 4556 quia
2427 4487 2596 4542 omnia
2614 4503 2726 4558 quo:
2749 4487 2802 4543 in
2827 4489 3016 4544 mundo
3039 4500 3178 4560 sunt,
3202 4508 3324 4548 con-

1743 4579 2050 4650 cupiscentia
2077 4580 2244 4634 carnis
2271 4589 2344 4635 est
2361 4622 2376 4648 ,
2420 4590 2470 4635 et
2498 4581 2897 4652 concupiscentia
2937 4581 3198 4639 oculorum
3216 4626 3230 4653 ,
3278 4567 3326 4642 et

1743 4671 1948 4726 ambitio
1973 4672 2147 4726 saeculi
2173 4670 2193 4745 (
2210 4671 2228 4725 I
2252 4671 2407 4726 Joan.
2432 4687 2490 4739 tt,
2519 4672 2606 4741 i5,
2637 4671 2756 4746 i6).

1815 4763 1906 4817 45.
1935 4763 2039 4819 Sed
2081 4763 2255 4835 qualis
2291 4763 2382 4820 tibi
2421 4764 2580 4820 homo
2610 4764 2846 4833 videtur,
2873 4767 2960 4838 qui
2991 4783 3178 4824 omnes
3205 4768 3326 4828 illos

1749 4871 2004 4911 numeros
2029 4854 2119 4926 qui
2148 4862 2274 4910 sunt
2295 4855 2364 4911 de
2392 4871 2617 4927 corpore
2635 4897 2650 4923 ,
2683 4867 2738 4912 et
2769 4858 3024 4917 adversus
3055 4862 3330 4931 passiones

1745 4948 2006 5020 corporis,
2037 4955 2090 5002 et
2118 4947 2207 5018 qui
2229 4963 2293 5004 ex
2319 4949 2401 5002 his
2435 4950 2691 5003 memoria
2717 4951 3087 5020 continentur,
3119 4970 3223 5010 non
3262 4953 3328 5010 ad

1747 5039 2012 5095 carnalem
2036 5029 2386 5111 voluptatem:
2405 5039 2498 5095 sed
2524 5041 2590 5095 ad
2613 5041 2838 5097 salutem
2864 5050 3064 5100 tantum
3090 5045 3328 5114 corporis

1748 5132 1953 5186 refert:
1985 5146 2276 5201 omnesque
2319 5129 2438 5186 illos
2465 5131 2552 5200 qui
2593 5130 2662 5187 de
2688 5132 2950 5204 adjunctis
2977 5135 3169 5190 animis
3201 5150 3314 5206 ope

1750 5233 1960 5287 rantur,
1989 5222 2071 5277 vel
2101 5221 2188 5292 qui
2218 5220 2283 5276 ad
2313 5221 2675 5292 adjungendas
2698 5235 3033 5288 exseruntur,
3063 5233 3114 5278 et
3140 5225 3228 5293 qui
3260 5239 3326 5279 ex

1751 5315 1839 5371 his
1869 5315 2128 5370 inha’rent
2171 5315 2460 5379 memoriae,
2501 5329 2605 5370 non
2645 5315 2710 5370 ad
2749 5315 3030 5386 superbam
3061 5313 3325 5368 excellen-

1753 5411 1878 5465 tiam
1911 5424 2059 5465 suam
2081 5451 2096 5476 ,
2126 5407 2217 5464 sed
2247 5408 2312 5464 ad
2343 5409 2575 5480 ipsarum
2605 5409 2901 5463 animarum
2936 5405 3211 5460 utilitatum
3239 5419 3327 5460 re-

1809 5562 3120 5683 tii'il’éiifiéfmﬁii’imuifiiﬂ
3128 5574 3330 5683 mss”.

1752 5629 1888 5697 aliud
1918 5631 2104 5682 irwenio
2133 5625 2265 5697 quod
2291 5632 2341 5684 in
2471 5632 2655 5696 regnate
2675 5643 2734 5682 ac
2753 5625 2907 5681 simile
2930 5625 3120 5679 dicatur
3170 5625 3331 5691 Elegi-

1753 5707 1862 5744 mus
1873 5695 2132 5745 lectionem
2147 5695 2596 5759 manuscripts-um.

1817 5798 1892 5863 (α)
1917 5804 2017 5855 vtd.
2039 5814 2239 5859 netraet.
2254 5808 2338 5859 lib.
2364 5808 2408 5866 l,
2424 5817 2527 5868 cap.
2555 5801 2632 5866 tl,
2654 5811 2706 5854 ιι.
2727 5796 2780 5852 4.
