3822 6436
588 404 718 467 H91

588 535 750 580 xxxv
769 562 786 587 ,
817 520 885 576 8-
909 517 1016 589 12).

656 614 746 671 55.
777 611 881 668 Sed
916 611 1028 667 sive
1056 609 1158 665 hoc
1184 608 1295 664 sive
1319 605 1459 661 aliud
1482 605 1535 661 in
1564 604 1645 661 his
1668 602 1845 660 verbis
1870 602 2172 672 intelligen-

586 705 713 763 dum
742 705 845 771 sit,
891 713 945 760 tu
979 700 1201 773 negabis
1241 700 1293 755 in
1333 700 1418 756 illa
1468 696 1794 770 perfectione
1820 711 1882 751 ac
1920 696 2173 751 beatitate

586 800 819 857 animam
841 796 1181 853 constitutam
1206 834 1221 861 ,
1251 802 1305 849 et
1331 792 1640 863 conspicere
1664 789 1964 854 veritatem,
1993 797 2045 843 et
2070 786 2171 842 im-

588 892 907 950 maculatam
938 905 1155 946 manere
1179 930 1195 956 ,
1223 897 1277 944 et
1304 886 1437 943 nihil
1475 884 1734 941 molestia:
1758 882 1864 954 pati
1899 896 2055 953 posse
2079 922 2091 944 ,
2119 890 2173 936 et

585 986 676 1042 uni
706 985 813 1039 Deo
838 981 1032 1049 subdi,
1081 980 1290 1037 caneris
1327 994 1457 1035 vero
1494 974 1893 1048 supereminere
1930 970 2171 1027 naturis?

583 1076 650 1131 ο.
684 1073 795 1131 lino
822 1075 975 1130 aliter
994 1088 1110 1129 eam
1133 1068 1572 1141 perfectissimam
1594 1077 1648 1123 et
1675 1063 2035 1122 beatissimam
2052 1076 2171 1118 esse

584 1184 739 1241 posse
765 1184 871 1224 non
900 1166 1072 1221 video.
1109 1164 1184 1219 Μ.
1213 1163 1338 1218 Haec
1362 1178 1491 1235 ergo
1517 1160 1913 1232 contemplatio,
1938 1154 2173 1212 sanctifi-

580 1262 749 1328 catio,
794 1257 1231 1330 impassibilitas,
1281 1253 1546 1309 ordinatio
1589 1252 1734 1323 ejus,
1778 1258 1871 1305 aut
1902 1250 2006 1303 ill.e
2046 1255 2172 1303 sunt

578 1364 809 1425 quatuor
838 1353 1059 1407 virtutes
1084 1347 1334 1434 perfectae
1359 1356 1517 1418 atque
1540 1353 1921 1400 consummata:
1944 1359 1958 1407 ;
1981 1349 2075 1395 aut
2103 1356 2170 1396 ne

580 1447 648 1503 de
670 1445 973 1502 nominibus
998 1457 1121 1498 cum
1148 1456 1236 1497 res
1259 1440 1597 1501 conveniant,
1628 1438 1820 1492 frustra
1846 1435 2165 1498 laboremus,

581 1552 678 1608 pro
721 1536 835 1592 istis
877 1534 1194 1597 virtutibus,
1246 1530 1437 1602 quibus
1474 1530 1757 1585 constituta
1804 1527 1853 1581 in
1899 1524 2169 1581 laboribus

581 1628 745 1684 utitur
774 1627 970 1690 anima,
998 1625 1129 1681 tales
1149 1621 1388 1696 quiedam
1414 1622 1662 1693 potentia:
1686 1620 1738 1674 in
1763 1629 1964 1675 {eterna
1989 1618 2038 1673 ei
2060 1616 2165 1671 vita

580 1719 856 1791 speranda:
883 1727 1029 1773 sunt.
1904 1717 1923 1728 °

578 1809 810 1867 CAPUT
836 1808 1001 1864 XVII.
1028 1839 1095 1849 -
1132 1808 1281 1876 Quod
1298 1808 1551 1879 peccatrix
1569 1807 1739 1861 anima
1765 1822 2001 1861 numeros
2023 1814 2163 1876 agat,

863 1914 909 1957 et
940 1903 1158 1957 timueris
1183 1912 1383 1974 agatur.
1412 1901 1678 1957 Conclusio
1707 1902 1892 1972 aperis.

653 1996 742 2051 56.
776 1994 881 2050 Nos
904 2003 1107 2049 tantum
1136 1994 1561 2059 meminerimus,
1598 1992 1738 2066 quod
1766 1993 1832 2047 ad
1863 2003 2164 2063 susceptam

580 2096 898 2158 praesentem
924 2085 1333 2155 disputationem
1359 2088 1589 2142 maxime
1610 2088 1860 2157 pertinet,
1890 2087 1938 2142 id
1961 2088 2042 2157 agi
2070 2102 2165 2157 per

582 2178 968 2249 providentiam
1000 2177 1124 2243 Dei,
1171 2193 1267 2249 per
1291 2193 1449 2248 quam
1476 2186 1666 2233 cuncta
1696 2179 1901 2232 creavit
1927 2189 1980 2233 et
2009 2180 2160 2249 regit,

581 2281 639 2326 ιιι
680 2273 839 2328 etiam
865 2268 1133 2344 peccatrix
1165 2279 1220 2327 et
1247 2286 1545 2327 :erumnosa
1569 2271 1744 2326 anima
1772 2273 2010 2327 numeris
2034 2288 2162 2343 aga-

579 2378 687 2436 tur,
716 2376 769 2422 et
790 2382 1043 2423 numeros
1065 2376 1187 2438 agat
1214 2382 1381 2436 usque
1406 2366 1472 2421 ad
1512 2365 1750 2421 infimam
1778 2365 1955 2421 carnis
1974 2380 2161 2420 corru-

575 2460 809 2529 ptionem
842 2476 855 2511 :
886 2460 973 2529 qui
1009 2467 1157 2514 certe
1196 2458 1403 2513 numeri
1434 2456 1609 2512 minus
1638 2458 1919 2527 minusque
1959 2456 2161 2527 pulchri

573 2567 695 2607 esse
721 2560 981 2623 possunt,
1021 2552 1233 2623 penitus
1256 2566 1382 2606 vero
1416 2566 1599 2606 carere
1634 2550 2025 2621 pulchritudine
2053 2566 2160 2607 non

571 2656 815 2716 possunt.
850 2645 987 2700 Deus
1008 2653 1188 2700 autem
1208 2660 1415 2701 summe
1441 2644 1632 2709 bonus,
1660 2655 1716 2701 et
1739 2660 1947 2701 summe
1961 2645 2158 2714 justus,

572 2737 703 2793 nulli
756 2736 957 2792 invidet
1018 2736 1431 2809 pulchritudini,
1486 2752 1604 2807 qua:
1661 2737 1773 2792 sive
1822 2737 2162 2793 damnatione

573 2830 787 2895 animm,
813 2830 925 2883 sive
943 2828 1294 2901 regressione,
1321 2828 1433 2883 sive
1456 2828 1825 2898 permansione
1849 2827 2156 2883 fabricatur.

569 2918 835 2975 Numerus
854 2929 1032 2975 autem
1059 2928 1113 2973 et
1137 2918 1205 2975 ab
1232 2933 1336 2973 nno
1358 2918 1558 2990 incipit,
1587 2926 1641 2974 et
1663 2918 1966 2990 aequalitate
1993 2934 2055 2973 ac
2084 2918 2159 2972 si-

569 3012 869 3068 militudine
898 3011 1121 3083 pulcher
1145 3021 1245 3076 est,
1269 3021 1324 3068 et
1352 3011 1537 3066 ordine
1567 3012 1861 3082 copulatur.
1890 3011 2160 3080 Quamob-

568 3121 685 3161 rem
714 3106 951 3177 quisquis
978 3104 1171 3160 fatetur
1197 3104 1397 3159 nullam
1437 3118 1557 3158 esse
1600 3113 1875 3165 naturam,
1912 3119 2032 3173 quze
2053 3117 2158 3159 non

567 3205 625 3251 ut
647 3197 715 3251 sit
742 3194 997 3267 quidquid
1035 3203 1153 3262 est,
1193 3203 1408 3265 appetat
1433 3195 1717 3257 unitatem,
1756 3195 1943 3264 suique
1971 3193 2161 3248 similis

584 3304 621 3344 ιι
647 3296 905 3360 quantum
932 3296 1108 3357 potest
1132 3300 1252 3341 esse
1278 3295 1501 3340 conetur
1519 3326 1533 3348 ,
1577 3296 1738 3355 atque
1761 3286 2004 3341 ordinem
2037 3302 2161 3355 pro-

566 3381 739 3451 prium
772 3379 852 3433 vel
881 3378 1010 3433 locis
1038 3378 1122 3433 vel
1155 3377 1499 3448 temporibus,
1531 3378 1612 3431 vel
1642 3379 1692 3431 in
1731 3393 1955 3448 corpore
1985 3379 2002 3409 ί
2030 3393 2160 3449 quo-

564 3472 688 3529 dam
734 3471 1049 3526 libramento
1086 3470 1313 3525 salutem
1352 3483 1504 3524 suam
1550 3479 1728 3526 teneat
1762 3487 1776 3524 :
1808 3469 1965 3526 debet
2008 3468 2163 3529 fateri

573 3566 643 3621 ab
674 3581 778 3620 uno
806 3563 1067 3636 principio
1091 3578 1190 3635 per
1211 3563 1468 3636 :equalem
1492 3564 1565 3619 illi
1594 3580 1656 3620 ac
1676 3565 1902 3621 similem
1926 3566 2159 3637 speciem

571 3658 772 3715 divitiis
802 3659 1051 3713 bonitatis
1081 3658 1197 3728 ejus
1219 3700 1236 3724 ,
1277 3675 1380 3728 qua
1425 3661 1563 3716 inter
1590 3674 1650 3716 se
1686 3676 1847 3715 unum
1877 3670 1931 3717 et
1962 3661 2028 3717 de
2055 3679 2160 3719 uno

564 3767 725 3807 unum
758 3750 1070 3807 charissima
1098 3751 1141 3817 ⁸,
1174 3763 1231 3807 ιιι
1257 3752 1328 3808 ita
1348 3751 1543 3817 dicam,
1565 3753 1822 3810 charilate
1845 3754 2156 3826 junguntur,

564 3844 743 3901 omnia
772 3846 908 3898 facta
933 3859 1053 3900 esse
1076 3854 1237 3914 atque
1277 3843 1491 3901 condita
1517 3861 1868 3918 quascumque
1909 3858 2064 3918 sunt,
2097 3850 2151 3906 in

567 3946 1054 4010 quantumcumque
1077 3945 1222 3993 sunt.

633 4031 722 4089 57.
751 4031 925 4100 Quare
946 4030 1036 4086 ille
1062 4044 1250 4086 versus
1267 4045 1298 4085 a
1326 4031 1480 4087 nobis
1502 4031 1830 4103 propositus,
1855 4032 1995 4091 Deus
2014 4050 2154 4089 crea-

562 4132 642 4177 tor
660 4122 918 4185 omnium,
948 4137 1055 4177 non
1087 4122 1259 4177 Solum
1290 4123 1511 4178 auribus
1538 4139 1672 4179 sono
1698 4140 1985 4182 numeroso
2008 4169 2022 4192 ,
2062 4126 2155 4183 sed

565 4214 732 4270 multo
757 4213 927 4285 magis
954 4222 1039 4267 est
1057 4213 1249 4269 animae
1278 4216 1559 4271 sententia:
1584 4217 1811 4274 sanitate
1849 4227 1903 4274 et
1937 4219 2157 4277 veritate

562 4306 912 4376 gratissimus.
952 4303 1065 4361 Nisi
1104 4305 1243 4361 forte
1278 4316 1456 4362 movet
1500 4316 1552 4363 te
1586 4308 1808 4367 tarditas
1849 4326 2068 4376 eorum,
2100 4321 2159 4366 ut

562 4400 743 4455 mitius
771 4400 979 4471 loquar,
1003 4400 1091 4471 qui
1115 4410 1311 4471 negant
1332 4401 1399 4457 de
1424 4402 1591 4458 nihilo
1614 4402 1728 4459 fieri
1756 4420 1910 4475 posse
1932 4407 2149 4478 aliquid,

568 4508 689 4545 eum
723 4490 773 4546 id
801 4492 1143 4561 omnipotens
1175 4491 1315 4547 Deus
1346 4491 1535 4549 fecisse
1562 4493 1787 4550 dicatur.
1816 4498 1896 4551 An
1926 4512 2050 4555 vero
2072 4497 2154 4553 fa-

567 4584 662 4639 ber
705 4592 882 4655 potest
927 4584 1332 4641 rationabilibus
1374 4587 1610 4642 numeris
1648 4588 1736 4659 qui
1782 4598 1905 4644 sunt
1947 4589 1999 4644 in
2040 4601 2155 4646 arte

561 4677 710 4746 ejus,
752 4677 1029 4734 seusuales
1075 4692 1331 4735 numeros
1375 4679 1466 4749 qui
1507 4687 1632 4734 sunt
1672 4680 1726 4736 in
1769 4681 2153 4738 consuetudine

561 4770 681 4837 ejus
726 4772 963 4842 operari;
1015 4782 1072 4829 et
1118 4771 1454 4828 seusualibus
1502 4773 1737 4829 numeris
1779 4789 2152 4846 progressores

563 4860 682 4916 illos
702 4862 892 4930 quibus
921 4863 1164 4919 membra
1194 4865 1247 4919 in
1272 4864 1546 4936 operando
1571 4876 1767 4931 movet,
1795 4866 1861 4921 ad
1890 4882 2023 4938 quos
2039 4868 2150 4938 jam

562 4949 837 5007 intervalla
865 4964 1163 5024 temporum
1204 4956 1505 5026 pertinent,
1541 4968 1594 5013 et
1624 4958 1709 5015 bis
1739 4974 1923 5015 rursus
1953 4959 2152 5017 formas

563 5043 797 5101 visibiles
819 5044 887 5102 de
917 5045 1058 5117 ligno
1085 5045 1351 5116 fabricari,
1379 5049 1617 5107 locorum
1647 5052 1939 5109 intervallis
1959 5071 2150 5111 nume-

562 5151 754 5194 rosas:
782 5146 839 5194 et
865 5153 1045 5194 rerum
1076 5150 1262 5197 natura
1292 5143 1384 5200 Dei
1427 5145 1641 5203 nutibus
1668 5148 1941 5217 serviens,
1977 5151 2150 5222 ipsum

559 5232 759 5304 lignum
788 5232 856 5289 de
882 5242 1023 5291 terra
1049 5243 1104 5290 et
1125 5237 1336 5293 caeteris
1376 5240 1653 5298 elementis
1698 5241 1871 5300 facere
1909 5260 2015 5301 non
2056 5262 2151 5318 po-

564 5430 575 5441 ,
620 5370 638 5402 ι
653 5375 727 5445 Er.
754 5378 807 5421 et
826 5369 1249 5445 ωνηὺιεονροι-εο
1268 5374 1478 5438 quodam
1493 5375 2007 5445 libi-Manlin
2021 5389 2148 5444 uss,

554 5433 606 5482 in
639 5433 1121 5505 cgrporco.quodantl
1160 5443 1217 5487 At
1245 5433 1345 5505 Ain.
1382 5447 1435 5490 et
1462 5440 1656 5505 codices
1691 5433 1921 5505 plerique
1953 5433 2152 5497 veteres

557 5492 846 5570 praeferunt,
867 5492 921 5546 iri
931 5499 1388 5570 .corppreﬂuodam
1409 5514 1428 5570 ς
1451 5502 1588 5570 quod_
1603 5492 1757 5570 magis
1769 5492 2051 5570 probamus:

617 5558 637 5589 ¹
673 5558 1111 5631 Ιιιείειιίοιχὶειευε
1138 5558 1544 5631 trinitatehloéus
1576 5565 1625 5613 in
1663 5558 1956 5631 editi-auibus
1989 5574 2063 5620 Er.
2099 5579 2153 5624 et

689 5631 888 5695 necnon.
909 5622 958 5668 in
980 5622 1535 5695 recentioribus_aliquot
1556 5632 1659 5695 alss.
1687 5628 1752 5677 ita
1773 5622 2150 5695 corruptelegié

552 5687 633 5753 tur
819 5684 945 5753 inter
973 5696 1027 5732 se
1058 5695 1207 5732 unum
1236 5690 1282 5735 et
1312 5685 1411 5753 duo
1436 5684 1751 5749 chtm'ssima,
1786 5697 1838 5753 ut
1869 5684 1936 5740 ita
1967 5684 2145 5745 dicavit.

552 5746 610 5817 lg
626 5742 844 5817 editione
861 5749 1025 5817 autem
1203 5756 1303 5804 (ma
1334 5746 1461 5817 inter
1474 5762 1525 5798 se
1542 5762 1688 5817 mrum
1709 5742 1755 5802 et
1785 5752 1847 5802 de
1879 5767 1972 5804 tam
2003 5742 2150 5807 unum

868 5809 921 5877 iet
950 5811 1005 5877 ut
1032 5804 1103 5856 ita
1133 5800 1312 5877 dicam.
1348 5800 1969 5877 Redintegravirnustot'uiu
1997 5800 2146 5871 adii;

555 5862 1269 5933 bravmwtimanotc.

1342 6008 1375 6019 ,ς

1149 6014 1236 6051 .2...
1308 6014 1375 6041 nr

1815 398 1901 455 DE
1940 391 2209 464 MUSICA,
2252 392 2310 453 S.
2356 392 2719 453 AUGUSTINI
3626 415 3721 478 1m

2285 519 2417 574 test;
2444 519 2497 565 et
2534 510 2645 580 ipsa
2676 519 2912 566 extrema
2953 526 3058 568 non
3086 522 3273 585 poterat
3302 516 3361 575 de
3386 520 3571 580 nullo“?
3593 525 3723 589 lmoet

2277 600 2487 657 arboris
2527 602 2724 658 locales
2765 619 3052 672 numeros,
3077 608 3361 677 temporales
3381 618 3553 673 numeri
3574 632 3722 681 antece-

2277 691 2407 747 dant
2444 708 2664 750 necesse
2705 704 2809 751 est.
2855 695 3065 751 Nullum
3111 707 3185 753 est
3222 702 3343 756 enim
3380 706 3581 776 stirpium
3612 728 3721 782 genus

2278 786 2421 856 quod
2466 802 2571 841 non
2612 788 2776 843 certis
2806 804 2903 860 pro
2929 804 3027 845 suo
3056 792 3245 848 semine
3267 792 3615 857 dintensionibus
3635 815 3716 863 tein-

2278 893 2467 950 porum
2496 889 2551 936 et
2578 881 2868 949 coalescat,
2900 891 2954 938 et
2980 884 3260 955 germinet,
3286 898 3334 943 et
3357 890 3403 943 in
3424 906 3553 948 auras
3570 899 3714 968 emicet,

2278 980 2332 1028 et
2359 972 2482 1029 folia
2512 975 2742 1045 explicet
2765 1018 2779 1042 ,
2814 985 2867 1031 et
2893 976 3183 1042 roboretur,
3206 989 3254 1033 et
3286 980 3384 1036 sive
3423 982 3629 1053 fructum,
3650 994 3717 1049 sive

2277 1063 2445 1136 ipsius
2470 1067 2595 1137 ligni
2624 1068 2999 1124 occultissimis
3036 1071 3259 1125 numeris
3280 1072 3373 1128 vim
3405 1091 3556 1133 rursus
3577 1085 3719 1141 seminis

2275 1156 2472 1212 referat
2499 1176 2511 1211 :
2538 1167 2736 1229 quanto
2762 1158 2931 1230 magis
2956 1159 3252 1217 animalium
3283 1178 3477 1235 corpora
3496 1210 3509 1233 ,
3533 1169 3574 1224 in
3596 1174 3719 1241 quibus

2277 1246 2559 1304 intervalla
2589 1250 2955 1307 membrorum
2983 1267 3306 1309 numerosam
3336 1258 3596 1326 parilitatem
3616 1266 3719 1319 ηιυιιο

2275 1341 2446 1411 magis
2484 1343 2789 1413 aSpectihus
2832 1344 3095 1399 offerunt?
3117 1348 3197 1400 An
3221 1347 3309 1401 ista
3332 1347 3391 1404 de
3413 1351 3632 1408 clementis
3650 1355 3721 1411 ﬁeri

2275 1442 2516 1502 possunt,
2549 1444 2604 1489 et
2626 1435 2738 1505 ipsa
2760 1435 3024 1491 elementa
3052 1452 3153 1491 non
3179 1447 3435 1508 potuerunt
3458 1444 3547 1497 lieri
3568 1444 3618 1499 de
3633 1446 3721 1500 nihi-

2276 1522 2367 1578 lo?
2389 1526 2551 1591 Quasi
2578 1542 2705 1581 vero
2746 1527 3029 1599 quidquam
3060 1529 3129 1584 sit
3156 1531 3204 1583 in
3231 1532 3303 1585 eis
3329 1533 3463 1588 vilius
3483 1545 3527 1589 et
3547 1535 3721 1604 abjectius

2274 1632 2435 1687 quam
2467 1628 2605 1673 terra
2637 1626 2741 1673 est.
2777 1620 2906 1687 ρυλε
2932 1620 3104 1691 primo
3139 1622 3414 1692 generalem
3440 1626 3622 1694 speciem
3646 1645 3723 1683 cor-

2274 1711 2417 1782 pcris
2444 1712 2621 1778 habet,
2650 1713 2701 1767 in
2728 1729 2829 1783 qua
2864 1712 3035 1769 unitas
3064 1715 3295 1785 quaedam
3319 1727 3369 1772 et
3393 1721 3559 1773 numeri
3581 1732 3619 1774 et
3638 1722 3723 1776 ordo

2271 1818 2391 1860 esse
2419 1806 2774 1859 convincitur.
2806 1805 3044 1877 Namque
3087 1806 3153 1861 ab
3189 1807 3350 1878 aliqua
3384 1808 3585 1879 impertili
3612 1816 3724 1865 uota’

2271 1894 2327 1949 in
2360 1895 2739 1967 longitudinem
2771 1912 2993 1952 necesse
3020 1907 3105 1952 est
3129 1897 3404 1969 porrigatur
3428 1900 3621 1969 qualibet
3650 1904 3724 1969 ejus

2270 1989 2609 2058 quantumvis
2640 2003 2797 2058 parva
2827 1989 3083 2060 particula
3105 2030 3118 2053 ,
3144 1990 3342 2045 tertiam
3378 1992 3638 2048 latitudinem
3666 2014 3723 2049 su-

2269 2091 2418 2149 mat,
2459 2092 2514 2138 et
2555 2094 2797 2151 quartam
2825 2080 3161 2137 altitudinem
3202 2098 3299 2153 qua
3335 2099 3503 2152 corpus
3540 2086 3722 2155 impletur.

2272 2173 2422 2229 Unde
2441 2188 2568 2244 ergo
2585 2174 2685 2229 iste
2700 2188 2729 2227 a
2747 2173 2921 2243 primo
2946 2190 3114 2245 usque
3128 2175 3191 2228 ad
3205 2184 3429 2245 quartum
3448 2179 3723 2247 progressionis

2268 2272 2496 2328 modus?
2545 2272 2697 2330 Unde
2716 2284 2771 2329 et
2802 2272 3084 2344 aequalitas
3126 2288 3324 2343 quoque
3360 2274 3566 2343 partium,
3591 2290 3672 2344 qtae
3693 2276 3722 2328 in

2270 2365 2598 2437 longitudine
2619 2375 2674 2421 et
2698 2365 2973 2421 latitudine
3000 2374 3055 2421 et
3078 2366 3342 2421 altitudine
3366 2366 3610 2435 reperitur?
3627 2366 3722 2422 Unde

2267 2458 2693 2513 corrationalitas
2716 2456 2956 2529 quaedam
2977 2458 3074 2527 (ita
3102 2458 3241 2512 enim
3262 2456 3405 2511 malui
3419 2457 3647 2527 auahigiam
3662 2472 3724 2510 vo-

2267 2548 2435 2625 care),
2461 2562 2518 2607 ut
2552 2567 2711 2623 quam
2744 2551 3005 2608 rationem
3038 2551 3192 2606 habet
3224 2551 3466 2622 longitudo
3490 2552 3541 2606 ad
3563 2552 3724 2617 imperti-

2267 2645 2373 2701 lem
2398 2655 2576 2702 notam
2598 2688 2613 2712 ,
2644 2644 2884 2700 eamdem
2913 2644 3141 2700 latitudo
3174 2644 3237 2698 ad
3274 2641 3724 2714 longitudinem,etad

2268 2737 2600 2795 latitudinem
2633 2737 2825 2793 habeat
2853 2736 3115 2791 altitudo?
3143 2734 3319 2802 Unde,
3344 2750 3521 2807 quaeso,
3543 2735 3639 2797 ista,
3660 2733 3725 2787 nisi

2265 2832 2335 2887 ab
2362 2832 2450 2886 illo
2479 2846 2688 2887 summo
2722 2840 2882 2901 atque
2924 2838 3130 2887 :eterno
3172 2831 3442 2901 principatu
3483 2843 3724 2883 numerorum

2266 2931 2321 2978 ct
2369 2921 2729 2977 similitudinis
2772 2931 2827 2977 et
2872 2922 3198 2993 :eqnalitatis
3238 2932 3290 2979 et
3328 2921 3501 2978 ordinis
3548 2918 3724 2975 veniunt?

2267 3014 2427 3085 Atqui
2477 3013 2592 3069 hsce
2636 3014 2684 3068 si
2724 3023 2884 3069 terra:
2904 3014 3174 3071 ademeris
3199 3057 3214 3081 ,
3263 3013 3383 3069 nihil
3422 3014 3517 3067 erit.
3546 3011 3727 3078 Quocirca

2267 3105 2608 3177 omnipotens
2630 3106 2769 3162 Deus
2797 3114 2995 3161 terram
3024 3106 3172 3174 fecit,
3201 3116 3255 3162 et
3274 3106 3336 3162 de
3355 3104 3491 3161 nihilo
3511 3113 3612 3158 terra
3632 3100 3727 3154 facta

2265 3206 2367 3254 est.

2267 3324 2276 3335 -
2336 3290 2426 3346 58.
2454 3290 2591 3358 Quid
2615 3292 2807 3362 porro?
2827 3292 2938 3363 ipsa
2959 3293 3173 3362 species
3191 3308 3290 3364 qua
3312 3293 3417 3348 item
3432 3305 3456 3345 a
3475 3285 3632 3343 ceteris
3647 3282 3729 3338 ele-

2266 3384 2465 3441 mentis
2486 3394 2625 3441 terra
2654 3384 2998 3453 discernitur,
3017 3400 3199 3442 nonne
3218 3395 3270 3441 et
3289 3400 3431 3440 unum
3448 3378 3597 3451 aliquid
3612 3392 3729 3447 quan-

2266 3472 2377 3532 tum
2406 3478 2613 3549 accepit
2641 3487 2895 3545 ostentat,
2913 3488 2969 3534 et
2995 3478 3141 3536 nulla
3167 3494 3289 3550 pars
3307 3477 3409 3547 ejus
3428 3490 3454 3529 a
3475 3484 3561 3528 toto
3579 3480 3637 3525 est
3656 3468 3729 3521 dis—

2265 3571 2477 3638 similis,
2504 3579 2561 3627 et
2579 3572 2888 3628 earumdem
2922 3573 3154 3642 partium
3181 3571 3486 3628 connexione
3506 3577 3626 3635 atque
3645 3575 3728 3614 con-

2265 3661 2449 3719 cordia
2464 3677 2563 3718 suo
2579 3677 2777 3733 genere
2798 3662 3207 3719 saluberrimam
3227 3662 3395 3718 sedem
3415 3658 3599 3714 inﬁmam
3616 3647 3728 3706 tenet?

2265 3752 2364 3811 Cui
2403 3753 2803 3825 superfunditur
2830 3769 3092 3825 aquarum
3131 3765 3333 3820 natura,
3363 3752 3511 3807 nitens
3530 3758 3572 3801 et
3592 3747 3669 3813 ipsa
3685 3737 3727 3792 ad

2265 3848 2544 3915 unitatem,
2570 3847 2864 3919 speciosior
2892 3858 2946 3903 et
2974 3847 3299 3918 perlucidior
3337 3854 3523 3917 propter
3551 3837 3726 3902 ωκιοτεω

2265 3938 2666 3995 similitudinem
2697 3938 2924 4009 partium
2944 3978 2960 4005 ,
2991 3948 3049 3995 et
3087 3937 3384 3995 custodiens
3421 3936 3563 3989 locum
3593 3926 3729 3985 ordinis

2265 4040 2321 4089 et
2346 4031 2536 4087 salutis
2561 4046 2692 4087 suae.
2719 4031 2856 4099 Quid
2887 4031 2955 4087 de
2980 4032 3123 4087 aeris
3150 4040 3326 4086 natura
3351 4028 3520 4087 dicam.
3540 4022 3655 4079 multo
3674 4016 3728 4069 fa-

2263 4122 2448 4178 ciliore
2476 4124 2755 4194 complexu
2778 4122 2843 4178 ad
2871 4123 3130 4179 unitatem
3156 4124 3371 4189 nitente,
3386 4129 3435 4177 et
3462 4126 3572 4173 tanto
3588 4110 3733 4183 specio-

2264 4215 2407 4271 siore
2431 4215 2603 4286 aquis,
2629 4230 2787 4286 quam
2818 4214 2920 4269 illa:
2946 4216 3111 4272 terris
3132 4224 3274 4283 sunt,
3301 4223 3521 4284 tantoque
3541 4206 3733 4278 superiore

2263 4307 2332 4363 ad
2382 4308 2606 4363 salutem
2639 4306 2693 4361 ’?
2723 4306 2861 4375 Quid
2905 4306 2973 4362 de
3018 4307 3144 4365 cceli
3188 4321 3425 4377 supremo
3464 4301 3734 4363 ambitu.qu0

2266 4408 2375 4454 tota
2399 4398 2718 4453 universitas
2764 4397 3055 4453 visibilium
3098 4411 3377 4467 corporum
3416 4390 3673 4448 terminatur.
3701 4388 3734 4433 τι

2262 4506 2469 4547 summa
2509 4491 2562 4546 in
2592 4489 2694 4546 hoc
2733 4505 2932 4563 genere
2972 4490 3218 4561 Species,
3258 4505 3319 4544 ac
3357 4481 3635 4541 saluberrima
3671 4470 3734 4571 lno

2261 4580 2614 4637 excellentia?
2638 4579 2736 4635 Ista
2762 4589 2907 4636 certe
2930 4580 3110 4635 omnia
3141 4595 3259 4651 qua:
3287 4575 3490 4633 carnalis
3508 4582 3653 4627 sensus
3674 4580 3734 4616 mn

2262 4673 2484 4728 nisterio
2501 4688 2867 4737 numeramus,
2882 4683 2935 4729 ct
2950 4688 3298 4742 qtttecumque
3316 4672 3365 4725 in
3385 4669 3452 4723 eis
3468 4672 3584 4728 sunt,
3600 4655 3734 4739 locales

2263 4780 2515 4820 numeros
2544 4765 2635 4835 qui
2665 4763 2913 4819 videntur
2936 4777 3058 4819 esse
3077 4763 3315 4833 inaliquo
3336 4769 3480 4823 statu,
3498 4751 3579 4809 nisi
3601 4758 3733 4845 parte

2260 4858 2509 4915 dentibus
2538 4858 2739 4913 intimis
2767 4867 2820 4914 et
2850 4857 2902 4912 in
2932 4856 3147 4912 silentio
3187 4851 3537 4926 temporalibus
3575 4846 3734 4898 nuan

2259 4948 2351 5021 qui
2372 4958 2495 5004 sunt
2522 4948 2574 5003 in
2604 4959 2773 5013 motu,
2806 4962 2905 5002 nec
2931 4946 3179 5019 accipere
3203 4945 3317 5000 illos
3347 4947 3554 5013 possunt.
3581 4947 3655 4988 nec
3675 4928 3734 4981 Ιιει⁴

2259 5039 2408 5099 here.
2439 5040 2563 5097 Illos
2586 5039 2766 5097 itidem
2804 5048 3106 5110 temporum
3145 5035 3423 5093 intervallis
3445 5029 3583 5103 agiles
3601 5033 3734 5096 prmi

2323 5201 2336 5231 '
2365 5196 2691 5266 Expungenda
2708 5194 2955 5247 videretur
2976 5193 3213 5266 partial]:
3233 5202 3426 5266 negans

2257 5240 2945 5323 ιιεεξῐῖιῐὶιῖιῖὲ
3138 5240 3574 5368 ἷᾶὶιῖὶεῖιιειῖνειιιι,
3592 5240 3719 5330 scilicet

2257 5330 2303 5368 et
2332 5322 2441 5368 ima
2470 5326 2687 5368 extrema
2716 5333 2809 5368 non
2840 5324 3024 5368 poterat
3054 5318 3119 5368 de
3148 5332 3213 5368 nu
3278 5352 3294 5368 .
3317 5315 3507 5365 fatemur
3526 5320 3603 5360 000
3620 5308 3719 5368 “an”

2256 5330 2303 5397 et
2459 5312 2687 5372 'eattrema
2702 5333 2809 5395 .non
2840 5324 3024 5386 poterat
3054 5318 3119 5369 de
3148 5312 3294 5377 nullo,
3317 5315 3603 5388 fatemurnon
3620 5312 3734 5444 uti:

2258 5399 2319 5435 ns
2366 5385 2478 5433 dem
2504 5396 2617 5433 esse
2653 5383 2956 5433 tribuendam
2978 5381 3074 5431 hoc
3103 5380 3234 5442 loco,
3256 5391 3335 5444 qut
3368 5377 3629 5426 Intrandum
3696 5402 3697 5405 η

2260 5449 2457 5497 vitiatus
2473 5448 2551 5508 sit,
2703 5506 2748 5508 Α
3213 5504 3222 5508 _
3264 5500 3283 5508 _
3335 5502 3345 5508 _
3460 5496 3471 5508 .
3553 5456 3635 5508 ηιιζ

2323 5488 2750 5570 ’θηραγϋὶ
2778 5512 2904 5557 ηοω.
2918 5510 2971 5555 Et
2992 5516 3188 5570 rursum
3210 5500 3403 5553 inferius

2256 5621 2478 5697 renum
2540 5644 2649 5697 nam
2672 5632 2749 5681 me
2976 5638 3112 5697 me.
3129 5621 3719 5697 nearest:

2256 5680 2415 5759 and;
2430 5680 2928 5759 undejiliueaidueitur
2944 5691 3112 5759 Lquod
3136 5691 3185 5738 in
3204 5680 3325 5759 ιιινξο
3338 5687 3398 5759 de
3421 5680 3734 5759 pugnantem

2258 5742 2603 5820 astare;
2614 5742 2683 5805 in?
2697 5742 2778 5815 ιθ,
2801 5742 2871 5820 sic
2885 5742 3112 5820 άςῖὶιίίιιιτ
3138 5766 3150 5800 ε
3183 5770 3205 5798 ι
3219 5757 3327 5801 ⁸ου
3347 5749 3448 5819 Si"?

2321 5786 2503 5886 ῖῖιῖὲἓ
2517 5786 2576 5870 ἑὶ
2587 5786 2723 5869 ἱαῗὶιᾶ

2255 5860 3310 5948 “ﬂammasﬂasmava
3328 5860 3459 5927 altior
3477 5860 3727 5921 mw
