3844 6280
71 435 82 482 l
96 428 174 480 195

65 546 123 600 dit
144 554 194 601 et
210 541 484 600 modificat
518 543 692 600 vitalis
718 554 913 612 motus,
937 549 1178 604 serviens
1199 550 1423 606 Domino
1450 568 1631 610 rerum

66 640 305 707 omnium,
351 653 462 692 non
509 638 824 709 temporalia
863 639 1067 696 habens
1109 642 1312 713 digesta
1354 645 1631 703 intervalla

68 745 376 791 numerorum
406 736 659 795 suorum,
686 731 780 786 sed
810 740 1050 802 tempora
1079 735 1414 793 ministrante
1442 747 1630 808 poten-

71 830 148 889 tia;
184 839 332 895 supra
376 839 546 894 quam
586 827 869 884 rationales
907 839 961 884 et
1002 830 1384 889 intellectuales
1424 836 1634 891 numeri

71 921 300 973 beatamm
345 917 658 974 animarum
686 927 845 991 atque
873 933 1177 978 sanctarum
1198 967 1214 991 ,
1251 925 1422 997 legem
1465 929 1633 998 ipsam

72 1010 160 1072 Dei,
175 1009 282 1063 sine
304 1024 410 1085 qua
439 1007 634 1065 folium
657 1011 723 1067 de
746 1011 940 1068 arbore
961 1029 1065 1069 non
1088 1016 1258 1082 cadit,
1278 1026 1334 1073 et
1357 1019 1442 1073 cui
1467 1021 1635 1076 nostri

73 1099 214 1170 capilli
241 1102 504 1156 numerati
535 1113 700 1170 sunt,
729 1105 871 1161 nulla
915 1107 1224 1178 interposita
1269 1120 1456 1166 natura
1491 1114 1636 1169 exci-

74 1193 270 1260 pientes,
294 1207 465 1262 usque
505 1194 580 1248 ad
620 1203 830 1252 terrena
866 1205 921 1252 et
962 1198 1168 1255 inferna
1204 1200 1324 1271 jura
1363 1205 1634 1260 transmit-

77 1292 164 1338 tunt
182 1280 271 1354 (ιι).

610 1372 789 1410 σοπιο
793 1373 867 1411 810
887 1374 1068 1413 GENS.

129 1458 200 1515 59.
223 1458 344 1528 Qua:
383 1462 536 1532 potui
566 1472 618 1519 et
649 1465 786 1522 sicut
822 1469 969 1536 potui
995 1467 1064 1524 de
1091 1470 1250 1524 tantis
1281 1470 1516 1525 tantillus
1544 1481 1626 1527 te-

79 1568 166 1606 rim
189 1554 392 1608 contuli.
426 1554 753 1614 Sermonem
779 1568 956 1615 autem
984 1561 1123 1616 hunc
1144 1571 1384 1618 nostrum
1412 1564 1633 1618 manda-

79 1654 160 1698 tum
185 1644 359 1700 litteris
386 1646 433 1700 si
463 1650 560 1719 qui
592 1649 806 1720 legunt,
833 1651 1002 1705 sciant
1049 1653 1216 1707 multo
1251 1652 1636 1708 inﬁrmioribus

83 1737 165 1791 lace
186 1752 290 1792 esse
318 1739 546 1809 scripta,
571 1755 732 1810 quam
763 1752 886 1796 sunt
915 1743 991 1796 illi
1017 1743 1105 1813 qui
1135 1745 1293 1799 unius
1321 1745 1516 1798 summi
1541 1744 1635 1800 Dei

126 1851 185 1926 (α)
203 1860 291 1910 vid.
317 1866 526 1911 ttetract.
557 1860 648 1910 lib.
677 1862 723 1923 1,
747 1875 852 1925 cap.
880 1863 927 1922 1,
952 1876 1001 1910 ιι.
1026 1862 1073 1910 4.

591 1951 688 1960 ,.-..

945 431 1030 488 DE
1068 435 1432 505 MAGISTRO,
1475 440 1530 496 S.
1571 441 1939 502 AUGUSTINI
1977 445 2178 502 LIBER
2218 446 2419 504 UNUS.

3186 454 3322 510 ΗΜ

1735 559 2238 616 consubstantialem
2279 571 2334 616 et
2375 562 2859 618 incommutabilem
2887 563 3222 635 Trinitatem,
3252 583 3321 623 ex

1735 668 1842 724 quo
1860 653 2060 719 omnia,
2080 668 2173 722 per
2188 670 2345 724 quem
2367 657 2563 720 omnia,
2579 655 2631 709 in
2651 671 2757 726 quo
2769 659 2946 711 omnia
2974 657 3199 712 duorum
3213 658 3322 713 'l‘e-

1737 754 2120 800 stamentorum
2145 748 2510 803 auctoritatem
2529 749 2694 803 δεουιὶ
2716 760 3038 804 venerantur
3055 758 3109 805 et
3133 750 3320 806 colunt

1737 851 1854 893 eam
1867 836 2156 903 credendo,
2170 839 2430 907 sperando
2445 847 2500 894 et
2518 839 2803 911 diligendo.
2822 841 2884 896 Hi
2898 842 3040 896 enim
3057 858 3160 897 non
3175 844 3325 897 scin-

1738 927 2030 982 tillantibus
2054 926 2300 982 humanis
2328 929 2842 998 ratiocinationibus,
2871 931 2965 987 sed
2991 931 3324 987 validissimo

1740 1029 1792 1075 et
1820 1020 2228 1090 flagrantissimo
2255 1019 2522 1077 cbaritatis
2549 1023 2667 1092 igne
2687 1035 2997 1094 purgantur.
3016 1025 3124 1082 Nos
3143 1036 3328 1082 autem

1739 1113 1865 1168 dum
1897 1113 2238 1186 negligendos
2267 1129 2386 1170 esse
2407 1131 2511 1171 non
2533 1116 2903 1174 existimamus
2928 1135 3062 1189 quos
3084 1120 3327 1176 haeretici

1740 1207 1960 1262 rationis
2002 1215 2057 1261 et
2098 1205 2334 1262 scientiae
2377 1206 2546 1261 fallaci
2592 1208 2973 1276 pollicitatione
3017 1211 3326 1282 decipiunt;

1741 1299 1942 1355 tardius
1983 1299 2307 1366 incedimus,
2338 1299 2762 1356 consideratione
2801 1303 3032 1371 ipsarum
3075 1306 3280 1360 viarum
3306 1348 3325 1372 ,

1738 1408 1898 1462 quam
1937 1392 2108 1448 sancti
2147 1392 2246 1447 viri
2293 1392 2382 1463 qui
2422 1407 2512 1448 cas
2541 1393 2772 1446 volando
2801 1409 2906 1448 non
2931 1395 3217 1464 dignantur
3243 1405 3329 1452 at-

1739 1485 1976 1543 tendere.
2000 1485 2152 1554 Quod
2175 1496 2349 1541 tamen
2377 1484 2554 1542 facere
2581 1501 2684 1539 non
2712 1485 3048 1555 auderemus,
3066 1489 3167 1544 nisi
3192 1489 3330 1544 mul-

1741 1588 1824 1634 tos
1853 1580 1970 1649 pios
2001 1579 2255 1634 Ecclesia:
2279 1579 2555 1635 catholicae
2584 1579 2768 1633 matris
2793 1579 3007 1648 optima:
3037 1580 3172 1636 ﬁlios
3192 1624 3206 1647 ,
3237 1582 3332 1652 qui

1739 1672 2034 1742 puerilibus
2072 1671 2262 1726 studiis
2288 1671 2536 1741 loquendi
2580 1685 2644 1725 ac
2685 1671 2984 1726 disserendi
3025 1671 3335 1728 facultatem

1740 1772 1994 1834 quantum
2026 1765 2154 1818 satis
2180 1771 2262 1818 est
2286 1764 2554 1818 eonSt-euti
2596 1771 2807 1829 essent,
2851 1762 3038 1818 eadem
3080 1762 3334 1819 refellen-

1741 1854 1930 1909 dorum
1962 1854 2339 1911 haereticorum
2366 1854 2681 1909 necessitate
2701 1852 2893 1909 fecisse
2920 1853 3241 1910 videremus.

109 1951 688 1960 ______________.
1999 1953 2436 1960 ____._____

104 1949 3332 2002 Η

1206 1991 2265 2176 liii—WE

958 2237 1064 2297 DE
1108 2236 1522 2311 SEQUENTE
1553 2233 1793 2296 ΠΒΒο
1834 2235 1940 2295 DE
1983 2233 2418 2297 MAGISTRO.

143 2353 347 2423 Opusculi
367 2357 655 2424 sequentis
680 2365 891 2412 atatem
921 2359 1095 2429 prodit
1114 2361 1228 2432 ipse
1249 2360 1363 2431 ejus
1378 2370 1563 2418 auctor
1590 2361 1645 2416 in
1683 2360 1821 2416 libro
1853 2375 1995 2416 nono
2022 2359 2455 2429 Confessionum,
2488 2361 2662 2431 capite
2706 2371 2879 2428 sexto,
2921 2361 3010 2417 ubi
3041 2367 3338 2432 praenotata

97 2449 201 2520 quod
224 2466 240 2502 t
264 2463 512 2505 annorum
534 2450 713 2507 ferme
740 2453 1043 2523 quindecim
1072 2464 1187 2510 erat
1220 2473 1239 2507 r
1275 2455 1582 2511 Adeodatus
1619 2455 1832 2526 quando
1869 2454 1969 2524 ipsi
2008 2455 2272 2525 sociisque
2321 2453 2675 2510 Mediolanum
2722 2455 2977 2526 Baptismi
3009 2452 3341 2525 percipiendi

93 2558 210 2598 causa
233 2545 567 2616 pergentibus
597 2561 782 2602 comes
811 2547 1089 2618 adjunctus
1118 2556 1222 2614 est,
1251 2557 1473 2605 testatur
1497 2549 1724 2605 subinde
1747 2547 1890 2603 hunc
1912 2547 2177 2618 dialogum
2203 2562 2321 2602 cum
2357 2547 2450 2602 illo
2477 2555 2587 2602 tum
2619 2546 2856 2602 habitum
2901 2546 3088 2611 fuisse,
3146 2564 3164 2598 ι
3208 2561 3338 2602 cum

95 2639 254 2694 essetin
277 2641 420 2696 annis
449 2640 758 2708 sexdecim,
794 2660 812 2693 ι
840 2641 892 2696 id
915 2651 997 2697 est
1023 2658 1164 2698 anno
1190 2642 1426 2699 secundo
1450 2641 1518 2697 ab
1541 2643 1777 2712 ipsorum
1827 2641 2163 2712 baptismate,
2201 2655 2306 2710 quo
2333 2649 2480 2696 certe
2526 2641 2714 2696 initiati
2761 2641 2911 2696 fuere
2952 2655 3092 2696 anno
3137 2640 3340 2697 Christi

98 2728 179 2784 587.
200 2734 511 2803 Quapropter
533 2733 694 2788 libris
718 2733 783 2789 de
811 2733 1005 2789 Genesi
1031 2744 1216 2790 contra
1244 2735 1582 2801 Manichaos,
1614 2745 1669 2791 et
1689 2735 1758 2791 de
1786 2733 2002 2800 Musica,
2033 2735 2123 2804 qui
2152 2734 2364 2788 circiter
2388 2749 2584 2788 annum
2617 2732 2720 2788 589
2743 2733 2963 2803 perfecti
2988 2732 3217 2800 fuerant,
3244 2749 3339 2789 rc-

99 2825 274 2892 tensius,
298 2826 489 2894 adjecit
511 2827 853 2898 Augustinus
882 2828 935 2882 in
966 2827 1101 2883 libro
1131 2828 1303 2899 primo
1328 2829 1804 2893 Retractationum,
1837 2827 2010 2898 capite
2033 2826 2371 2895 duodecimo,
2399 2841 2457 2882 se
2487 2826 2682 2883 librum
2701 2825 2768 2882 de
2791 2825 3042 2896 Magistro
3073 2841 3170 2897 per
3189 2826 3339 2884 idem

97 2922 250 2985 tanpus
268 2919 560 2989 scripsisse.

1112 3006 1158 3046 s.
1182 3007 1522 3057 AUGUSTINUS,
1555 3009 1658 3047 Lm.
1686 3005 2040 3057 rx~cosrsss.,
2072 3007 2190 3047 cu.
2213 3007 2287 3046 vi.

150 3079 490 3151 tAdjunximus
511 3083 690 3139 etiam
719 3081 872 3138 nobis
894 3097 1113 3153 puerum
1133 3083 1464 3140 Adeodatum
1491 3101 1555 3140 ex
1579 3099 1664 3140 me
1688 3093 1870 3140 natum
1887 3084 2173 3140 carnaliter
2191 3083 2260 3140 de
2287 3092 2504 3154 peccato
2531 3097 2670 3140 meo.
2701 3082 2782 3140 Tu
2803 3084 2938 3141 bene
2964 3083 3167 3142 feceras
3186 3101 3308 3141 eum
3320 3125 3346 3148 ._

99 3173 308 3230 Annorum
333 3186 443 3232 erat
470 3177 656 3232 ferme
681 3178 1001 3246 quindecim,
1025 3185 1080 3231 et
1101 3177 1310 3247 ingenio
1338 3178 1696 3248 przeveniebat
1719 3178 1913 3232 multos
1938 3192 2130 3248 graves
2151 3186 2204 3232 et
2228 3177 2414 3232 doctos
2434 3176 2663 3233 viros....
2696 3176 2913 3233 Munera
2936 3186 3026 3234 tua
3055 3179 3147 3234 tibi
3173 3179 3340 3234 confl-

101 3277 229 3323 παπ...
257 3271 340 3326 Est
365 3271 500 3326 liber
533 3278 726 3324 noster
745 3271 832 3341 qui
850 3272 1154 3327 inscribitur
1173 3272 1241 3327 de
1265 3271 1515 3342 Magistro
1540 3291 1550 3324 :
1576 3273 1691 3343 ipse
1707 3271 1779 3326 ibi
1802 3287 2012 3327 mecum
2035 3271 2288 3342 loquitur.
2308 3271 2388 3325 Tu
2413 3271 2518 3326 scis
2541 3271 2683 3326 illius
2703 3286 2823 3327 esse
2839 3287 2994 3327 sensa
3021 3274 3196 3328 omnia
3219 3289 3343 3343 quae

102 3370 340 3432 inseruntur
364 3363 432 3418 ibi
453 3379 525 3418 ex
561 3376 794 3432 persona
821 3363 1158 3439 collocutoris
1182 3365 1308 3430 mei,
1331 3379 1452 3420 cum
1490 3371 1633 3420 esset
1673 3365 1728 3420 in
1762 3364 1916 3419 annis
1944 3363 2236 3420 sexdecim.
2259 3361 2423 3418 Multa
2451 3363 2567 3433 ejus
2591 3363 2696 3418 alia
2740 3364 3065 3421 mirabiliora
3089 3373 3345 3438 expertus

105 3465 206 3506 sum.
227 3455 415 3511 llorrori
439 3457 584 3511 mihi
613 3466 729 3510 erat
749 3456 878 3511 illud
896 3457 1236 3527 ingenium...
1278 3477 1296 3509 ι

175 3547 878 3633 Υἰάορτιειςτειί-ιξρηιηι
928 3551 990 3633 12
1037 3569 1171 3633 cap.
1218 3550 1329 3624 12,
1375 3550 1948 3633 Retractationum,
1980 3549 2102 3612 col.
2140 3548 2283 3617 602,
2319 3569 2358 3609 a
2408 3547 2634 3618 verbis,
2684 3550 2805 3612 Per
2846 3551 3014 3615 idem
3061 3559 3343 3633 tempus,

348 3631 566 3698 verba,
591 3630 772 3691 Velle
798 3649 943 3692 cum
975 3630 1304 3708 loquimur
1320 3633 1348 3690 ‘I
1451 3632 1537 3691 M.

345 3738 394 3748 -η

104 3642 245 3704 usque

119 3731 340 3745 Ἀ

144 3737 394 3748 νὴ...
2735 3740 3222 3750 ___.—__.___

109 3737 3337 3786 Ἦ

108 3769 182 3786 ,η

641 3871 786 3984 8-
851 3873 1626 3987 ΔΠΒΕῙιῙῙ
1685 3874 2705 3990 AUGUSTI!!!

1023 4062 1769 4147 HIPPONENSIS
1826 4061 2356 4146 EPISCOPI

853 4221 1188 4378 ‘DE
1278 4216 1793 4379 MAG

1738 4216 2532 4379 :ISTno
2829 4150 2832 4152 ’
3286 4211 3368 4434 3

1379 4482 1655 4579 “imber
1699 4500 1949 4581 unus.
1983 4503 2059 4580 (α)

135 4656 173 4702 tn
186 4667 270 4719 quo
288 4656 350 4708 de
369 4658 640 4709 verborum
660 4656 710 4707 vi
731 4660 881 4720 atque
904 4655 1059 4722 oﬂicio
1079 4656 1351 4722 disputatur
1373 4623 1587 4722 cepiose,
1609 4665 1708 4722 quo
1730 4655 1929 4707 demum
1950 4655 2236 4722 non'verbis
2257 4668 2368 4722 quae
2390 4655 2508 4708 foris
2527 4655 2674 4709 homo
2694 4665 2942 4722 personat,
2966 4658 3057 4712 sed
3079 4668 3264 4714 aeterna
3370 4641 3374 4647 ’

894 4718 1102 4770 veritate
1124 4717 1257 4770 intus
1277 4717 1488 4770 docente
1508 4717 1762 4769 scientiam
1783 4731 1952 4768 rerum
1972 4717 2183 4768 obtineri
2205 4717 2469 4770 evincatur.

1509 4825 1838 4886 (αωῇ

168 4931 364 4992 CAPUT
393 4935 680 4993 PRIMUM.
708 4965 777 4976 —
797 4935 1006 4990 Locutio
1035 4935 1103 4988 ad
1127 4934 1248 5007 quid
1270 4935 1516 4988 instituta.
1738 4928 1875 4986 velle
1917 4930 2253 4988 manifestum
2287 4942 2396 5000 est;
2435 4932 2644 4989 discere
2681 4942 2859 4990 autem
2883 4937 3193 5006 quomodo?
3222 4940 3326 4994 Ad.

141 5022 182 5077 l.
227 5027 550 5086 AUGUSTINUS
580 5047 594 5083 :
623 5027 760 5097 Quid
799 5028 894 5083 tibi
933 5026 1174 5082 videmur
1219 5025 1433 5082 efficere
1489 5024 1628 5081 velle
1732 5023 1849 5090 Quo
1887 5023 2102 5080 tandem
2149 5040 2380 5093 censes,
2418 5026 2524 5082 nisi
2559 5041 2681 5082 eum
2720 5027 3148 5101 interrogamus?
3185 5032 3326 5102 Aug.

85 5123 177 5168 cum
202 5115 492 5190 loquimur?
533 5122 855 5177 ADEODATUS
882 5136 896 5173 :
928 5119 1197 5186 Quantum
1239 5118 1452 5190 quidem
1497 5116 1628 5172 mihi
1666 5183 1669 5187 _
1736 5117 1909 5174 Etiam
1932 5128 2056 5175 tunc
2078 5120 2208 5176 nihil
2231 5120 2374 5177 aliud
2395 5137 2555 5192 quam
2580 5121 2774 5177 docere
2793 5137 2892 5178 nos
2912 5124 3044 5179 velle
3067 5123 3321 5192 intelligo.
3370 5157 3383 5208 ‘-

24 5225 32 5234 ’
83 5213 194 5260 nunc
232 5213 485 5281 occurrit,
520 5222 613 5268 aut
645 5212 866 5281 docere,
894 5221 986 5267 aut
1021 5211 1245 5266 discere.
1282 5210 1416 5281 Aug.
1454 5207 1629 5264 Unum
1737 5213 1868 5270 Nam
1890 5213 2183 5285 quaeroabs
2204 5223 2275 5280 te,
2294 5223 2472 5270 utrum
2492 5215 2560 5270 ob
2581 5215 2738 5270 aliam
2757 5230 2971 5272 causam
3002 5217 3322 5283 interroges,
3361 5207 3380 5290 ς

83 5293 237 5356 horum
261 5305 410 5362 video
438 5317 493 5364 et
519 5308 787 5364 assentior
815 5324 828 5361 :
859 5321 982 5362 nam
1016 5305 1281 5376 loquendo
1310 5319 1408 5360 nos
1432 5303 1629 5360 docere
1738 5306 1840 5361 nisi
1870 5316 1928 5361 ut
1956 5322 2076 5363 eum
2107 5321 2265 5378 quem
2303 5307 2600 5380 interrogas
2623 5309 2818 5364 doceas
2855 5305 2980 5376 quid
3009 5304 3179 5359 velis?
3218 5303 3322 5359 Ad.
3364 5305 3378 5380 ’ῃ

1267 5411 1526 5449 ADMONITIO
1555 5414 1629 5449 FP.
1662 5413 2088 5451 ωιυιατωοιιωι.

131 5473 309 5550 Collatus
329 5489 405 5534 est
419 5483 687 5550 (hicliber)
709 5499 819 5537 cum
837 5492 946 5536 Mss.
961 5485 1284 5550 Fiscannensi,
1299 5483 1601 5550 uichaelino,
1611 5487 1858 5550 Beeeensi,
1874 5485 2124 5538 victorinis
2144 5485 2318 5546 tribus,
2331 5486 2592 5550 navarrieis
2610 5485 2816 5543 duobus,
2835 5481 3084 5550 κθιῃβρεὶξξ
3099 5478 3325 5550 ecclesiae

82 5541 741 5658 ﬁgatm‘onibliothecae
762 5562 888 5611 uno;
912 5561 1024 5599 cum
1045 5541 1336 5599 lectionibus
1354 5548 1502 5598 trium
1523 5541 1793 5612 Belgicorur

1738 5563 1823 5599 um
1845 5541 1957 5612 'per
2000 5541 2322 5598 bovanienses
2362 5547 2598 5611 vulgatis;
2620 5541 2829 5606 cumque
2871 5541 3166 5592 editionihus
3208 5542 3320 5594 Bad.

78 5679 974 5835 moezznazaravimmupmterea
1005 5715 1102 5758 eas
1134 5712 1336 5758 omnes
1367 5693 1668 5758 editiones
1698 5695 1887 5760 initio
1922 5694 2470 5759 Retractationum
2521 5693 2581 5748 cl
2633 5686 3124 5749 Confessionnm
3177 5707 3309 5749 me-

131 5859 192 5924 (α)
213 5869 410 5920 Scriptus
431 5865 628 5923 circiter
641 5886 818 5926 annum
839 5877 1010 5930 Christi
1030 5878 1138 5930 389.

383 5953 603 6018 SANCT.
655 5959 931 6023 AUGUST.
976 5963 1026 6024 Ι.
2627 5953 3121 6036 {Tranio-ltuit.)
