3822 6400
543 461 681 519 H95

543 577 739 630 Verum
757 572 908 626 dicis.
937 572 1066 640 Aug.
1096 568 1252 622 Vides
1277 580 1402 636 ergo
1421 565 1529 633 jam
1554 561 1684 616 nihil
1703 578 1802 616 nos
1825 559 2112 624 locutione,

543 669 646 723 nisi
677 673 732 718 ut
758 663 1041 716 doceamus
1065 669 1336 728 appetere.
1364 657 1460 708 Ad.
1483 655 1595 708 Non
1621 654 1772 722 plane
1795 651 1947 706 video
1968 664 2118 704 :nam

543 758 589 813 si
621 754 752 809 nihil
772 761 856 807 est
871 750 1013 804 aliud
1039 748 1180 818 loqui
1200 763 1353 817 quam
1375 747 1532 800 verba
1558 757 1818 814 promere,
1842 741 1996 796 video
2020 754 2117 794 nos

541 850 597 906 id
624 849 794 902 facere
814 857 932 899 cum
958 851 1250 897 cai'itamus.
1277 839 1427 904 Quod
1451 851 1569 891 cum
1597 837 1693 890 soli
1714 847 1856 903 saepe
1873 832 2114 898 facimus,

542 941 691 996 nullo
711 941 970 1008 praesente
990 934 1075 1004 qui
1097 933 1286 995 discat,
1310 946 1413 984 non
1435 939 1560 997 puto
1587 943 1683 980 nos
1707 927 1901 980 docere
1918 921 2116 993 aliquid

539 1029 696 1085 velle.
730 1029 861 1096 Aug.
891 1027 1085 1093 Atego
1117 1031 1242 1091 puto
1264 1035 1385 1076 esse
1410 1018 1670 1087 quoddam
1691 1028 1866 1085 genus
1885 1011 2116 1070 docendi

537 1129 637 1192 per
655 1117 1234 1178 commemorationem,
1259 1128 1502 1180 tuagnum
1525 1125 1672 1173 sane,
1699 1107 1838 1177 quod
1864 1107 1917 1159 in
1937 1116 2114 1158 nostra

539 1213 640 1266 hac
666 1207 1108 1265 sermocinatione
1143 1217 1230 1258 res
1261 1203 1374 1271 ipsa
1399 1200 1669 1256 indicabit.
1708 1197 1813 1252 Sed
1853 1196 1900 1250 si
1927 1206 1978 1249 tu
2009 1210 2115 1248 non

537 1304 812 1358 artuu'aris
851 1316 947 1354 nos
985 1300 1191 1352 discere
1226 1311 1346 1350 cum
1391 1292 1760 1353 recordamur,
1790 1303 1891 1342 uec
1921 1288 2115 1340 docere

537 1385 687 1450 illum
712 1396 802 1462 qui
833 1396 1232 1452 commemorat,
1262 1402 1366 1441 non
1390 1386 1581 1440 resisto
1611 1382 1706 1436 tibi
1732 1400 1742 1434 :
1771 1389 1826 1435 et
1854 1380 1984 1434 duas
2000 1379 2113 1448 jam

541 1484 790 1555 loquendi
826 1496 1012 1537 causas
1056 1480 1316 1533 constituo
1338 1520 1351 1544 ,
1382 1486 1472 1530 aut
1509 1486 1565 1530 ut
1602 1475 1908 1538 doceamus,
1940 1481 2030 1526 aut
2058 1480 2116 1526 ut

537 1585 1018 1634 cotiitneinorcmus
1033 1571 1111 1624 vel
1135 1570 1265 1624 alios
1290 1569 1371 1622 vel
1389 1568 1769 1635 nosmetipsos;
1792 1562 1936 1633 quod
1952 1563 2112 1618 etiam

533 1669 664 1722 dum
711 1671 1013 1725 cantamus,
1043 1660 1299 1716 efﬁcimus
1333 1677 1344 1711 :
1375 1674 1442 1711 an
1473 1657 1563 1712 tibi
1592 1673 1694 1711 non
1726 1655 1970 1709 videtur?
2011 1653 2109 1708 Ad.

537 1760 653 1814 Non
698 1768 913 1828 prorsus
938 1775 950 1810 :
975 1771 1092 1809 nam
1122 1769 1297 1807 rarum
1326 1751 1608 1805 admodum
1640 1759 1749 1814 est,
1783 1758 1837 1801 ut
1862 1763 1960 1816 ego
1988 1762 2113 1800 cau-

537 1862 644 1905 tem
676 1845 1122 1904 commemorandi
1155 1860 1237 1898 me
1277 1844 1439 1911 gratia
1461 1884 1475 1907 ,
1507 1841 1596 1896 sed
1631 1840 1988 1895 tatuumtnodo
2017 1837 2110 1891 de-

535 1941 784 1996 lectandi.
811 1940 940 2008 Aug.
967 1936 1131 1990 Video
1145 1934 1274 2004 quid
1295 1935 1511 1987 sentias.
1546 1932 1648 1986 Sed
1673 1945 1850 1984 nonne
1884 1927 2112 1982 attendis

536 2033 590 2087 id
621 2032 758 2101 quod
788 2041 834 2084 te
861 2030 1083 2083 delectat
1121 2029 1170 2079 in
1211 2034 1364 2079 cantu
1397 2024 1804 2077 modulationem
1827 2021 2109 2090 quamdam

534 2137 654 2176 esse
679 2120 826 2184 soni;
859 2135 975 2188 quae
1004 2117 1250 2187 quoniam
1283 2115 1455 2168 verbis
1484 2124 1533 2165 et
1561 2113 1680 2166 addi
1711 2117 1764 2166 et
1789 2111 1988 2164 detrahi
2011 2123 2110 2178 po-

534 2222 657 2278 test,
686 2209 826 2264 aliud
854 2218 934 2262 est
959 2209 1095 2276 loqui
1119 2249 1130 2271 ,
1160 2204 1300 2259 aliud
1343 2214 1422 2260 est
1450 2204 1694 2257 cantare?
1734 2202 1861 2256 Nam
1895 2210 1944 2256 ct
1973 2200 2110 2254 tibiis

535 2316 587 2361 et
615 2305 814 2358 cithara
844 2308 1101 2362 cantatur,
1133 2307 1184 2351 ct
1213 2312 1336 2350 aves
1364 2303 1603 2356 cautam,
1637 2303 1688 2348 et
1721 2311 1817 2346 nos
1846 2291 2107 2347 interdum

526 2397 647 2454 sine
672 2393 847 2447 verbis
867 2389 1125 2444 musicum
1153 2385 1344 2456 aliquid
1373 2399 1650 2448 sonamus,
1680 2384 1765 2452 qui
1796 2397 1955 2437 sonus
1979 2397 2107 2437 cano

509 2495 614 2542 .tus
652 2485 753 2540 dici
780 2491 980 2553 potest,
1009 2481 1204 2534 locutio
1228 2493 1342 2531 non,
1362 2485 1574 2547 potest:
1608 2491 1673 2528 an
1715 2475 1998 2544 quidquam
2027 2481 2109 2530 est

527 2578 668 2649 quod
696 2571 1064 2632 contradicas?
1091 2571 1185 2623 Ad.
1215 2565 1351 2622 Nihil
1381 2583 1522 2622 sane.

598 2666 650 2723 2.
683 2667 810 2738 Aug.
839 2661 1058 2720 Videtur
1087 2660 1340 2730 ergotibi,
1362 2660 1458 2712 nisi
1483 2659 1827 2722 autdocendi,
1849 2667 1936 2710 aut
1956 2669 2106 2710 com~

527 2757 854 2822 memorandi
875 2767 1028 2812 causa
1055 2769 1161 2808 non
1183 2769 1298 2808 esse
1320 2753 1610 2806 institutam
1635 2750 1988 2804 locutionem?
2006 2751 2102 2802 Ad.

526 2849 828 2915 Viderctur,
851 2852 1058 2905 nisime
1086 2852 1321 2900 moveret
1343 2845 1484 2913 quod
1511 2844 1637 2896 dum
1665 2851 1898 2906 aramus,
1926 2845 2106 2912 utique

525 2949 821 3018 loquimur;
851 2958 949 2997 nec
976 2951 1149 2994 tamen
1183 2938 1343 2990 Deum
1389 2944 1478 2988 aut
1512 2935 1689 2988 doceri
1722 2933 1916 3003 aliquid
1951 2949 1978 2986 a
2008 2951 2103 2988 no-

524 3043 634 3106 bis,
663 3048 751 3092 aut
789 3032 1194 3091 commemorari
1226 3029 1301 3082 fas
1331 3038 1410 3082 est
1450 3027 1688 3080 credere.
1731 3024 1860 3094 Aug.
1889 3019 2104 3080 Nescire

466 3192 468 3195 ,
525 3141 578 3186 te
608 3127 835 3182 arbitror
873 3141 976 3178 non
1015 3123 1082 3176 ob
1111 3118 1248 3174 aliud
1285 3117 1430 3171 nobis
1470 3124 1790 3184 pr‘mceptum
1821 3131 1936 3170 esse
1967 3127 2021 3170 ut
2049 3113 2101 3170 in

521 3224 716 3279 clausis
741 3217 994 3275 cubiculis
1016 3230 1223 3268 oremus
1249 3210 1454 3281 (Matth.
1475 3225 1548 3274 vi,
1571 3209 1648 3276 6),
1668 3223 1771 3276 quo
1795 3209 2005 3262 nmnine
2027 3209 2102 3262 si-

521 3315 837 3386 gniﬁcantur
865 3308 1054 3362 mentis
1085 3303 1388 3373 penetralia,
1407 3301 1504 3353 nisi
1529 3295 1666 3368 quod
1687 3297 1845 3364 Dens,
1873 3308 1929 3352 ut
1953 3299 2102 3352 nobis

525 3405 666 3477 quod
686 3403 925 3471 cupimus
945 3403 1174 3467 prtcslct,
1195 3391 1593 3446 commemorari
1615 3397 1703 3442 aut
1721 3387 1898 3442 doceri
1924 3398 2100 3443 nostra
2116 3407 2132 3418 ·

523 3494 908 3551 locutionenon
931 3487 1136 3556 qutcrit.
1154 3481 1402 3548 Quienim
1425 3481 1673 3548 loquitur,
1695 3495 1801 3532 suae
1820 3478 2102 3532 voluntatis

523 3589 732 3656 signum
757 3581 898 3636 foras
925 3577 1011 3631 dat
1041 3589 1134 3645 per
1155 3572 1481 3627 articulalum
1512 3582 1700 3624 sonum
1731 3589 1740 3622 :
1765 3565 2098 3625 Dousuutem

524 3678 579 3734 in
608 3676 733 3746 ipsis
769 3671 1035 3727 rationalis
1074 3669 1262 3720 animae
1293 3665 1508 3719 secretis
1529 3706 1541 3727 ,
1572 3664 1659 3732 qui
1695 3664 1850 3716 homo
1883 3665 2102 3717 interior

523 3776 743 3821 vocatur
760 3805 772 3829 ,
796 3772 847 3816 ct
875 3757 1189 3830 quccrendus
1215 3759 1267 3808 et
1291 3753 1651 3822 deprecandus
1675 3762 1784 3818 est;
1817 3752 1930 3805 huic
1958 3753 2097 3807 enim

524 3875 618 3916 sua
643 3857 838 3925 templa
860 3868 977 3909 esse
995 3849 1174 3905 voluit.
1191 3850 1274 3902 An
1289 3847 1426 3916 apud
1447 3847 1753 3915 Apostolum
1779 3861 1878 3899 non
1903 3847 2096 3914 legisti,

527 3948 748 4005 Nescitis
774 3947 891 4016 quia
921 3943 1158 4012 templum
1187 3939 1281 3992 Dei
1307 3937 1422 3991 estis
1443 3975 1456 4001 ,
1485 3946 1529 3989 et
1555 3937 1760 4006 spiritus
1791 3934 1883 3987 Dei
1913 3933 2099 3988 habitat

521 4043 578 4094 in
600 4039 733 4094 vobis
762 4036 813 4108 (l
833 4035 950 4089 Cor.
975 4049 1050 4097 ιιι,
1075 4032 1159 4100 lli)
1183 4047 1196 4093 ;
1220 4039 1290 4093 et,
1315 4028 1378 4080 In
1406 4028 1637 4081 interiore
1658 4029 1856 4080 homine
1877 4026 2102 4081 habitare

522 4125 1034 4194 Christum?(Ephes.
1058 4137 1134 4187 ιιι,
1158 4121 1242 4184 lii,
1265 4121 1372 4189 l7.)
1398 4119 1501 4172 Nec
1519 4120 1567 4171 in
1591 4119 1841 4187 propheta
1864 4118 2102 4172 animad-

522 4219 750 4283 vertisti,
769 4216 932 4269 Dicite
959 4215 1009 4266 in
1035 4212 1263 4266 cordibus
1291 4210 1483 4274 vestris,
1511 4219 1557 4262 et
1581 4211 1632 4261 in
1661 4209 1901 4262 cubitibus
1931 4209 2099 4263 vestris

522 4308 916 4381 compungimini
937 4304 1247 4372 :sacriﬁcate
1272 4302 1572 4369 sacriﬁcium
1587 4299 1820 4370 justitiw,
1835 4309 1884 4353 et
1905 4310 2100 4368 sinvat:

517 4405 574 4460 in
589 4402 806 4456 Domino
819 4400 860 4466 ?(
872 4397 1016 4452 Psal.
1033 4413 1104 4459 ιν,
1120 4397 1171 4461 5,
1187 4395 1263 4465 6.)
1277 4394 1376 4448 Ubi
1395 4403 1545 4462 putas
1561 4393 1870 4447 sacriﬁcium
1886 4394 2098 4461 iustitiae

461 4506 466 4512 '
517 4492 838 4557 sacriﬁcari,
868 4491 967 4544 nisi
997 4491 1047 4543 in
1079 4487 1272 4557 templo
1302 4485 1512 4550 mentis,
1543 4493 1593 4536 et
1621 4485 1668 4537 in
1699 4484 1956 4540 cubilibus
1976 4500 2100 4539 cor.

521 4585 635 4639 dis?
649 4584 747 4639 Ubi
763 4572 936 4638 autem
957 4578 1352 4635 sacriﬁcandum
1375 4587 1471 4641 est,
1489 4576 1557 4630 ibi
1573 4585 1626 4630 et
1641 4573 1912 4630 orandum.
1927 4577 2097 4644 Quare

520 4687 630 4731 non
659 4687 790 4744 opus
819 4683 899 4728 e‘st
927 4673 1190 4726 locu‘time
1207 4681 1330 4724 cum
1349 4677 1586 4732 oramus,
1603 4667 1654 4720 id
1784 4670 2096 4724 sonantibus

521 4766 719 4828 verbis,
736 4764 833 4818 nisi
858 4763 1010 4828 forte,
1030 4763 1162 4815 sicut
1189 4759 1490 4815 sacerdotes
1511 4756 1722 4822 iaciunt,
1744 4757 2097 4827 signiﬁcanda).

522 4855 717 4912 mentis
743 4868 851 4907 sua}
876 4867 1060 4915 causa,
1087 4867 1187 4905 non
1223 4860 1278 4904 ut
1313 4851 1481 4915 Deus,
1510 4849 1601 4902 sed
1638 4849 1961 4912 ut__homines
2000 4863 2096 4904 au-

524 4947 694 5011 diant,
725 4953 779 4999 et
805 4943 1152 4998 consensione
1178 4941 1400 5011 quadam
1426 4951 1517 5009 per
1541 4941 2096 4993 commemorationem

522 5036 914 5108 suspendantur
952 5036 1003 5088 in
1044 5035 1208 5088 Deum
1239 5049 1253 5084 :
1286 5047 1350 5085 an
1393 5042 1450 5084 tu
1481 5032 1624 5084 aliud
1661 5032 1966 5085 existimas?
1994 5032 2093 5084 Ad.

521 5129 754 5186 Omnino
779 5126 1056 5182 assentior.
1089 5124 1218 5194 Aug.
1235 5123 1350 5176 Non
1369 5133 1422 5177 te
1452 5131 1574 5191 ergo
1599 5122 1925 5192 movetquod
1945 5138 2094 5176 sum-

519 5235 640 5279 mus
659 5220 899 5290 Magister
914 5232 1034 5272 cum
1053 5214 1438 5270 oramdooerct
1455 5213 1760 5281 discipulos,
1781 5215 1935 5267 verba
1954 5224 2099 5282 quie-

521 5315 644 5370 dani
676 5311 853 5367 docuit
881 5309 1094 5381 (Matth.
1126 5322 1194 5370 vi,
1219 5306 1274 5374 9)
1301 5323 1313 5372 ;
1341 5306 1391 5357 in
1432 5317 1535 5373 quo
1562 5305 1692 5358 nil-iii
1725 5305 1861 5358 aliud
1893 5305 2097 5359 videtur

519 5405 733 5468 fecisse,
761 5419 915 5472 quam
936 5400 1178 5454 docuisse
1201 5397 1461 5466 quomodo
1489 5397 1537 5448 in
1562 5395 1760 5449 orando
1781 5397 1922 5464 loqui
1941 5412 2098 5464 opor-

515 5496 688 5550 teret?
729 5493 826 5546 Ad.
853 5492 994 5545 Nihil
1031 5503 1118 5542 me
1152 5487 1372 5541 omnino
1403 5486 1542 5539 istud
1569 5493 1748 5538 movet
1779 5504 1791 5538 :
1821 5501 1927 5538 non
1956 5489 2094 5541 enim

519 5585 706 5647 verba,
739 5581 831 5638 sed
856 5598 940 5635 res
968 5582 1105 5648 ipsas
1126 5579 1409 5633 cos'verbis
1434 5575 1626 5639 docuit,
1653 5573 1840 5644 quibus
1864 5587 1913 5630 et
1938 5577 2096 5646 scipsi

522 5674 1058 5731 commonefaccrcnt.
1089 5688 1116 5722 a
1143 5684 1265 5738 quo,
1291 5677 1340 5720 ct
1361 5667 1482 5736 quid
1510 5675 1650 5721 esset
1676 5667 1949 5733 orandum,
1973 5685 2095 5724 cum

517 5767 571 5819 in
603 5763 988 5835 penetralibus,
1020 5771 1074 5814 ut
1113 5761 1310 5814 dictum
1341 5769 1449 5825 est,
1474 5761 1664 5813 mentis
1694 5774 1919 5816 orarent.
1965 5767 2090 5838 Aug.

519 5853 684 5915 Recte
717 5852 962 5920 intelligis
989 5868 1001 5902 :
1033 5850 1185 5906 simul
1215 5851 1354 5905 enim
1386 5861 1432 5903 te
1461 5850 1619 5905 credo
1649 5853 2086 5924 animadvertere,

1666 448 1752 502 os
1792 444 2156 512 uiotsruo,
2195 444 2252 500 s.
2296 433 2659 502 aucusrmi

3672 455 3798 512 H96

2225 558 2429 614 etiamsi
2457 559 2730 628 quisquam
2755 559 3066 622 contendat,
3093 563 3334 630 quamvis
3363 559 3567 616 nullum
3579 563 3795 622 edamus

2223 661 2443 714 sonum,
2470 658 2644 704 tamen
2681 650 2804 719 quia
2827 650 2942 718 ipsa
2975 650 3132 704 verba
3167 651 3501 720 cogitoms,
3531 669 3634 724 nos
3665 657 3805 726 intus

2221 741 2359 808 apud
2395 742 2629 796 annuum
2670 741 2839 810 loqui,
2865 741 2944 795 sic
2965 751 3179 810 quoque
3203 733 3476 796 locutione
3499 743 3638 799 nihil
3665 746 3805 806 aliud}

2221 847 2380 903 agere
2405 849 2567 904 quam
2591 847 2955 901 commoneto,
2987 845 3106 889 cum
3127 836 3390 890 memoria
3416 837 3504 890 oui
3533 837 3695 892 verba
3721 840 3792 894 in.

2221 927 2446 992 luerent,
2463 944 2526 984 ea
2545 928 2863 986 revolvendo
2877 928 3007 982 facit
3028 929 3209 983 venire
3223 929 3280 981 in
3296 939 3533 984 mentem
3555 945 3647 983 res
3667 931 3805 1000 ipsas:

2220 1035 2443 1091 quarum
2473 1022 2618 1090 signa
2643 1030 2767 1075 sunt
2790 1019 2969 1074 verba.
2994 1020 3094 1073 Ad.
3126 1018 3365 1089 Intelligo
3393 1031 3457 1075 ac
3475 1035 3694 1092 θρέψοι.

2283 1111 2512 1168 CAPUT
2543 1111 2605 1168 ll.
2631 1110 2982 1180 σ-χνσιιὸονωη
3006 1110 3320 1180 signiﬁcatus
3349 1113 3555 1166 nonnisi
3575 1113 3733 1168 verbis

2695 1201 2761 1256 ab
2789 1201 2988 1254 Ιιοηιίιιθ
3015 1201 3311 1254 ostemiitur.

2292 1293 2344 1344 5.
2385 1291 2516 1361 Aug.
2540 1289 2756 1344 Constat
2777 1306 2902 1359 ergo
2923 1291 3060 1344 inter
3081 1305 3177 1344 nos
3197 1291 3358 1344 verba
3380 1292 3530 1362 signa
3554 1295 3790 1348 emeriti.

2219 1381 2456 1435 Constat.
2507 1382 2633 1450 Aug.
2668 1382 2842 1449 Quid?
2867 1383 3106 1450 signum,
3137 1382 3241 1435 nisi
3283 1383 3481 1452 aliquid
3519 1385 3786 1454 signiﬁcet,

2218 1483 2393 1543 potest
2413 1485 2534 1530 esse
2554 1474 2800 1540 signum?
2827 1473 2922 1527 Ad.
2943 1473 3058 1528 Non
3079 1481 3274 1542 potest.
3308 1474 3442 1544 Aug.
3469 1474 3604 1540 Quot
3637 1477 3785 1531 verba

2217 1575 2338 1618 sunt
2359 1565 2410 1618 in
2431 1563 2534 1618 hoc
2547 1579 2725 1629 versu,

2367 1657 2412 1704 si
2435 1655 2552 1705 nihil
2571 1667 2642 1706 ex
2665 1663 2799 1706 tanta
2822 1658 3017 1718 Superis
3040 1656 3196 1719 placet
3215 1658 3340 1706 urbe
3365 1655 3613 1720 relinqvo?

3001 1737 3202 1798 (aeneid.
3229 1737 3313 1788 lib.
3339 1739 3388 1801 2,
3415 1753 3458 1790 υ.
3483 1739 3620 1803 6‘59.)

2214 1823 2311 1874 Ad.
2359 1821 2511 1877 Octo.
2551 1824 2681 1893 Aug.
2725 1822 2856 1876 Octo
2896 1837 3021 1892 ergo
3068 1824 3208 1890 signa
3252 1833 3398 1876 sunt.
3437 1823 3542 1876 Ad.
3589 1824 3660 1876 Ita
3699 1835 3783 1879 est.

2214 1912 2342 1982 Aug.
2391 1912 2562 1967 Credo
2609 1923 2659 1967 te
2703 1913 2838 1966 hunc
2890 1927 3096 1965 versum
3135 1908 3456 1982 intelligere.
3520 1914 3618 1966 Ad.
3664 1913 3784 1969 Satis

2221 2005 2469 2058 ai‘bitrtitr.
2518 2005 2647 2074 Aug.
2704 2004 2795 2058 Dic
2845 2005 2970 2058 mihi
3021 2003 3141 2072 quid
3179 2006 3380 2073 singula
3433 2006 3599 2060 verba
3645 2008 3784 2076 signi-

2214 2096 2392 2149 IiCcnt.
2417 2091 2516 2148 Ad.
2546 2093 2709 2149 Video
2741 2095 2953 2165 quidem
2983 2095 3106 2164 quid
3138 2095 3418 2165 signiﬁcet,
3444 2098 3533 2162 si;
3565 2099 3654 2152 sed
3684 2100 3782 2151 nul-

2214 2189 2321 2242 lum
2346 2188 2490 2242 aliud
2510 2189 2743 2253 verbum,
2767 2204 2870 2258 quo
2902 2188 2952 2241 id
2981 2189 3172 2256 exponi
3190 2189 3371 2256 possit,
3401 2192 3641 2246 invenio.
3667 2193 3778 2262 Aug.

2212 2276 2411 2332 Saltem
2439 2276 2566 2330 illud
2596 2275 2824 2342 iovenis,
2852 2277 3105 2347 quidquid
3129 2278 3450 2348 signiﬁcatur
3481 2281 3592 2335 hoc
3620 2284 3779 2350 verbo,

2211 2369 2426 2422 ubinam
2455 2370 2562 2423 sit?
2593 2368 2692 2422 Ad.
2723 2369 2942 2422 Videtur
2961 2369 3094 2422 mihi
3125 2369 3286 2438 quod,
3315 2372 3377 2433 si,
3405 2371 3779 2427 dubitationem

2210 2460 2476 2528 signiﬁcet
2497 2478 2511 2512 :
2535 2461 2646 2528 iam
2669 2459 2952 2525 dubitatio,
2978 2459 3067 2514 ubi
3098 2459 3199 2513 nisi
3229 2461 3281 2513 in
3310 2462 3491 2516 animo
3516 2464 3637 2516 est?
3663 2464 3778 2533 Aug.

2210 2548 2431 2619 Accipio
2464 2550 2702 2614 interit];
2739 2563 3052 2619 persequere
3083 2559 3302 2604 caetera.
3328 2551 3426 2604 Ad.
3461 2551 3631 2619 Νϋύι,
3668 2555 3781 2622 quid

2208 2641 2354 2695 aliud
2375 2643 2655 2711 signiﬁcat,
2677 2642 2776 2695 nisi
2800 2642 2856 2695 id
2879 2641 3019 2710 quod
3047 2656 3152 2696 non
3171 2643 3295 2696 est?
3320 2643 3445 2714 Aug.
3466 2643 3656 2700 Verum
3676 2644 3782 2698 for-

2212 2744 2352 2791 tasse
2371 2735 2507 2789 dicis
2533 2752 2544 2786 ς
2573 2735 2667 2788 sed
2689 2744 2901 2790 revocat
2921 2750 3006 2788 me
3024 2734 3094 2787 ab
3115 2734 3453 2789 assentiendo
3472 2735 3604 2804 quin]
3623 2751 3776 2803 supe-

2209 2828 2316 2882 rius
2331 2828 2637 2884 marcessisti
2651 2868 2665 2891 ,
2681 2843 2788 2881 non
2804 2842 2923 2882 esse
2939 2828 3148 2896 signum
3167 2827 3266 2882 nisi
3283 2828 3476 2897 aliquid
3488 2830 3758 2898 signiticet;

2208 2919 2346 2988 quod
2374 2929 2545 2972 autem
2579 2935 2680 2972 non
2711 2929 2819 2982 est,
2847 2919 2993 2971 nullo
3024 2920 3181 2972 modo
3206 2933 3325 2972 esse
3359 2920 3551 2989 aliquid
3587 2928 3764 2988 potest.

2205 3010 2380 3077 Quare
2401 3010 2690 3064 secundum
2713 3010 2927 3063 verbum
2949 3010 2998 3062 in
3026 3010 3124 3064 hoc
3146 3025 3302 3062 versu
3336 3025 3443 3063 non
3465 3019 3545 3064 est
3562 3011 3768 3080 signum,

2201 3103 2325 3171 quia
2355 3117 2456 3155 non
2479 3103 2739 3171 signiﬁcat
2766 3101 2961 3170 aliquid
2981 3119 2998 3166 ;
3018 3110 3074 3155 et
3095 3100 3228 3154 falso
3249 3101 3390 3155 inter
3406 3116 3508 3156 nos
3530 3103 3771 3167 constitit,

2203 3193 2344 3260 quod
2370 3195 2545 3245 onmia
2568 3193 2724 3246 verba
2754 3193 2902 3262 signa
2920 3193 3047 3257 sint,
3071 3201 3160 3245 aut
3184 3207 3344 3246 omne
3364 3193 3561 3262 signum
3585 3193 3774 3263 aliquid

2201 3283 2483 3353 significet.
2515 3285 2614 3336 Ad.
2653 3283 2818 3337 Nimis
2850 3283 3065 3352 quidem
3107 3297 3295 3352 urges;
3326 3284 3415 3340 sed
3445 3283 3641 3352 quando
3667 3300 3772 3339 non

2205 3374 2458 3427 habemus
2477 3374 2599 3443 quid
2623 3375 3001 3443 signiﬁcemus,
3019 3374 3240 3428 omnino
3263 3375 3426 3429 stulte
3445 3373 3651 3429 verbum
3672 3376 3772 3428 ali-

2204 3465 2339 3536 quod
2356 3467 2641 3534 promimus
2669 3483 2680 3518 :
2705 3476 2759 3520 tu
2781 3477 2953 3520 autem
2975 3479 3115 3520 nunc
3135 3479 3344 3520 mecum
3367 3466 3642 3536 loquendo,
3664 3482 3778 3521 cre-

2203 3555 2271 3610 do
2309 3556 2448 3625 quod
2489 3557 2690 3610 nullam
2717 3567 2906 3612 sonum
2937 3558 3131 3614 frustra
3168 3559 3396 3623 emittis,
3422 3559 3516 3613 sed
3541 3559 3772 3613 omnibus

2203 3665 2318 3718 qua:
2343 3663 2435 3703 ore
2459 3657 2547 3701 tuo
2572 3660 2872 3718 erumpunt,
2897 3651 3110 3719 signum
3139 3648 3267 3704 mihi
3289 3651 3387 3705 das
3411 3662 3468 3704 ut
3497 3652 3772 3721 intelligam

2197 3741 2428 3809 aliquid;
2453 3751 2778 3811 quapmpter
2797 3757 2902 3796 non
2927 3752 2982 3797 te
2999 3752 3212 3812 oportet
3241 3745 3372 3799 istas
3393 3745 3532 3798 duas
3555 3747 3774 3816 syllabas

2203 3833 2476 3886 enuntiare
2496 3833 2619 3886 dum
2648 3834 2898 3902 loqueris,
2917 3836 2956 3888 si
2989 3851 3082 3903 per
3109 3850 3199 3890 eas
3220 3850 3325 3888 non
3353 3836 3617 3904 signiﬁcas
3637 3836 3775 3905 quid-

2202 3935 2380 3992 quam.
2413 3919 2468 3977 Si
2495 3935 2672 3978 autein
2696 3925 2844 3978 vides
2867 3927 3216 3980 necessaiiani
3245 3943 3339 3994 per
3360 3942 3452 3980 eas
3473 3928 3773 3980 enuntiatio-

2203 4030 2321 4067 nem
2352 4014 2481 4080 ﬁcri,
2513 4029 2713 4084 nosque
2741 4015 2921 4069 doceri
2951 4017 3032 4069 vel
3057 4017 3382 4069 commoneri
3417 4032 3539 4071 cum
3570 4020 3770 4072 auribus

2203 4103 2466 4167 insonan‘t,
2500 4104 2646 4158 vides
2674 4106 2830 4158 etiam
2869 4106 3102 4174 proiecto
3131 4106 3252 4173 quid
3286 4107 3443 4160 velim
3473 4108 3663 4172 dicere,
3685 4108 3768 4160 sed

2201 4195 2467 4264 explicare
2489 4209 2595 4249 non
2633 4211 2869 4264 possunt.
2901 4196 3032 4265 Aug.
3063 4195 3196 4260 Quid
3225 4195 3380 4266 igitur
3412 4197 3617 4250 facimus
3642 4197 3662 4246 ?
3686 4198 3758 4247 Au

2203 4281 2532 4340 aﬁcctionem
2559 4287 2717 4366 animi
2751 4283 3033 4354 quamdam
3061 4328 3074 4352 ,
3102 4301 3222 4339 cum
3249 4302 3363 4340 rem
3395 4303 3493 4341 non
3522 4287 3678 4350 videt,
3706 4294 3758 4339 et

2205 4388 2375 4433 tamen
2408 4396 2512 4434 non
2540 4395 2656 4433 esse
2683 4376 2921 4444 invenit,
2953 4389 3043 4434 aut
3081 4381 3351 4435 invenisse
3381 4397 3438 4436 se
3476 4390 3635 4450 putat,
3664 4381 3760 4433 hoc

2202 4469 2368 4524 verbo
2380 4471 2664 4540 signiﬁcari
2685 4471 2912 4524 dicimus
2935 4472 3139 4540 potius,
3159 4487 3318 4540 quam
3347 4489 3454 4526 rem
3477 4474 3628 4540 ipsam
3647 4488 3765 4540 qua:

2197 4561 2339 4615 nulla
2367 4562 2485 4616 est?
2513 4561 2608 4614 Ad.
2636 4562 2774 4615 Istud
2799 4563 2966 4630 ipsum
2993 4571 3077 4616 est
3100 4563 3328 4618 fortasse
3355 4564 3487 4633 quod
3510 4565 3767 4632 extilicare

2201 4653 2470 4707 moliebar.
2499 4653 2631 4722 Aug.
2658 4653 3169 4723 Trunseamus.ergo
3195 4653 3585 4725 hinc,quoquo
3611 4653 3770 4708 modo

2201 4757 2258 4800 se
2285 4745 2464 4809 habet,
2493 4757 2561 4799 ne
2581 4755 2675 4798 res
2702 4745 3077 4800 absuriﬁSsima
3105 4746 3258 4799 nobis
3281 4747 3504 4800 accidat.
3539 4747 3630 4799 Ad.
3648 4746 3768 4811 Qua:

2199 4837 2451 4892 tandem?
2476 4837 2606 4906 Aug.
2633 4838 2686 4891 Si
2714 4838 2841 4890 nihil
2871 4852 2963 4890 nos
2994 4845 3189 4901 teneat,
3217 4843 3271 4892 et
3296 4853 3474 4892 moras
3497 4839 3764 4908 patiamur.

2203 4932 2301 4984 Ad.
2325 4931 2620 4986 Ridiculum
2641 4931 3078 4999 hocquidemest,
3103 4932 3766 5000 etiame-nescioquam.

2200 5023 2269 5076 do
2299 5021 2450 5075 video
2471 5037 2625 5090 posse
2639 5023 2968 5091 contingere;
2993 5023 3273 5100 miorplane
3285 5023 3445 5096 video
3461 5022 3764 5092 contigisse.

2271 5117 2321 5169 ι.
2357 5113 2610 5184 Aug.Suo
2633 5115 2944 5183 locogenus
2968 5115 3067 5176 hoc
3081 5115 3679 5186 repugnanﬁm,siDeus
3703 5115 3768 5166 si-

2203 5211 2356 5274 verit,
2376 5210 2579 5278 plauius
2595 5209 2944 5277 intelligemus
2966 5224 3134 5270 :uunc
3146 5207 3210 5262 ad
3227 5208 3596 5280 illurnversutu
3619 5215 3671 5260 tc
3686 5220 3763 5260 re-

2199 5303 2358 5367 fcr,ct
2372 5316 2584 5364 cana-re,
2599 5310 2832 5369 utpotes,
2847 5299 3162 5369 cazteraejus
3179 5299 3466 5369 verbaquid
3478 5299 3763 5368 signiﬁcent

2197 5392 2452 5462 pandere.
2483 5391 2584 5444 .Ad.
2614 5391 2784 5445 Tertia
2827 5390 3122 5459 pricpositio
3150 5396 3263 5452 est,
3287 5405 3365 5450 ex,
3395 5405 3490 5458 pro
3529 5405 3628 5458 qua
3651 5429 3663 5453 ,
3687 5388 3757 5450 de,

2203 5496 2505 5553 possimus,
2535 5491 2591 5539 ut
2615 5481 2864 5544 arbitror,
2895 5481 3094 5534 dicere.
3125 5477 3397 5548 Aug.er
3417 5478 3688 5548 idqaairo,
3709 5483 3760 5528 ut
3804 5477 3805 5553 ξ

2195 5589 2298 5645 pro
2317 5589 2415 5629 una
2437 5587 2568 5628 voce
2585 5571 2857 5627 notissima
2871 5571 3031 5624 aliam
3045 5577 3231 5623 vocem
3249 5579 3406 5638 mule
3804 5569 3805 5624 ξ

2202 5683 2319 5738 quae
2356 5667 2496 5721 idem
2524 5664 2781 5736 signiﬁcet
2807 5662 2980 5740 dicas;
3013 5661 3066 5734 si
3093 5669 3265 5740 tamen
3299 5660 3454 5740 idem.
3476 5655 3751 5740 signiﬁcat:
3804 5711 3805 5740 ἶ

2204 5735 2293 5812 sed
2342 5758 2550 5812 interim
2581 5735 2932 5810 concedamus
2953 5739 3028 5804 ita
3060 5735 3466 5812 essetadeo}
3664 5749 3757 5804 iste

2202 5864 2416 5920 non,'ea;
2441 5860 2580 5905 tanta
2606 5847 2742 5915 urbe,
2771 5846 2888 5912 sed,
2918 5844 2977 5898 dc
3002 5835 3157 5912 tanta,
3183 5837 3424 5908 dixisset,
3450 5837 3753 5914 quaterem-
