3844 6280
122 419 261 483 1197

121 552 225 610 que
248 536 345 591 abs
368 542 424 591 te
447 531 599 605 quid,
621 531 703 598 de,
724 527 1048 603 signiﬁcaret
1064 525 1327 594 miseret,
1346 540 1427 592 ex,
1454 539 1576 585 cum
1598 524 1712 582 haec

124 629 227 686 duo
258 628 419 687 verba
443 634 625 699 essent
645 664 661 690 ,
689 622 743 681 id
768 632 851 679 est
884 622 1063 694 signa,
1092 634 1255 679 unum
1284 614 1485 691 aliquid
1503 660 1519 686 ,
1553 627 1611 673 ιιι
1656 627 1714 675 ιιι

125 730 297 793 putas,
321 715 670 790 signiﬁcantia
694 734 711 769 :
734 730 835 788 ego
870 722 1049 771 autem
1076 711 1306 783 idipsum
1323 752 1340 777 ,
1367 709 1549 767 nescio
1576 708 1705 782 quid

127 800 498 883 unum.'quod
536 808 618 864 his
654 806 863 881 duobus
894 805 1065 878 signis
1094 804 1444 875 signiﬁcatur,
1478 802 1704 874 inquiro.

124 904 220 963 Ad.
248 902 373 959 Mihi
399 900 607 959 videtur
630 898 980 959 secretionem
1006 895 1293 967 quamdam
1314 892 1616 967 signiﬁcare
1641 893 1709 950 ab

125 1011 181 1049 ea
209 1010 267 1049 re
292 994 347 1048 in
374 1006 480 1063 qua
506 990 679 1053 fuerat
705 987 924 1060 aliquid,
957 987 1100 1059 quod
1125 1003 1193 1047 ex
1225 985 1313 1042 illa
1348 1001 1467 1043 esse
1490 985 1706 1052 dicitur,

125 1091 232 1143 sive
254 1087 345 1143 illa
371 1100 477 1141 non
514 1092 726 1153 inanem
745 1125 762 1151 ,
793 1092 851 1137 ut
882 1082 937 1137 in
967 1080 1071 1139 hoc
1108 1095 1289 1146 versu,
1317 1094 1423 1137 non
1460 1087 1710 1137 manente

124 1183 269 1247 urbe,
290 1188 538 1250 poterant
563 1177 730 1247 aliqui
743 1192 810 1233 ex
830 1175 915 1232 illa
933 1190 1055 1233 esse
1070 1173 1287 1243 Trojani
1306 1190 1321 1226 :
1338 1172 1453 1227 sive
1472 1179 1705 1240 maneat,

124 1278 253 1333 sicut
276 1293 340 1333 ex
366 1276 499 1333 urbe
520 1276 691 1336 Roma
711 1274 937 1331 dicimus
961 1287 1083 1328 esse
1104 1270 1461 1341 negotiatores
1484 1269 1540 1325 in
1558 1265 1706 1323 Afri-

124 1384 200 1425 ca.
230 1368 360 1439 Aug.
393 1367 460 1424 Ut
485 1366 773 1423 concedam
817 1364 911 1419 tibi
948 1362 1064 1419 haec
1094 1362 1165 1418 ita
1193 1376 1343 1428 esse,
1365 1374 1465 1417 nec
1488 1373 1710 1415 enume-

123 1476 227 1517 rem
265 1474 427 1529 quam
458 1458 623 1527 multa
651 1456 873 1515 fortasse
902 1461 1097 1523 praeter
1114 1452 1273 1517 hanc.
1296 1459 1438 1509 tuam
1467 1449 1707 1521 regulam

122 1553 480 1623 reperiantur;
509 1548 637 1605 illud
660 1557 809 1607 certe
831 1546 924 1603 tibi
952 1544 1229 1607 attendere
1271 1542 1426 1601 facile
1461 1550 1579 1608 est,
1607 1556 1705 1596 ex-

121 1646 352 1716 posuisse
379 1655 430 1699 te
456 1643 631 1701 verbis
646 1642 827 1704 verba,
846 1640 897 1697 id
922 1649 1003 1695 est
1027 1638 1190 1710 signis
1206 1637 1381 1708 signa,
1397 1634 1705 1705 eisdemque

122 1736 402 1797 notissimis
421 1735 698 1791 notissima
723 1751 737 1790 :
759 1746 858 1805 ego
878 1740 1055 1789 autem
1082 1731 1171 1786 illa
1195 1730 1309 1799 ipsa
1333 1744 1560 1799 quorum
1590 1727 1705 1785 haec

122 1831 254 1899 signa
279 1837 427 1894 sunt,
461 1827 619 1891 mihi,
653 1826 697 1879 si
728 1840 931 1896 posses,
956 1823 1146 1879 vellem
1179 1830 1237 1877 ut
1259 1820 1593 1878 ostenderes.

120 1918 334 1977 CAPUT
380 1917 469 1973 lll.
494 1917 670 1972 —An
706 1932 787 1970 res
819 1915 990 1983 aliqua
1022 1911 1294 1971 monstrari
1329 1911 1515 1979 absque
1556 1910 1702 1981 signa

808 2007 985 2076 possit.

178 2102 232 2158 5.
270 2101 372 2157 Ad.
400 2100 565 2157 Miror
593 2108 643 2156 te
686 2099 929 2163 nescire,
969 2097 1054 2154 vel
1096 2095 1271 2165 potius
1310 2094 1572 2155 simulare
1600 2108 1696 2149 ne-

119 2195 386 2260 scientem,
416 2192 766 2261 responsione
791 2206 909 2247 mea
936 2189 1052 2244 ﬁeri
1077 2187 1219 2258 quod
1248 2187 1329 2243 vis
1351 2186 1568 2241 omnino
1591 2200 1698 2242 non

119 2302 297 2359 posse;
318 2286 581 2356 siquidem
602 2284 1042 2346 sermocinamur,
1070 2280 1161 2337 ubi
1187 2296 1292 2337 non
1319 2295 1597 2349 possumus
1614 2295 1701 2336 re-

120 2379 370 2449 spondere
396 2378 498 2435 nisi
528 2377 726 2437 verbis.
767 2375 844 2431 Tu
885 2382 1062 2431 autem
1092 2389 1181 2431 res
1207 2374 1404 2443 quaeris
1431 2388 1523 2429 eas
1546 2389 1695 2443 quiue,

124 2469 376 2540 quodlibet
397 2470 541 2534 sint,
571 2468 732 2525 verba
764 2476 910 2523 certe
937 2480 1042 2523 non
1072 2472 1229 2531 sunt,
1261 2480 1394 2535 quas
1430 2472 1605 2519 tamen
1630 2480 1698 2521 ex

119 2577 198 2617 me
218 2572 269 2615 tu
283 2576 496 2632 quoque
518 2559 694 2617 verbis
714 2557 928 2628 quaeris.
952 2557 1106 2614 Prior
1120 2557 1297 2626 itaque
1320 2565 1375 2611 tu
1388 2556 1509 2612 sine
1523 2556 1698 2613 verbis

116 2668 305 2722 quare,
324 2662 383 2708 ut
397 2667 497 2722 ego
512 2650 707 2719 deinde
725 2651 824 2705 ista
843 2648 1146 2706 conditione
1166 2646 1541 2717 respondeam.
1560 2645 1691 2715 Aug.

119 2745 231 2805 iure
257 2748 392 2817 agis,
420 2747 632 2805 fateor:
664 2744 758 2801 sed
801 2745 845 2800 si
873 2758 1169 2814 quaererem
1202 2744 1317 2798 istm
1344 2750 1452 2797 tres
1478 2740 1698 2812 syllaba:

118 2843 231 2912 quid
258 2843 594 2913 significent,
632 2855 753 2896 cum
783 2838 1010 2905 dicitur,
1051 2838 1266 2901 Paries,
1304 2849 1484 2891 nonne
1511 2847 1697 2904 posses

118 2934 266 3005 digito
286 2935 593 2999 ostendere,
618 2943 677 2988 ut
704 2948 804 3003 ego
832 2946 1051 3001 prorsus
1081 2946 1194 2987 rem
1224 2931 1394 3000 ipsam
1415 2928 1651 2984 viderem
1674 2967 1693 2995 ,

119 3025 259 3095 cujus
285 3027 493 3095 signuni
535 3034 618 3085 est
663 3024 763 3083 hoc
804 3022 1136 3094 trisyllabum
1166 3021 1386 3077 verbum
1411 3062 1427 3091 ,
1469 3018 1695 3079 demon-

28 3186 29 3191 η
120 3125 305 3175 straute
333 3128 386 3175 te
408 3160 425 3184 ,
453 3118 595 3175 nulla
636 3127 815 3175 tamen
846 3115 1007 3171 verba
1054 3114 1341 3171 referente.
1374 3112 1474 3169 Ad.
1500 3112 1615 3168 Hoc
1640 3111 1696 3167 in

28 3226 31 3233 ’
120 3209 235 3265 solis
253 3209 553 3269 nominibus
569 3208 759 3277 quibus
780 3221 1007 3276 corpora
1029 3205 1415 3275 significantur,
1434 3203 1477 3257 si
1499 3202 1691 3261 eadem

120 3316 326 3373 corpora
370 3302 656 3372 prmentia
703 3301 847 3366 sint,
892 3298 1010 3355 ﬁeri
1052 3312 1211 3367 posse
1255 3295 1512 3353 concedo.
1558 3296 1691 3366 Aug.

121 3388 242 3447 Nam
254 3394 492 3450 colorem
512 3406 710 3460 corpus
725 3390 976 3455 dicimus,
1002 3402 1071 3443 an
1092 3403 1197 3444 non
1218 3388 1391 3457 potius
1407 3384 1693 3456 quamdam

127 3483 697 3554 corporisqualitatem?
723 3481 821 3536 Ad.
854 3480 928 3535 ita
955 3490 1056 3536 est.
1086 3480 1222 3550 Aug.
1249 3477 1357 3534 Cur
1381 3493 1508 3548 ergo
1530 3487 1586 3532 et
1606 3477 1695 3534 hic

123 3573 277 3645 digito
298 3575 643 3633 demomtrari
672 3574 876 3642 potest?
895 3563 984 3627 An
1011 3571 1162 3627 addis
1186 3570 1506 3639 corporibus
1529 3568 1693 3625 etiam

118 3680 382 3736 corporum
418 3667 707 3737 qualitates
726 3708 740 3728 ,
772 3672 830 3721 ut
868 3663 1210 3719 nihilominus
1235 3662 1396 3719 etiam
1427 3660 1544 3723 istic
1570 3674 1692 3717 cum

114 3767 392 3824 prementes
418 3767 578 3823 sunt,
607 3755 790 3812 doceri
813 3756 929 3811 sine
965 3753 1144 3810 verbis
1171 3752 1417 3822 possint?
1448 3750 1548 3807 Ad.
1578 3750 1695 3821 Ego

113 3863 225 3905 cum
238 3866 465 3921 corpora
484 3850 741 3916 dicerem,
767 3849 953 3907 omnia
979 3845 1278 3916 corporalia
1304 3845 1529 3914 intelligi
1549 3844 1695 3901 vole-

112 3940 243 4009 bam,
268 3944 321 3999 id
341 3952 426 3999 est
441 3944 621 3999 orunia
639 3958 761 4011 quae
784 3942 836 3996 in
862 3939 1174 4010 corporibus
1194 3938 1518 3996 sentiuntur.
1552 3936 1690 4008 Aug.

113 4032 395 4095 Considera
416 4044 595 4093 tamen
617 4076 631 4101 ,
661 4044 838 4089 utrum
876 4032 1039 4088 etiam
1068 4029 1193 4086 hinc
1218 4029 1391 4100 aliqua
1424 4029 1520 4085 tibi
1541 4027 1692 4085 esci-

109 4129 289 4196 pienda
328 4130 453 4186 sint.
506 4129 606 4185 Ad.
650 4128 791 4184 Bene
832 4126 1090 4183 admones
1127 4142 1140 4178 ε
1178 4138 1287 4179 non
1324 4122 1467 4178 enim
1511 4121 1692 4177 omnia

103 4223 428 4290 corporalia,
453 4220 551 4278 sed
580 4220 760 4277 omnia
788 4217 1015 4275 visibilia
1054 4215 1233 4271 dicere
1261 4211 1441 4270 debui.
1490 4210 1689 4269 Fateor

98 4312 233 4373 eiut
260 4329 480 4381 sonum,
502 4312 741 4376 odorem,
777 4323 1045 4380 saporem,
1072 4305 1411 4377 gravitatem,
1430 4303 1689 4372 calorem,

94 4413 147 4462 et
168 4407 279 4465 dia
300 4423 427 4478 quae
452 4406 530 4461 ad
558 4415 789 4462 caeteros
827 4416 1018 4459 sensus
1055 4401 1353 4473 pertinent,
1385 4411 1692 4469 quanquam

91 4498 283 4554 sentiri
328 4499 447 4555 sine
482 4496 800 4567 corporibus
844 4500 1136 4564 nequeant,
1170 4499 1225 4548 et
1262 4498 1541 4561 propterea
1582 4487 1693 4549 sint

88 4589 427 4659 corporalia,
454 4603 564 4643 non
592 4596 767 4643 tamen
808 4584 974 4657 digito
1004 4598 1165 4656 posse
1204 4581 1514 4639 monstrari.
1550 4581 1687 4652 Aug.

85 4674 449 4749 Nunquamne
463 4679 644 4739 vidisti
668 4686 725 4733 ut
744 4676 992 4735 homines
1014 4691 1136 4735 cum
1159 4673 1335 4731 surdis
1360 4682 1513 4746 gestu
1532 4672 1691 4743 (ιωιί

84 4772 521 4829 sermocinenwr
543 4811 559 4836 ,
598 4770 806 4840 ipsique
842 4768 989 4837 surdi
1029 4784 1137 4825 non
1172 4767 1348 4824 minus
1381 4774 1534 4837 gestu
1558 4807 1573 4830 ,
1603 4765 1692 4822 vel

83 4873 355 4931 quarunt,
382 4863 473 4919 vel
494 4861 886 4931 respondeant,
927 4861 1013 4918 vel
1056 4860 1316 4923 doceant,
1350 4858 1431 4913 vel
1452 4856 1693 4917 indicent

82 4964 176 5009 aut
200 4956 390 5019 omnia
420 4969 541 5025 quae
568 4952 785 5017 volunt,
811 4960 906 5015 aut
927 4959 1075 5009 certe
1102 4949 1365 5019 plurima?
1388 4948 1542 5021 Quod
1568 4962 1691 5007 cum

82 5041 139 5099 ﬁt
158 5087 173 5108 ,
203 5062 321 5105 non
350 5045 539 5114 utique
565 5043 678 5101 sola
704 5042 932 5099 visibilis
962 5041 1077 5097 sine
1107 5040 1285 5100 verbis
1313 5040 1687 5107 ostenduntur,

83 5135 172 5190 sed
200 5147 254 5193 et
283 5137 409 5192 soni
436 5144 493 5191 et
528 5149 780 5204 sapores,
813 5142 867 5188 et
897 5142 1089 5187 caetera
1131 5131 1451 5201 hujumodi.
1478 5130 1609 5189 Nam
1635 5140 1693 5187 et

86 5225 379 5297 histriones
405 5235 544 5283 totas
566 5227 618 5282 in
644 5226 864 5285 theatris
891 5224 1096 5279 fabulas
1118 5223 1234 5279 sine
1252 5224 1427 5279 verbis
1440 5222 1689 5281 saltando

97 5314 667 5391 Pkrtupqueaperiunt
686 5325 741 5373 et
760 5324 1052 5385 exponunt.
1077 5313 1177 5370 Ad.
1196 5313 1342 5373 Nihil
1358 5314 1529 5369 habeo
1545 5312 1691 5384 quod

70 5452 77 5471 .
104 5412 479 5483 Maedicam,
506 5409 608 5469 nisi
637 5408 781 5479 quod
811 5407 965 5474 illud,
995 5424 1091 5471 ex.
1121 5422 1229 5467 non
1258 5406 1419 5465 modo
1442 5421 1562 5477 ego,
1593 5405 1691 5468 sed

70 5566 75 5573 ,
101 5506 178 5561 nec
204 5500 593 5577 ipsequidem.
610 5502 834 5567 saltator
872 5500 1063 5567 histrio
1086 5499 1183 5563 tibi
1208 5499 1326 5559 sine
1354 5499 1535 5563 verbis
1562 5498 1692 5569 quid

96 5586 356 5661 “scilicet
385 5602 574 5664 posset
604 5590 905 5649 ostendere.

144 5688 205 5747 6.
246 5690 395 5758 Aug.
429 5683 631 5753 Verum
671 5682 898 5749 fortasse
941 5681 1075 5739 dicis
1108 5699 1122 5735 :
1153 5681 1246 5737 sed
1278 5679 1536 5750 fingamus
1564 5695 1688 5741 eum

78 5770 275 5849 Degsa;
307 5794 449 5843 non,
480 5785 542 5841 ut
576 5775 831 5840 arbitror,
859 5774 1089 5841 dubitas,
1124 5774 1363 5844 quisquis
1394 5774 1482 5830 ille
1511 5782 1688 5833 motus

68 5869 328 5954 corporis
358 5870 525 5941 tuerit
544 5910 558 5937 ,
592 5887 697 5939 quo
729 5870 855 5925 mihi
899 5887 1013 5926 rem
1042 5885 1159 5941 quae
1201 5869 1300 5925 hoc
1331 5870 1497 5923 verbo
1526 5868 1688 5940 signi-

1532 407 1973 487 Lmeagusus.

3254 425 3396 485 1198

1816 524 2039 593 deatur,
2068 527 2434 593 deinonstrarc
2462 532 2763 603 conabitur,
2807 548 2920 595 non
2958 534 3131 608 ipsam
3170 552 3287 599 rem
3314 540 3403 601 {tu
3472 547 3484 559 ‘

1814 628 1990 676 turam
2007 636 2147 691 esse,
2166 624 2259 681 sed
2276 624 2509 700 signum.
2532 626 2709 696 Quare
2731 626 2818 685 hic
2835 643 3045 701 quoque
3058 645 3169 689 non
3184 632 3401 701 quidem

1812 713 1980 770 verbo
2003 714 2222 775 verbum
2245 756 2263 783 ,
2292 716 2386 774 sed
2424 725 2600 779 tamen
2629 720 2782 793 signo
2810 720 3021 794 signum
3051 723 3397 791 nihilominus

1814 803 2106 872 indicabit;
2140 814 2195 861 ut
2218 816 2273 865 et
2292 806 2395 864 hoc
2416 810 2863 883 monosyllabum,
2895 828 2980 878 ex.
3006 823 3062 883 et
3084 813 3174 875 ille
3192 796 3397 888 gestus,

1814 909 1973 952 unam
1991 910 2107 957 rem
2122 896 2403 969 quamdam
2418 900 2734 972 significent,
2753 888 2912 975 quam
2930 892 3066 971 mihi
3080 922 3182 981 ego
3204 908 3410 981 velch

1813 1004 1918 1049 non
1930 990 2279 1060 signiﬁcando
2290 970 2601 1052 monstrari.
2616 994 2714 1051 Ad.
2730 970 2829 1065 Qui
2843 970 3165 1070 potestquod
3180 974 3396 1073 quieris,
3407 970 3426 991 ‘

1812 1094 1911 1137 oro
1952 1081 2041 1137 te?
2081 1082 2214 1157 Aug.
2253 1081 2530 1152 Quomodo
2569 1088 2744 1158 paries
2784 1090 2976 1165 potuit.
3022 1090 3122 1146 Ad.
3165 1092 3244 1151 Ne
3283 1093 3400 1163 ipse

1810 1171 2059 1243 quidem,
2089 1183 2349 1245 quantum
2390 1176 2526 1233 ratio
2558 1178 2906 1251 progrediens
2944 1181 3154 1251 docuit,
3183 1185 3398 1243 ostendi

1811 1261 1929 1321 sine
1941 1264 2095 1334 signo
2112 1274 2307 1336 potest.
2333 1264 2468 1325 Nam
2492 1277 2546 1324 et
2573 1270 2795 1327 intentio
2817 1272 2965 1345 digiti
2986 1290 3092 1333 non
3112 1285 3196 1333 est
3214 1279 3399 1348 utique

1810 1354 2007 1424 paries,
2031 1356 2131 1413 sed
2151 1357 2362 1429 signum
2378 1359 2536 1416 datur
2552 1376 2648 1432 per
2666 1361 2808 1432 quod
2830 1365 3005 1437 parias
3027 1360 3191 1436 possit
3206 1368 3394 1426 videri.

1802 1445 1952 1503 Nihil
1977 1447 2154 1520 itaque
2170 1448 2328 1507 video
2356 1451 2498 1523 quod
2518 1452 2635 1510 sine
2659 1453 2826 1525 signis
2843 1457 3050 1517 ostendi
3066 1470 3239 1529 queat.
3259 1461 3391 1537 Aug.

1809 1537 1969 1607 Quid,
1992 1539 2039 1595 si
2064 1554 2141 1611 ex.
2164 1549 2215 1596 te
2235 1556 2532 1611 quaererem
2557 1542 2687 1615 quid
2713 1544 2784 1599 sit
2809 1546 3102 1615 ambulare,
3121 1565 3397 1620 surgeres-

1810 1647 1913 1704 que
1941 1642 1995 1689 et
2019 1634 2072 1691 id
2099 1637 2324 1706 ageres?
2352 1652 2534 1699 nonne
2574 1655 2636 1697 re
2674 1640 2789 1709 ipsa
2828 1642 3004 1711 potius
3040 1659 3198 1712 quam
3223 1646 3399 1703 verbis

1807 1725 1875 1781 ad
1904 1742 1991 1782 me
2016 1727 2335 1796 docendum,
2377 1740 2469 1785 aut
2508 1730 2630 1785 ullis
2658 1732 2778 1787 aliis
2813 1733 2980 1803 signis
3009 1736 3267 1792 utereris?
3297 1738 3397 1792 Ad.

1808 1813 2002 1873 Fateor
2020 1817 2095 1873 ita
2116 1832 2260 1887 esse,
2286 1827 2340 1877 et
2364 1819 2529 1890 pudet
2554 1835 2640 1878 me
2670 1837 2783 1877 rem
2812 1830 2918 1879 tam
2944 1823 2999 1878 in
3030 1834 3277 1897 promptu
3304 1842 3401 1899 po-

1806 1907 1965 1965 sitam
1986 1922 2098 1964 non
2126 1908 2324 1967 vidisse
2360 1929 2372 1965 :
2402 1925 2469 1967 ex
2512 1926 2616 1981 qua
2660 1913 2821 1968 etiam
2862 1914 2992 1969 mihi
3028 1915 3193 1973 millia
3218 1933 3402 1975 rerum

1800 2000 1913 2070 jam
1956 2010 2276 2068 occurrunt,
2306 2018 2426 2072 quae
2470 2003 2602 2073 ipsa:
2640 2019 2738 2074 per
2776 2020 2835 2063 se
2871 2006 3113 2076 valeant,
3146 2025 3255 2065 non
3304 2026 3399 2084 per

1806 2092 1954 2162 signa
1980 2093 2288 2159 monstrari,
2319 2102 2378 2149 ut
2406 2094 2586 2162 edere,
2622 2094 2823 2162 bibere,
2856 2096 3064 2166 sedere,
3094 2108 3264 2166 stare,
3291 2102 3400 2161 cla-

1803 2199 1991 2252 mare,
2019 2193 2077 2243 et
2104 2185 2507 2245 innumerabilia
2532 2195 2746 2243 caetera.
2793 2187 2925 2260 Aug.
2968 2191 3117 2262 Age,
3150 2208 3288 2249 nunc
3306 2192 3399 2250 dic

1802 2274 1956 2341 mihi,
1985 2276 2029 2332 si
2054 2276 2276 2332 omnino
2304 2276 2550 2335 nesciens
2573 2278 2730 2349 hujus
2759 2279 2908 2335 verbi
2936 2280 3064 2349 vim,
3091 2280 3189 2339 abs
3214 2294 3398 2343 team-

1802 2366 2020 2424 bulante
2058 2383 2354 2451 quaererem
2392 2368 2518 2440 quid
2559 2369 2629 2425 sit
2663 2370 2971 2439 ambulare,
3005 2374 3274 2449 quomodo
3304 2391 3397 2432 me

1803 2457 2067 2519 duceres?
2095 2460 2195 2515 Ad.
2229 2459 2462 2532 ldipsum
2498 2476 2711 2532 agerem
2750 2462 3021 2534 aliquanto
3048 2466 3306 2535 celerius,
3337 2476 3399 2524 ut

1802 2562 1925 2623 post
1959 2554 2434 2627 interrogationem
2472 2564 2613 2611 tuam
2653 2557 2826 2628 aliqua
2863 2558 3098 2615 novitate
3136 2559 3396 2618 admone-

1802 2644 1971 2711 reris;
1995 2655 2050 2707 et
2068 2655 2242 2705 tamen
2263 2646 2397 2703 nihil
2418 2646 2559 2703 aliud
2581 2647 2750 2713 ﬁeret,
2775 2665 2931 2719 quam
2950 2649 3002 2705 id
3021 2650 3160 2722 quod
3176 2650 3399 2709 deberet

1802 2737 2034 2794 ostendi.
2068 2738 2203 2810 Aug.
2233 2737 2421 2796 Scisne
2458 2738 2600 2796 aliud
2629 2755 2750 2796 esse
2792 2741 3067 2798 ambulare
3089 2783 3105 2809 ,
3145 2743 3290 2800 aliud
3320 2744 3400 2801 fe-

1801 2830 2040 2887 stinare?
2064 2830 2195 2887 Nam
2225 2840 2281 2888 et
2307 2833 2396 2903 qui
2426 2833 2696 2899 ambulat,
2727 2848 2833 2889 non
2861 2836 3043 2891 statim
3068 2834 3313 2905 festinat;
3341 2846 3399 2897 et

1801 2921 1889 2991 qui
1918 2919 2165 2990 festinat,
2193 2939 2301 2981 non
2325 2924 2579 2983 continuo
2602 2924 2841 2981 ambulat
2867 2944 2881 2981 :
2910 2926 3136 2983 dicimus
3162 2928 3306 2985 enim
3330 2938 3388 2985 et

1806 3011 1861 3071 in
1887 3015 2174 3073 scribendo
2199 3024 2255 3075 et
2280 3017 2334 3074 in
2365 3016 2592 3088 legendo
2611 3059 2626 3085 ,
2655 3019 2881 3089 aliisque
2920 3019 3397 3081 innumerabilibus

1801 3105 1966 3163 rebus
1994 3106 2409 3166 festinationem.
2452 3108 2629 3174 Quare
2672 3125 2794 3167 cum
2823 3110 2952 3165 illud
2981 3111 3123 3182 quod
3161 3112 3356 3184 agebas
3376 3156 3397 3182 ,

1801 3198 2027 3255 celerius
2053 3214 2242 3270 ageres
2278 3209 2400 3271 post
2425 3202 2895 3272 interrogationem
2925 3219 3121 3272 meam,
3149 3214 3399 3275 putarem

1800 3291 2073 3349 ambulare
2112 3291 2245 3349 nihil
2281 3307 2403 3350 esse
2443 3292 2586 3349 aliud
2629 3308 2788 3363 quam
2830 3294 3126 3353 festinare:
3157 3297 3213 3354 id
3247 3297 3400 3355 enim

1801 3383 1924 3439 novi
1961 3383 2278 3451 addidem;
2310 3393 2366 3441 et
2402 3385 2473 3443 ob
2510 3385 2613 3444 hoc
2654 3385 2888 3447 fallerer.
2920 3387 3025 3443 Ad.
3057 3388 3251 3447 Fateor
3280 3406 3398 3450 rem

1801 3488 1906 3531 non
1929 3491 2087 3545 posse
2108 3491 2205 3535 nos
2222 3485 2526 3537 monstrare
2551 3477 2669 3536 sine
2698 3480 2870 3550 signo,
2900 3481 2944 3536 si
2968 3496 3092 3539 etnn
3120 3481 3172 3538 id
3189 3483 3400 3554 agimus

1802 3566 2239 3638 interrogemur:
2279 3570 2325 3629 si
2370 3571 2512 3629 enim
2559 3571 2693 3631 nihil
2730 3572 3019 3643 addamus,
3061 3576 3268 3646 putabit
3304 3579 3400 3648 qui

1800 3667 1986 3729 rogat,
2018 3660 2162 3717 nolle
2204 3676 2301 3718 nos
2340 3661 2657 3731 ostendere,
2688 3674 3098 3737 contemptoque
3126 3683 3218 3735 se.
3251 3670 3303 3727 iu
3329 3684 3401 3724 eo

1799 3748 1941 3818 quod
1967 3750 2254 3820 agebamus
2282 3766 2647 3822 perseverare.
2674 3754 2780 3811 Sed
2814 3756 2862 3809 si
2887 3755 2953 3811 de
2979 3755 3062 3812 bis
3099 3766 3250 3828 roget
3276 3774 3399 3827 quae

1798 3853 1957 3908 agere
1983 3857 2297 3911 possumus,
2338 3859 2437 3901 nec
2468 3858 2534 3902 eo
2574 3855 2755 3903 tuneo
2785 3855 3023 3915 tempore
3051 3862 3158 3918 quo
3184 3849 3399 3918 agimus

1800 3940 1973 4001 roget,
1998 3947 2280 4002 possumus
2304 3943 2427 4003 post
2450 3934 2571 4005 ejus
2590 3935 3060 4006 interrogationem
3087 3938 3139 3993 id
3162 3938 3392 4010 agendo,

1798 4038 1857 4080 re
1885 4022 1996 4093 ipsa
2022 4026 2197 4096 potius
2224 4041 2381 4095 quam
2420 4028 2572 4098 signo
2608 4027 2978 4086 demonstrare
3016 4029 3160 4101 quod
3187 4039 3342 4101 rogat
3371 4049 3390 4087 :

1798 4115 1901 4171 nisi
1936 4116 2071 4173 forte
2114 4117 2421 4187 loquentem
2469 4133 2556 4175 me
2600 4117 2893 4189 interroget
2934 4118 3059 4190 quid
3100 4120 3174 4178 sit
3210 4121 3395 4192 loqui;

1797 4207 2051 4278 quidquid
2073 4208 2217 4265 enim
2241 4208 2449 4279 dixero,
2475 4218 2531 4267 ut
2550 4225 2672 4268 eum
2694 4211 2942 4280 doceam,
2966 4213 3152 4284 loquar
3172 4228 3397 4274 necesse

1796 4310 1880 4359 est
1909 4316 1921 4352 :
1955 4314 2021 4357 ex
2051 4314 2158 4370 quo
2182 4310 2401 4359 secutus
2418 4302 2651 4371 docebo,
2684 4304 2854 4361 donec
2878 4303 2930 4364 ei
2961 4305 3174 4374 plnum
3200 4304 3398 4365 faciam

1799 4394 1942 4465 quod
1963 4395 2095 4461 vult,
2124 4412 2232 4453 non
2257 4396 2517 4453 recedens
2538 4414 2571 4454 ιι
2594 4414 2653 4454 re
2674 4399 2788 4469 ipsa
2804 4414 2970 4470 quam
2988 4398 3093 4455 sibi
3113 4399 3281 4460 voluit
3296 4398 3396 4460 de—
3437 4401 3446 4416 '

1797 4489 2119 4556 monstrari,
2148 4503 2251 4545 nec
2277 4489 2425 4561 signa
2461 4505 2715 4560 quarens
2736 4489 2936 4562 quibus
2962 4504 3081 4547 eam
3110 4487 3395 4551 ostendam

1798 4589 1992 4649 preter
2016 4581 2206 4651 ipsam.

1937 4673 2164 4729 CAPUT
2206 4674 2295 4731 IV.
2321 4704 2395 4717 --
2420 4675 2502 4730 Αι
2527 4676 2677 4748 signa
2703 4677 2860 4749 riguis
2889 4688 3247 4738 mentirentur.

1869 4766 1929 4823 ἶ.
1964 4766 2103 4836 Aug.
2144 4766 2467 4825 Acutissime
2494 4768 2731 4824 omnino
2778 4787 2796 4825 :
2837 4785 3005 4842 quare
3048 4772 3169 4829 vide
3212 4782 3397 4832 utrum

1796 4856 2077 4913 conveniat
2100 4856 2212 4927 jam
2248 4857 2392 4913 inter
2433 4872 2535 4914 nos
2572 4874 2641 4914 ea
2688 4874 2851 4931 posse
2889 4862 3247 4921 demonstrari
3274 4867 3396 4923 sine

1795 4946 1991 5019 signis,
2021 4965 2143 5021 qua
2170 4958 2263 5005 aut
2304 4965 2414 5005 non
2450 4951 2661 5022 agimus
2705 4968 2829 5008 cum
2874 4954 3298 5028 interrogamur,
3339 4967 3396 5014 et

1797 5049 1972 5096 tamen
1996 5041 2180 5098 statim
2216 5056 2379 5112 agere
2418 5058 2735 5113 possumus,
2776 5053 2871 5101 aut
2905 5046 3021 5118 ipsa
3063 5050 3213 5121 signa
3252 5048 3391 5103 forte

1794 5133 2019 5204 agimus.
2053 5134 2184 5190 Cum
2212 5138 2353 5191 enim
2384 5136 2679 5207 loquimur,
2713 5139 2865 5210 signa
2904 5139 3130 5197 facimus
3149 5182 3165 5205 ,
3190 5140 3257 5195 de
3281 5153 3391 5210 quo

1794 5224 1993 5282 diuum
2023 5234 2106 5285 est
2135 5225 2456 5296 signiﬁcare.
2487 5228 2588 5284 Ad.
2618 5229 2903 5287 Convenit.
2933 5232 3064 5303 Aug.
3096 5231 3229 5285 Cum
3260 5246 3390 5302 ergo

1794 5313 1861 5375 de
1894 5315 2210 5386 quibusdam
2247 5318 2414 5388 signis
2447 5322 2735 5391 queritur,
2764 5331 2989 5393 possunt
3033 5321 3205 5391 signis
3236 5322 3389 5393 signa

1794 5407 2080 5515 atansum
2108 5424 2123 5462 :
2297 5416 2477 5515 autem
2778 5427 2905 5513 qua:
3096 5426 3210 5466 non
3235 5421 3382 5480 sunt,

1793 5506 1886 5555 aut
1905 5498 2228 5570 easagendo
2252 5507 2378 5569 post
2404 5501 2799 5571 inquisitionem
2826 5501 2872 5559 si
2894 5501 2984 5570 agi
3010 5509 3264 5570 possunt,
3295 5508 3389 5559 aut

1793 5592 1944 5663 signa
1966 5593 2142 5649 dando
2166 5602 2409 5665 per’qum
2433 5593 2787 5650 anidverti
2807 5602 3025 5663 queant.
3051 5592 3153 5647 Ad.
3182 5593 3257 5648 ita
3277 5603 3384 5652 em.

1792 5684 1923 5756 Aug.
1958 5685 2147 5745 lnbac
2178 5687 2340 5758 igitur
2383 5687 2644 5759 u-ipartita
2673 5684 3047 5742 distributione
3080 5686 3226 5757 prius
3253 5686 3386 5747 illud

1794 5778 2220 5845 consideremus,
2249 5780 2295 5836 si
2324 5780 2519 5849 placet,
2546 5775 2685 5848 quod
2711 5776 2878 5847 signis
2900 5776 3053 5848 signa
3074 5787 3383 5837 monstrum

1797 5882 1882 5929 tur
1914 5891 1924 5925 :
1956 5888 2079 5927 num
2104 5873 2243 5927 cnim
2270 5873 2380 5927 sola
2407 5872 2567 5929 verba
2595 5879 2718 5929 sunt
2740 5871 2926 5943 signa?
2957 5872 3054 5929 Ad.
3088 5873 3221 5931 Non.
3247 5874 3378 5948 Aug.

1799 5996 1878 6032 "‘1
1903 5994 1909 6009 ‘
1942 5988 2417 6038 "Eretum
