3844 6280
463 430 604 495 1199

467 552 688 608 Videtur
707 555 834 612 ergo
850 535 982 594 mihi
1001 529 1266 602 loquendo
1293 535 1388 580 nos
1414 530 1505 575 aut
1523 519 1685 574 verba
1706 518 1818 586 ipsa
1839 515 2051 584 signare

407 652 437 704 ξι
463 644 664 709 verbis,
693 609 791 694 aut
812 633 913 687 alia
939 631 1086 699 signa
1112 667 1124 689 ,
1153 623 1298 676 velut
1324 625 1532 688 gestum
1563 626 1685 668 cum
1713 609 1937 709 dicimus
1963 613 2054 660 aut

434 749 438 774 τ
472 701 735 793 litteram;
779 740 898 781 nam
935 722 1016 776 his
1055 714 1260 772 duobus
1296 709 1471 764 verbis
1501 721 1619 776 qua:
1649 701 2014 773 signiﬁcantur
2035 738 2052 764 ,

430 817 441 882 ἶ
471 825 812 888 nihilominus
828 819 975 888 signa
1000 819 1122 868 sunt
1151 827 1163 863 :
1188 815 1279 862 aut
1301 799 1499 872 aliquid
1521 795 1662 852 aliud
1685 793 1825 865 quod
1847 792 2054 888 signum

430 893 436 950 Ξ
472 884 576 980 non
605 919 694 982 sit,
723 914 866 968 velut
879 884 1014 963 'cum
1042 902 1284 962 dicimus,
1322 894 1512 964 Lapis;
1543 891 1646 944 hoc
1670 888 1814 942 enim
1837 884 2057 939 verbum

470 975 692 1084 signum,
705 1014 804 1070 est,
836 1016 956 1056 nam
978 993 1244 1066 signiﬁcat
1266 985 1487 1057 aliquid,
1521 981 1612 1037 sed
1641 980 1694 1035 id
1722 976 1863 1084 quod
1881 990 1958 1084 Δεο
1987 975 2059 1028 si-

469 1068 796 1178 gniﬁcatur,
831 1107 936 1148 non
983 1086 1233 1143 continuo
1283 1080 1490 1148 signum
1534 1081 1617 1128 est
1649 1089 1661 1123 :
1691 1068 1833 1140 quod
1881 1074 2059 1167 tamen

473 1155 661 1269 genus,
683 1190 733 1246 id
756 1194 838 1241 est
860 1198 982 1238 cum
1009 1176 1186 1232 verbis
1213 1187 1273 1228 ea
1301 1183 1419 1239 qua:
1445 1165 1594 1235 signa
1617 1175 1724 1216 non
1745 1166 1867 1269 sapt
1892 1155 2058 1224 signi-

476 1247 721 1346 ﬁcantur,
746 1293 850 1333 non
878 1269 1109 1344 pertinet
1133 1263 1198 1319 ad
1226 1262 1363 1314 hanc
1387 1263 1590 1328 partem
1617 1265 1773 1322 quam
1796 1247 2061 1346 discutere

471 1335 895 1449 proposuimus.-
929 1357 1269 1428 Suscepimus
1319 1351 1460 1406 enim
1512 1343 1850 1440 considerare
1898 1335 2056 1449 illud,

474 1427 617 1540 quord
644 1461 807 1532 signis
847 1456 994 1526 signa
1033 1427 1396 1504 munstrantur
1415 1482 1429 1506 ,
1467 1444 1520 1492 et
1546 1443 1724 1505 partes
1753 1431 1808 1485 in
1837 1444 1900 1484 eo
1929 1427 2064 1540 dtjas

477 1519 857 1627 comperimus,
886 1519 1005 1601 cum
1031 1550 1122 1597 aut
1148 1537 1333 1593 eadem
1363 1541 1453 1586 aut
1479 1529 1578 1583 alia
1607 1527 1754 1596 signa
1782 1522 1948 1594 signis
1969 1519 2066 1627 dq—

478 1609 665 1705 cemus
690 1642 770 1697 vel
793 1643 1271 1695 commemoramus
1302 1642 1314 1677 :
1343 1639 1409 1678 an
1438 1635 1544 1676 non
1571 1617 1663 1673 libi
1684 1613 1929 1671 videtur?
1962 1609 2062 1665 Ad.

479 1737 818 1796 Manifestum
848 1737 948 1785 est.

555 1829 607 1883 8.
651 1826 781 1895 Aug.
825 1820 918 1876 Dic
944 1830 1069 1886 ergo
1099 1813 1246 1881 signa
1285 1819 1403 1878 quae
1433 1801 1593 1895 verba
1623 1805 1777 1895 sunt,
1799 1793 1879 1895 ad
1908 1805 2068 1895 quem

484 1935 698 1978 sensum
721 1883 1035 1985 pertineant.
1062 1904 1159 1958 Ad.
1179 1899 1261 1955 Ad
1276 1897 1536 1952 auditum.
1560 1891 1690 1985 Aug.
1713 1886 1849 1985 Quid
1867 1883 2069 1985 gestus?

484 1976 586 2068 Ad.
619 2009 699 2064 Ad
723 1976 928 2059 Ivisum.
965 1998 1093 2066 Aug.
1125 1990 1261 2059 Quid
1287 2031 1300 2053 ,
1333 2003 1455 2041 cum
1498 1983 1659 2038 verba
1698 1979 1892 2068 scripta
1921 1976 2068 2030 inve-

488 2101 698 2162 nimus?
751 2110 876 2152 num
924 2089 1082 2150 verba
1128 2099 1232 2140 non
1286 2087 1441 2144 sunt,
1492 2090 1558 2128 an
1601 2073 1748 2142 signa
1790 2067 2071 2124 verborum

484 2200 663 2254 verius
709 2182 1102 2257 intelliguntur?
1156 2188 1212 2232 ut
1255 2175 1476 2230 verbum
1519 2169 1586 2224 sit
1629 2164 1772 2237 quod
1815 2177 1936 2218 cum
1976 2159 2074 2214 ali-

485 2304 592 2360 quo
645 2282 940 2354 signiﬁcatu
987 2272 1264 2328 articulata
1310 2279 1440 2320 voce
1485 2258 1806 2358 profertura
1833 2269 1936 2307 vox
1983 2266 2077 2305 au-

485 2348 593 2438 tem
637 2348 781 2432 nullo
829 2372 932 2425 alio
972 2381 1132 2422 sensu
1180 2375 1339 2432 quam
1386 2355 1568 2410 auditu
1611 2348 1810 2420 percipi
1852 2351 2072 2438 potest:

487 2434 647 2528 {tum
691 2474 747 2521 ut
773 2477 895 2518 cum
943 2457 1192 2513 scribitur
1219 2450 1438 2504 verbum
1461 2487 1476 2513 ,
1509 2444 1716 2513 signum
1749 2438 1839 2491 ﬁat
1867 2434 2035 2490 oculis
2059 2475 2074 2501 ,

488 2577 597 2632 quo
623 2557 750 2614 illud
792 2551 934 2624 quod
963 2547 1029 2603 ad
1056 2559 1211 2600 aures
1244 2540 1506 2612 pertinet,
1538 2532 1716 2588 veniat
1743 2531 1794 2584 in
1821 2537 2075 2632 merrtem.

493 2617 594 2706 Ad.
627 2617 855 2703 Omnino
893 2637 1174 2694 aSsentior.
1220 2633 1353 2699 Aug.
1394 2626 1448 2682 ld
1499 2636 1709 2694 quoque
1753 2631 1806 2675 te
1851 2617 2081 2672 arbitror

491 2739 772 2804 assentiri,
808 2749 929 2790 cum
967 2731 1190 2785 dicimus
1212 2767 1226 2788 ,
1269 2723 1501 2784 Nomen,
1534 2714 1832 2786 signiﬁcare
1862 2725 1958 2770 nos
1988 2709 2083 2762 ali-

491 2836 638 2910 quid.
669 2801 768 2887 Ad.
801 2829 999 2885 Verum
1029 2832 1130 2878 est.
1162 2820 1292 2888 Aug.
1322 2813 1456 2882 Quid
1481 2808 1734 2910 tandem?
1763 2805 1864 2910 Ad.
1893 2803 1948 2910 l‘d
1978 2801 2082 2856 sci-

494 2895 622 2986 licet
647 2922 786 2995 quod
813 2917 1042 2990 quidque
1071 2910 1385 2983 appellatur,
1414 2903 1558 2957 velut
1584 2896 1870 2995 Romulus,
1893 2895 2081 2995 Roma,

497 2984 689 3083 virtus,
712 2984 923 3076 ﬂuvius,
942 2984 996 3063 et
1018 2998 1422 3060 innumerabilia
1442 3001 1654 3050 caatera.
1677 2990 1808 3059 Aug.
1828 2986 1963 3041 Num
1985 2984 2085 3038 ista

499 3078 728 3183 quatuor
742 3104 953 3160 nomina
977 3099 1146 3153 nullas
1159 3108 1243 3148 res
1260 3087 1558 3160 signiﬁcant
1577 3085 1599 3136 ?
1615 3082 1714 3183 Ad.
1730 3079 1843 3134 lino
1862 3078 2082 3147 aliquas.

505 3173 640 3272 Aug.
674 3198 808 3252 Num
838 3191 968 3248 nihil
997 3189 1157 3243 distat
1200 3184 1338 3237 inter
1382 3178 1497 3231 haec
1525 3173 1738 3228 nomina
1757 3213 1770 3238 ,
1799 3177 1854 3224 et
1882 3181 1986 3272 eas.
2002 3180 2090 3220 res

502 3259 624 3365 quae
649 3292 732 3344 bis
757 3277 1163 3356 signiﬁcantur?
1194 3273 1291 3328 Ad.
1323 3272 1434 3325 lmo
1463 3261 1935 3365 plurimum-Aug.
1965 3259 2090 3365 Vrel-

505 3353 614 3443 lem
655 3382 749 3435 abs
878 3374 1096 3438 audire,
1137 3366 1387 3438 quidnam
1429 3361 1480 3415 id
1511 3361 1597 3414 sit.
1646 3357 1746 3410 Ad.
1781 3356 1892 3409 Hoc
1924 3353 2008 3408 vel
2042 3353 2093 3406 in

504 3475 714 3550 primis,
738 3469 880 3542 quod
898 3468 1012 3522 hzec
1041 3464 1189 3533 signa
1216 3466 1357 3521 sunt,
1386 3455 1474 3509 illa
1503 3468 1608 3506 non
1636 3459 1779 3550 sunt.
1811 3449 1942 3550 Aug.
1961 3447 2096 3550 ,Ριξξ-

507 3537 664 3624 cetne
693 3537 1019 3635 appellemus
1063 3548 1424 3624 signiﬁcabilia
1464 3560 1525 3600 ea
1566 3557 1686 3635 qua:
1723 3541 1887 3611 signis
1929 3537 2096 3635 signi:

512 3658 660 3715 ﬁcari
694 3628 914 3726 possunt
939 3657 994 3703 et
1035 3645 1181 3715 signa
1226 3655 1332 3702 non
1362 3645 1518 3702 sunt,
1548 3634 1686 3688 sicut
1711 3647 1771 3687 ea
1793 3645 1911 3700 quae
1930 3628 2098 3683 videri

510 3723 758 3824 possunt,
783 3739 1011 3797 visibilia
1033 3735 1388 3796 nominamus,
1413 3736 1470 3781 ut
1489 3726 1554 3781 de
1577 3725 1660 3779 his
1682 3723 1934 3791 deinceps
1955 3735 2098 3774 com-

510 3811 727 3898 ;nodius
746 3811 1113 3891 disseramus?
1141 3826 1239 3878 Ad.
1273 3823 1450 3877 Placet
1480 3833 1625 3873 vero.
1653 3815 1787 3886 Aug.
1817 3811 1986 3880 Quid?
2013 3812 2099 3865 illa

511 3939 742 4005 quatuor
771 3927 918 3996 signa
949 3936 1066 3992 qua:
1105 3916 1260 3988 paulo
1299 3921 1422 3966 ante
1456 3907 1841 3980 pronuntiasti,
1886 3904 2102 3958 nullone

511 3993 619 4080 alio
634 4021 784 4091 signo
805 3993 1204 4086 signiﬁcantur?
1226 4004 1324 4058 Ad.
1350 4003 1508 4056 Miror
1529 3998 1671 4070 quod
1689 3997 1798 4069 jam
1821 3995 1952 4050 mihi
1968 3993 2105 4048 exci-

515 4115 662 4172 disse
684 4106 977 4169 arbitraris,
1007 4099 1148 4172 quod
1174 4113 1235 4152 ea
1266 4110 1384 4165 quae
1414 4093 1718 4148 scribuntur
1739 4130 1752 4154 ,
1780 4102 1961 4142 eorum
1988 4100 2105 4156 quae

516 4219 649 4260 voce
678 4198 1047 4272 proferuntur,
1079 4192 1350 4261 signorum
1393 4186 1541 4254 signa
1571 4197 1690 4238 esse
1727 4179 2102 4249 comperimus.

518 4299 654 4368 Aug.
677 4271 772 4349 Dic
799 4294 934 4345 inter
956 4290 1055 4342 ista
1084 4282 1210 4354 quid
1235 4278 1432 4335 distet?
1459 4277 1560 4330 Ad.
1587 4274 1737 4341 Quod
1771 4273 1858 4327 illa
1884 4271 2110 4326 visibilia

517 4397 679 4453 sunt,
721 4379 1139 4439 hmc‘audibilia.
1188 4372 1295 4428 Cur
1341 4370 1482 4426 enim
1527 4377 1580 4423 et
1624 4368 1725 4422 hoc
1766 4379 1964 4420 nomen
2004 4377 2110 4417 non

522 4479 806 4540 admittas,
837 4474 880 4527 si
923 4468 1234 4524 admisimus
1263 4459 1670 4533 signiﬁcabilia?
1711 4457 1841 4528 Aug.
1881 4456 2111 4510 Prorsus

525 4568 771 4632 admitto,
795 4574 848 4619 ct
869 4572 1074 4633 gratum
1100 4557 1293 4612 habeo.
1323 4553 1428 4609 Sed
1455 4565 1640 4605 rursus
1660 4563 1862 4619 qutero,
1887 4555 2113 4617 quatuor

527 4661 648 4716 haec
662 4660 809 4728 signa
828 4656 1041 4710 nullone
1062 4652 1166 4705 alio
1186 4649 1336 4719 signo
1357 4644 1571 4701 audibili
1593 4641 1879 4713 signiﬁcari
1895 4647 2110 4710 queant,

521 4761 590 4807 ut
616 4748 841 4804 visibilia
871 4744 1176 4800 recordatus
1201 4738 1302 4795 es?
1331 4738 1431 4792 Ad.
1462 4736 1575 4792 Hoc
1601 4750 1809 4806 quoque
1846 4733 2115 4788 recentius

529 4841 732 4897 dictum
749 4834 1020 4891 recordor.
1045 4831 1172 4886 Nam
1196 4844 1392 4884 nomen
1415 4825 1794 4896 responderam
1815 4823 2116 4894 signiﬁcare

528 4927 756 5001 aliquid,
779 4935 834 4982 et
853 4925 975 4979 huic
995 4920 1366 4992 signiﬁcationi
1387 4926 1612 4988 quatuor
1632 4917 1733 4971 ista
1753 4915 2114 4985 subjeceram;

532 5031 592 5081 et
620 5020 747 5076 illud
777 5026 953 5072 autem
981 5024 1035 5070 et
1073 5013 1216 5076 lucc,
1255 5011 1300 5066 si
1330 5009 1540 5080 quidem
1570 5023 1702 5064 voce
1739 5006 2080 5077 proferuntur
2101 5044 2116 5069 ,

531 5115 788 5173 audibilia
811 5126 930 5167 esse
950 5121 1234 5179 cognosco.
1255 5105 1388 5175 Aug.
1417 5104 1554 5171 Quid
1580 5117 1707 5173 ergo
1729 5102 1869 5156 inter
1890 5098 2121 5154 audibile

537 5209 753 5282 signum
776 5213 830 5261 et
850 5201 1099 5258 audibilia
1120 5197 1432 5268 signiﬁcata,
1461 5212 1578 5266 quae
1600 5208 1784 5248 rursus
1805 5192 1951 5262 signa
1972 5197 2116 5256 sunt,

536 5299 796 5360 interest?
809 5298 911 5352 Ad.
933 5294 1076 5350 Inter
1093 5291 1218 5347 illud
1235 5291 1446 5361 quidem
1469 5286 1608 5359 quod
1627 5286 1872 5351 dicimus,
1890 5283 2117 5366 Nomen,

535 5403 595 5453 et
620 5395 738 5450 haec
762 5398 991 5464 quatuor
1032 5401 1151 5458 qua).
1192 5379 1567 5464 signiﬁcationi
1611 5378 1728 5448 ejus
1761 5376 2120 5445 subjecimus,

535 5487 647 5544 hoc
671 5462 869 5541 distare
895 5479 1082 5545 video,
1113 5462 1256 5548 quod
1291 5471 1420 5527 illud
1450 5468 1680 5525 audibile
1709 5467 1914 5539 signum
1943 5476 2025 5521 est
2053 5465 2126 5520 si-

540 5593 774 5651 gnorum
799 5573 1109 5630 audibilium
1135 5587 1149 5624 :
1172 5568 1291 5623 haec
1308 5579 1438 5621 vero
1467 5561 1715 5618 audibilia
1744 5560 1955 5631 quidem
1978 5560 2127 5631 signa

539 5677 672 5728 sum
696 5709 712 5734 ,
743 5681 847 5720 non
877 5673 1055 5719 tamen
1086 5661 1358 5732 signorum
1381 5698 1396 5723 ,
1429 5655 1526 5724 sed
1571 5669 1751 5708 rerum
1780 5654 1970 5724 partim
1999 5652 2129 5706 visi-

541 5762 732 5819 bilium
759 5799 773 5824 ,
815 5758 952 5813 sicut
993 5764 1076 5810 est
1114 5753 1372 5809 Romulus
1397 5793 1412 5818 ,
1440 5750 1610 5804 Roma
1631 5787 1647 5809 ,
1683 5746 1908 5802 ﬂuvium
1940 5745 2131 5817 partim

548 5851 979 5923 intclligibilium,
1007 5848 1148 5905 sicut
1161 5856 1242 5903 est
1264 5845 1432 5900 virtus

1591 403 1679 458 DE
1718 395 2083 466 MAGISTRO,
2123 388 2183 450 S.
2223 388 2590 449 AUGUSTINI

3596 380 3717 441 19.00

2229 509 2281 564 9.
2321 509 2452 578 Aug.
2495 503 2710 574 Accipio
2738 512 2793 558 et
2837 501 3004 572 probo
3031 518 3046 556 :
3072 499 3168 555 sed
3208 499 3386 555 scisne
3413 499 3588 553 omnia
3614 515 3715 570 qua:

2159 616 2288 656 voce
2324 597 2600 654 articulata
2643 610 2764 650 cum
2807 594 2982 663 aliquo
3025 591 3318 663 signiﬁcatu
3360 589 3714 661 proferuntur,

2160 693 2320 750 verba
2339 687 2626 763 appellari?
2641 686 2740 740 Ad.
2766 686 2906 742 Scio.
2930 684 3060 756 Aug.
3084 684 3225 754 Ergo
3240 693 3295 739 et
3308 697 3504 738 nomen
3520 683 3718 740 verbum

2161 797 2262 852 est,
2290 781 2715 856 quandoquidem
2739 781 2790 836 id
2819 779 3058 835 videmus
3084 792 3206 833 cum
3232 777 3413 847 aliquo
3443 775 3716 847 signiﬁcatu

2161 879 2437 933 articulata
2466 889 2594 930 voce
2619 872 2875 943 proferri;
2907 879 2958 926 et
2984 886 3106 926 cum
3129 868 3356 924 dicimus
3375 868 3622 924 disertum
3641 869 3720 922 ho-

2163 971 2360 1024 minem
2377 968 2529 1023 bonis
2542 965 2720 1021 verbis
2741 964 2835 1029 uti,
2856 963 3014 1018 etiam
3038 961 3342 1016 nominibus
3363 961 3541 1030 utique
3556 959 3716 1025 utitur;

2164 1071 2217 1114 et
2245 1075 2365 1113 cum
2407 1057 2521 1112 seni
2551 1055 2767 1110 domino
2809 1053 2946 1123 apud
2972 1051 3285 1106 Terentium
3316 1065 3500 1105 servus
3527 1049 3717 1116 retulit,

2164 1149 2308 1203 Bona
2330 1141 2474 1202 verba
2503 1161 2671 1217 quaeso
2701 1144 2720 1216 (
2743 1143 2810 1197 1η
2840 1142 3053 1204 Andria,
3079 1150 3181 1196 act.
3217 1141 3271 1208 Ι,
3300 1157 3436 1194 scen.
3464 1139 3519 1206 2,
3544 1155 3590 1192 υ.
3613 1140 3718 1210 33),

2152 1241 2332 1298 .multa
2355 1239 2444 1292 illc
2470 1238 2630 1292 etiam
2663 1235 2880 1290 nomina
2905 1233 3130 1288 dixerat.
3161 1232 3263 1285 Ad.
3294 1232 3582 1286 Assentior.
3607 1232 3720 1301 Aug.

2168 1331 2428 1387 Concedis
2458 1329 2616 1400 igitur
2645 1329 2709 1382 iis
2734 1326 2939 1381 duabus
2968 1324 3187 1396 syllabis
3213 1339 3349 1394 quas
3374 1321 3590 1386 edimus,
3619 1337 3722 1377 cum

2169 1423 2424 1486 dicimus,
2461 1420 2692 1475 Verbum
2713 1461 2728 1485 ,
2757 1432 2953 1472 nomen
2997 1430 3210 1487 quoque
3255 1413 3572 1486 signiﬁcari,
3598 1421 3646 1468 et
3665 1415 3727 1468 ob

2171 1513 2273 1568 hoc
2301 1511 2428 1567 illud
2457 1511 2612 1582 hujus
2651 1511 2858 1580 signum
2888 1523 3028 1563 esse.
3060 1506 3160 1560 Ad.
3189 1505 3458 1561 Concedo.
3484 1506 3604 1576 Aug.
3631 1505 3728 1561 Hoc

2172 1621 2382 1676 quoque
2424 1602 2751 1674 respondeas
2792 1601 2971 1656 velim.
3023 1598 3155 1654 Cum
3187 1598 3412 1653 verbum
3456 1599 3644 1668 signum
3670 1598 3729 1652 sit

2173 1695 2426 1762 nominis,
2455 1704 2508 1750 et
2537 1708 2730 1748 nomen
2759 1692 2967 1764 signum
2998 1692 3067 1746 sit
3091 1689 3327 1746 ﬂuminis
3346 1732 3361 1754 ,
3391 1699 3446 1744 et
3470 1689 3646 1744 ﬁumen
3665 1690 3727 1743 si-

2174 1804 2332 1861 gnum
2360 1789 2428 1842 sit
2448 1788 2526 1842 rei
2552 1802 2670 1857 quae
2687 1786 2796 1856 jam
2820 1784 2990 1839 videri
3016 1791 3214 1854 potest,
3246 1794 3306 1837 ut
3332 1782 3469 1838 inter
3490 1781 3613 1836 hanc
3631 1796 3729 1837 rem

2176 1890 2231 1936 et
2267 1880 2462 1935 ﬁumen
2484 1921 2499 1946 ,
2531 1877 2584 1933 id
2624 1886 2707 1933 est
2752 1877 2960 1947 signum
2990 1874 3137 1945 ejus,
3169 1883 3224 1928 et
3264 1873 3405 1929 inter
3431 1873 3529 1928 hoc
3553 1873 3730 1943 signum

2179 1981 2236 2027 et
2269 1987 2460 2026 nomen
2491 1971 2633 2040 quod
2676 1969 2834 2040 hujus
2871 1968 3006 2040 signi
3053 1966 3262 2037 signum
3309 1974 3394 2021 est
3432 1965 3601 2021 dixisti
3624 1965 3733 2035 quid

2179 2063 2422 2126 intersit;
2460 2061 2587 2131 quid
2634 2062 2896 2117 interesse
2943 2057 3217 2114 arbitraris
3260 2057 3401 2112 inter
3437 2057 3630 2127 signum
3655 2072 3736 2110 no-

2180 2154 2360 2217 minis,
2391 2153 2531 2223 quod
2558 2153 2776 2208 verbum
2807 2167 2927 2207 esse
2955 2151 3350 2221 comperimus,
3380 2159 3435 2206 et
3475 2151 3631 2220 ipsum
3655 2166 3735 2204 no-

2181 2262 2305 2301 men
2327 2247 2478 2315 cujus
2500 2246 2710 2316 signum
2736 2245 2853 2300 est?
2880 2243 2979 2297 Ad.
3003 2243 3117 2297 Hoc
3136 2242 3336 2296 distare
3360 2243 3601 2312 intelligo,
3617 2243 3735 2312 quod

2183 2353 2242 2391 ea
2258 2352 2376 2407 quae
2393 2337 2758 2407 signiﬁcantur
2778 2336 3015 2402 nomine,
3034 2335 3196 2389 etiam
3211 2334 3377 2388 verbo
3393 2333 3733 2403 signiﬁcantur;

2186 2438 2245 2483 ut
2268 2429 2411 2483 enim
2441 2444 2634 2484 nomen
2660 2435 2742 2485 est
2757 2428 2998 2494 verbum,
3031 2427 3104 2481 ita
3133 2434 3187 2481 et
3209 2424 3402 2480 ﬁumen
3419 2425 3617 2480 verbum
3636 2436 3732 2479 est:

2188 2538 2306 2594 quae
2347 2531 2521 2577 autem
2555 2522 2721 2577 verbo
2760 2521 3156 2592 signiﬁcantur,
3200 2535 3307 2574 non
3345 2517 3505 2572 omnia
3545 2519 3736 2589 signiﬁ-

2188 2623 2376 2669 cantur
2403 2623 2458 2670 et
2482 2614 2715 2668 nomine.
2766 2612 2897 2666 Nam
2938 2620 2992 2666 et
3036 2611 3196 2675 illud,
3238 2611 3304 2677 si,
3348 2608 3476 2679 quod
3509 2610 3552 2662 in
3577 2608 3730 2679 capite

2189 2707 2350 2765 habet
2374 2709 2470 2764 abs
2501 2717 2551 2762 te
2579 2706 2884 2777 propositus
2911 2719 3098 2759 versus
3121 2746 3135 2770 ,
3175 2712 3232 2758 et
3271 2701 3404 2768 hoc,
3442 2717 3522 2767 ex,
3553 2699 3608 2754 de
3633 2715 3728 2769 quo

2185 2801 2294 2872 jam
2334 2801 2425 2856 diu
2467 2809 2682 2871 agentes
2721 2800 2773 2854 in
2820 2799 2935 2852 haec
2976 2796 3113 2852 duce
3155 2796 3366 2850 ratione
3410 2793 3729 2866 pervenimus,

2190 2893 2355 2948 verba
2385 2900 2539 2958 sunt,
2572 2905 2672 2945 nec
2701 2900 2875 2944 tamen
2903 2888 3146 2952 nomina;
3181 2896 3235 2943 et
3273 2887 3398 2940 talia
3439 2886 3589 2939 multa
3614 2883 3740 2938 inve-

2193 2986 2430 3041 niuntur.
2460 2983 2818 3052 Quamobrem
2851 2997 2970 3037 cum
3001 2981 3180 3036 omnia
3210 2979 3426 3034 nomina
3454 2977 3602 3033 verba
3623 2978 3740 3040 sint,

2196 3094 2302 3133 non
2342 3087 2520 3134 autem
2563 3076 2738 3130 omnia
2770 3075 2929 3129 verba
2974 3073 3188 3127 nomina
3228 3072 3370 3137 sint,
3411 3072 3614 3142 planum
3647 3084 3748 3123 esse

2196 3169 2426 3224 arbitror
2467 3167 2591 3237 quid
2629 3167 2767 3221 inter
2796 3166 3015 3220 verbum
3058 3164 3218 3218 distet
3252 3171 3308 3218 et
3348 3176 3567 3226 nomen,
3607 3159 3652 3213 id
3686 3167 3751 3214 est

2197 3261 2340 3314 inter
2367 3259 2575 3328 signum
2611 3257 2746 3327 signi
2787 3257 2904 3326 ejus
2951 3255 3091 3325 quod
3131 3254 3275 3308 nulla
3313 3253 3416 3308 alia
3445 3254 3585 3323 signa
3611 3251 3750 3321 signi-

2201 3352 2344 3416 ﬁcat,
2373 3360 2425 3403 et
2453 3349 2658 3418 signum
2688 3348 2824 3419 signi
2851 3347 2964 3417 ejus
2990 3347 3128 3417 quod
3157 3361 3340 3401 rursus
3380 3347 3481 3400 alia
3506 3345 3751 3416 signiﬁcat.

2199 3442 2332 3514 Aug.
2377 3439 2707 3496 Concedisne
2755 3455 2966 3494 omnem
3011 3453 3207 3509 equum
3251 3437 3446 3492 animal
3491 3453 3632 3502 esse,
3677 3450 3756 3490 nec

2203 3546 2383 3592 tamen
2413 3551 2570 3590 omne
2609 3535 2800 3589 animal
2835 3550 3030 3605 equum
3073 3534 3231 3589 esse?
3280 3534 3380 3586 Ad.
3425 3533 3550 3601 Quis
3574 3532 3756 3586 dubita-

2203 3630 2372 3684 verit?
2401 3629 2536 3700 Aug.
2580 3628 2692 3682 Hoc
2729 3643 2855 3697 ergo
2888 3628 3025 3682 inter
3065 3642 3264 3681 nomen
3297 3635 3351 3680 et
3380 3627 3610 3689 verbum,
3638 3623 3757 3694 quod

2206 3721 2342 3776 inter
2365 3736 2558 3790 equum
2590 3729 2644 3774 et
2681 3720 2876 3773 animal
2919 3721 3159 3773 interest.
3204 3717 3318 3772 Nisi
3356 3717 3493 3772 forte
3516 3719 3578 3772 ab
3604 3732 3758 3770 assen-

2207 3810 2387 3865 tiendo
2414 3809 2462 3864 id
2493 3819 2543 3865 te
2573 3819 2813 3873 revocat,
2849 3809 2988 3879 quod
3013 3809 3236 3863 dicimus
3276 3817 3330 3863 et
3358 3809 3461 3863 alio
3487 3808 3632 3864 modo
3657 3823 3757 3860 ver-

2210 3901 2369 3966 bum,
2410 3917 2515 3971 quo
2546 3901 2908 3970 signiﬁcantur
2951 3915 3012 3954 ea
3056 3916 3174 3970 qua;
3214 3914 3312 3970 per
3353 3908 3584 3968 tempora
3617 3897 3758 3952 decli-

2213 4001 2424 4058 nantur,
2456 4001 2510 4045 ut
2535 3991 2709 4045 scribo
2735 3991 2956 4060 scripsi,
2990 3991 3108 4060 lego
3139 3991 3274 4061 legi,
3307 4007 3425 4061 quae
3461 3988 3756 4044 manifestum

2211 4074 2292 4138 est
2316 4099 2420 4136 non
2447 4097 2564 4137 esse
2586 4083 2820 4136 nomina.
2853 4081 2952 4134 Ad.
2986 4081 3171 4134 Dixisti
3191 4082 3412 4136 omnino
3431 4080 3559 4152 quod
3580 4094 3654 4133 me
3673 4079 3756 4132 du-

2213 4175 2384 4230 bitare
2423 4175 2667 4230 faciebat.
2711 4174 2845 4245 Aug.
2882 4174 2959 4230 Ne
3007 4183 3056 4229 te
3102 4174 3243 4230 istud
3290 4184 3508 4230 moveat.
3551 4173 3750 4227 Dicimus

2215 4268 2356 4324 enim
2386 4279 2438 4322 et
2463 4269 2611 4338 signa
2643 4267 3012 4322 universaliter
3041 4267 3219 4321 omnia
3245 4282 3367 4336 quae
3395 4264 3666 4338 signiﬁcant
3680 4261 3760 4316 ali-

2216 4359 2372 4430 quid,
2400 4359 2488 4414 ubi
2514 4360 2673 4414 etiam
2705 4359 2865 4414 verba
2900 4371 3019 4412 esse
3061 4357 3384 4412 invenimus.
3414 4357 3631 4411 Dicimus
3657 4355 3760 4409 item

2219 4450 2367 4521 signa
2396 4450 2643 4505 militaria
2664 4493 2678 4517 ,
2707 4465 2825 4520 quae
2857 4449 2964 4518 jam
2996 4449 3214 4518 proprie
3249 4450 3393 4519 signa
3421 4447 3763 4506 nominantur,

2219 4558 2323 4614 quo
2350 4541 2510 4596 verba
2550 4557 2655 4596 non
2692 4541 2978 4611 pertinent.
3025 4539 3093 4594 Et
3121 4549 3302 4595 tamen
3342 4541 3386 4594 si
3413 4539 3505 4594 tibi
3531 4538 3765 4600 dicerem,

2221 4644 2279 4691 ut
2293 4636 2468 4690 omnis
2487 4649 2656 4704 equus
2675 4633 2891 4701 animal,
2919 4649 3023 4688 non
3047 4643 3225 4688 autem
3248 4649 3408 4689 omne
3428 4632 3612 4688 animal
3626 4645 3768 4702 equus
3804 4647 3805 4678 :

2221 4737 2322 4794 est,
2343 4729 2412 4782 ita
2434 4743 2592 4783 omne
2607 4728 2824 4784 verbum
2843 4727 3071 4798 signum,
3104 4741 3207 4781 non
3225 4737 3403 4782 autem
3420 4742 3574 4782 omne
3589 4728 3768 4796 signum

2221 4823 2442 4878 verbum
2460 4831 2562 4886 est,
2582 4821 2735 4886 nihil,
2760 4830 2816 4876 ut
2842 4823 3048 4890 opinor,
3072 4819 3370 4876 dubitares.
3397 4820 3492 4874 Ad.
3516 4820 3626 4876 iam
3645 4816 3769 4873 intel-

2223 4913 2358 4983 ligo,
2391 4923 2444 4968 ct
2489 4927 2707 4982 prorsus
2750 4913 3045 4977 assentior,
3076 4911 3175 4966 hoc
3219 4914 3482 4968 interesse
3526 4911 3655 4967 inter
3681 4909 3772 4962 uni-

2224 5006 2430 5061 versale
2455 5005 2584 5060 illud
2614 5004 2831 5060 verbum
2865 5013 2920 5060 et
2955 5019 3148 5059 nomen
3171 5045 3185 5070 ,
3215 5004 3357 5075 quod
3379 5005 3516 5061 inter
3538 5001 3772 5059 animalct

2224 5115 2439 5171 equum.

2298 5189 2385 5244 10.
2417 5188 2548 5260 Aug.
2571 5189 2757 5244 Scisne
2777 5189 2958 5255 etiam,
2988 5203 3108 5244 cum
3135 5187 3384 5254 dicimus,
3413 5189 3640 5252 Animal,
3662 5181 3769 5240 aliud

2227 5294 2346 5337 esse
2368 5280 2469 5335 hoc
2496 5279 2825 5351 trisyllabum
2852 5294 3067 5346 nomen,
3097 5279 3235 5350 quod
3259 5294 3389 5334 voce
3419 5279 3674 5348 prolatum
3697 5283 3769 5334 est
3804 5275 3805 5351 ᾖ

2230 5375 2370 5430 aliud
2404 5374 2455 5429 id
2490 5373 2629 5444 quod
2661 5373 3028 5445 signiﬁcatur?
3054 5371 3154 5426 Ad.
3190 5371 3308 5425 Jam
3348 5369 3451 5427 hoc
3477 5385 3634 5440 supra
3674 5380 3769 5422 con-

2231 5470 2368 5526 cessi
2398 5467 2465 5524 de
2493 5466 2740 5523 omnibus
2765 5467 2931 5537 signis
2952 5474 3006 5521 et
3034 5463 3488 5534 signiﬁcabilibus.
3518 5463 3647 5532 Aug.
3676 5459 3771 5514 Num

2234 5561 2411 5617 omnia
2442 5560 2591 5630 signa
2605 5558 2696 5612 tibi
2719 5557 2963 5612 videntur
2988 5554 3126 5610 aliud
3155 5553 3460 5624 signiﬁcare
3487 5569 3644 5624 quam
3668 5559 3772 5606 sunt.

2237 5653 2375 5708 sicut
2420 5651 2522 5706 hoc
2559 5649 2908 5721 trisyllabum,
2941 5663 3060 5703 cum
3083 5644 3330 5712 dicimus,
3383 5644 3617 5711 Animal,
3669 5639 3775 5698 nullo

2239 5742 2400 5800 modo
2430 5742 2570 5796 idem
2601 5739 2860 5811 signiﬁcat
2877 5738 3014 5810 quod
3037 5745 3116 5792 est
3139 5735 3356 5806 ipsum?
3386 5737 3488 5790 Ad.
3515 5735 3627 5792 Non
3650 5744 3774 5789 sane:

2243 5853 2367 5896 nam
2395 5851 2516 5894 cum
2541 5835 2784 5903 dicimus,
2815 5833 3054 5904 Signum,
3084 5845 3188 5887 non
3211 5829 3387 5887 solum
3429 5830 3584 5902 signa
3622 5833 3779 5886 caeteri

2509 5975 2561 5988 σαυ-
2718 5985 2720 5987 ,
2763 5974 2842 5981 ---~-
2929 5969 3025 5984 es“
