3844 6280
120 334 301 403 rem

132 533 313 610 gnum
337 540 573 604 verbum,
607 549 661 594 et
687 539 865 606 utique
881 537 1060 590 omnia
1084 535 1243 589 verba
1273 536 1420 605 signa
1451 542 1590 588 sunt.
1617 533 1747 603 Aug.

135 633 339 708 Quid?
368 633 418 686 in
449 630 549 685 hoc
572 629 834 701 disyllabo
857 642 978 682 cum
1005 626 1252 690 dicimus,
1291 625 1542 690 Verbum,
1574 640 1750 680 nonne

143 726 284 786 mle
302 721 490 793 aliquid
518 719 809 790 contingit?
835 718 970 773 Nam
999 719 1043 772 si
1073 733 1229 772 omne
1260 717 1401 786 quod
1424 732 1544 771 cum
1574 718 1751 788 aliquo

140 816 455 888 significatu
487 812 768 867 articulata
797 826 928 866 voce
955 810 1243 880 profertur,
1269 810 1370 864 hoc
1389 809 1648 880 disyllabo
1677 809 1749 864 si-

142 910 456 986 gnificatur,
484 905 646 961 etiam
678 905 849 974 ipsum
881 904 982 957 hoc
995 917 1192 974 genere
1216 901 1520 956 includitur.
1549 901 1647 954 Ad.
1672 899 1747 955 Ita

147 1014 277 1062 est.
305 1003 424 1070 Aug.
471 997 645 1065 Quid?
676 1011 870 1052 nomen
909 1009 1086 1050 nonne
1127 993 1369 1048 similiter
1394 992 1588 1047 habet?
1615 991 1748 1046 Nam

150 1105 240 1153 et
258 1092 470 1150 omnium
515 1103 770 1161 generum
800 1087 1012 1142 nomina
1039 1085 1318 1156 signiﬁcat,
1351 1092 1404 1140 et
1433 1085 1606 1154 ipsum
1647 1099 1745 1138 no-

154 1203 298 1246 men
321 1183 524 1256 generis
545 1182 720 1238 neutri
739 1196 930 1236 nomen
962 1187 1062 1235 est.
1095 1180 1197 1244 An,
1224 1179 1268 1233 si
1288 1194 1354 1235 ex
1387 1188 1746 1250 tequaarerem

157 1296 294 1352 qua:
323 1292 438 1347 pars
487 1274 744 1329 orationis
774 1288 992 1337 nomen,
1035 1286 1220 1341 posses
1249 1271 1379 1324 mihi
1423 1271 1748 1340 respondere

165 1379 336 1436 recte,
357 1368 470 1429 nisi,
502 1365 733 1420 nomen?
764 1366 862 1418 Ad.
889 1363 1088 1418 Verum
1117 1362 1271 1416 dicis.
1296 1363 1426 1432 Aug.
1459 1361 1593 1417 Sunt
1620 1377 1746 1433 ergo

161 1465 316 1534 signa
340 1475 448 1530 quae
470 1459 607 1512 inter
631 1457 732 1510 alia
763 1471 886 1526 quae
927 1455 1246 1525 signiﬁcant,
1281 1463 1335 1507 et
1369 1454 1544 1523 seipsa
1581 1454 1745 1522 signi-

169 1559 344 1609 licent.
366 1551 458 1606 Ad.
492 1551 644 1604 Sunt.
675 1550 809 1619 Aug.
841 1548 976 1602 Num
1000 1548 1104 1600 tale
1134 1546 1227 1600 tibi
1252 1544 1462 1600 videtur
1486 1545 1587 1600 hoc
1610 1561 1744 1616 qua-

168 1645 502 1717 drisyllabum
549 1644 782 1713 signum,
829 1657 948 1696 cum
979 1640 1228 1706 dicimus,
1262 1638 1613 1708 Conjunctio?
1642 1638 1739 1691 Ad.

176 1736 489 1795 Eullomodo
510 1753 521 1787 :
543 1750 664 1788 nam
687 1749 750 1789 ea
775 1725 1198 1804 quze‘signiﬁcat,
1224 1746 1332 1785 non
1349 1740 1471 1786 sunt
1492 1730 1738 1796 nomina;

206 1846 275 1884 lOC
298 1839 459 1882 autem
481 1842 674 1881 nomen
698 1836 798 1880 65L

545 1918 770 1974 CAPUT
801 1917 860 1971 ν.
888 1947 960 1956 -
990 1916 1152 1987 Signa
1179 1924 1370 1968 mutua.

248 2016 324 2069 ll.
351 2016 475 2085 Aug.
523 2013 665 2067 Bene
692 2011 963 2066 attendisti
998 2029 1010 2064 :
1039 2024 1180 2064 nunc
1219 2009 1346 2062 illud
1387 2007 1529 2073 vide,
1563 2017 1739 2062 utrum

179 2108 487 2164 inveniantur
547 2107 695 2176 signa
745 2120 862 2175 qute
915 2119 973 2158 se
1026 2103 1256 2157 invicem
1312 2102 1628 2172 signiﬁcent,
1684 2112 1742 2157 ut

185 2198 599 2272 quemadmodum
630 2197 731 2251 hoc
757 2196 825 2250 ab
855 2196 966 2262 illo,
998 2194 1074 2250 sic
1095 2193 1225 2249 illud
1250 2194 1316 2249 ab
1345 2193 1446 2248 hoc
1472 2193 1739 2264 signiﬁce-

195 2300 264 2345 tur
291 2309 302 2343 :
332 2306 429 2344 non
455 2289 598 2344 enim
627 2289 697 2342 ita
737 2295 862 2342 sunt
889 2287 1026 2341 inter
1057 2301 1114 2340 se
1146 2285 1247 2340 hoc
1268 2284 1737 2356 quadrisyllabum,

192 2399 291 2438 cum
309 2382 540 2447 dicimus,
566 2381 906 2450 Conjunctio,
938 2389 992 2434 et
1021 2379 1108 2433 illa
1149 2392 1267 2448 quae
1293 2378 1361 2432 ab
1391 2378 1493 2432 hoc
1531 2377 1735 2447 signifi-

189 2485 365 2540 cantur,
385 2489 502 2528 cum
530 2471 866 2537 dicimus,Si,
890 2471 996 2537 vel,
1019 2485 1164 2536 nam,
1185 2483 1431 2538 namque,
1452 2469 1570 2532 nisi,
1593 2483 1738 2538 ergo,

188 2567 427 2636 quoniam,
452 2575 505 2620 et
535 2565 756 2628 similia;
781 2577 901 2617 nam
942 2562 1056 2616 btec
1084 2562 1174 2615 illo
1219 2576 1325 2615 uno
1358 2560 1739 2630 signiﬁcantur,

184 2659 312 2714 nullo
361 2668 527 2712 autem
577 2657 766 2711 horum
813 2671 974 2709 unum
1019 2654 1146 2708 illud
1185 2653 1634 2724 quadrisyllabum
1675 2655 1741 2707 si-

182 2750 453 2821 gnificatur.
509 2749 608 2803 Ad.
652 2748 856 2814 Video,
903 2757 958 2803 et
1025 2761 1269 2816 quaenam
1319 2747 1466 2816 signa
1527 2747 1634 2800 sint
1681 2760 1742 2802 se

182 2843 384 2898 invicem
406 2843 776 2912 signiﬁcantia,
809 2841 967 2909 cupio
993 2853 1336 2906 cognoscere.
1356 2838 1488 2907 Aug.
1509 2837 1587 2891 Tu
1616 2853 1742 2907 ergo

185 2936 360 3000 nescis,
382 2951 497 2990 cum
544 2935 791 3000 dicimus,
828 2933 1032 2987 Nomen
1063 2940 1117 2987 et
1157 2932 1399 2998 verbum,
1433 2932 1539 2987 duo
1580 2934 1742 2988 verba

186 3042 272 3081 nos
295 3025 498 3081 dicere?
524 3025 624 3078 Ad.
655 3024 798 3080 Scio.
828 3024 958 3094 Aug.
1007 3023 1184 3090 Quid?
1227 3023 1354 3077 illud
1395 3024 1591 3087 nescis,
1620 3039 1742 3078 cum

187 3118 405 3183 dicimus,
431 3118 632 3173 Nomen
661 3127 717 3173 et
753 3117 996 3182 verbum,
1024 3117 1128 3171 duo
1155 3117 1369 3171 nomina
1401 3132 1499 3172 nos
1523 3117 1742 3172 dicere?

189 3209 274 3261 Ad.
297 3209 348 3263 Id
363 3225 564 3280 quoque
578 3209 712 3264 scio.
735 3208 864 3280 Aug.
883 3207 998 3262 Scis
1021 3208 1180 3278 igitur
1209 3217 1313 3261 tam
1339 3223 1533 3263 nomen
1553 3208 1736 3273 verbo,

195 3316 328 3370 quam
366 3304 516 3358 etiam
551 3302 771 3357 verbum
817 3301 1030 3354 nomine
1073 3300 1375 3370 significari.
1410 3301 1507 3352 Ad.
1539 3301 1742 3356 Assen-

201 3395 299 3448 tior.
332 3396 451 3466 Aug.
485 3391 711 3450 Potesne
745 3393 952 3459 dicere,
998 3401 1218 3463 excepto
1255 3407 1320 3447 eo
1356 3392 1495 3461 quod
1534 3391 1744 3448 diverse

208 3487 460 3542 scribuntur
505 3498 560 3543 et
603 3495 828 3551 sonant,
877 3485 1003 3556 quid
1042 3486 1185 3540 inter
1221 3501 1280 3541 se
1323 3485 1606 3540 differant?
1641 3486 1739 3541 Ad.

205 3575 385 3633 Possum
419 3579 673 3644 fortasse;
706 3595 829 3633 nam
860 3578 910 3633 id
937 3593 1056 3632 esse
1082 3578 1240 3634 video
1269 3579 1409 3648 quod
1439 3581 1594 3648 paulo
1621 3591 1745 3636 ante

201 3666 306 3723 dixi.
335 3671 491 3728 Verba
517 3673 658 3727 enim
689 3686 808 3725 cum
838 3669 1086 3737 dicimus,
1119 3686 1278 3727 omne
1300 3672 1441 3742 quod
1470 3673 1745 3729 articulata

201 3770 306 3813 Voce
328 3774 436 3814 cum
469 3762 646 3831 aliquo
683 3760 978 3830 signiﬁcatu
1023 3761 1305 3831 profertur,
1352 3764 1741 3834 signiﬁcamus;

201 3849 314 3904 unde
336 3867 482 3907 omne
509 3869 738 3918 nomen,
771 3862 825 3908 et
851 3853 1024 3924 ipsum
1053 3869 1174 3908 cum
1212 3855 1468 3922 dicimus,
1501 3857 1740 3926 Nomen,

200 3942 386 4000 verbum
417 3955 494 4000 est
521 3965 532 3999 :
557 3954 611 4000 at
639 3962 743 4000 non
775 3962 932 4002 omne
959 3948 1178 4002 verbum
1210 3964 1405 4003 nomen
1427 3958 1526 4017 est,
1555 3966 1744 4021 quam-

200 4031 262 4086 vis
281 4049 454 4091 nomen
483 4037 572 4103 sit,
605 4052 724 4091 cum
751 4036 994 4101 dicimus,
1025 4037 1279 4093 Verbum.

255 4127 329 4180 12.
349 4129 464 4200 Aug.
481 4130 639 4196 Quid,
662 4130 996 4199 siquisquam
1021 4130 1111 4184 tibi
1132 4129 1364 4185 afﬁrmet
1383 4139 1436 4186 et
1450 4132 1657 4201 probet,
1682 4143 1740 4189 ut

198 4229 328 4272 omne
340 4235 522 4275 nomen
535 4221 754 4275 verbum
768 4230 867 4285 est,
883 4221 953 4274 ita
967 4235 1124 4275 omne
1138 4222 1358 4276 verbum
1379 4238 1570 4278 nomen
1591 4227 1744 4280 esse?

203 4313 437 4376 poterisne
454 4315 691 4369 invenire
709 4314 831 4384 quid
845 4313 1061 4378 distent,
1081 4323 1275 4384 praeter
1295 4315 1562 4371 diversum
1587 4319 1636 4372 in
1662 4319 1745 4373 lit-

198 4401 300 4455 teris
310 4406 511 4459 sonum?
523 4405 620 4459 Ad.
640 4405 756 4459 Non
772 4415 980 4475 potero,
996 4421 1095 4460 nec
1105 4407 1325 4460 omnino
1337 4407 1535 4462 distare
1547 4409 1744 4479 aliquid

198 4501 316 4558 pulo.
341 4496 464 4568 Aug.
485 4497 640 4566 Quid,
661 4498 703 4550 si
733 4497 910 4551 omnia
937 4497 1148 4566 quidem
1178 4513 1294 4568 qure
1319 4514 1446 4554 voce
1465 4500 1744 4555 articulata

198 4601 294 4642 cum
318 4590 480 4660 aliquo
507 4589 802 4661 signiﬁcatu
845 4590 1207 4659 proferuntur,
1235 4603 1289 4646 et
1328 4591 1489 4647 verba
1531 4603 1655 4648 sunt
1690 4605 1744 4650 et

199 4682 406 4742 nomina:
434 4685 526 4739 sed
565 4694 743 4738 tamen
784 4683 884 4737 alia
915 4683 982 4737 de
1023 4698 1181 4738 causa
1223 4685 1406 4751 verba,
1439 4695 1493 4740 et
1534 4687 1637 4741 alia
1677 4688 1744 4744 de

198 4784 325 4828 causa
351 4777 556 4831 nomina
592 4775 753 4830 sunt?
783 4775 984 4830 nihilne
1025 4775 1242 4832 distabit
1292 4777 1431 4832 inter
1461 4794 1654 4834 nomen
1688 4791 1744 4835 et

199 4863 414 4920 verbum?
440 4868 538 4922 Ad.
583 4867 863 4935 Quomodo
889 4867 1028 4921 ismd
1067 4869 1135 4922 sit
1179 4884 1286 4923 non
1317 4869 1571 4940 intelligo.
1605 4873 1738 4943 Aug.

196 4951 286 5010 Hoc
308 4960 483 5016 saltem
513 4961 781 5031 intelligis,
829 4974 987 5014 omne
1031 4961 1327 5017 coloratum
1358 4965 1564 5020 visibile
1594 4981 1736 5034 esse,

194 5048 236 5092 et
260 5056 400 5098 omne
433 5044 636 5099 visibile
668 5044 982 5108 coloratum,
1023 5047 1262 5115 quamvis
1304 5047 1417 5103 litec
1446 5049 1551 5103 duo
1581 5051 1743 5105 verba

196 5129 410 5191 distincte
436 5135 844 5204 diﬁ'erenterque
867 5136 1181 5206 significent.
1203 5138 1300 5192 Ad.
1325 5139 1582 5210 intelligo.
1609 5143 1740 5214 Aug.

201 5221 311 5289 Quid
326 5228 365 5282 si
393 5243 519 5299 ergo
549 5229 618 5282 ita
644 5237 698 5282 et
721 5242 881 5282 omne
903 5227 1124 5283 verbum
1153 5245 1369 5298 nomen,
1388 5239 1441 5286 et
1467 5247 1624 5288 omne
1657 5248 1744 5288 no-

195 5327 294 5371 men
319 5320 529 5374 verbum
558 5328 662 5386 est,
692 5318 936 5389 quamvis
963 5318 1077 5374 haec
1103 5321 1213 5390 ipsa
1244 5321 1347 5376 duo
1377 5323 1612 5390 nomina,
1661 5326 1743 5379 vel

197 5406 280 5462 duo
299 5412 471 5479 verba,
495 5412 546 5467 id
590 5421 672 5467 est
708 5426 903 5466 nomen
930 5419 985 5466 et
1014 5412 1257 5479 verbum,
1277 5413 1611 5469 differentem
1644 5415 1741 5469 ba-

199 5496 329 5557 beant
366 5503 842 5574 signiﬁcationem?
868 5501 968 5557 Ad.
997 5502 1114 5558 Jam
1143 5503 1298 5558 video
1330 5520 1484 5574 posse
1521 5505 1572 5559 id
1605 5507 1743 5561 acci-

199 5592 299 5650 dere
327 5614 338 5650 :
361 5598 453 5655 sed
478 5597 744 5668 quomodo
769 5596 821 5651 id
847 5596 1070 5663 accidat,
1104 5607 1352 5668 exspecto
1379 5606 1436 5651 ut
1462 5599 1732 5655 ostendas.

199 5685 303 5759 Aug.
323 5691 483 5746 Omne
502 5689 642 5762 quod
664 5705 784 5745 cum
811 5690 1294 5762 aliquosigniﬁcatu
1315 5692 1586 5748 articulata
1614 5709 1744 5752 voce

200 5782 475 5852 prorumpit,
506 5783 908 5853 animadvertis,
941 5793 995 5840 ut
1021 5785 1230 5854 opinor,
1261 5795 1313 5840 et
1340 5801 1521 5844 aurem
1555 5788 1739 5847 verbe-

1564 325 1766 383 LIBER
1802 325 2000 384 UNUS.

128 461 513 534 “niueumque
558 454 702 512 sunt,
756 443 850 501 sed
889 443 1047 500 etiam
1074 441 1306 513 seipsum
1343 440 1637 512 signiﬁcat;
1671 449 1754 495 est

3313 341 3452 399 ηοξ
3488 414 3496 419 _

1861 455 2000 505 rare,
2026 449 2082 497 ut
2109 445 2324 511 sentiri;
2349 452 2402 501 et
2423 447 2695 504 memoriae
2711 448 2972 516 mandari,
2997 459 3055 506 ut
3083 453 3231 508 nosci
3253 457 3445 524 possit.

1859 531 1959 586 Ad.
2019 533 2413 594 Animadverto.
2471 540 2602 612 Aug.
2646 541 2761 597 Duo
2799 557 2925 614 ergo
2954 544 3198 614 quaedam
3239 549 3451 604 contin-

1857 632 2016 693 gunt,
2044 642 2166 680 cum
2196 629 2392 699 aliquid
2424 633 2515 687 tali
2544 648 2677 688 voce
2719 634 3056 703 proferimus.
3102 638 3202 691 Ad.
3235 638 3308 693 lta
3339 650 3445 697 est.

1859 718 1988 788 Aug.
2021 718 2179 787 Quid,
2211 723 2256 776 si
2293 723 2482 780 horum
2509 725 2734 782 duorum
2764 744 2830 784 ex
2869 746 2973 784 uno
3012 732 3274 800 appellata
3316 746 3444 791 sunt

1857 809 2037 877 verba,
2067 827 2132 867 ex
2158 813 2328 869 altero
2356 818 2603 884 nomina;
2634 820 2794 873 verba
2825 821 3069 877 sciliceta
3092 823 3444 898 verberando,

1855 905 2068 958 nomina
2098 920 2224 962 vero
2245 922 2274 961 a
2296 910 2583 976 noscendo,
2619 922 2676 967 ut
2692 912 2818 967 illud
2842 915 3076 984 primum
3103 915 3170 969 ab
3200 917 3440 988 auribus,

1857 994 1958 1050 hoc
1975 1006 2151 1052 autem
2182 1000 2472 1054 secundum
2503 1002 2570 1056 ab
2599 1003 2776 1058 animo
2799 1007 2977 1061 vocari
3003 1009 3300 1065 meruerit?

1929 1087 2015 1142 15.
2042 1087 2142 1142 Ad.
2173 1089 2500 1160 Concedam,
2533 1108 2655 1148 cum
2685 1097 2982 1152 ostenderis
3001 1101 3269 1169 quomodo
3294 1112 3443 1159 recte

1854 1181 2124 1249 possimus
2169 1183 2350 1237 omnia
2399 1185 2556 1239 verba
2601 1188 2815 1241 nomina
2844 1189 3042 1245 dicere.
3081 1193 3211 1262 Aug.
3262 1194 3443 1250 Facile

1855 1278 1938 1325 est
1963 1289 1974 1324 :
2005 1286 2127 1326 nam
2151 1273 2313 1328 credo
2341 1283 2392 1329 te
2421 1277 2692 1345 accepisse
2737 1293 2798 1333 ac
2823 1287 3003 1336 tenere
3034 1297 3324 1351 pronomen
3354 1285 3441 1340 di-

1853 1372 2019 1428 ctum,
2047 1366 2187 1434 quod
2215 1382 2311 1436 pro
2340 1368 2456 1438 ipso
2485 1371 2702 1425 nomine
2722 1372 2915 1437 valeat,
2941 1390 3054 1428 rem
3089 1386 3264 1433 tamen
3291 1388 3442 1438 notet

1853 1457 2028 1515 minus
2056 1460 2208 1528 plena
2230 1462 2618 1533 signiﬁcatione
2644 1481 2803 1536 quam
2832 1472 3213 1540 nomen.Nam,
3241 1485 3302 1529 ut
3325 1477 3442 1546 opi-

1854 1566 1969 1616 nor,
2004 1551 2244 1607 deﬁnivit
2287 1554 2376 1608 ille
2423 1555 2516 1623 ita,
2554 1572 2714 1625 quem
2740 1562 3089 1628 grammatico
3115 1563 3389 1620 reddidisti
3423 1584 3439 1620 :

1852 1644 2152 1701 Pronomen
2178 1655 2258 1702 est
2284 1662 2405 1717 pars
2431 1649 2707 1718 orationis,
2739 1667 2859 1721 qua:
2889 1667 2984 1722 pro
3011 1652 3126 1723 ipso
3159 1657 3324 1724 posita
3346 1672 3444 1713 no—

1851 1738 2014 1802 mine,
2069 1740 2245 1794 minus
2290 1740 2502 1811 quidem
2551 1743 2727 1811 plene,
2760 1743 2900 1799 idem
2944 1755 3120 1800 tamen
3160 1746 3442 1818 signiﬁcat.

1851 1827 1950 1880 Ad.
1975 1828 2249 1884 Recordor
2271 1838 2324 1884 et
2354 1830 2540 1900 probo.
2578 1833 2711 1904 Aug.
2745 1833 2903 1889 Vides
2947 1836 3105 1906 igitur
3148 1839 3444 1895 secundum

1850 1920 1989 1976 hanc
2043 1921 2405 1978 deﬁnitionem
2444 1925 2600 1978 nullis
2645 1925 2745 1980 nisi
2785 1928 3092 1982 nominibus
3130 1931 3351 1993 servire,
3384 1941 3440 1988 et

1849 2026 1946 2082 pro
1978 2011 2060 2067 his
2098 2012 2227 2067 solis
2256 2015 2380 2083 poni
2416 2028 2571 2083 posse
2598 2017 2933 2084 pronomina,
2974 2019 3121 2074 velut
3161 2035 3282 2074 cum
3311 2021 3442 2077 dici-

1848 2120 1990 2171 mus,
2019 2093 2114 2159 Hic
2134 2106 2236 2171 vir,
2278 2107 2390 2176 ipse
2414 2122 2530 2173 rex,
2563 2107 2749 2163 eadem
2778 2109 2988 2174 mulier,
3013 2110 3117 2166 hoc
3141 2127 3353 2181 aurum,
3377 2115 3443 2169 il-

1849 2194 1938 2248 lud
1969 2205 2244 2266 argentum
2279 2215 2291 2249 :
2321 2198 2425 2262 hic,
2459 2198 2592 2268 ipse,
2623 2199 2831 2266 eadem,
2861 2200 2980 2265 hoc,
3009 2201 3140 2257 illud
3170 2207 3441 2273 pronomi—

1851 2302 1916 2341 na
1938 2302 2086 2352 esse;
2117 2290 2218 2355 vir,
2245 2305 2361 2356 rex,
2387 2291 2597 2357 mulier,
2623 2307 2831 2356 aurum,
2867 2303 3163 2362 argentum,
3198 2298 3436 2366 nomina,

1849 2377 2042 2446 quibus
2067 2378 2272 2448 plenius
2299 2396 2458 2450 quam
2490 2381 2596 2435 illis
2624 2382 3026 2451 pronominibus
3057 2399 3143 2439 res
3170 2386 3437 2457 significa-

1852 2477 1918 2522 ta:
1948 2477 2089 2523 sunt.
2111 2469 2203 2523 Ad.
2245 2470 2410 2526 Video
2445 2482 2499 2527 et
2525 2473 2808 2527 assentior.
2840 2474 2970 2545 Aug.
3005 2474 3085 2528 Tu
3127 2491 3256 2547 ergo
3297 2493 3440 2535 nunc

1849 2561 1982 2615 mihi
2014 2577 2204 2631 paucas
2233 2564 2638 2632 conjunctiones
2659 2565 2922 2634 quaslibet
2951 2567 3186 2621 enuntia.
3218 2569 3316 2621 Ad.
3347 2570 3436 2637 Et,

1851 2669 1974 2724 que,
1998 2665 2072 2722 at,
2118 2663 2296 2725 atque.
2332 2656 2465 2727 Aug.
2501 2656 2623 2711 Haec
2668 2657 2844 2711 omnia
2871 2673 2990 2728 quae
3031 2658 3232 2726 dixisti,
3262 2676 3441 2718 nonne

1852 2747 1944 2801 tibi
1966 2745 2212 2801 videntur
2235 2763 2354 2802 esse
2380 2747 2629 2802 nomina?
2655 2749 2753 2802 Ad.
2776 2748 2891 2803 Non
2915 2750 3154 2805 omnino.
3175 2750 3308 2822 Aug.
3329 2752 3442 2822 Ego

1850 2839 2040 2893 saltem
2080 2839 2171 2893 tibi
2212 2848 2358 2894 recte
2400 2841 2613 2894 locutus.
2635 2839 2838 2906 videor,
2879 2856 3000 2895 cum
3031 2841 3284 2905 dicerem,
3317 2843 3441 2898 Haec

1849 2932 2026 2987 omnia
2055 2949 2173 3003 qua:
2201 2933 2417 2987 dixisti?
2447 2933 2546 2986 Ad.
2576 2933 2739 2989 Recte
2769 2949 3023 3004 prorsus;
3055 2945 3109 2990 et
3142 2936 3251 3006 jam
3280 2937 3440 2992 intel-

1851 3024 1956 3096 ligo
1985 3041 2141 3096 quam
2189 3026 2500 3082 mirabiliter
2545 3027 2844 3083 ostenderis
2887 3043 2972 3082 me
3016 3029 3228 3082 nomina
3271 3045 3442 3086 enun-

1852 3117 2012 3172 tiasse
2045 3134 2058 3170 :
2091 3132 2194 3170 non
2235 3117 2378 3172 enim
2409 3118 2565 3173 aliter
2603 3118 2672 3174 de
2696 3118 2781 3173 his
2827 3129 2971 3174 recte
3005 3120 3110 3176 dici
3156 3124 3439 3191 potuisset,

1850 3211 1974 3266 Haec
2013 3211 2211 3265 omnia.
2245 3209 2353 3265 Sed
2395 3211 2537 3266 enim
2583 3226 2774 3267 vereor
2816 3211 3012 3278 adhuc,
3035 3228 3102 3267 ne
3153 3224 3438 3284 propterea

1849 3303 1982 3358 mihi
2017 3312 2161 3358 recte
2191 3303 2397 3358 locutus
2441 3303 2692 3368 videaris,
2725 3303 2866 3374 quod
2910 3302 3008 3360 has
3048 3315 3273 3374 quatuor
3307 3322 3442 3360 con-

1847 3395 2150 3466 iunctiones
2179 3395 2339 3449 etiam
2360 3395 2520 3450 verba
2547 3409 2667 3450 esse
2698 3410 2805 3449 non
2836 3409 3008 3465 nego;
3034 3405 3090 3450 ut
3118 3396 3238 3451 ideo
3261 3396 3327 3452 de
3355 3396 3444 3452 his

1851 3495 1998 3543 recte
2023 3485 2128 3541 dici
2161 3485 2416 3555 potuerit,
2449 3485 2575 3540 Haec
2603 3486 2802 3554 omnia,
2841 3486 3090 3556 quoniam
3127 3497 3273 3542 recte
3301 3487 3443 3542 dici-

1852 3588 1957 3646 tur,
1987 3578 2112 3634 [iazc
2135 3578 2292 3633 verba
2313 3578 2512 3632 omnia.
2539 3577 2597 3632 Si
2623 3588 2800 3632 autem
2830 3594 2860 3632 a
2889 3594 2977 3634 me
2993 3594 3202 3648 quaeras
3230 3596 3346 3650 quae
3373 3580 3446 3634 sit

1851 3686 1975 3743 pars
1995 3671 2272 3736 orationis,
2323 3669 2527 3735 Verba;
2560 3670 2694 3724 nihil
2721 3669 2863 3724 aliud
2893 3670 3228 3739 respondebo
3255 3687 3439 3740 quam,

1850 3763 2076 3818 Nomen.
2110 3763 2285 3830 Quare
2328 3761 2453 3817 huic
2488 3762 2691 3816 nomini
2733 3761 2963 3816 fortasse
3011 3777 3302 3830 pronomen
3347 3761 3444 3815 ad-

1848 3855 2092 3926 junctum
2117 3863 2218 3919 est,
2252 3862 2310 3908 ut
2335 3854 2422 3908 illa
2448 3863 2592 3909 recta
2621 3861 2764 3908 esset
2791 3853 2986 3906 locutio
3009 3860 3113 3906 tua.

1924 3950 2012 4004 M.
2041 3947 2174 4018 Aug.
2198 3947 2367 4002 Acute
2394 3945 2610 4015 quidem
2633 3944 2846 4009 falleris,
2865 3943 2956 3998 sed
2985 3953 3040 3997 ut
3066 3942 3172 3996 falli
3199 3942 3438 4011 desinas,

1852 4040 2057 4095 acutius
2092 4037 2306 4092 attende
2341 4036 2484 4107 quod
2529 4037 2724 4102 dicam,
2762 4035 2805 4090 si
2834 4043 3008 4089 tamen
3052 4034 3104 4089 id
3150 4035 3349 4098 dicere,
3379 4047 3441 4093 ut

1852 4131 1995 4196 volo,
2025 4130 2244 4184 valuero
2279 4147 2291 4182 :
2323 4143 2445 4182 nam
2464 4128 2638 4182 verbis
2661 4128 2727 4182 de
2756 4127 2929 4180 verbis
2951 4142 3110 4196 agere
3134 4134 3240 4180 tam
3270 4128 3440 4198 impli-

1853 4233 2026 4279 catum
2054 4231 2154 4288 est,
2188 4237 2346 4291 quam
2364 4220 2556 4290 digitos
2580 4219 2754 4290 digitis
2778 4220 3009 4274 inserere
3028 4227 3082 4274 et
3107 4220 3435 4288 confricare;

1853 4314 1941 4368 uhi
1972 4313 2058 4366 vix
2079 4311 2423 4382 dignoscitur,
2448 4311 2547 4365 nisi
2573 4310 2724 4364 abeo
2751 4311 2868 4380 ipso
2893 4309 2980 4379 qui
3002 4309 3054 4364 id
3076 4311 3203 4379 agit,
3237 4311 3324 4380 qui
3353 4311 3436 4365 di-

1851 4405 1945 4475 giti
1977 4403 2235 4473 pruriant,
2268 4411 2322 4457 et
2347 4402 2433 4472 qui
2470 4401 2787 4456 auxilientur
2814 4400 3189 4470 prurientibus.
3224 4401 3322 4454 Ad.
3355 4402 3439 4458 En

1853 4505 1964 4552 toto
1992 4497 2170 4550 animo
2203 4494 2410 4562 adsum,
2440 4510 2562 4549 nam
2583 4495 2683 4548 ista
2706 4494 2818 4548 haec
2845 4494 3134 4548 similitudo
3155 4510 3240 4550 me
3266 4497 3440 4550 inten-

1853 4589 2111 4643 tissimum
2145 4587 2285 4641 fecit.
2307 4587 2439 4657 Aug.
2461 4586 2633 4640 Verba
2661 4595 2807 4642 certe
2829 4600 2982 4650 sono,
3012 4594 3066 4639 et
3091 4586 3283 4641 litteris
3309 4603 3437 4644 cum

1851 4691 2011 4738 stant.
2041 4682 2138 4735 Ad.
2165 4681 2240 4735 lta
2265 4690 2365 4736 est.
2395 4680 2526 4752 Aug.
2561 4679 2702 4751 Ergo
2730 4689 2785 4734 ut
2813 4695 2871 4734 ea
2897 4680 3229 4749 potissimum
3255 4694 3442 4737 aucto-

1851 4777 2007 4831 ritate
2054 4783 2288 4839 utamur,
2336 4788 2455 4843 qua:
2498 4772 2650 4826 nobis
2698 4771 3009 4826 charissima
3055 4781 3156 4836 est,
3201 4789 3320 4827 cum
3366 4774 3460 4834 ais.

1851 4866 2044 4920 Paulus
2068 4865 2360 4935 apostolus,
2385 4862 2503 4917 Nor.
2535 4872 2641 4916 erat
2668 4864 2720 4916 in
2736 4860 2935 4917 Christo
2963 4862 3053 4916 Est
3073 4873 3121 4917 et
3147 4863 3267 4919 Non
3285 4866 3323 4930 ¹,
3347 4864 3435 4917 sed

1853 4959 1944 5012 Est
1972 4959 2024 5011 in
2050 4955 2139 5011 illo
2170 4965 2271 5010 erat
2314 4955 2378 5026 (ll
2403 4955 2521 5011 Cor.
2550 4972 2588 5022 ι,
2628 4953 2742 5028 l9),
2773 4970 2878 5010 non
2911 4956 3117 5025 opinor,
3151 4955 3436 5025 putandum

1852 5060 1932 5105 est
1955 5059 2061 5104 tres
2092 5047 2217 5102 istas
2238 5048 2462 5111 litteras,
2491 5062 2621 5116 quas
2651 5047 2990 5102 enuntiamus
3021 5062 3139 5100 cum
3182 5045 3434 5109 dicimus,

1851 5153 1940 5208 est,
1976 5141 2135 5197 fuisse
2163 5142 2216 5195 in
2240 5139 2452 5196 Christo
2473 5183 2488 5208 ,
2518 5140 2612 5196 sed
2645 5141 2772 5196 illud
2805 5142 2976 5210 potius
3006 5138 3142 5208 quod
3187 5137 3301 5190 istis
3343 5138 3437 5191 tri-

1849 5234 2152 5291 buslitteris
2174 5234 2519 5304 signiﬁcatur.
2547 5233 2646 5288 Ad.
2676 5233 2872 5288 Verum
2894 5231 3043 5285 dicis.
3069 5229 3202 5298 Aug.
3231 5228 3434 5283 intelli-

1850 5328 1932 5398 gis
1949 5327 2110 5398 igitur
2129 5341 2252 5380 eum
2273 5325 2362 5396 qui
2378 5327 2472 5391 ait,
2487 5325 2581 5379 Est
2607 5326 2660 5379 in
2680 5326 2768 5378 illo
2787 5331 2913 5388 erat,
2929 5320 3057 5374 nihil
3076 5318 3216 5373 aliud
3234 5319 3436 5376 dixisse

1851 5435 2030 5490 quam,
2064 5419 2159 5473 Est
2187 5418 2484 5489 appellatur
2509 5416 2648 5488 quod
2685 5416 2740 5469 in
2769 5415 2859 5469 illo
2901 5421 3015 5468 erat
3045 5429 3058 5465 :
3101 5420 3347 5482 tanquam
3388 5413 3437 5467 si

1851 5511 2092 5576 dixisset,
2125 5511 2304 5567 Virtus
2335 5512 2389 5566 in
2429 5511 2522 5565 illo
2550 5517 2689 5572 erat;
2724 5520 2827 5560 non
2856 5505 3037 5574 utique
3061 5503 3202 5558 aliud
3231 5503 3434 5560 dixisse

1853 5605 2201 5673 acciperetur,
2236 5604 2357 5669 nisi,
2388 5602 2554 5656 virtus
2580 5597 2871 5666 appellatur
2896 5595 3036 5664 quod
3066 5596 3114 5648 in
3152 5594 3242 5648 illo
3269 5604 3385 5649 erat
3415 5612 3432 5652 :

1852 5711 1918 5751 ne
1943 5695 2073 5749 duas
2095 5695 2222 5748 istas
2252 5693 2481 5763 syllabas
2505 5703 2634 5759 quas
2651 5687 3011 5754 enuntiamus,
3044 5700 3163 5742 cum
3183 5685 3432 5754 dicimus,

1925 5789 1940 5819 ¹
1969 5792 2068 5842 Nai
2089 5798 2166 5841 καί
2193 5795 2263 5842 οὗ.
