  <div class='ocr_page' id='page_1' title='image "/cluster/home/n/w/nwhite01/storage/ocr_20150623/32/uva.x000669813/611.png"; bbox 0 0 3822 6412; ppageno 0'>
   <div class='ocr_carea' id='block_1_1' title="bbox 467 449 606 509">
    <p class='ocr_par' dir='ltr' id='par_1_1' title="bbox 467 449 606 509">
     <span class='ocr_line' id='line_1_1' title="bbox 467 449 606 509; baseline -0.029 0"><span class='ocrx_word' id='word_1_1' title='bbox 467 449 606 509; x_wconf 71' lang='grc' dir='ltr'><strong>ηοδ</strong></span> 
     </span>
    </p>
   </div>
   <div class='ocr_carea' id='block_1_2' title="bbox 467 554 2058 632">
    <p class='ocr_par' dir='ltr' id='par_1_2' title="bbox 467 554 2058 632">
     <span class='ocr_line' id='line_1_2' title="bbox 467 554 2058 632; baseline -0.008 -10"><span class='ocrx_word' id='word_1_2' title='bbox 467 566 674 630; x_wconf 74' lang='lat' dir='ltr'><strong>Virtus,</strong></span> <span class='ocrx_word' id='word_1_3' title='bbox 705 570 755 617; x_wconf 79' lang='lat' dir='ltr'><strong>et</strong></span> <span class='ocrx_word' id='word_1_4' title='bbox 785 566 888 618; x_wconf 74' lang='lat' dir='ltr'><strong>n‘on</strong></span> <span class='ocrx_word' id='word_1_5' title='bbox 920 561 1047 617; x_wconf 85' lang='lat' dir='ltr'><strong>illud</strong></span> <span class='ocrx_word' id='word_1_6' title='bbox 1079 561 1219 632; x_wconf 85' lang='lat' dir='ltr'><strong>quod</strong></span> <span class='ocrx_word' id='word_1_7' title='bbox 1249 557 1329 614; x_wconf 80' lang='lat' dir='ltr'><strong>bis</strong></span> <span class='ocrx_word' id='word_1_8' title='bbox 1355 557 1562 614; x_wconf 86' lang='lat' dir='ltr'><strong>duabus</strong></span> <span class='ocrx_word' id='word_1_9' title='bbox 1602 554 1818 630; x_wconf 82' lang='lat' dir='ltr'><strong>syllabis</strong></span> <span class='ocrx_word' id='word_1_10' title='bbox 1857 554 2058 627; x_wconf 81' lang='lat' dir='ltr'><strong>signiti-</strong></span> 
     </span>
    </p>
   </div>
   <div class='ocr_carea' id='block_1_3' title="bbox 419 647 2061 723">
    <p class='ocr_par' dir='ltr' id='par_1_3' title="bbox 419 647 2061 723">
     <span class='ocr_line' id='line_1_3' title="bbox 419 647 2061 723; baseline -0.007 -10"><span class='ocrx_word' id='word_1_11' title='bbox 419 648 432 700; x_wconf 65' lang='grc' dir='ltr'>ἷ</span> <span class='ocrx_word' id='word_1_12' title='bbox 473 656 648 723; x_wconf 76' lang='lat' dir='ltr'><strong>catur,</strong></span> <span class='ocrx_word' id='word_1_13' title='bbox 681 655 732 710; x_wconf 84' lang='lat' dir='ltr'><strong>in</strong></span> <span class='ocrx_word' id='word_1_14' title='bbox 766 650 855 709; x_wconf 87' lang='lat' dir='ltr'><strong>illo</strong></span> <span class='ocrx_word' id='word_1_15' title='bbox 878 650 1041 709; x_wconf 79' lang='lat' dir='ltr'><strong>fuisse</strong></span> <span class='ocrx_word' id='word_1_16' title='bbox 1070 650 1469 707; x_wconf 74' lang='lat' dir='ltr'><strong>arbitraremur.</strong></span> <span class='ocrx_word' id='word_1_17' title='bbox 1496 648 1595 703; x_wconf 86' lang='lat' dir='ltr'><strong>Ad.</strong></span> <span class='ocrx_word' id='word_1_18' title='bbox 1629 647 1867 720; x_wconf 86' lang='lat' dir='ltr'><strong>intelligo</strong></span> <span class='ocrx_word' id='word_1_19' title='bbox 1891 663 1955 704; x_wconf 88' lang='lat' dir='ltr'><strong>ac</strong></span> <span class='ocrx_word' id='word_1_20' title='bbox 1978 661 2061 703; x_wconf 88' lang='lat' dir='ltr'><strong>se-</strong></span> 
     </span>
    </p>
   </div>
   <div class='ocr_carea' id='block_1_4' title="bbox 475 738 2059 818">
    <p class='ocr_par' dir='ltr' id='par_1_4' title="bbox 475 738 2059 818">
     <span class='ocr_line' id='line_1_4' title="bbox 475 738 2059 818; baseline -0.007 -14"><span class='ocrx_word' id='word_1_21' title='bbox 475 756 634 806; x_wconf 69' lang='lat' dir='ltr'><strong>quor.</strong></span> <span class='ocrx_word' id='word_1_22' title='bbox 668 746 800 818; x_wconf 79' lang='lat' dir='ltr'><strong><em>Aug.</em></strong></span> <span class='ocrx_word' id='word_1_23' title='bbox 833 740 1008 814; x_wconf 80' lang='lat' dir='ltr'><strong>Quid?</strong></span> <span class='ocrx_word' id='word_1_24' title='bbox 1042 740 1172 800; x_wconf 85' lang='lat' dir='ltr'><strong>illud</strong></span> <span class='ocrx_word' id='word_1_25' title='bbox 1214 757 1392 798; x_wconf 85' lang='lat' dir='ltr'><strong>nonne</strong></span> <span class='ocrx_word' id='word_1_26' title='bbox 1437 738 1690 812; x_wconf 70' lang='lat' dir='ltr'><strong>intelligis</strong></span> <span class='ocrx_word' id='word_1_27' title='bbox 1720 740 1897 813; x_wconf 62' lang='lat' dir='ltr'><strong>etiam,</strong></span> <span class='ocrx_word' id='word_1_28' title='bbox 1930 738 2059 794; x_wconf 90' lang='lat' dir='ltr'><strong>nihil</strong></span> 
     </span>
    </p>
   </div>
   <div class='ocr_carea' id='block_1_5' title="bbox 468 820 2057 908">
    <p class='ocr_par' dir='ltr' id='par_1_5' title="bbox 468 820 2057 908">
     <span class='ocr_line' id='line_1_5' title="bbox 468 820 2057 908; baseline -0.005 -13"><span class='ocrx_word' id='word_1_29' title='bbox 468 836 733 895; x_wconf 84' lang='lat' dir='ltr'><strong>interesse</strong></span> <span class='ocrx_word' id='word_1_30' title='bbox 764 846 938 892; x_wconf 89' lang='lat' dir='ltr'><strong>utrum</strong></span> <span class='ocrx_word' id='word_1_31' title='bbox 966 837 1196 908; x_wconf 85' lang='lat' dir='ltr'><strong>quisque</strong></span> <span class='ocrx_word' id='word_1_32' title='bbox 1223 834 1386 901; x_wconf 91' lang='lat' dir='ltr'><strong>dicat,</strong></span> <span class='ocrx_word' id='word_1_33' title='bbox 1418 820 1601 889; x_wconf 73' lang='lat' dir='ltr'><strong>Virtus</strong></span> <span class='ocrx_word' id='word_1_34' title='bbox 1626 832 1944 906; x_wconf 83' lang='lat' dir='ltr'><strong>appellatur,</strong></span> <span class='ocrx_word' id='word_1_35' title='bbox 1967 848 2057 899; x_wconf 90' lang='lat' dir='ltr'><strong>an,</strong></span> 
     </span>
    </p>
   </div>
   <div class='ocr_carea' id='block_1_6' title="bbox 469 922 2059 997">
    <p class='ocr_par' dir='ltr' id='par_1_6' title="bbox 469 922 2059 997">
     <span class='ocr_line' id='line_1_6' title="bbox 469 922 2059 997; baseline -0.005 -8"><span class='ocrx_word' id='word_1_36' title='bbox 469 933 649 989; x_wconf 76' lang='lat' dir='ltr'><strong>Virtus</strong></span> <span class='ocrx_word' id='word_1_37' title='bbox 674 928 1016 987; x_wconf 78' lang='lat' dir='ltr'><strong>nominatur?</strong></span> <span class='ocrx_word' id='word_1_38' title='bbox 1045 924 1149 983; x_wconf 83' lang='lat' dir='ltr'><strong><em>Ad.</em></strong></span> <span class='ocrx_word' id='word_1_39' title='bbox 1170 926 1506 983; x_wconf 75' lang='lat' dir='ltr'><strong>Manifestum</strong></span> <span class='ocrx_word' id='word_1_40' title='bbox 1524 934 1625 982; x_wconf 89' lang='lat' dir='ltr'><strong>est.</strong></span> <span class='ocrx_word' id='word_1_41' title='bbox 1658 923 1790 997; x_wconf 86' lang='lat' dir='ltr'><strong><em>Aug.</em></strong></span> <span class='ocrx_word' id='word_1_42' title='bbox 1825 922 1966 997; x_wconf 85' lang='lat' dir='ltr'><strong>Ergo</strong></span> <span class='ocrx_word' id='word_1_43' title='bbox 1987 926 2059 981; x_wconf 86' lang='lat' dir='ltr'><strong>ita</strong></span> 
     </span>
    </p>
   </div>
   <div class='ocr_carea' id='block_1_7' title="bbox 464 1008 2060 1088">
    <p class='ocr_par' dir='ltr' id='par_1_7' title="bbox 464 1008 2060 1088">
     <span class='ocr_line' id='line_1_7' title="bbox 464 1008 2060 1088; baseline -0.005 -7"><span class='ocrx_word' id='word_1_44' title='bbox 464 1022 804 1081; x_wconf 78' lang='lat' dir='ltr'><strong>manifestum</strong></span> <span class='ocrx_word' id='word_1_45' title='bbox 837 1027 940 1088; x_wconf 93' lang='lat' dir='ltr'><strong>est,</strong></span> <span class='ocrx_word' id='word_1_46' title='bbox 972 1016 1101 1074; x_wconf 83' lang='lat' dir='ltr'><strong>nihil</strong></span> <span class='ocrx_word' id='word_1_47' title='bbox 1137 1019 1396 1073; x_wconf 87' lang='lat' dir='ltr'><strong>interesse</strong></span> <span class='ocrx_word' id='word_1_48' title='bbox 1424 1022 1599 1071; x_wconf 90' lang='lat' dir='ltr'><strong>utrum</strong></span> <span class='ocrx_word' id='word_1_49' title='bbox 1631 1012 1751 1087; x_wconf 84' lang='lat' dir='ltr'><strong>quis</strong></span> <span class='ocrx_word' id='word_1_50' title='bbox 1779 1011 1938 1082; x_wconf 82' lang='lat' dir='ltr'><strong>dicat,</strong></span> <span class='ocrx_word' id='word_1_51' title='bbox 1965 1008 2060 1073; x_wconf 81' lang='lat' dir='ltr'><strong>Est</strong></span> 
     </span>
    </p>
   </div>
   <div class='ocr_carea' id='block_1_8' title="bbox 472 1104 2054 1186">
    <p class='ocr_par' dir='ltr' id='par_1_8' title="bbox 472 1104 2054 1186">
     <span class='ocr_line' id='line_1_8' title="bbox 472 1104 2054 1186; baseline -0.006 -16"><span class='ocrx_word' id='word_1_52' title='bbox 472 1114 787 1186; x_wconf 76' lang='lat' dir='ltr'><strong>appellatur,</strong></span> <span class='ocrx_word' id='word_1_53' title='bbox 822 1126 907 1177; x_wconf 86' lang='lat' dir='ltr'><strong>an,</strong></span> <span class='ocrx_word' id='word_1_54' title='bbox 948 1110 1043 1167; x_wconf 89' lang='lat' dir='ltr'><strong>Est</strong></span> <span class='ocrx_word' id='word_1_55' title='bbox 1081 1109 1387 1165; x_wconf 84' lang='lat' dir='ltr'><strong>nominatur</strong></span> <span class='ocrx_word' id='word_1_56' title='bbox 1417 1105 1559 1178; x_wconf 89' lang='lat' dir='ltr'><strong>quod</strong></span> <span class='ocrx_word' id='word_1_57' title='bbox 1594 1107 1646 1161; x_wconf 93' lang='lat' dir='ltr'><strong>in</strong></span> <span class='ocrx_word' id='word_1_58' title='bbox 1675 1104 1767 1161; x_wconf 91' lang='lat' dir='ltr'><strong>illo</strong></span> <span class='ocrx_word' id='word_1_59' title='bbox 1791 1114 1923 1162; x_wconf 89' lang='lat' dir='ltr'><strong>erat.</strong></span> <span class='ocrx_word' id='word_1_60' title='bbox 1956 1104 2054 1161; x_wconf 84' lang='lat' dir='ltr'><strong><em>Ad.</em></strong></span> 
     </span>
    </p>
   </div>
   <div class='ocr_carea' id='block_1_9' title="bbox 463 1198 2057 1274">
    <p class='ocr_par' dir='ltr' id='par_1_9' title="bbox 463 1198 2057 1274">
     <span class='ocr_line' id='line_1_9' title="bbox 463 1198 2057 1274; baseline -0.007 -10"><span class='ocrx_word' id='word_1_61' title='bbox 463 1208 635 1265; x_wconf 80' lang='lat' dir='ltr'><strong>Video</strong></span> <span class='ocrx_word' id='word_1_62' title='bbox 666 1214 719 1263; x_wconf 92' lang='lat' dir='ltr'><strong>et</strong></span> <span class='ocrx_word' id='word_1_63' title='bbox 761 1205 849 1262; x_wconf 91' lang='lat' dir='ltr'><strong>hic</strong></span> <span class='ocrx_word' id='word_1_64' title='bbox 873 1202 1008 1260; x_wconf 83' lang='lat' dir='ltr'><strong>nihil</strong></span> <span class='ocrx_word' id='word_1_65' title='bbox 1054 1201 1275 1259; x_wconf 87' lang='lat' dir='ltr'><strong>distare.</strong></span> <span class='ocrx_word' id='word_1_66' title='bbox 1305 1198 1441 1274; x_wconf 82' lang='lat' dir='ltr'><strong><em>Aug.</em></strong></span> <span class='ocrx_word' id='word_1_67' title='bbox 1476 1198 1663 1256; x_wconf 87' lang='lat' dir='ltr'><strong>Jamue</strong></span> <span class='ocrx_word' id='word_1_68' title='bbox 1706 1201 1868 1256; x_wconf 87' lang='lat' dir='ltr'><strong>etiam</strong></span> <span class='ocrx_word' id='word_1_69' title='bbox 1909 1198 2057 1254; x_wconf 86' lang='lat' dir='ltr'><strong>vides</strong></span> 
     </span>
    </p>
   </div>
   <div class='ocr_carea' id='block_1_10' title="bbox 462 1288 2056 1373">
    <p class='ocr_par' dir='ltr' id='par_1_10' title="bbox 462 1288 2056 1373">
     <span class='ocr_line' id='line_1_10' title="bbox 462 1288 2056 1373; baseline -0.006 -15"><span class='ocrx_word' id='word_1_70' title='bbox 462 1288 593 1373; x_wconf 86' lang='lat' dir='ltr'><strong>quid</strong></span> <span class='ocrx_word' id='word_1_71' title='bbox 624 1300 781 1356; x_wconf 92' lang='lat' dir='ltr'><strong>velim</strong></span> <span class='ocrx_word' id='word_1_72' title='bbox 810 1296 1129 1354; x_wconf 80' lang='lat' dir='ltr'><strong>ostendere?</strong></span> <span class='ocrx_word' id='word_1_73' title='bbox 1159 1294 1260 1350; x_wconf 87' lang='lat' dir='ltr'><strong><em>Ad.</em></strong></span> <span class='ocrx_word' id='word_1_74' title='bbox 1290 1290 1538 1350; x_wconf 83' lang='lat' dir='ltr'><strong>Nondum</strong></span> <span class='ocrx_word' id='word_1_75' title='bbox 1575 1302 1723 1347; x_wconf 85' lang='lat' dir='ltr'><strong>sane.</strong></span> <span class='ocrx_word' id='word_1_76' title='bbox 1757 1290 1885 1364; x_wconf 88' lang='lat' dir='ltr'><strong><em>Aug.</em></strong></span> <span class='ocrx_word' id='word_1_77' title='bbox 1911 1289 2056 1348; x_wconf 84' lang='lat' dir='ltr'><strong>itane</strong></span> 
     </span>
    </p>
   </div>
   <div class='ocr_carea' id='block_1_11' title="bbox 461 1384 2052 1458">
    <p class='ocr_par' dir='ltr' id='par_1_11' title="bbox 461 1384 2052 1458">
     <span class='ocr_line' id='line_1_11' title="bbox 461 1384 2052 1458; baseline -0.008 -8"><span class='ocrx_word' id='word_1_78' title='bbox 461 1404 519 1450; x_wconf 88' lang='lat' dir='ltr'><strong>tu</strong></span> <span class='ocrx_word' id='word_1_79' title='bbox 549 1411 654 1449; x_wconf 88' lang='lat' dir='ltr'><strong>non</strong></span> <span class='ocrx_word' id='word_1_80' title='bbox 679 1392 827 1448; x_wconf 82' lang='lat' dir='ltr'><strong>vides</strong></span> <span class='ocrx_word' id='word_1_81' title='bbox 865 1396 1061 1446; x_wconf 86' lang='lat' dir='ltr'><strong>nomen</strong></span> <span class='ocrx_word' id='word_1_82' title='bbox 1100 1403 1220 1445; x_wconf 89' lang='lat' dir='ltr'><strong>esse</strong></span> <span class='ocrx_word' id='word_1_83' title='bbox 1249 1384 1302 1443; x_wconf 90' lang='lat' dir='ltr'><strong>id</strong></span> <span class='ocrx_word' id='word_1_84' title='bbox 1348 1398 1457 1458; x_wconf 89' lang='lat' dir='ltr'><strong>quo</strong></span> <span class='ocrx_word' id='word_1_85' title='bbox 1484 1394 1571 1441; x_wconf 89' lang='lat' dir='ltr'><strong>res</strong></span> <span class='ocrx_word' id='word_1_86' title='bbox 1607 1384 1780 1454; x_wconf 85' lang='lat' dir='ltr'><strong>aliqua</strong></span> <span class='ocrx_word' id='word_1_87' title='bbox 1807 1384 2052 1439; x_wconf 88' lang='lat' dir='ltr'><strong>nomina-</strong></span> 
     </span>
    </p>
   </div>
   <div class='ocr_carea' id='block_1_12' title="bbox 460 1468 2055 1554">
    <p class='ocr_par' dir='ltr' id='par_1_12' title="bbox 460 1468 2055 1554">
     <span class='ocr_line' id='line_1_12' title="bbox 460 1468 2055 1554; baseline -0.005 -13"><span class='ocrx_word' id='word_1_88' title='bbox 460 1486 583 1541; x_wconf 87' lang='lat' dir='ltr'><strong>tur?</strong></span> <span class='ocrx_word' id='word_1_89' title='bbox 631 1486 730 1541; x_wconf 82' lang='lat' dir='ltr'><strong><em>Ad.</em></strong></span> <span class='ocrx_word' id='word_1_90' title='bbox 773 1468 886 1540; x_wconf 86' lang='lat' dir='ltr'><strong>Hoc</strong></span> <span class='ocrx_word' id='word_1_91' title='bbox 925 1484 1081 1554; x_wconf 88' lang='lat' dir='ltr'><strong>plane</strong></span> <span class='ocrx_word' id='word_1_92' title='bbox 1109 1480 1241 1537; x_wconf 85' lang='lat' dir='ltr'><strong>nihil</strong></span> <span class='ocrx_word' id='word_1_93' title='bbox 1282 1481 1480 1537; x_wconf 86' lang='lat' dir='ltr'><strong>certius</strong></span> <span class='ocrx_word' id='word_1_94' title='bbox 1519 1477 1692 1535; x_wconf 90' lang='lat' dir='ltr'><strong>video.</strong></span> <span class='ocrx_word' id='word_1_95' title='bbox 1722 1478 1855 1552; x_wconf 88' lang='lat' dir='ltr'><strong><em>Aug.</em></strong></span> <span class='ocrx_word' id='word_1_96' title='bbox 1893 1477 2055 1533; x_wconf 81' lang='lat' dir='ltr'><strong>Vides</strong></span> 
     </span>
    </p>
   </div>
   <div class='ocr_carea' id='block_1_13' title="bbox 461 1564 2051 1649">
    <p class='ocr_par' dir='ltr' id='par_1_13' title="bbox 461 1564 2051 1649">
     <span class='ocr_line' id='line_1_13' title="bbox 461 1564 2051 1649; baseline -0.007 -16"><span class='ocrx_word' id='word_1_97' title='bbox 461 1591 611 1649; x_wconf 86' lang='lat' dir='ltr'><strong>ergo,</strong></span> <span class='ocrx_word' id='word_1_98' title='bbox 645 1564 741 1632; x_wconf 81' lang='lat' dir='ltr'><strong>Est</strong></span> <span class='ocrx_word' id='word_1_99' title='bbox 769 1588 965 1631; x_wconf 90' lang='lat' dir='ltr'><strong>nomen</strong></span> <span class='ocrx_word' id='word_1_100' title='bbox 988 1586 1124 1637; x_wconf 89' lang='lat' dir='ltr'><strong>esse,</strong></span> <span class='ocrx_word' id='word_1_101' title='bbox 1145 1571 1407 1643; x_wconf 85' lang='lat' dir='ltr'><strong>siquidem</strong></span> <span class='ocrx_word' id='word_1_102' title='bbox 1437 1568 1563 1626; x_wconf 90' lang='lat' dir='ltr'><strong>illud</strong></span> <span class='ocrx_word' id='word_1_103' title='bbox 1576 1568 1715 1641; x_wconf 85' lang='lat' dir='ltr'><strong>quod</strong></span> <span class='ocrx_word' id='word_1_104' title='bbox 1728 1579 1843 1625; x_wconf 87' lang='lat' dir='ltr'><strong>erat</strong></span> <span class='ocrx_word' id='word_1_105' title='bbox 1866 1570 1917 1624; x_wconf 88' lang='lat' dir='ltr'><strong>in</strong></span> <span class='ocrx_word' id='word_1_106' title='bbox 1938 1570 2051 1635; x_wconf 91' lang='lat' dir='ltr'><strong>illo,</strong></span> 
     </span>
    </p>
   </div>
   <div class='ocr_carea' id='block_1_14' title="bbox 461 1659 2054 1735">
    <p class='ocr_par' dir='ltr' id='par_1_14' title="bbox 461 1659 2054 1735">
     <span class='ocr_line' id='line_1_14' title="bbox 461 1659 2054 1735; baseline -0.006 -12"><span class='ocrx_word' id='word_1_107' title='bbox 461 1667 563 1724; x_wconf 86' lang='lat' dir='ltr'><strong>Est</strong></span> <span class='ocrx_word' id='word_1_108' title='bbox 602 1666 927 1722; x_wconf 85' lang='lat' dir='ltr'><strong>nominatur.</strong></span> <span class='ocrx_word' id='word_1_109' title='bbox 966 1666 1064 1719; x_wconf 87' lang='lat' dir='ltr'><strong><em>Ad.</em></strong></span> <span class='ocrx_word' id='word_1_110' title='bbox 1095 1664 1302 1735; x_wconf 78' lang='lat' dir='ltr'><strong>Negare</strong></span> <span class='ocrx_word' id='word_1_111' title='bbox 1327 1672 1436 1719; x_wconf 89' lang='lat' dir='ltr'><strong>non</strong></span> <span class='ocrx_word' id='word_1_112' title='bbox 1469 1676 1707 1733; x_wconf 89' lang='lat' dir='ltr'><strong>possum.</strong></span> <span class='ocrx_word' id='word_1_113' title='bbox 1740 1659 1877 1733; x_wconf 60' lang='grc' dir='ltr'><strong>Αιιρε</strong></span> <span class='ocrx_word' id='word_1_114' title='bbox 1900 1660 1970 1715; x_wconf 84' lang='lat' dir='ltr'><strong><em>At</em></strong></span> <span class='ocrx_word' id='word_1_115' title='bbox 2010 1660 2054 1715; x_wconf 90' lang='lat' dir='ltr'><strong>si</strong></span> 
     </span>
    </p>
   </div>
   <div class='ocr_carea' id='block_1_15' title="bbox 463 1753 2053 1830">
    <p class='ocr_par' dir='ltr' id='par_1_15' title="bbox 463 1753 2053 1830">
     <span class='ocr_line' id='line_1_15' title="bbox 463 1753 2053 1830; baseline -0.005 -14"><span class='ocrx_word' id='word_1_116' title='bbox 463 1772 529 1816; x_wconf 82' lang='lat' dir='ltr'><strong>cx</strong></span> <span class='ocrx_word' id='word_1_117' title='bbox 563 1770 613 1815; x_wconf 90' lang='lat' dir='ltr'><strong>te</strong></span> <span class='ocrx_word' id='word_1_118' title='bbox 643 1764 936 1830; x_wconf 66' lang='lat' dir='ltr'><strong>quaererent</strong></span> <span class='ocrx_word' id='word_1_119' title='bbox 964 1770 1080 1829; x_wconf 74' lang='lat' dir='ltr'><strong>qua:</strong></span> <span class='ocrx_word' id='word_1_120' title='bbox 1103 1757 1171 1813; x_wconf 90' lang='lat' dir='ltr'><strong>sit</strong></span> <span class='ocrx_word' id='word_1_121' title='bbox 1198 1770 1324 1828; x_wconf 87' lang='lat' dir='ltr'><strong>pars</strong></span> <span class='ocrx_word' id='word_1_122' title='bbox 1350 1754 1627 1819; x_wconf 86' lang='lat' dir='ltr'><strong>orationis,</strong></span> <span class='ocrx_word' id='word_1_123' title='bbox 1658 1754 1788 1819; x_wconf 87' lang='lat' dir='ltr'><strong>Est;</strong></span> <span class='ocrx_word' id='word_1_124' title='bbox 1813 1766 1919 1809; x_wconf 92' lang='lat' dir='ltr'><strong>non</strong></span> <span class='ocrx_word' id='word_1_125' title='bbox 1937 1753 2053 1823; x_wconf 87' lang='lat' dir='ltr'><strong>opi-</strong></span> 
     </span>
    </p>
   </div>
   <div class='ocr_carea' id='block_1_16' title="bbox 464 1844 2056 1917">
    <p class='ocr_par' dir='ltr' id='par_1_16' title="bbox 464 1844 2056 1917">
     <span class='ocr_line' id='line_1_16' title="bbox 464 1844 2056 1917; baseline -0.004 -10"><span class='ocrx_word' id='word_1_126' title='bbox 464 1866 567 1908; x_wconf 90' lang='lat' dir='ltr'><strong>nor</strong></span> <span class='ocrx_word' id='word_1_127' title='bbox 593 1865 809 1917; x_wconf 90' lang='lat' dir='ltr'><strong>nomen,</strong></span> <span class='ocrx_word' id='word_1_128' title='bbox 838 1848 930 1907; x_wconf 90' lang='lat' dir='ltr'><strong>sed</strong></span> <span class='ocrx_word' id='word_1_129' title='bbox 973 1850 1191 1907; x_wconf 83' lang='lat' dir='ltr'><strong>verbum</strong></span> <span class='ocrx_word' id='word_1_130' title='bbox 1224 1862 1347 1905; x_wconf 88' lang='lat' dir='ltr'><strong>esse</strong></span> <span class='ocrx_word' id='word_1_131' title='bbox 1386 1846 1617 1916; x_wconf 82' lang='lat' dir='ltr'><strong>diceres,</strong></span> <span class='ocrx_word' id='word_1_132' title='bbox 1651 1854 1772 1902; x_wconf 89' lang='lat' dir='ltr'><strong>cum</strong></span> <span class='ocrx_word' id='word_1_133' title='bbox 1820 1844 1872 1901; x_wconf 89' lang='lat' dir='ltr'><strong>id</strong></span> <span class='ocrx_word' id='word_1_134' title='bbox 1921 1845 2056 1901; x_wconf 83' lang='lat' dir='ltr'><strong>ratio</strong></span> 
     </span>
    </p>
   </div>
   <div class='ocr_carea' id='block_1_17' title="bbox 464 1934 2057 2009">
    <p class='ocr_par' dir='ltr' id='par_1_17' title="bbox 464 1934 2057 2009">
     <span class='ocr_line' id='line_1_17' title="bbox 464 1934 2057 2009; baseline -0.006 -10"><span class='ocrx_word' id='word_1_135' title='bbox 464 1943 626 2001; x_wconf 89' lang='lat' dir='ltr'><strong>etiam</strong></span> <span class='ocrx_word' id='word_1_136' title='bbox 655 1956 849 1999; x_wconf 89' lang='lat' dir='ltr'><strong>nomen</strong></span> <span class='ocrx_word' id='word_1_137' title='bbox 868 1954 986 1998; x_wconf 86' lang='lat' dir='ltr'><strong>esse</strong></span> <span class='ocrx_word' id='word_1_138' title='bbox 1010 1938 1269 1997; x_wconf 85' lang='lat' dir='ltr'><strong>docuerit.</strong></span> <span class='ocrx_word' id='word_1_139' title='bbox 1300 1939 1400 1995; x_wconf 86' lang='lat' dir='ltr'><strong>Ad.</strong></span> <span class='ocrx_word' id='word_1_140' title='bbox 1434 1937 1508 1994; x_wconf 91' lang='lat' dir='ltr'><strong>ita</strong></span> <span class='ocrx_word' id='word_1_141' title='bbox 1528 1944 1611 1994; x_wconf 91' lang='lat' dir='ltr'><strong>est</strong></span> <span class='ocrx_word' id='word_1_142' title='bbox 1646 1950 1863 2009; x_wconf 84' lang='lat' dir='ltr'><strong>prorsus</strong></span> <span class='ocrx_word' id='word_1_143' title='bbox 1887 1934 2057 1991; x_wconf 71' lang='lat' dir='ltr'><strong>ut‘di-</strong></span> 
     </span>
    </p>
   </div>
   <div class='ocr_carea' id='block_1_18' title="bbox 462 2018 2057 2109">
    <p class='ocr_par' dir='ltr' id='par_1_18' title="bbox 462 2018 2057 2109">
     <span class='ocr_line' id='line_1_18' title="bbox 462 2018 2057 2109; baseline -0.006 -17"><span class='ocrx_word' id='word_1_144' title='bbox 462 2032 559 2092; x_wconf 88' lang='lat' dir='ltr'><strong>cis.</strong></span> <span class='ocrx_word' id='word_1_145' title='bbox 584 2036 715 2109; x_wconf 84' lang='lat' dir='ltr'><strong><em>Aug.</em></strong></span> <span class='ocrx_word' id='word_1_146' title='bbox 740 2018 875 2091; x_wconf 78' lang='lat' dir='ltr'><strong>Num</strong></span> <span class='ocrx_word' id='word_1_147' title='bbox 900 2033 1073 2089; x_wconf 89' lang='lat' dir='ltr'><strong>adhuc</strong></span> <span class='ocrx_word' id='word_1_148' title='bbox 1102 2032 1312 2088; x_wconf 88' lang='lat' dir='ltr'><strong>dubitas</strong></span> <span class='ocrx_word' id='word_1_149' title='bbox 1338 2030 1470 2086; x_wconf 88' lang='lat' dir='ltr'><strong>alias</strong></span> <span class='ocrx_word' id='word_1_150' title='bbox 1499 2042 1709 2101; x_wconf 84' lang='lat' dir='ltr'><strong>quoque</strong></span> <span class='ocrx_word' id='word_1_151' title='bbox 1728 2035 1909 2100; x_wconf 88' lang='lat' dir='ltr'><strong>partes</strong></span> <span class='ocrx_word' id='word_1_152' title='bbox 1938 2040 2057 2083; x_wconf 85' lang='lat' dir='ltr'><strong>ora-</strong></span> 
     </span>
    </p>
   </div>
   <div class='ocr_carea' id='block_1_19' title="bbox 462 2121 2055 2193">
    <p class='ocr_par' dir='ltr' id='par_1_19' title="bbox 462 2121 2055 2193">
     <span class='ocr_line' id='line_1_19' title="bbox 462 2121 2055 2193; baseline -0.005 -11"><span class='ocrx_word' id='word_1_153' title='bbox 462 2126 624 2183; x_wconf 84' lang='lat' dir='ltr'><strong>tionis</strong></span> <span class='ocrx_word' id='word_1_154' title='bbox 665 2127 853 2182; x_wconf 89' lang='lat' dir='ltr'><strong>eodem</strong></span> <span class='ocrx_word' id='word_1_155' title='bbox 900 2124 1080 2192; x_wconf 90' lang='lat' dir='ltr'><strong>modo,</strong></span> <span class='ocrx_word' id='word_1_156' title='bbox 1130 2138 1236 2193; x_wconf 87' lang='lat' dir='ltr'><strong>quo</strong></span> <span class='ocrx_word' id='word_1_157' title='bbox 1277 2121 1783 2188; x_wconf 84' lang='lat' dir='ltr'><strong>demonstravimus,</strong></span> <span class='ocrx_word' id='word_1_158' title='bbox 1839 2121 2055 2175; x_wconf 90' lang='lat' dir='ltr'><strong>nomina</strong></span> 
     </span>
    </p>
   </div>
   <div class='ocr_carea' id='block_1_20' title="bbox 463 2203 2053 2289">
    <p class='ocr_par' dir='ltr' id='par_1_20' title="bbox 463 2203 2053 2289">
     <span class='ocr_line' id='line_1_20' title="bbox 463 2203 2053 2289; baseline -0.005 -14"><span class='ocrx_word' id='word_1_159' title='bbox 463 2220 628 2276; x_wconf 84' lang='lat' dir='ltr'><strong>esse?</strong></span> <span class='ocrx_word' id='word_1_160' title='bbox 654 2218 750 2274; x_wconf 86' lang='lat' dir='ltr'><strong><em>Ad.</em></strong></span> <span class='ocrx_word' id='word_1_161' title='bbox 779 2218 895 2275; x_wconf 88' lang='lat' dir='ltr'><strong>Non</strong></span> <span class='ocrx_word' id='word_1_162' title='bbox 917 2203 1121 2283; x_wconf 84' lang='lat' dir='ltr'><strong>dubito,</strong></span> <span class='ocrx_word' id='word_1_163' title='bbox 1147 2214 1575 2289; x_wconf 83' lang='lat' dir='ltr'><strong>quandoquidem</strong></span> <span class='ocrx_word' id='word_1_164' title='bbox 1607 2214 1780 2271; x_wconf 86' lang='lat' dir='ltr'><strong>fateor</strong></span> <span class='ocrx_word' id='word_1_165' title='bbox 1808 2228 1869 2270; x_wconf 88' lang='lat' dir='ltr'><strong>ea</strong></span> <span class='ocrx_word' id='word_1_166' title='bbox 1887 2214 2053 2285; x_wconf 86' lang='lat' dir='ltr'><strong>signi-</strong></span> 
     </span>
    </p>
   </div>
   <div class='ocr_carea' id='block_1_21' title="bbox 461 2302 2055 2383">
    <p class='ocr_par' dir='ltr' id='par_1_21' title="bbox 461 2302 2055 2383">
     <span class='ocr_line' id='line_1_21' title="bbox 461 2302 2055 2383; baseline -0.005 -16"><span class='ocrx_word' id='word_1_167' title='bbox 461 2313 622 2368; x_wconf 83' lang='lat' dir='ltr'><strong>ﬁcare</strong></span> <span class='ocrx_word' id='word_1_168' title='bbox 636 2309 850 2383; x_wconf 82' lang='lat' dir='ltr'><strong>aliquid.</strong></span> <span class='ocrx_word' id='word_1_169' title='bbox 871 2308 1123 2367; x_wconf 87' lang='lat' dir='ltr'><strong>Siautem</strong></span> <span class='ocrx_word' id='word_1_170' title='bbox 1154 2323 1243 2365; x_wconf 91' lang='lat' dir='ltr'><strong>res</strong></span> <span class='ocrx_word' id='word_1_171' title='bbox 1270 2309 1398 2379; x_wconf 64' lang='lat' dir='ltr'><strong>ipsa“:</strong></span> <span class='ocrx_word' id='word_1_172' title='bbox 1414 2321 1545 2379; x_wconf 89' lang='lat' dir='ltr'><strong>quas</strong></span> <span class='ocrx_word' id='word_1_173' title='bbox 1572 2306 1900 2379; x_wconf 79' lang='lat' dir='ltr'><strong>signiﬁcant,</strong></span> <span class='ocrx_word' id='word_1_174' title='bbox 1929 2302 2055 2376; x_wconf 89' lang='lat' dir='ltr'><strong>quid</strong></span> 
     </span>
    </p>
   </div>
   <div class='ocr_carea' id='block_1_22' title="bbox 459 2398 2051 2477">
    <p class='ocr_par' dir='ltr' id='par_1_22' title="bbox 459 2398 2051 2477">
     <span class='ocr_line' id='line_1_22' title="bbox 459 2398 2051 2477; baseline -0.006 -15"><span class='ocrx_word' id='word_1_175' title='bbox 459 2404 683 2475; x_wconf 70' lang='lat' dir='ltr'><strong>singulae</strong></span> <span class='ocrx_word' id='word_1_176' title='bbox 718 2402 1077 2477; x_wconf 83' lang='lat' dir='ltr'><strong>appellentur,</strong></span> <span class='ocrx_word' id='word_1_177' title='bbox 1130 2400 1180 2456; x_wconf 91' lang='lat' dir='ltr'><strong>id</strong></span> <span class='ocrx_word' id='word_1_178' title='bbox 1211 2411 1293 2455; x_wconf 91' lang='lat' dir='ltr'><strong>est</strong></span> <span class='ocrx_word' id='word_1_179' title='bbox 1322 2401 1682 2464; x_wconf 88' lang='lat' dir='ltr'><strong>nominentur,</strong></span> <span class='ocrx_word' id='word_1_180' title='bbox 1720 2398 2051 2469; x_wconf 82' lang='lat' dir='ltr'><strong>interroges;</strong></span> 
     </span>
    </p>
   </div>
   <div class='ocr_carea' id='block_1_23' title="bbox 458 2490 2055 2567">
    <p class='ocr_par' dir='ltr' id='par_1_23' title="bbox 458 2490 2055 2567">
     <span class='ocr_line' id='line_1_23' title="bbox 458 2490 2055 2567; baseline -0.004 -18"><span class='ocrx_word' id='word_1_181' title='bbox 458 2494 784 2567; x_wconf 82' lang='lat' dir='ltr'><strong>respondere</strong></span> <span class='ocrx_word' id='word_1_182' title='bbox 816 2510 922 2549; x_wconf 91' lang='lat' dir='ltr'><strong>non</strong></span> <span class='ocrx_word' id='word_1_183' title='bbox 959 2506 1207 2565; x_wconf 73' lang='lat' dir='ltr'><strong>possunt,</strong></span> <span class='ocrx_word' id='word_1_184' title='bbox 1240 2492 1341 2547; x_wconf 89' lang='lat' dir='ltr'><strong>nisi</strong></span> <span class='ocrx_word' id='word_1_185' title='bbox 1370 2504 1461 2547; x_wconf 90' lang='lat' dir='ltr'><strong>eas</strong></span> <span class='ocrx_word' id='word_1_186' title='bbox 1487 2490 1629 2562; x_wconf 87' lang='lat' dir='ltr'><strong>ipsas</strong></span> <span class='ocrx_word' id='word_1_187' title='bbox 1659 2498 1835 2561; x_wconf 88' lang='lat' dir='ltr'><strong>partes</strong></span> <span class='ocrx_word' id='word_1_188' title='bbox 1860 2490 2055 2544; x_wconf 87' lang='lat' dir='ltr'><strong>oratio-</strong></span> 
     </span>
    </p>
   </div>
   <div class='ocr_carea' id='block_1_24' title="bbox 459 2582 2054 2657">
    <p class='ocr_par' dir='ltr' id='par_1_24' title="bbox 459 2582 2054 2657">
     <span class='ocr_line' id='line_1_24' title="bbox 459 2582 2054 2657; baseline -0.003 -15"><span class='ocrx_word' id='word_1_189' title='bbox 459 2588 563 2653; x_wconf 90' lang='lat' dir='ltr'><strong>nis,</strong></span> <span class='ocrx_word' id='word_1_190' title='bbox 596 2602 727 2657; x_wconf 89' lang='lat' dir='ltr'><strong>quas</strong></span> <span class='ocrx_word' id='word_1_191' title='bbox 752 2588 967 2641; x_wconf 89' lang='lat' dir='ltr'><strong>nomina</strong></span> <span class='ocrx_word' id='word_1_192' title='bbox 993 2602 1096 2641; x_wconf 91' lang='lat' dir='ltr'><strong>non</strong></span> <span class='ocrx_word' id='word_1_193' title='bbox 1130 2598 1403 2652; x_wconf 84' lang='lat' dir='ltr'><strong>vocamus,</strong></span> <span class='ocrx_word' id='word_1_194' title='bbox 1428 2582 1544 2651; x_wconf 89' lang='lat' dir='ltr'><strong>sed,</strong></span> <span class='ocrx_word' id='word_1_195' title='bbox 1574 2590 1632 2638; x_wconf 91' lang='lat' dir='ltr'><strong>ut</strong></span> <span class='ocrx_word' id='word_1_196' title='bbox 1654 2598 1839 2649; x_wconf 89' lang='lat' dir='ltr'><strong>cerno,</strong></span> <span class='ocrx_word' id='word_1_197' title='bbox 1862 2596 2054 2638; x_wconf 89' lang='lat' dir='ltr'><strong>vocare</strong></span> 
     </span>
    </p>
   </div>
   <div class='ocr_carea' id='block_1_25' title="bbox 460 2678 850 2733">
    <p class='ocr_par' dir='ltr' id='par_1_25' title="bbox 460 2678 850 2733">
     <span class='ocr_line' id='line_1_25' title="bbox 460 2678 850 2733; baseline -0.003 -1"><span class='ocrx_word' id='word_1_198' title='bbox 460 2678 850 2733; x_wconf 88' lang='lat' dir='ltr'><strong>convincimur.</strong></span> 
     </span>
    </p>
   </div>
   <div class='ocr_carea' id='block_1_26' title="bbox 535 2766 2052 2841">
    <p class='ocr_par' dir='ltr' id='par_1_26' title="bbox 535 2766 2052 2841">
     <span class='ocr_line' id='line_1_26' title="bbox 535 2766 2052 2841; baseline -0.001 -17"><span class='ocrx_word' id='word_1_199' title='bbox 535 2769 621 2824; x_wconf 77' lang='grc'><strong>15.</strong></span> <span class='ocrx_word' id='word_1_200' title='bbox 653 2770 783 2841; x_wconf 86' lang='lat' dir='ltr'><strong><em>Aug.</em></strong></span> <span class='ocrx_word' id='word_1_201' title='bbox 829 2766 1041 2824; x_wconf 85' lang='lat' dir='ltr'><strong>Nihilne</strong></span> <span class='ocrx_word' id='word_1_202' title='bbox 1072 2774 1121 2826; x_wconf 87' lang='lat' dir='ltr'><strong>te</strong></span> <span class='ocrx_word' id='word_1_203' title='bbox 1151 2775 1347 2831; x_wconf 83' lang='lat' dir='ltr'><strong>movet,</strong></span> <span class='ocrx_word' id='word_1_204' title='bbox 1380 2783 1449 2825; x_wconf 92' lang='lat' dir='ltr'><strong>ne</strong></span> <span class='ocrx_word' id='word_1_205' title='bbox 1475 2768 1593 2840; x_wconf 85' lang='lat' dir='ltr'><strong>quis</strong></span> <span class='ocrx_word' id='word_1_206' title='bbox 1618 2768 1812 2823; x_wconf 79' lang='lat' dir='ltr'><strong>existat</strong></span> <span class='ocrx_word' id='word_1_207' title='bbox 1836 2768 1926 2839; x_wconf 88' lang='lat' dir='ltr'><strong>qui</strong></span> <span class='ocrx_word' id='word_1_208' title='bbox 1952 2782 2052 2823; x_wconf 90' lang='lat' dir='ltr'><strong>no-</strong></span> 
     </span>
    </p>
   </div>
   <div class='ocr_carea' id='block_1_27' title="bbox 457 2858 2053 2930">
    <p class='ocr_par' dir='ltr' id='par_1_27' title="bbox 457 2858 2053 2930">
     <span class='ocr_line' id='line_1_27' title="bbox 457 2858 2053 2930; baseline -0.002 -12"><span class='ocrx_word' id='word_1_209' title='bbox 457 2870 627 2919; x_wconf 88' lang='lat' dir='ltr'><strong>stram</strong></span> <span class='ocrx_word' id='word_1_210' title='bbox 667 2860 821 2917; x_wconf 84' lang='lat' dir='ltr'><strong>istam</strong></span> <span class='ocrx_word' id='word_1_211' title='bbox 867 2860 1128 2917; x_wconf 91' lang='lat' dir='ltr'><strong>rationem</strong></span> <span class='ocrx_word' id='word_1_212' title='bbox 1168 2860 1449 2916; x_wconf 86' lang='lat' dir='ltr'><strong>labcl&#39;actet</strong></span> <span class='ocrx_word' id='word_1_213' title='bbox 1494 2858 1749 2921; x_wconf 89' lang='lat' dir='ltr'><strong>dicendo,</strong></span> <span class='ocrx_word' id='word_1_214' title='bbox 1795 2861 2053 2930; x_wconf 83' lang='lat' dir='ltr'><strong>Apostolo</strong></span> 
     </span>
    </p>
   </div>
   <div class='ocr_carea' id='block_1_28' title="bbox 459 2951 2052 3017">
    <p class='ocr_par' dir='ltr' id='par_1_28' title="bbox 459 2951 2052 3017">
     <span class='ocr_line' id='line_1_28' title="bbox 459 2951 2052 3017; baseline -0.001 -9"><span class='ocrx_word' id='word_1_215' title='bbox 459 2970 565 3009; x_wconf 86' lang='lat' dir='ltr'><strong>non</strong></span> <span class='ocrx_word' id='word_1_216' title='bbox 611 2952 915 3017; x_wconf 88' lang='lat' dir='ltr'><strong>verborum,</strong></span> <span class='ocrx_word' id='word_1_217' title='bbox 948 2953 1041 3009; x_wconf 73' lang='lat' dir='ltr'><strong>58d</strong></span> <span class='ocrx_word' id='word_1_218' title='bbox 1064 2958 1247 3009; x_wconf 81' lang='lat' dir='ltr'><strong>rerum</strong></span> <span class='ocrx_word' id='word_1_219' title='bbox 1277 2951 1643 3009; x_wconf 83' lang='lat' dir='ltr'><strong>auctoritatem</strong></span> <span class='ocrx_word' id='word_1_220' title='bbox 1672 2964 1789 3007; x_wconf 88' lang='lat' dir='ltr'><strong>esse</strong></span> <span class='ocrx_word' id='word_1_221' title='bbox 1819 2952 2052 3007; x_wconf 86' lang='lat' dir='ltr'><strong>tribuen-</strong></span> 
     </span>
    </p>
   </div>
   <div class='ocr_carea' id='block_1_29' title="bbox 458 3043 2051 3118">
    <p class='ocr_par' dir='ltr' id='par_1_29' title="bbox 458 3043 2051 3118">
     <span class='ocr_line' id='line_1_29' title="bbox 458 3043 2051 3118; baseline 0.001 -18"><span class='ocrx_word' id='word_1_222' title='bbox 458 3044 617 3112; x_wconf 89' lang='lat' dir='ltr'><strong>dam;</strong></span> <span class='ocrx_word' id='word_1_223' title='bbox 664 3047 1012 3118; x_wconf 86' lang='lat' dir='ltr'><strong>quamobrem</strong></span> <span class='ocrx_word' id='word_1_224' title='bbox 1052 3045 1453 3101; x_wconf 76' lang='lat' dir='ltr'><strong>fundamentum</strong></span> <span class='ocrx_word' id='word_1_225' title='bbox 1497 3043 1857 3118; x_wconf 87' lang='lat' dir='ltr'><strong>persuasionis</strong></span> <span class='ocrx_word' id='word_1_226' title='bbox 1894 3043 2051 3114; x_wconf 84' lang='lat' dir='ltr'><strong>hujus</strong></span> 
     </span>
    </p>
   </div>
   <div class='ocr_carea' id='block_1_30' title="bbox 457 3134 2051 3210">
    <p class='ocr_par' dir='ltr' id='par_1_30' title="bbox 457 3134 2051 3210">
     <span class='ocr_line' id='line_1_30' title="bbox 457 3134 2051 3210; baseline -0.001 -19"><span class='ocrx_word' id='word_1_227' title='bbox 457 3149 569 3192; x_wconf 89' lang='lat' dir='ltr'><strong>non</strong></span> <span class='ocrx_word' id='word_1_228' title='bbox 625 3146 735 3192; x_wconf 88' lang='lat' dir='ltr'><strong>tam</strong></span> <span class='ocrx_word' id='word_1_229' title='bbox 776 3148 896 3193; x_wconf 90' lang='lat' dir='ltr'><strong>esse</strong></span> <span class='ocrx_word' id='word_1_230' title='bbox 945 3134 1155 3191; x_wconf 88' lang='lat' dir='ltr'><strong>lirmum</strong></span> <span class='ocrx_word' id='word_1_231' title='bbox 1205 3152 1362 3207; x_wconf 86' lang='lat' dir='ltr'><strong>quam</strong></span> <span class='ocrx_word' id='word_1_232' title='bbox 1399 3144 1648 3210; x_wconf 84' lang='lat' dir='ltr'><strong>putamus</strong></span> <span class='ocrx_word' id='word_1_233' title='bbox 1686 3155 1698 3191; x_wconf 88' lang='lat'><strong>:</strong></span> <span class='ocrx_word' id='word_1_234' title='bbox 1743 3134 1860 3192; x_wconf 82' lang='lat' dir='ltr'><strong>ﬂeri</strong></span> <span class='ocrx_word' id='word_1_235' title='bbox 1908 3137 2051 3192; x_wconf 89' lang='lat' dir='ltr'><strong>enim</strong></span> 
     </span>
    </p>
   </div>
   <div class='ocr_carea' id='block_1_31' title="bbox 454 3226 2048 3298">
    <p class='ocr_par' dir='ltr' id='par_1_31' title="bbox 454 3226 2048 3298">
     <span class='ocr_line' id='line_1_31' title="bbox 454 3226 2048 3298; baseline -0.001 -16"><span class='ocrx_word' id='word_1_236' title='bbox 454 3240 618 3297; x_wconf 89' lang='lat' dir='ltr'><strong>posse</strong></span> <span class='ocrx_word' id='word_1_237' title='bbox 645 3236 701 3283; x_wconf 93' lang='lat' dir='ltr'><strong>ut</strong></span> <span class='ocrx_word' id='word_1_238' title='bbox 727 3226 945 3293; x_wconf 83' lang='lat' dir='ltr'><strong>Paulus,</strong></span> <span class='ocrx_word' id='word_1_239' title='bbox 969 3240 1271 3298; x_wconf 85' lang='lat' dir='ltr'><strong>quanquam</strong></span> <span class='ocrx_word' id='word_1_240' title='bbox 1297 3227 1488 3282; x_wconf 75' lang='lat' dir='ltr'><strong>vixerit</strong></span> <span class='ocrx_word' id='word_1_241' title='bbox 1515 3227 1935 3297; x_wconf 66' lang='lat' dir='ltr'><strong>prmceperitque</strong></span> <span class='ocrx_word' id='word_1_242' title='bbox 1960 3242 2048 3281; x_wconf 90' lang='lat' dir='ltr'><strong>re-</strong></span> 
     </span>
    </p>
   </div>
   <div class='ocr_carea' id='block_1_32' title="bbox 458 3317 2045 3385">
    <p class='ocr_par' dir='ltr' id='par_1_32' title="bbox 458 3317 2045 3385">
     <span class='ocr_line' id='line_1_32' title="bbox 458 3317 2045 3385; baseline -0.001 -11"><span class='ocrx_word' id='word_1_243' title='bbox 458 3318 697 3374; x_wconf 88' lang='lat' dir='ltr'><strong>ctissime</strong></span> <span class='ocrx_word' id='word_1_244' title='bbox 725 3319 765 3385; x_wconf 74' lang='grc'><strong>⁸,</strong></span> <span class='ocrx_word' id='word_1_245' title='bbox 818 3320 994 3373; x_wconf 83' lang='lat' dir='ltr'><strong>minus</strong></span> <span class='ocrx_word' id='word_1_246' title='bbox 1040 3326 1218 3374; x_wconf 88' lang='lat' dir='ltr'><strong>tamen</strong></span> <span class='ocrx_word' id='word_1_247' title='bbox 1257 3324 1404 3373; x_wconf 89' lang='lat' dir='ltr'><strong>recte</strong></span> <span class='ocrx_word' id='word_1_248' title='bbox 1428 3317 1637 3373; x_wconf 86' lang='lat' dir='ltr'><strong>locutus</strong></span> <span class='ocrx_word' id='word_1_249' title='bbox 1670 3319 1758 3383; x_wconf 90' lang='lat' dir='ltr'><strong>sit,</strong></span> <span class='ocrx_word' id='word_1_250' title='bbox 1803 3332 1924 3373; x_wconf 91' lang='lat' dir='ltr'><strong>cum</strong></span> <span class='ocrx_word' id='word_1_251' title='bbox 1952 3320 2045 3385; x_wconf 89' lang='lat' dir='ltr'><strong>ait,</strong></span> 
     </span>
    </p>
   </div>
   <div class='ocr_carea' id='block_1_33' title="bbox 456 3407 2049 3479">
    <p class='ocr_par' dir='ltr' id='par_1_33' title="bbox 456 3407 2049 3479">
     <span class='ocr_line' id='line_1_33' title="bbox 456 3407 2049 3479; baseline 0.001 -16"><span class='ocrx_word' id='word_1_252' title='bbox 456 3408 552 3464; x_wconf 76' lang='lat' dir='ltr'><strong>Est</strong></span> <span class='ocrx_word' id='word_1_253' title='bbox 589 3411 643 3463; x_wconf 82' lang='lat' dir='ltr'><strong>in</strong></span> <span class='ocrx_word' id='word_1_254' title='bbox 683 3408 776 3463; x_wconf 81' lang='lat' dir='ltr'><strong>illo</strong></span> <span class='ocrx_word' id='word_1_255' title='bbox 803 3417 945 3474; x_wconf 84' lang='lat' dir='ltr'><strong>erat;</strong></span> <span class='ocrx_word' id='word_1_256' title='bbox 997 3410 1291 3478; x_wconf 71' lang='lat' dir='ltr'><strong>prcesertim</strong></span> <span class='ocrx_word' id='word_1_257' title='bbox 1318 3422 1439 3463; x_wconf 93' lang='lat' dir='ltr'><strong>cum</strong></span> <span class='ocrx_word' id='word_1_258' title='bbox 1481 3422 1539 3463; x_wconf 89' lang='lat' dir='ltr'><strong>se</strong></span> <span class='ocrx_word' id='word_1_259' title='bbox 1591 3407 1703 3477; x_wconf 87' lang='lat' dir='ltr'><strong>ipse</strong></span> <span class='ocrx_word' id='word_1_260' title='bbox 1744 3409 2049 3479; x_wconf 90' lang='lat' dir='ltr'><strong>imperitum</strong></span> 
     </span>
    </p>
   </div>
   <div class='ocr_carea' id='block_1_34' title="bbox 459 3494 2049 3573">
    <p class='ocr_par' dir='ltr' id='par_1_34' title="bbox 459 3494 2049 3573">
     <span class='ocr_line' id='line_1_34' title="bbox 459 3494 2049 3573; baseline 0.001 -18"><span class='ocrx_word' id='word_1_261' title='bbox 459 3512 715 3555; x_wconf 89' lang='lat' dir='ltr'><strong>sermone</strong></span> <span class='ocrx_word' id='word_1_262' title='bbox 741 3494 1018 3554; x_wconf 81' lang='lat' dir='ltr'><strong>fateatur?</strong></span> <span class='ocrx_word' id='word_1_263' title='bbox 1042 3496 1117 3573; x_wconf 87' lang='lat' dir='ltr'><strong>(ll</strong></span> <span class='ocrx_word' id='word_1_264' title='bbox 1146 3495 1264 3555; x_wconf 88' lang='lat' dir='ltr'><strong>Cor.</strong></span> <span class='ocrx_word' id='word_1_265' title='bbox 1286 3514 1363 3565; x_wconf 76' lang='grc' dir='ltr'><strong>χι,</strong></span> <span class='ocrx_word' id='word_1_266' title='bbox 1396 3496 1489 3571; x_wconf 84' lang='grc'><strong>6.)</strong></span> <span class='ocrx_word' id='word_1_267' title='bbox 1518 3512 1622 3570; x_wconf 90' lang='lat' dir='ltr'><strong>quo</strong></span> <span class='ocrx_word' id='word_1_268' title='bbox 1650 3499 1863 3555; x_wconf 87' lang='lat' dir='ltr'><strong>tandem</strong></span> <span class='ocrx_word' id='word_1_269' title='bbox 1889 3500 2049 3557; x_wconf 88' lang='lat' dir='ltr'><strong>modo</strong></span> 
     </span>
    </p>
   </div>
   <div class='ocr_carea' id='block_1_35' title="bbox 454 3586 2049 3665">
    <p class='ocr_par' dir='ltr' id='par_1_35' title="bbox 454 3586 2049 3665">
     <span class='ocr_line' id='line_1_35' title="bbox 454 3586 2049 3665; baseline 0.004 -21"><span class='ocrx_word' id='word_1_270' title='bbox 454 3590 619 3645; x_wconf 91' lang='lat' dir='ltr'><strong>istum</strong></span> <span class='ocrx_word' id='word_1_271' title='bbox 643 3586 993 3645; x_wconf 79' lang='lat' dir='ltr'><strong>refellendum</strong></span> <span class='ocrx_word' id='word_1_272' title='bbox 1034 3589 1356 3645; x_wconf 81' lang='lat' dir='ltr'><strong>arbitraris?</strong></span> <span class='ocrx_word' id='word_1_273' title='bbox 1386 3590 1482 3644; x_wconf 86' lang='lat' dir='ltr'><strong>Ad.</strong></span> <span class='ocrx_word' id='word_1_274' title='bbox 1523 3589 1665 3646; x_wconf 85' lang='lat' dir='ltr'><strong>Nihil</strong></span> <span class='ocrx_word' id='word_1_275' title='bbox 1693 3588 1867 3648; x_wconf 86' lang='lat' dir='ltr'><strong>habeo</strong></span> <span class='ocrx_word' id='word_1_276' title='bbox 1906 3592 2049 3665; x_wconf 89' lang='lat' dir='ltr'><strong>quod</strong></span> 
     </span>
    </p>
   </div>
   <div class='ocr_carea' id='block_1_36' title="bbox 454 3682 2044 3756">
    <p class='ocr_par' dir='ltr' id='par_1_36' title="bbox 454 3682 2044 3756">
     <span class='ocr_line' id='line_1_36' title="bbox 454 3682 2044 3756; baseline 0.002 -17"><span class='ocrx_word' id='word_1_277' title='bbox 454 3682 843 3750; x_wconf 75' lang='lat' dir='ltr'><strong>contradicere,</strong></span> <span class='ocrx_word' id='word_1_278' title='bbox 880 3691 935 3739; x_wconf 92' lang='lat' dir='ltr'><strong>et</strong></span> <span class='ocrx_word' id='word_1_279' title='bbox 962 3691 1015 3739; x_wconf 90' lang='lat' dir='ltr'><strong>te</strong></span> <span class='ocrx_word' id='word_1_280' title='bbox 1044 3694 1139 3738; x_wconf 92' lang='lat' dir='ltr'><strong>ero</strong></span> <span class='ocrx_word' id='word_1_281' title='bbox 1164 3691 1222 3738; x_wconf 92' lang='lat' dir='ltr'><strong>ut</strong></span> <span class='ocrx_word' id='word_1_282' title='bbox 1259 3684 1486 3755; x_wconf 87' lang='lat' dir='ltr'><strong>aliquem</strong></span> <span class='ocrx_word' id='word_1_283' title='bbox 1528 3683 1596 3739; x_wconf 89' lang='lat' dir='ltr'><strong>de</strong></span> <span class='ocrx_word' id='word_1_284' title='bbox 1639 3683 1745 3740; x_wconf 89' lang='lat' dir='ltr'><strong>illis</strong></span> <span class='ocrx_word' id='word_1_285' title='bbox 1776 3686 2044 3756; x_wconf 83' lang='lat' dir='ltr'><strong>reperias,</strong></span> 
     </span>
    </p>
   </div>
   <div class='ocr_carea' id='block_1_37' title="bbox 456 3773 2049 3851">
    <p class='ocr_par' dir='ltr' id='par_1_37' title="bbox 456 3773 2049 3851">
     <span class='ocr_line' id='line_1_37' title="bbox 456 3773 2049 3851; baseline 0.003 -22"><span class='ocrx_word' id='word_1_286' title='bbox 456 3774 650 3846; x_wconf 84' lang='lat' dir='ltr'><strong>quibus</strong></span> <span class='ocrx_word' id='word_1_287' title='bbox 677 3773 959 3830; x_wconf 91' lang='lat' dir='ltr'><strong>verborum</strong></span> <span class='ocrx_word' id='word_1_288' title='bbox 986 3774 1170 3829; x_wconf 88' lang='lat' dir='ltr'><strong>notitia</strong></span> <span class='ocrx_word' id='word_1_289' title='bbox 1195 3786 1400 3829; x_wconf 89' lang='lat' dir='ltr'><strong>summa</strong></span> <span class='ocrx_word' id='word_1_290' title='bbox 1429 3775 1756 3842; x_wconf 87' lang='lat' dir='ltr'><strong>conceditur,</strong></span> <span class='ocrx_word' id='word_1_291' title='bbox 1786 3777 1939 3847; x_wconf 87' lang='lat' dir='ltr'><strong>cujus</strong></span> <span class='ocrx_word' id='word_1_292' title='bbox 1955 3792 2049 3851; x_wconf 81' lang='lat' dir='ltr'><strong>au-</strong></span> 
     </span>
    </p>
   </div>
   <div class='ocr_carea' id='block_1_38' title="bbox 456 3862 2050 3939">
    <p class='ocr_par' dir='ltr' id='par_1_38' title="bbox 456 3862 2050 3939">
     <span class='ocr_line' id='line_1_38' title="bbox 456 3862 2050 3939; baseline 0.001 -17"><span class='ocrx_word' id='word_1_293' title='bbox 456 3868 702 3922; x_wconf 88' lang='lat' dir='ltr'><strong>ctoritate</strong></span> <span class='ocrx_word' id='word_1_294' title='bbox 731 3867 909 3937; x_wconf 88' lang='lat' dir='ltr'><strong>potius</strong></span> <span class='ocrx_word' id='word_1_295' title='bbox 952 3864 1004 3921; x_wconf 90' lang='lat' dir='ltr'><strong>id</strong></span> <span class='ocrx_word' id='word_1_296' title='bbox 1042 3866 1180 3935; x_wconf 89' lang='lat' dir='ltr'><strong>quod</strong></span> <span class='ocrx_word' id='word_1_297' title='bbox 1226 3866 1375 3935; x_wconf 87' lang='lat' dir='ltr'><strong>cupis</strong></span> <span class='ocrx_word' id='word_1_298' title='bbox 1421 3862 1643 3922; x_wconf 74' lang='lat' dir='ltr'><strong>efficias.</strong></span> <span class='ocrx_word' id='word_1_299' title='bbox 1694 3867 1824 3939; x_wconf 82' lang='lat' dir='ltr'><strong><em>Aug.</em></strong></span> <span class='ocrx_word' id='word_1_300' title='bbox 1876 3864 2050 3924; x_wconf 80' lang='lat' dir='ltr'><strong>Minus</strong></span> 
     </span>
    </p>
   </div>
   <div class='ocr_carea' id='block_1_39' title="bbox 455 3958 2049 4034">
    <p class='ocr_par' dir='ltr' id='par_1_39' title="bbox 455 3958 2049 4034">
     <span class='ocr_line' id='line_1_39' title="bbox 455 3958 2049 4034; baseline 0.001 -17"><span class='ocrx_word' id='word_1_301' title='bbox 455 3963 599 4018; x_wconf 89' lang='lat' dir='ltr'><strong>enim</strong></span> <span class='ocrx_word' id='word_1_302' title='bbox 628 3962 721 4017; x_wconf 89' lang='lat' dir='ltr'><strong>tibi</strong></span> <span class='ocrx_word' id='word_1_303' title='bbox 744 3960 954 4017; x_wconf 89' lang='lat' dir='ltr'><strong>videtur</strong></span> <span class='ocrx_word' id='word_1_304' title='bbox 978 3960 1165 4015; x_wconf 87' lang='lat' dir='ltr'><strong>idonea</strong></span> <span class='ocrx_word' id='word_1_305' title='bbox 1190 4002 1204 4026; x_wconf 93' lang='lat'><strong>,</strong></span> <span class='ocrx_word' id='word_1_306' title='bbox 1238 3958 1456 4015; x_wconf 87' lang='lat' dir='ltr'><strong>remotis</strong></span> <span class='ocrx_word' id='word_1_307' title='bbox 1485 3961 1906 4029; x_wconf 86' lang='lat' dir='ltr'><strong>auctoritatibus,</strong></span> <span class='ocrx_word' id='word_1_308' title='bbox 1933 3962 2049 4034; x_wconf 81' lang='lat' dir='ltr'><strong>ipsa</strong></span> 
     </span>
    </p>
   </div>
   <div class='ocr_carea' id='block_1_40' title="bbox 454 4050 2048 4126">
    <p class='ocr_par' dir='ltr' id='par_1_40' title="bbox 454 4050 2048 4126">
     <span class='ocr_line' id='line_1_40' title="bbox 454 4050 2048 4126; baseline 0 -16"><span class='ocrx_word' id='word_1_309' title='bbox 454 4055 616 4121; x_wconf 89' lang='lat' dir='ltr'><strong>ratio,</strong></span> <span class='ocrx_word' id='word_1_310' title='bbox 640 4070 743 4126; x_wconf 90' lang='lat' dir='ltr'><strong>qua</strong></span> <span class='ocrx_word' id='word_1_311' title='bbox 772 4053 1168 4109; x_wconf 76' lang='lat' dir='ltr'><strong>demonstratur</strong></span> <span class='ocrx_word' id='word_1_312' title='bbox 1188 4050 1433 4108; x_wconf 80' lang='lat' dir='ltr'><strong>omnibus</strong></span> <span class='ocrx_word' id='word_1_313' title='bbox 1456 4052 1694 4124; x_wconf 79' lang='lat' dir='ltr'><strong>partibtts</strong></span> <span class='ocrx_word' id='word_1_314' title='bbox 1714 4054 1969 4110; x_wconf 84' lang='lat' dir='ltr'><strong>orationis</strong></span> <span class='ocrx_word' id='word_1_315' title='bbox 1985 4056 2048 4110; x_wconf 87' lang='lat' dir='ltr'><strong>si-</strong></span> 
     </span>
    </p>
   </div>
   <div class='ocr_carea' id='block_1_41' title="bbox 455 4143 2043 4220">
    <p class='ocr_par' dir='ltr' id='par_1_41' title="bbox 455 4143 2043 4220">
     <span class='ocr_line' id='line_1_41' title="bbox 455 4143 2043 4220; baseline -0.003 -15"><span class='ocrx_word' id='word_1_316' title='bbox 455 4148 689 4220; x_wconf 83' lang='lat' dir='ltr'><strong>gniﬁcari</strong></span> <span class='ocrx_word' id='word_1_317' title='bbox 708 4144 927 4219; x_wconf 90' lang='lat' dir='ltr'><strong>aliquid,</strong></span> <span class='ocrx_word' id='word_1_318' title='bbox 945 4156 997 4201; x_wconf 91' lang='lat' dir='ltr'><strong>et</strong></span> <span class='ocrx_word' id='word_1_319' title='bbox 1015 4158 1081 4202; x_wconf 80' lang='lat' dir='ltr'><strong>ex</strong></span> <span class='ocrx_word' id='word_1_320' title='bbox 1108 4143 1446 4217; x_wconf 84' lang='lat' dir='ltr'><strong>ee&#39;appellari</strong></span> <span class='ocrx_word' id='word_1_321' title='bbox 1467 4162 1481 4211; x_wconf 93' lang='lat'><strong>;</strong></span> <span class='ocrx_word' id='word_1_322' title='bbox 1506 4144 1550 4200; x_wconf 90' lang='lat' dir='ltr'><strong>si</strong></span> <span class='ocrx_word' id='word_1_323' title='bbox 1569 4156 1745 4201; x_wconf 88' lang='lat' dir='ltr'><strong>autem</strong></span> <span class='ocrx_word' id='word_1_324' title='bbox 1767 4147 2043 4217; x_wconf 86' lang='lat' dir='ltr'><strong>appellari,</strong></span> 
     </span>
    </p>
   </div>
   <div class='ocr_carea' id='block_1_42' title="bbox 456 4238 2042 4309">
    <p class='ocr_par' dir='ltr' id='par_1_42' title="bbox 456 4238 2042 4309">
     <span class='ocr_line' id='line_1_42' title="bbox 456 4238 2042 4309; baseline -0.002 -13"><span class='ocrx_word' id='word_1_325' title='bbox 456 4248 511 4296; x_wconf 90' lang='lat' dir='ltr'><strong>et</strong></span> <span class='ocrx_word' id='word_1_326' title='bbox 535 4240 831 4309; x_wconf 64' lang='lat' dir='ltr'><strong>nominari;</strong></span> <span class='ocrx_word' id='word_1_327' title='bbox 855 4239 898 4293; x_wconf 90' lang='lat' dir='ltr'><strong>si</strong></span> <span class='ocrx_word' id='word_1_328' title='bbox 926 4238 1213 4305; x_wconf 88' lang='lat' dir='ltr'><strong>nominari,</strong></span> <span class='ocrx_word' id='word_1_329' title='bbox 1253 4239 1468 4295; x_wconf 89' lang='lat' dir='ltr'><strong>nomine</strong></span> <span class='ocrx_word' id='word_1_330' title='bbox 1508 4239 1690 4309; x_wconf 87' lang='lat' dir='ltr'><strong>utique</strong></span> <span class='ocrx_word' id='word_1_331' title='bbox 1732 4239 1998 4293; x_wconf 89' lang='lat' dir='ltr'><strong>nominari</strong></span> <span class='ocrx_word' id='word_1_332' title='bbox 2030 4258 2042 4293; x_wconf 92' lang='lat'><strong>:</strong></span> 
     </span>
    </p>
   </div>
   <div class='ocr_carea' id='block_1_43' title="bbox 454 4329 2045 4403">
    <p class='ocr_par' dir='ltr' id='par_1_43' title="bbox 454 4329 2045 4403">
     <span class='ocr_line' id='line_1_43' title="bbox 454 4329 2045 4403; baseline -0.003 -15"><span class='ocrx_word' id='word_1_333' title='bbox 454 4332 597 4403; x_wconf 91' lang='lat' dir='ltr'><strong>quod</strong></span> <span class='ocrx_word' id='word_1_334' title='bbox 627 4333 681 4387; x_wconf 91' lang='lat' dir='ltr'><strong>in</strong></span> <span class='ocrx_word' id='word_1_335' title='bbox 706 4331 932 4388; x_wconf 90' lang='lat' dir='ltr'><strong>diversis</strong></span> <span class='ocrx_word' id='word_1_336' title='bbox 956 4329 1147 4401; x_wconf 83' lang='lat' dir='ltr'><strong>linguis</strong></span> <span class='ocrx_word' id='word_1_337' title='bbox 1172 4330 1424 4385; x_wconf 79' lang='lat' dir='ltr'><strong>facillime</strong></span> <span class='ocrx_word' id='word_1_338' title='bbox 1440 4329 1727 4401; x_wconf 66' lang='lat' dir='ltr'><strong>judicatm‘.</strong></span> <span class='ocrx_word' id='word_1_339' title='bbox 1756 4330 1885 4399; x_wconf 87' lang='lat' dir='ltr'><strong>Quis</strong></span> <span class='ocrx_word' id='word_1_340' title='bbox 1903 4332 2045 4386; x_wconf 89' lang='lat' dir='ltr'><strong>enim</strong></span> 
     </span>
    </p>
   </div>
   <div class='ocr_carea' id='block_1_44' title="bbox 452 4421 2046 4496">
    <p class='ocr_par' dir='ltr' id='par_1_44' title="bbox 452 4421 2046 4496">
     <span class='ocr_line' id='line_1_44' title="bbox 452 4421 2046 4496; baseline -0.001 -15"><span class='ocrx_word' id='word_1_341' title='bbox 452 4440 562 4481; x_wconf 91' lang='lat' dir='ltr'><strong>non</strong></span> <span class='ocrx_word' id='word_1_342' title='bbox 591 4425 788 4488; x_wconf 87' lang='lat' dir='ltr'><strong>videat,</strong></span> <span class='ocrx_word' id='word_1_343' title='bbox 816 4422 861 4479; x_wconf 85' lang='lat' dir='ltr'><strong>si</strong></span> <span class='ocrx_word' id='word_1_344' title='bbox 890 4438 1098 4496; x_wconf 68' lang='lat' dir='ltr'><strong>qumras</strong></span> <span class='ocrx_word' id='word_1_345' title='bbox 1123 4423 1248 4496; x_wconf 84' lang='lat' dir='ltr'><strong>quid</strong></span> <span class='ocrx_word' id='word_1_346' title='bbox 1277 4421 1448 4480; x_wconf 83' lang='lat' dir='ltr'><strong>Graeci</strong></span> <span class='ocrx_word' id='word_1_347' title='bbox 1472 4425 1752 4479; x_wconf 90' lang='lat' dir='ltr'><strong>nominent</strong></span> <span class='ocrx_word' id='word_1_348' title='bbox 1779 4423 1919 4495; x_wconf 92' lang='lat' dir='ltr'><strong>quod</strong></span> <span class='ocrx_word' id='word_1_349' title='bbox 1948 4437 2046 4479; x_wconf 93' lang='lat' dir='ltr'><strong>nos</strong></span> 
     </span>
    </p>
   </div>
   <div class='ocr_carea' id='block_1_45' title="bbox 453 4512 2044 4594">
    <p class='ocr_par' dir='ltr' id='par_1_45' title="bbox 453 4512 2044 4594">
     <span class='ocr_line' id='line_1_45' title="bbox 453 4512 2044 4594; baseline -0.001 -23"><span class='ocrx_word' id='word_1_350' title='bbox 453 4516 814 4594; x_wconf 78' lang='lat' dir='ltr'><strong>neminamus,</strong></span> <span class='ocrx_word' id='word_1_351' title='bbox 850 4514 1002 4583; x_wconf 79' lang='lat' dir='ltr'><strong>Quis,</strong></span> <span class='ocrx_word' id='word_1_352' title='bbox 1021 4514 1354 4587; x_wconf 89' lang='lat' dir='ltr'><strong>responderi,</strong></span> <span class='ocrx_word' id='word_1_353' title='bbox 1387 4526 1456 4575; x_wconf 75' lang='grc' dir='ltr'><strong>τίς</strong></span> <span class='ocrx_word' id='word_1_354' title='bbox 1476 4512 1632 4585; x_wconf 71' lang='grc' dir='ltr'><strong>οᾳιιῑά</strong></span> <span class='ocrx_word' id='word_1_355' title='bbox 1664 4512 1844 4570; x_wconf 83' lang='lat' dir='ltr'><strong>&#39;Graeci</strong></span> <span class='ocrx_word' id='word_1_356' title='bbox 1867 4514 2044 4569; x_wconf 85' lang='lat' dir='ltr'><strong>nomi-</strong></span> 
     </span>
    </p>
   </div>
   <div class='ocr_carea' id='block_1_46' title="bbox 450 4602 2038 4677">
    <p class='ocr_par' dir='ltr' id='par_1_46' title="bbox 450 4602 2038 4677">
     <span class='ocr_line' id='line_1_46' title="bbox 450 4602 2038 4677; baseline -0.002 -15"><span class='ocrx_word' id='word_1_357' title='bbox 450 4615 583 4662; x_wconf 88' lang='lat' dir='ltr'><strong>nent</strong></span> <span class='ocrx_word' id='word_1_358' title='bbox 623 4607 763 4677; x_wconf 88' lang='lat' dir='ltr'><strong>quod</strong></span> <span class='ocrx_word' id='word_1_359' title='bbox 791 4621 889 4663; x_wconf 94' lang='lat' dir='ltr'><strong>nos</strong></span> <span class='ocrx_word' id='word_1_360' title='bbox 920 4608 1275 4672; x_wconf 86' lang='lat' dir='ltr'><strong>nominamus,</strong></span> <span class='ocrx_word' id='word_1_361' title='bbox 1318 4602 1473 4670; x_wconf 82' lang='lat' dir='ltr'><strong>Volo,</strong></span> <span class='ocrx_word' id='word_1_362' title='bbox 1514 4603 1848 4673; x_wconf 88' lang='lat' dir='ltr'><strong>responderi,</strong></span> <span class='ocrx_word' id='word_1_363' title='bbox 1877 4613 1990 4659; x_wconf 73' lang='grc' dir='ltr'><strong>θέλω</strong></span> <span class='ocrx_word' id='word_1_364' title='bbox 2024 4620 2038 4637; x_wconf 85' lang='grc'><strong>·</strong></span> 
     </span>
    </p>
   </div>
   <div class='ocr_carea' id='block_1_47' title="bbox 456 4695 2039 4769">
    <p class='ocr_par' dir='ltr' id='par_1_47' title="bbox 456 4695 2039 4769">
     <span class='ocr_line' id='line_1_47' title="bbox 456 4695 2039 4769; baseline 0.001 -18"><span class='ocrx_word' id='word_1_365' title='bbox 456 4697 585 4769; x_wconf 90' lang='lat' dir='ltr'><strong>quid</strong></span> <span class='ocrx_word' id='word_1_366' title='bbox 619 4698 789 4754; x_wconf 71' lang='lat' dir='ltr'><strong>Grzeci</strong></span> <span class='ocrx_word' id='word_1_367' title='bbox 836 4699 1111 4755; x_wconf 90' lang='lat' dir='ltr'><strong>nominent</strong></span> <span class='ocrx_word' id='word_1_368' title='bbox 1158 4695 1301 4769; x_wconf 89' lang='lat' dir='ltr'><strong>quod</strong></span> <span class='ocrx_word' id='word_1_369' title='bbox 1350 4711 1449 4753; x_wconf 90' lang='lat' dir='ltr'><strong>nos</strong></span> <span class='ocrx_word' id='word_1_370' title='bbox 1486 4697 1845 4760; x_wconf 89' lang='lat' dir='ltr'><strong>nominamus,</strong></span> <span class='ocrx_word' id='word_1_371' title='bbox 1875 4695 2039 4765; x_wconf 87' lang='lat' dir='ltr'><strong>Bene,</strong></span> 
     </span>
    </p>
   </div>
   <div class='ocr_carea' id='block_1_48' title="bbox 458 4786 2043 4861">
    <p class='ocr_par' dir='ltr' id='par_1_48' title="bbox 458 4786 2043 4861">
     <span class='ocr_line' id='line_1_48' title="bbox 458 4786 2043 4861; baseline -0.001 -16"><span class='ocrx_word' id='word_1_372' title='bbox 458 4789 793 4860; x_wconf 89' lang='lat' dir='ltr'><strong>responderi,</strong></span> <span class='ocrx_word' id='word_1_373' title='bbox 842 4799 1027 4854; x_wconf 70' lang='grc' dir='ltr'><strong>καλῶς’</strong></span> <span class='ocrx_word' id='word_1_374' title='bbox 1077 4787 1206 4861; x_wconf 88' lang='lat' dir='ltr'><strong>quid</strong></span> <span class='ocrx_word' id='word_1_375' title='bbox 1230 4786 1407 4846; x_wconf 70' lang='lat' dir='ltr'><strong>Grtcci</strong></span> <span class='ocrx_word' id='word_1_376' title='bbox 1448 4790 1727 4844; x_wconf 86' lang='lat' dir='ltr'><strong>nominent</strong></span> <span class='ocrx_word' id='word_1_377' title='bbox 1769 4788 1910 4859; x_wconf 87' lang='lat' dir='ltr'><strong>quod</strong></span> <span class='ocrx_word' id='word_1_378' title='bbox 1945 4802 2043 4844; x_wconf 89' lang='lat' dir='ltr'><strong>nos</strong></span> 
     </span>
    </p>
   </div>
   <div class='ocr_carea' id='block_1_49' title="bbox 457 4870 2035 4951">
    <p class='ocr_par' dir='ltr' id='par_1_49' title="bbox 457 4870 2035 4951">
     <span class='ocr_line' id='line_1_49' title="bbox 457 4870 2035 4951; baseline -0.003 -15"><span class='ocrx_word' id='word_1_379' title='bbox 457 4879 819 4943; x_wconf 87' lang='lat' dir='ltr'><strong>nominamus,</strong></span> <span class='ocrx_word' id='word_1_380' title='bbox 858 4870 1145 4951; x_wconf 87' lang='lat' dir='ltr'><strong>Scriptum,</strong></span> <span class='ocrx_word' id='word_1_381' title='bbox 1196 4879 1531 4950; x_wconf 88' lang='lat' dir='ltr'><strong>responderi,</strong></span> <span class='ocrx_word' id='word_1_382' title='bbox 1581 4888 1634 4935; x_wconf 74' lang='grc' dir='ltr'><strong><em>τὸ</em></strong></span> <span class='ocrx_word' id='word_1_383' title='bbox 1670 4888 1990 4948; x_wconf 71' lang='grc' dir='ltr'><strong>γεγραμμένον</strong></span> <span class='ocrx_word' id='word_1_384' title='bbox 2023 4893 2035 4907; x_wconf 93' lang='grc'><strong>·</strong></span> 
     </span>
    </p>
   </div>
   <div class='ocr_carea' id='block_1_50' title="bbox 453 4969 2040 5042">
    <p class='ocr_par' dir='ltr' id='par_1_50' title="bbox 453 4969 2040 5042">
     <span class='ocr_line' id='line_1_50' title="bbox 453 4969 2040 5042; baseline -0.001 -16"><span class='ocrx_word' id='word_1_385' title='bbox 453 4971 581 5042; x_wconf 90' lang='lat' dir='ltr'><strong>quid</strong></span> <span class='ocrx_word' id='word_1_386' title='bbox 623 4969 792 5026; x_wconf 72' lang='lat' dir='ltr'><strong>Gra-ci</strong></span> <span class='ocrx_word' id='word_1_387' title='bbox 820 4972 1091 5026; x_wconf 87' lang='lat' dir='ltr'><strong>nominent</strong></span> <span class='ocrx_word' id='word_1_388' title='bbox 1117 4970 1261 5042; x_wconf 91' lang='lat' dir='ltr'><strong>quod</strong></span> <span class='ocrx_word' id='word_1_389' title='bbox 1290 4985 1388 5026; x_wconf 92' lang='lat' dir='ltr'><strong>nos</strong></span> <span class='ocrx_word' id='word_1_390' title='bbox 1426 4971 1801 5038; x_wconf 87' lang='lat' dir='ltr'><strong>nominamus,</strong></span> <span class='ocrx_word' id='word_1_391' title='bbox 1837 4970 1920 5038; x_wconf 86' lang='lat' dir='ltr'><strong>Et,</strong></span> <span class='ocrx_word' id='word_1_392' title='bbox 1949 4984 2040 5025; x_wconf 81' lang='lat' dir='ltr'><strong>re-</strong></span> 
     </span>
    </p>
   </div>
   <div class='ocr_carea' id='block_1_51' title="bbox 457 5058 2037 5135">
    <p class='ocr_par' dir='ltr' id='par_1_51' title="bbox 457 5058 2037 5135">
     <span class='ocr_line' id='line_1_51' title="bbox 457 5058 2037 5135; baseline -0.002 -16"><span class='ocrx_word' id='word_1_393' title='bbox 457 5061 737 5135; x_wconf 88' lang='lat' dir='ltr'><strong>sponderi,</strong></span> <span class='ocrx_word' id='word_1_394' title='bbox 758 5065 839 5114; x_wconf 76' lang='grc' dir='ltr'><strong>καὶ</strong></span> <span class='ocrx_word' id='word_1_395' title='bbox 864 5078 876 5091; x_wconf 95' lang='grc'><strong>·</strong></span> <span class='ocrx_word' id='word_1_396' title='bbox 909 5060 1033 5130; x_wconf 89' lang='lat' dir='ltr'><strong>quid</strong></span> <span class='ocrx_word' id='word_1_397' title='bbox 1055 5060 1227 5116; x_wconf 65' lang='lat' dir='ltr'><strong>Graeci</strong></span> <span class='ocrx_word' id='word_1_398' title='bbox 1251 5062 1529 5117; x_wconf 88' lang='lat' dir='ltr'><strong>nominent</strong></span> <span class='ocrx_word' id='word_1_399' title='bbox 1554 5058 1696 5133; x_wconf 90' lang='lat' dir='ltr'><strong>quod</strong></span> <span class='ocrx_word' id='word_1_400' title='bbox 1740 5073 1840 5116; x_wconf 90' lang='lat' dir='ltr'><strong>nos</strong></span> <span class='ocrx_word' id='word_1_401' title='bbox 1864 5062 2037 5117; x_wconf 80' lang='lat' dir='ltr'><strong>nemi-</strong></span> 
     </span>
    </p>
   </div>
   <div class='ocr_carea' id='block_1_52' title="bbox 459 5149 2043 5223">
    <p class='ocr_par' dir='ltr' id='par_1_52' title="bbox 459 5149 2043 5223">
     <span class='ocr_line' id='line_1_52' title="bbox 459 5149 2043 5223; baseline -0.001 -13"><span class='ocrx_word' id='word_1_402' title='bbox 459 5168 673 5221; x_wconf 80' lang='lat' dir='ltr'><strong>namus,</strong></span> <span class='ocrx_word' id='word_1_403' title='bbox 707 5151 789 5207; x_wconf 82' lang='lat' dir='ltr'><strong><em>Ab</em></strong></span> <span class='ocrx_word' id='word_1_404' title='bbox 813 5194 827 5217; x_wconf 92' lang='lat'><strong>,</strong></span> <span class='ocrx_word' id='word_1_405' title='bbox 864 5149 1196 5221; x_wconf 85' lang='lat' dir='ltr'><strong>responderi,</strong></span> <span class='ocrx_word' id='word_1_406' title='bbox 1222 5152 1317 5207; x_wconf 77' lang='grc' dir='ltr'><strong>ἀπὸ</strong></span> <span class='ocrx_word' id='word_1_407' title='bbox 1353 5170 1366 5186; x_wconf 88' lang='grc'><strong>·</strong></span> <span class='ocrx_word' id='word_1_408' title='bbox 1398 5150 1524 5223; x_wconf 87' lang='lat' dir='ltr'><strong>quid</strong></span> <span class='ocrx_word' id='word_1_409' title='bbox 1558 5150 1734 5208; x_wconf 69' lang='grc' dir='ltr'><strong>(Ξτωεὶ</strong></span> <span class='ocrx_word' id='word_1_410' title='bbox 1764 5150 2043 5209; x_wconf 87' lang='lat' dir='ltr'><strong>nominent</strong></span> 
     </span>
    </p>
   </div>
   <div class='ocr_carea' id='block_1_53' title="bbox 452 5240 2042 5317">
    <p class='ocr_par' dir='ltr' id='par_1_53' title="bbox 452 5240 2042 5317">
     <span class='ocr_line' id='line_1_53' title="bbox 452 5240 2042 5317; baseline -0.001 -17"><span class='ocrx_word' id='word_1_411' title='bbox 452 5246 593 5317; x_wconf 91' lang='lat' dir='ltr'><strong>quod</strong></span> <span class='ocrx_word' id='word_1_412' title='bbox 615 5260 711 5300; x_wconf 90' lang='lat' dir='ltr'><strong>nos</strong></span> <span class='ocrx_word' id='word_1_413' title='bbox 725 5243 1082 5309; x_wconf 89' lang='lat' dir='ltr'><strong>nominamus,</strong></span> <span class='ocrx_word' id='word_1_414' title='bbox 1104 5240 1235 5306; x_wconf 80' lang='lat' dir='ltr'><strong>Heu,</strong></span> <span class='ocrx_word' id='word_1_415' title='bbox 1258 5240 1590 5313; x_wconf 89' lang='lat' dir='ltr'><strong>responderi,</strong></span> <span class='ocrx_word' id='word_1_416' title='bbox 1615 5252 1688 5297; x_wconf 75' lang='grc' dir='ltr'><strong>οῖ’</strong></span> <span class='ocrx_word' id='word_1_417' title='bbox 1716 5246 1940 5314; x_wconf 87' lang='lat' dir='ltr'><strong>atquein</strong></span> <span class='ocrx_word' id='word_1_418' title='bbox 1956 5244 2042 5300; x_wconf 82' lang='lat' dir='ltr'><strong>his</strong></span> 
     </span>
    </p>
   </div>
   <div class='ocr_carea' id='block_1_54' title="bbox 454 5334 2042 5407">
    <p class='ocr_par' dir='ltr' id='par_1_54' title="bbox 454 5334 2042 5407">
     <span class='ocr_line' id='line_1_54' title="bbox 454 5334 2042 5407; baseline 0 -14"><span class='ocrx_word' id='word_1_419' title='bbox 454 5338 705 5394; x_wconf 90' lang='lat' dir='ltr'><strong>omnibus</strong></span> <span class='ocrx_word' id='word_1_420' title='bbox 726 5336 964 5407; x_wconf 91' lang='lat' dir='ltr'><strong>partibus</strong></span> <span class='ocrx_word' id='word_1_421' title='bbox 989 5334 1266 5400; x_wconf 87' lang='lat' dir='ltr'><strong>orationis,</strong></span> <span class='ocrx_word' id='word_1_422' title='bbox 1293 5348 1423 5404; x_wconf 90' lang='lat' dir='ltr'><strong>quas</strong></span> <span class='ocrx_word' id='word_1_423' title='bbox 1450 5340 1589 5388; x_wconf 83' lang='lat' dir='ltr'><strong>nunc</strong></span> <span class='ocrx_word' id='word_1_424' title='bbox 1604 5336 1934 5403; x_wconf 84' lang='lat' dir='ltr'><strong>enumeravi,</strong></span> <span class='ocrx_word' id='word_1_425' title='bbox 1963 5350 2042 5393; x_wconf 63' lang='lat' dir='ltr'><strong>re</strong></span> 
     </span>
    </p>
   </div>
   <div class='ocr_carea' id='block_1_55' title="bbox 452 5422 2040 5499">
    <p class='ocr_par' dir='ltr' id='par_1_55' title="bbox 452 5422 2040 5499">
     <span class='ocr_line' id='line_1_55' title="bbox 452 5422 2040 5499; baseline 0.001 -15"><span class='ocrx_word' id='word_1_426' title='bbox 452 5440 540 5485; x_wconf 90' lang='lat' dir='ltr'><strong>cte</strong></span> <span class='ocrx_word' id='word_1_427' title='bbox 566 5430 712 5499; x_wconf 81' lang='lat' dir='ltr'><strong>loqui</strong></span> <span class='ocrx_word' id='word_1_428' title='bbox 743 5444 862 5483; x_wconf 91' lang='lat' dir='ltr'><strong>eum</strong></span> <span class='ocrx_word' id='word_1_429' title='bbox 878 5426 1063 5499; x_wconf 86' lang='lat' dir='ltr'><strong>quisic</strong></span> <span class='ocrx_word' id='word_1_430' title='bbox 1080 5427 1401 5497; x_wconf 81' lang='lat' dir='ltr'><strong>interroget:</strong></span> <span class='ocrx_word' id='word_1_431' title='bbox 1420 5422 1583 5496; x_wconf 78' lang='lat' dir='ltr'><strong>quod,</strong></span> <span class='ocrx_word' id='word_1_432' title='bbox 1602 5424 1701 5480; x_wconf 86' lang='lat' dir='ltr'><strong>nisi</strong></span> <span class='ocrx_word' id='word_1_433' title='bbox 1716 5427 1927 5482; x_wconf 85' lang='lat' dir='ltr'><strong>nemina</strong></span> <span class='ocrx_word' id='word_1_434' title='bbox 1953 5440 2040 5485; x_wconf 85' lang='lat' dir='ltr'><strong>es-</strong></span> 
     </span>
    </p>
   </div>
   <div class='ocr_carea' id='block_1_56' title="bbox 458 5518 2042 5592">
    <p class='ocr_par' dir='ltr' id='par_1_56' title="bbox 458 5518 2042 5592">
     <span class='ocr_line' id='line_1_56' title="bbox 458 5518 2042 5592; baseline -0.001 -13"><span class='ocrx_word' id='word_1_435' title='bbox 458 5522 727 5590; x_wconf 79' lang='lat' dir='ltr'><strong>sent,ueri</strong></span> <span class='ocrx_word' id='word_1_436' title='bbox 757 5538 859 5578; x_wconf 90' lang='lat' dir='ltr'><strong>non</strong></span> <span class='ocrx_word' id='word_1_437' title='bbox 878 5521 1092 5592; x_wconf 86' lang='lat' dir='ltr'><strong>posset?</strong></span> <span class='ocrx_word' id='word_1_438' title='bbox 1107 5520 1215 5575; x_wconf 88' lang='lat' dir='ltr'><strong>llac</strong></span> <span class='ocrx_word' id='word_1_439' title='bbox 1234 5535 1359 5590; x_wconf 80' lang='lat' dir='ltr'><strong>ergo</strong></span> <span class='ocrx_word' id='word_1_440' title='bbox 1383 5520 1584 5575; x_wconf 89' lang='lat' dir='ltr'><strong>ratione</strong></span> <span class='ocrx_word' id='word_1_441' title='bbox 1600 5518 1821 5575; x_wconf 89' lang='lat' dir='ltr'><strong>Paulum</strong></span> <span class='ocrx_word' id='word_1_442' title='bbox 1838 5526 2042 5591; x_wconf 86' lang='lat' dir='ltr'><strong>aposto-</strong></span> 
     </span>
    </p>
   </div>
   <div class='ocr_carea' id='block_1_57' title="bbox 452 5612 2042 5684">
    <p class='ocr_par' dir='ltr' id='par_1_57' title="bbox 452 5612 2042 5684">
     <span class='ocr_line' id='line_1_57' title="bbox 452 5612 2042 5684; baseline 0 -15"><span class='ocrx_word' id='word_1_443' title='bbox 452 5615 577 5670; x_wconf 79' lang='lat' dir='ltr'><strong>lum‘</strong></span> <span class='ocrx_word' id='word_1_444' title='bbox 591 5623 735 5671; x_wconf 86' lang='lat' dir='ltr'><strong>recte</strong></span> <span class='ocrx_word' id='word_1_445' title='bbox 756 5616 986 5671; x_wconf 90' lang='lat' dir='ltr'><strong>locutum</strong></span> <span class='ocrx_word' id='word_1_446' title='bbox 1005 5624 1142 5680; x_wconf 88' lang='lat' dir='ltr'><strong>esse,</strong></span> <span class='ocrx_word' id='word_1_447' title='bbox 1161 5629 1279 5670; x_wconf 87' lang='lat' dir='ltr'><strong>cum</strong></span> <span class='ocrx_word' id='word_1_448' title='bbox 1295 5614 1518 5669; x_wconf 84' lang='lat' dir='ltr'><strong>remotis</strong></span> <span class='ocrx_word' id='word_1_449' title='bbox 1535 5613 1769 5668; x_wconf 91' lang='lat' dir='ltr'><strong>omnium</strong></span> <span class='ocrx_word' id='word_1_450' title='bbox 1791 5612 2042 5684; x_wconf 87' lang='lat' dir='ltr'><strong>eloquen-</strong></span> 
     </span>
    </p>
   </div>
   <div class='ocr_carea' id='block_1_58' title="bbox 458 5705 2043 5778">
    <p class='ocr_par' dir='ltr' id='par_1_58' title="bbox 458 5705 2043 5778">
     <span class='ocr_line' id='line_1_58' title="bbox 458 5705 2043 5778; baseline 0 -17"><span class='ocrx_word' id='word_1_451' title='bbox 458 5707 595 5761; x_wconf 87' lang='lat' dir='ltr'><strong>tium</strong></span> <span class='ocrx_word' id='word_1_452' title='bbox 636 5706 1036 5762; x_wconf 86' lang='lat' dir='ltr'><strong>auctoritatibus</strong></span> <span class='ocrx_word' id='word_1_453' title='bbox 1055 5706 1294 5762; x_wconf 87' lang='lat' dir='ltr'><strong>obtinere</strong></span> <span class='ocrx_word' id='word_1_454' title='bbox 1334 5706 1629 5778; x_wconf 86' lang='lat' dir='ltr'><strong>possimus;</strong></span> <span class='ocrx_word' id='word_1_455' title='bbox 1658 5705 1782 5775; x_wconf 88' lang='lat' dir='ltr'><strong>quid</strong></span> <span class='ocrx_word' id='word_1_456' title='bbox 1814 5720 1946 5776; x_wconf 89' lang='lat' dir='ltr'><strong>epus</strong></span> <span class='ocrx_word' id='word_1_457' title='bbox 1960 5714 2043 5761; x_wconf 89' lang='lat' dir='ltr'><strong>est</strong></span> 
     </span>
    </p>
   </div>
   <div class='ocr_carea' id='block_1_59' title="bbox 469 5796 2040 5868">
    <p class='ocr_par' dir='ltr' id='par_1_59' title="bbox 469 5796 2040 5868">
     <span class='ocr_line' id='line_1_59' title="bbox 469 5796 2040 5868; baseline -0.001 -17"><span class='ocrx_word' id='word_1_458' title='bbox 469 5811 711 5865; x_wconf 65' lang='lat' dir='ltr'><strong>quaerere</strong></span> <span class='ocrx_word' id='word_1_459' title='bbox 757 5797 906 5867; x_wconf 86' lang='lat' dir='ltr'><strong>cujus</strong></span> <span class='ocrx_word' id='word_1_460' title='bbox 941 5811 1165 5868; x_wconf 83' lang='lat' dir='ltr'><strong>persona</strong></span> <span class='ocrx_word' id='word_1_461' title='bbox 1213 5798 1472 5853; x_wconf 85' lang='lat' dir='ltr'><strong>sententia</strong></span> <span class='ocrx_word' id='word_1_462' title='bbox 1517 5803 1697 5852; x_wconf 84' lang='lat' dir='ltr'><strong>nostra</strong></span> <span class='ocrx_word' id='word_1_463' title='bbox 1756 5796 2040 5852; x_wconf 81' lang='lat' dir='ltr'><strong>fulciatur?</strong></span> 
     </span>
    </p>
   </div>
   <div class='ocr_carea' id='block_1_60' title="bbox 525 5906 1817 5975">
    <p class='ocr_par' dir='ltr' id='par_1_60' title="bbox 525 5906 1817 5975">
     <span class='ocr_line' id='line_1_60' title="bbox 525 5906 1817 5975; baseline 0.001 -18"><span class='ocrx_word' id='word_1_464' title='bbox 525 5910 540 5940; x_wconf 74' lang='grc' dir='ltr'><strong><em>ι</em></strong></span> <span class='ocrx_word' id='word_1_465' title='bbox 576 5916 681 5959; x_wconf 75' lang='lat' dir='ltr'><strong>uss.</strong></span> <span class='ocrx_word' id='word_1_466' title='bbox 707 5910 907 5969; x_wconf 78' lang='lat' dir='ltr'><strong>habent,</strong></span> <span class='ocrx_word' id='word_1_467' title='bbox 947 5910 1128 5962; x_wconf 70' lang='lat' dir='ltr'><strong>dixerit</strong></span> <span class='ocrx_word' id='word_1_468' title='bbox 1158 5910 1530 5975; x_wconf 75' lang='lat' dir='ltr'><strong>prteceperitque</strong></span> <span class='ocrx_word' id='word_1_469' title='bbox 1541 5906 1817 5961; x_wconf 72' lang='lat' dir='ltr'><strong>rectissime.</strong></span> 
     </span>
    </p>
   </div>
   <div class='ocr_carea' id='block_1_61' title="bbox 1591 438 2585 508">
    <p class='ocr_par' dir='ltr' id='par_1_61' title="bbox 1591 438 2585 508">
     <span class='ocr_line' id='line_1_61' title="bbox 1591 438 2585 508; baseline -0.003 -10"><span class='ocrx_word' id='word_1_470' title='bbox 1591 442 1679 498; x_wconf 83' lang='lat' dir='ltr'><strong>DE</strong></span> <span class='ocrx_word' id='word_1_471' title='bbox 1720 438 2086 508; x_wconf 79' lang='lat' dir='ltr'><strong>MAGISTRO,</strong></span> <span class='ocrx_word' id='word_1_472' title='bbox 2127 440 2183 495; x_wconf 82' lang='lat' dir='ltr'><strong>S.</strong></span> <span class='ocrx_word' id='word_1_473' title='bbox 2224 438 2585 499; x_wconf 58' lang='lat' dir='ltr'><strong>AUGUSTI.“</strong></span> 
     </span>
    </p>
   </div>
   <div class='ocr_carea' id='block_1_62' title="bbox 3605 444 3727 508">
    <p class='ocr_par' dir='ltr' id='par_1_62' title="bbox 3605 444 3727 508">
     <span class='ocr_line' id='line_1_62' title="bbox 3605 444 3727 508; baseline 0.033 -4"><span class='ocrx_word' id='word_1_474' title='bbox 3605 444 3727 508; x_wconf 67' lang='grc' dir='ltr'><strong>ιὲυι</strong></span> 
     </span>
    </p>
   </div>
   <div class='ocr_carea' id='block_1_63' title="bbox 2248 552 3723 632">
    <p class='ocr_par' dir='ltr' id='par_1_63' title="bbox 2248 552 3723 632">
     <span class='ocr_line' id='line_1_63' title="bbox 2248 552 3723 632; baseline 0.007 -20"><span class='ocrx_word' id='word_1_475' title='bbox 2248 558 2334 613; x_wconf 79' lang='grc'><strong>16.</strong></span> <span class='ocrx_word' id='word_1_476' title='bbox 2368 555 2471 613; x_wconf 84' lang='lat' dir='ltr'><strong>Sed</strong></span> <span class='ocrx_word' id='word_1_477' title='bbox 2505 573 2571 614; x_wconf 90' lang='lat' dir='ltr'><strong>nc</strong></span> <span class='ocrx_word' id='word_1_478' title='bbox 2610 560 2726 631; x_wconf 85' lang='lat' dir='ltr'><strong>quis</strong></span> <span class='ocrx_word' id='word_1_479' title='bbox 2755 559 2954 615; x_wconf 83' lang='lat' dir='ltr'><strong>tardior</strong></span> <span class='ocrx_word' id='word_1_480' title='bbox 2998 568 3087 616; x_wconf 88' lang='lat' dir='ltr'><strong>aut</strong></span> <span class='ocrx_word' id='word_1_481' title='bbox 3125 552 3477 632; x_wconf 77' lang='lat' dir='ltr'><strong>impudentior</strong></span> <span class='ocrx_word' id='word_1_482' title='bbox 3504 565 3723 622; x_wconf 84' lang='lat' dir='ltr'><strong>nondum</strong></span> 
     </span>
    </p>
   </div>
   <div class='ocr_carea' id='block_1_64' title="bbox 2170 648 3725 725">
    <p class='ocr_par' dir='ltr' id='par_1_64' title="bbox 2170 648 3725 725">
     <span class='ocr_line' id='line_1_64' title="bbox 2170 648 3725 725; baseline 0.005 -21"><span class='ocrx_word' id='word_1_483' title='bbox 2170 648 2344 719; x_wconf 81' lang='lat' dir='ltr'><strong>cedat,</strong></span> <span class='ocrx_word' id='word_1_484' title='bbox 2373 659 2700 724; x_wconf 84' lang='lat' dir='ltr'><strong>asseratquc,</strong></span> <span class='ocrx_word' id='word_1_485' title='bbox 2731 652 2829 706; x_wconf 91' lang='lat' dir='ltr'><strong>nisi</strong></span> <span class='ocrx_word' id='word_1_486' title='bbox 2859 650 2963 708; x_wconf 90' lang='lat' dir='ltr'><strong>illis</strong></span> <span class='ocrx_word' id='word_1_487' title='bbox 2983 652 3306 722; x_wconf 87' lang='lat' dir='ltr'><strong>auetoribus,</strong></span> <span class='ocrx_word' id='word_1_488' title='bbox 3336 648 3525 725; x_wconf 88' lang='lat' dir='ltr'><strong>quibus</strong></span> <span class='ocrx_word' id='word_1_489' title='bbox 3547 658 3725 714; x_wconf 77' lang='lat' dir='ltr'><strong>verbo-</strong></span> 
     </span>
    </p>
   </div>
   <div class='ocr_carea' id='block_1_65' title="bbox 2168 742 3726 815">
    <p class='ocr_par' dir='ltr' id='par_1_65' title="bbox 2168 742 3726 815">
     <span class='ocr_line' id='line_1_65' title="bbox 2168 742 3726 815; baseline 0.006 -19"><span class='ocrx_word' id='word_1_490' title='bbox 2168 757 2286 797; x_wconf 90' lang='lat' dir='ltr'><strong>rum</strong></span> <span class='ocrx_word' id='word_1_491' title='bbox 2318 742 2462 815; x_wconf 82' lang='lat' dir='ltr'><strong>leges</strong></span> <span class='ocrx_word' id='word_1_492' title='bbox 2488 759 2750 800; x_wconf 90' lang='lat' dir='ltr'><strong>consensu</strong></span> <span class='ocrx_word' id='word_1_493' title='bbox 2790 746 3027 800; x_wconf 89' lang='lat' dir='ltr'><strong>omnium</strong></span> <span class='ocrx_word' id='word_1_494' title='bbox 3056 742 3375 814; x_wconf 87' lang='lat' dir='ltr'><strong>tribuuntur,</strong></span> <span class='ocrx_word' id='word_1_495' title='bbox 3422 743 3560 803; x_wconf 87' lang='lat' dir='ltr'><strong>nullo</strong></span> <span class='ocrx_word' id='word_1_496' title='bbox 3586 751 3726 807; x_wconf 88' lang='lat' dir='ltr'><strong>modo</strong></span> 
     </span>
    </p>
   </div>
   <div class='ocr_carea' id='block_1_66' title="bbox 2167 822 3726 907">
    <p class='ocr_par' dir='ltr' id='par_1_66' title="bbox 2167 822 3726 907">
     <span class='ocr_line' id='line_1_66' title="bbox 2167 822 3726 907; baseline 0.006 -19"><span class='ocrx_word' id='word_1_497' title='bbox 2167 822 2286 889; x_wconf 85' lang='lat' dir='ltr'><strong>esse</strong></span> <span class='ocrx_word' id='word_1_498' title='bbox 2316 850 2620 901; x_wconf 90' lang='lat' dir='ltr'><strong>cessurum;</strong></span> <span class='ocrx_word' id='word_1_499' title='bbox 2652 832 2776 907; x_wconf 90' lang='lat' dir='ltr'><strong>quid</strong></span> <span class='ocrx_word' id='word_1_500' title='bbox 2805 835 2857 891; x_wconf 92' lang='lat' dir='ltr'><strong>in</strong></span> <span class='ocrx_word' id='word_1_501' title='bbox 2893 834 3054 890; x_wconf 90' lang='lat' dir='ltr'><strong>latina</strong></span> <span class='ocrx_word' id='word_1_502' title='bbox 3081 837 3255 907; x_wconf 78' lang='lat' dir='ltr'><strong>lingua</strong></span> <span class='ocrx_word' id='word_1_503' title='bbox 3282 838 3617 895; x_wconf 82' lang='lat' dir='ltr'><strong>excellentius</strong></span> <span class='ocrx_word' id='word_1_504' title='bbox 3652 839 3726 897; x_wconf 91' lang='lat' dir='ltr'><strong>Ci-</strong></span> 
     </span>
    </p>
   </div>
   <div class='ocr_carea' id='block_1_67' title="bbox 2167 924 3725 999">
    <p class='ocr_par' dir='ltr' id='par_1_67' title="bbox 2167 924 3725 999">
     <span class='ocr_line' id='line_1_67' title="bbox 2167 924 3725 999; baseline 0.006 -20"><span class='ocrx_word' id='word_1_505' title='bbox 2167 937 2362 981; x_wconf 88' lang='lat' dir='ltr'><strong>cerone</strong></span> <span class='ocrx_word' id='word_1_506' title='bbox 2409 925 2632 982; x_wconf 87' lang='lat' dir='ltr'><strong>inveniri</strong></span> <span class='ocrx_word' id='word_1_507' title='bbox 2684 924 2891 999; x_wconf 79' lang='lat' dir='ltr'><strong>potest?</strong></span> <span class='ocrx_word' id='word_1_508' title='bbox 2938 928 3007 983; x_wconf 82' lang='lat' dir='ltr'><strong><em>At</em></strong></span> <span class='ocrx_word' id='word_1_509' title='bbox 3058 925 3144 984; x_wconf 87' lang='lat' dir='ltr'><strong>hic</strong></span> <span class='ocrx_word' id='word_1_510' title='bbox 3178 930 3233 985; x_wconf 91' lang='lat' dir='ltr'><strong>in</strong></span> <span class='ocrx_word' id='word_1_511' title='bbox 3265 931 3371 985; x_wconf 79' lang='lat' dir='ltr'><strong>suis</strong></span> <span class='ocrx_word' id='word_1_512' title='bbox 3412 930 3725 989; x_wconf 83' lang='lat' dir='ltr'><strong>nobilissimis</strong></span> 
     </span>
    </p>
   </div>
   <div class='ocr_carea' id='block_1_68' title="bbox 2167 1018 3724 1094">
    <p class='ocr_par' dir='ltr' id='par_1_68' title="bbox 2167 1018 3724 1094">
     <span class='ocr_line' id='line_1_68' title="bbox 2167 1018 3724 1094; baseline 0.004 -22"><span class='ocrx_word' id='word_1_513' title='bbox 2167 1018 2497 1075; x_wconf 82' lang='lat' dir='ltr'><strong>orationibus</strong></span> <span class='ocrx_word' id='word_1_514' title='bbox 2537 1035 2669 1091; x_wconf 89' lang='lat' dir='ltr'><strong>quas</strong></span> <span class='ocrx_word' id='word_1_515' title='bbox 2700 1018 2948 1077; x_wconf 85' lang='lat' dir='ltr'><strong>Verrinas</strong></span> <span class='ocrx_word' id='word_1_516' title='bbox 2994 1031 3207 1088; x_wconf 87' lang='lat' dir='ltr'><strong>vocant,</strong></span> <span class='ocrx_word' id='word_1_517' title='bbox 3238 1021 3451 1087; x_wconf 87' lang='lat' dir='ltr'><strong>Coram,</strong></span> <span class='ocrx_word' id='word_1_518' title='bbox 3484 1026 3724 1094; x_wconf 65' lang='lat' dir='ltr'><strong>praeposi-</strong></span> 
     </span>
    </p>
   </div>
   <div class='ocr_carea' id='block_1_69' title="bbox 2167 1110 3722 1187">
    <p class='ocr_par' dir='ltr' id='par_1_69' title="bbox 2167 1110 3722 1187">
     <span class='ocr_line' id='line_1_69' title="bbox 2167 1110 3722 1187; baseline 0.004 -22"><span class='ocrx_word' id='word_1_519' title='bbox 2167 1110 2386 1178; x_wconf 90' lang='lat' dir='ltr'><strong>tionem,</strong></span> <span class='ocrx_word' id='word_1_520' title='bbox 2419 1112 2530 1168; x_wconf 91' lang='lat' dir='ltr'><strong>sive</strong></span> <span class='ocrx_word' id='word_1_521' title='bbox 2550 1112 2638 1168; x_wconf 89' lang='lat' dir='ltr'><strong>illo</strong></span> <span class='ocrx_word' id='word_1_522' title='bbox 2659 1112 2779 1169; x_wconf 92' lang='lat' dir='ltr'><strong>loco</strong></span> <span class='ocrx_word' id='word_1_523' title='bbox 2795 1111 3099 1169; x_wconf 84' lang='lat' dir='ltr'><strong>adverbium</strong></span> <span class='ocrx_word' id='word_1_524' title='bbox 3120 1114 3208 1182; x_wconf 89' lang='lat' dir='ltr'><strong>sit,</strong></span> <span class='ocrx_word' id='word_1_525' title='bbox 3232 1129 3425 1171; x_wconf 90' lang='lat' dir='ltr'><strong>nomen</strong></span> <span class='ocrx_word' id='word_1_526' title='bbox 3447 1117 3722 1187; x_wconf 85' lang='lat' dir='ltr'><strong>appellavit.</strong></span> 
     </span>
    </p>
   </div>
   <div class='ocr_carea' id='block_1_70' title="bbox 2166 1194 3721 1281">
    <p class='ocr_par' dir='ltr' id='par_1_70' title="bbox 2166 1194 3721 1281">
     <span class='ocr_line' id='line_1_70' title="bbox 2166 1194 3721 1281; baseline 0.006 -24"><span class='ocrx_word' id='word_1_527' title='bbox 2166 1194 2544 1262; x_wconf 72' lang='lat' dir='ltr'><strong>Verumtamen</strong></span> <span class='ocrx_word' id='word_1_528' title='bbox 2570 1206 2691 1281; x_wconf 87' lang='lat' dir='ltr'><strong>quia</strong></span> <span class='ocrx_word' id='word_1_529' title='bbox 2720 1204 2832 1262; x_wconf 82' lang='lat' dir='ltr'><strong>ﬁeri</strong></span> <span class='ocrx_word' id='word_1_530' title='bbox 2865 1215 3039 1279; x_wconf 91' lang='lat' dir='ltr'><strong>potest</strong></span> <span class='ocrx_word' id='word_1_531' title='bbox 3063 1216 3121 1263; x_wconf 94' lang='lat' dir='ltr'><strong>ut</strong></span> <span class='ocrx_word' id='word_1_532' title='bbox 3144 1223 3245 1280; x_wconf 88' lang='lat' dir='ltr'><strong>ego</strong></span> <span class='ocrx_word' id='word_1_533' title='bbox 3272 1207 3417 1264; x_wconf 89' lang='lat' dir='ltr'><strong>illum</strong></span> <span class='ocrx_word' id='word_1_534' title='bbox 3441 1208 3607 1265; x_wconf 91' lang='lat' dir='ltr'><strong>locum</strong></span> <span class='ocrx_word' id='word_1_535' title='bbox 3635 1214 3721 1267; x_wconf 89' lang='lat' dir='ltr'><strong>mi-</strong></span> 
     </span>
    </p>
   </div>
   <div class='ocr_carea' id='block_1_71' title="bbox 2164 1294 3720 1371">
    <p class='ocr_par' dir='ltr' id='par_1_71' title="bbox 2164 1294 3720 1371">
     <span class='ocr_line' id='line_1_71' title="bbox 2164 1294 3720 1371; baseline 0.005 -22"><span class='ocrx_word' id='word_1_536' title='bbox 2164 1310 2264 1351; x_wconf 92' lang='lat' dir='ltr'><strong>nus</strong></span> <span class='ocrx_word' id='word_1_537' title='bbox 2292 1294 2428 1353; x_wconf 89' lang='lat' dir='ltr'><strong>bene</strong></span> <span class='ocrx_word' id='word_1_538' title='bbox 2459 1296 2771 1370; x_wconf 84' lang='lat' dir='ltr'><strong>intelligam,</strong></span> <span class='ocrx_word' id='word_1_539' title='bbox 2812 1302 3220 1371; x_wconf 77' lang='lat' dir='ltr'><strong>e&#39;xponaturque</strong></span> <span class='ocrx_word' id='word_1_540' title='bbox 3240 1296 3373 1355; x_wconf 89' lang='lat' dir='ltr'><strong>alias</strong></span> <span class='ocrx_word' id='word_1_541' title='bbox 3406 1299 3571 1368; x_wconf 87' lang='lat' dir='ltr'><strong>aliter,</strong></span> <span class='ocrx_word' id='word_1_542' title='bbox 3596 1303 3672 1357; x_wconf 83' lang='lat' dir='ltr'><strong>vel</strong></span> <span class='ocrx_word' id='word_1_543' title='bbox 3697 1314 3720 1357; x_wconf 84' lang='lat' dir='ltr'><strong>a</strong></span> 
     </span>
    </p>
   </div>
   <div class='ocr_carea' id='block_1_72' title="bbox 2162 1388 3723 1465">
    <p class='ocr_par' dir='ltr' id='par_1_72' title="bbox 2162 1388 3723 1465">
     <span class='ocr_line' id='line_1_72' title="bbox 2162 1388 3723 1465; baseline 0.005 -23"><span class='ocrx_word' id='word_1_544' title='bbox 2162 1403 2251 1444; x_wconf 87' lang='lat' dir='ltr'><strong>me</strong></span> <span class='ocrx_word' id='word_1_545' title='bbox 2280 1388 2362 1443; x_wconf 92' lang='lat' dir='ltr'><strong>vel</strong></span> <span class='ocrx_word' id='word_1_546' title='bbox 2391 1390 2460 1443; x_wconf 91' lang='lat' dir='ltr'><strong>ab</strong></span> <span class='ocrx_word' id='word_1_547' title='bbox 2485 1391 2623 1455; x_wconf 91' lang='lat' dir='ltr'><strong>alio;</strong></span> <span class='ocrx_word' id='word_1_548' title='bbox 2669 1396 2752 1446; x_wconf 87' lang='lat' dir='ltr'><strong>est</strong></span> <span class='ocrx_word' id='word_1_549' title='bbox 2789 1388 2855 1445; x_wconf 87' lang='lat' dir='ltr'><strong>ad</strong></span> <span class='ocrx_word' id='word_1_550' title='bbox 2886 1388 3025 1465; x_wconf 82' lang='lat' dir='ltr'><strong>quod</strong></span> <span class='ocrx_word' id='word_1_551' title='bbox 3070 1388 3385 1463; x_wconf 87' lang='lat' dir='ltr'><strong>responderi</strong></span> <span class='ocrx_word' id='word_1_552' title='bbox 3425 1406 3576 1463; x_wconf 83' lang='lat' dir='ltr'><strong>posse</strong></span> <span class='ocrx_word' id='word_1_553' title='bbox 3611 1394 3723 1450; x_wconf 89' lang='lat' dir='ltr'><strong>nihil</strong></span> 
     </span>
    </p>
   </div>
   <div class='ocr_carea' id='block_1_73' title="bbox 2163 1478 3721 1555">
    <p class='ocr_par' dir='ltr' id='par_1_73' title="bbox 2163 1478 3721 1555">
     <span class='ocr_line' id='line_1_73' title="bbox 2163 1478 3721 1555; baseline 0.003 -21"><span class='ocrx_word' id='word_1_554' title='bbox 2163 1488 2311 1551; x_wconf 89' lang='lat' dir='ltr'><strong>puto.</strong></span> <span class='ocrx_word' id='word_1_555' title='bbox 2347 1478 2588 1536; x_wconf 89' lang='lat' dir='ltr'><strong>Tradunt</strong></span> <span class='ocrx_word' id='word_1_556' title='bbox 2611 1481 2753 1536; x_wconf 92' lang='lat' dir='ltr'><strong>enim</strong></span> <span class='ocrx_word' id='word_1_557' title='bbox 2795 1481 3109 1537; x_wconf 91' lang='lat' dir='ltr'><strong>nobilissimi</strong></span> <span class='ocrx_word' id='word_1_558' title='bbox 3137 1481 3547 1552; x_wconf 86' lang='lat' dir='ltr'><strong>disputationum</strong></span> <span class='ocrx_word' id='word_1_559' title='bbox 3574 1484 3721 1555; x_wconf 57' lang='lat' dir='ltr'><strong>magi-</strong></span> 
     </span>
    </p>
   </div>
   <div class='ocr_carea' id='block_1_74' title="bbox 2165 1572 3718 1643">
    <p class='ocr_par' dir='ltr' id='par_1_74' title="bbox 2165 1572 3718 1643">
     <span class='ocr_line' id='line_1_74' title="bbox 2165 1572 3718 1643; baseline 0.002 -16"><span class='ocrx_word' id='word_1_560' title='bbox 2165 1573 2282 1640; x_wconf 88' lang='lat' dir='ltr'><strong>stri,</strong></span> <span class='ocrx_word' id='word_1_561' title='bbox 2317 1573 2531 1628; x_wconf 86' lang='lat' dir='ltr'><strong>nomine</strong></span> <span class='ocrx_word' id='word_1_562' title='bbox 2576 1578 2628 1628; x_wconf 91' lang='lat' dir='ltr'><strong>et</strong></span> <span class='ocrx_word' id='word_1_563' title='bbox 2685 1573 2849 1628; x_wconf 89' lang='lat' dir='ltr'><strong>verbo</strong></span> <span class='ocrx_word' id='word_1_564' title='bbox 2879 1572 3085 1643; x_wconf 87' lang='lat' dir='ltr'><strong>plenam</strong></span> <span class='ocrx_word' id='word_1_565' title='bbox 3115 1581 3364 1629; x_wconf 87' lang='lat' dir='ltr'><strong>constare</strong></span> <span class='ocrx_word' id='word_1_566' title='bbox 3399 1575 3718 1641; x_wconf 86' lang='lat' dir='ltr'><strong>sententiam,</strong></span> 
     </span>
    </p>
   </div>
   <div class='ocr_carea' id='block_1_75' title="bbox 2163 1662 3717 1738">
    <p class='ocr_par' dir='ltr' id='par_1_75' title="bbox 2163 1662 3717 1738">
     <span class='ocr_line' id='line_1_75' title="bbox 2163 1662 3717 1738; baseline 0.005 -22"><span class='ocrx_word' id='word_1_567' title='bbox 2163 1676 2282 1734; x_wconf 60' lang='lat' dir='ltr'><strong>quin</strong></span> <span class='ocrx_word' id='word_1_568' title='bbox 2327 1662 2580 1719; x_wconf 83' lang='lat' dir='ltr'><strong>aiiirmari</strong></span> <span class='ocrx_word' id='word_1_569' title='bbox 2630 1666 2916 1737; x_wconf 83' lang='lat' dir='ltr'><strong>negarique</strong></span> <span class='ocrx_word' id='word_1_570' title='bbox 2967 1666 3135 1737; x_wconf 91' lang='lat' dir='ltr'><strong>possit</strong></span> <span class='ocrx_word' id='word_1_571' title='bbox 3173 1665 3357 1736; x_wconf 90' lang='lat' dir='ltr'><strong>:quod</strong></span> <span class='ocrx_word' id='word_1_572' title='bbox 3399 1678 3559 1738; x_wconf 88' lang='lat' dir='ltr'><strong>genus</strong></span> <span class='ocrx_word' id='word_1_573' title='bbox 3599 1668 3717 1723; x_wconf 86' lang='lat' dir='ltr'><strong>idem</strong></span> 
     </span>
    </p>
   </div>
   <div class='ocr_carea' id='block_1_76' title="bbox 2163 1750 3717 1828">
    <p class='ocr_par' dir='ltr' id='par_1_76' title="bbox 2163 1750 3717 1828">
     <span class='ocr_line' id='line_1_76' title="bbox 2163 1750 3717 1828; baseline 0.003 -18"><span class='ocrx_word' id='word_1_574' title='bbox 2163 1750 2365 1810; x_wconf 84' lang='lat' dir='ltr'><strong>Tullius</strong></span> <span class='ocrx_word' id='word_1_575' title='bbox 2414 1756 2645 1827; x_wconf 90' lang='lat' dir='ltr'><strong>quodam</strong></span> <span class='ocrx_word' id='word_1_576' title='bbox 2695 1756 2810 1812; x_wconf 88' lang='lat' dir='ltr'><strong>loco</strong></span> <span class='ocrx_word' id='word_1_577' title='bbox 2857 1757 3257 1828; x_wconf 83' lang='lat' dir='ltr'><strong>pronuntiatum</strong></span> <span class='ocrx_word' id='word_1_578' title='bbox 3304 1766 3459 1812; x_wconf 88' lang='lat' dir='ltr'><strong>vocat</strong></span> <span class='ocrx_word' id='word_1_579' title='bbox 3493 1777 3504 1813; x_wconf 89' lang='lat'><strong>:</strong></span> <span class='ocrx_word' id='word_1_580' title='bbox 3534 1768 3583 1814; x_wconf 91' lang='lat' dir='ltr'><strong>et</strong></span> <span class='ocrx_word' id='word_1_581' title='bbox 3614 1772 3717 1814; x_wconf 89' lang='lat' dir='ltr'><strong>cum</strong></span> 
     </span>
    </p>
   </div>
   <div class='ocr_carea' id='block_1_77' title="bbox 2166 1847 3715 1918">
    <p class='ocr_par' dir='ltr' id='par_1_77' title="bbox 2166 1847 3715 1918">
     <span class='ocr_line' id='line_1_77' title="bbox 2166 1847 3715 1918; baseline 0.004 -17"><span class='ocrx_word' id='word_1_582' title='bbox 2166 1847 2317 1902; x_wconf 87' lang='lat' dir='ltr'><strong>verbi</strong></span> <span class='ocrx_word' id='word_1_583' title='bbox 2345 1848 2499 1903; x_wconf 88' lang='lat' dir='ltr'><strong>tertia</strong></span> <span class='ocrx_word' id='word_1_584' title='bbox 2542 1863 2765 1918; x_wconf 86' lang='lat' dir='ltr'><strong>persona</strong></span> <span class='ocrx_word' id='word_1_585' title='bbox 2792 1856 2895 1915; x_wconf 88' lang='lat' dir='ltr'><strong>est,</strong></span> <span class='ocrx_word' id='word_1_586' title='bbox 2924 1848 3306 1905; x_wconf 89' lang='lat' dir='ltr'><strong>nominativum</strong></span> <span class='ocrx_word' id='word_1_587' title='bbox 3333 1864 3451 1906; x_wconf 92' lang='lat' dir='ltr'><strong>eum</strong></span> <span class='ocrx_word' id='word_1_588' title='bbox 3479 1866 3539 1907; x_wconf 88' lang='lat' dir='ltr'><strong>ea</strong></span> <span class='ocrx_word' id='word_1_589' title='bbox 3560 1867 3715 1907; x_wconf 89' lang='lat' dir='ltr'><strong>casum</strong></span> 
     </span>
    </p>
   </div>
   <div class='ocr_carea' id='block_1_78' title="bbox 2163 1940 3717 2015">
    <p class='ocr_par' dir='ltr' id='par_1_78' title="bbox 2163 1940 3717 2015">
     <span class='ocr_line' id='line_1_78' title="bbox 2163 1940 3717 2015; baseline 0.003 -22"><span class='ocrx_word' id='word_1_590' title='bbox 2163 1940 2395 1995; x_wconf 90' lang='lat' dir='ltr'><strong>nominis</strong></span> <span class='ocrx_word' id='word_1_591' title='bbox 2432 1940 2579 1994; x_wconf 91' lang='lat' dir='ltr'><strong>aiunt</strong></span> <span class='ocrx_word' id='word_1_592' title='bbox 2626 1955 2743 1995; x_wconf 86' lang='lat' dir='ltr'><strong>esse</strong></span> <span class='ocrx_word' id='word_1_593' title='bbox 2785 1949 3071 2010; x_wconf 87' lang='lat' dir='ltr'><strong>oportere;</strong></span> <span class='ocrx_word' id='word_1_594' title='bbox 3103 1948 3157 1996; x_wconf 83' lang='lat' dir='ltr'><strong>et</strong></span> <span class='ocrx_word' id='word_1_595' title='bbox 3178 1950 3324 1996; x_wconf 89' lang='lat' dir='ltr'><strong>recte</strong></span> <span class='ocrx_word' id='word_1_596' title='bbox 3373 1941 3515 1998; x_wconf 87' lang='lat' dir='ltr'><strong>aiunt</strong></span> <span class='ocrx_word' id='word_1_597' title='bbox 3557 1945 3717 2015; x_wconf 90' lang='lat' dir='ltr'><strong>:quod</strong></span> 
     </span>
    </p>
   </div>
   <div class='ocr_carea' id='block_1_79' title="bbox 2163 2029 3715 2100">
    <p class='ocr_par' dir='ltr' id='par_1_79' title="bbox 2163 2029 3715 2100">
     <span class='ocr_line' id='line_1_79' title="bbox 2163 2029 3715 2100; baseline 0.004 -17"><span class='ocrx_word' id='word_1_598' title='bbox 2163 2045 2372 2084; x_wconf 90' lang='lat' dir='ltr'><strong>mecum</strong></span> <span class='ocrx_word' id='word_1_599' title='bbox 2396 2031 2438 2084; x_wconf 91' lang='lat' dir='ltr'><strong>si</strong></span> <span class='ocrx_word' id='word_1_600' title='bbox 2466 2029 2789 2096; x_wconf 88' lang='lat' dir='ltr'><strong>consideres,</strong></span> <span class='ocrx_word' id='word_1_601' title='bbox 2818 2029 3099 2086; x_wconf 75' lang='lat' dir='ltr'><strong>velutcum</strong></span> <span class='ocrx_word' id='word_1_602' title='bbox 3120 2030 3367 2098; x_wconf 90' lang='lat' dir='ltr'><strong>dicimus,</strong></span> <span class='ocrx_word' id='word_1_603' title='bbox 3387 2032 3550 2088; x_wconf 83' lang='lat' dir='ltr'><strong>Home</strong></span> <span class='ocrx_word' id='word_1_604' title='bbox 3568 2034 3715 2100; x_wconf 88' lang='lat' dir='ltr'><strong>sedet,</strong></span> 
     </span>
    </p>
   </div>
   <div class='ocr_carea' id='block_1_80' title="bbox 2164 2114 3715 2194">
    <p class='ocr_par' dir='ltr' id='par_1_80' title="bbox 2164 2114 3715 2194">
     <span class='ocr_line' id='line_1_80' title="bbox 2164 2114 3715 2194; baseline 0.003 -21"><span class='ocrx_word' id='word_1_605' title='bbox 2164 2114 2349 2190; x_wconf 84' lang='lat' dir='ltr'><strong>Equus</strong></span> <span class='ocrx_word' id='word_1_606' title='bbox 2373 2120 2559 2186; x_wconf 84' lang='lat' dir='ltr'><strong>currit,</strong></span> <span class='ocrx_word' id='word_1_607' title='bbox 2590 2120 2832 2191; x_wconf 88' lang='lat' dir='ltr'><strong>agnoscis</strong></span> <span class='ocrx_word' id='word_1_608' title='bbox 2855 2161 2872 2188; x_wconf 93' lang='lat'><strong>,</strong></span> <span class='ocrx_word' id='word_1_609' title='bbox 2898 2129 2959 2176; x_wconf 91' lang='lat' dir='ltr'><strong>ut</strong></span> <span class='ocrx_word' id='word_1_610' title='bbox 2985 2124 3203 2192; x_wconf 81' lang='lat' dir='ltr'><strong>opiner,</strong></span> <span class='ocrx_word' id='word_1_611' title='bbox 3232 2120 3337 2176; x_wconf 89' lang='lat' dir='ltr'><strong>duo</strong></span> <span class='ocrx_word' id='word_1_612' title='bbox 3366 2137 3480 2177; x_wconf 86' lang='lat' dir='ltr'><strong>esse</strong></span> <span class='ocrx_word' id='word_1_613' title='bbox 3507 2137 3715 2194; x_wconf 88' lang='lat' dir='ltr'><strong>pronun-</strong></span> 
     </span>
    </p>
   </div>
   <div class='ocr_carea' id='block_1_81' title="bbox 2162 2210 3717 2287">
    <p class='ocr_par' dir='ltr' id='par_1_81' title="bbox 2162 2210 3717 2287">
     <span class='ocr_line' id='line_1_81' title="bbox 2162 2210 3717 2287; baseline 0.003 -22"><span class='ocrx_word' id='word_1_614' title='bbox 2162 2211 2309 2266; x_wconf 87' lang='lat' dir='ltr'><strong>tiata.</strong></span> <span class='ocrx_word' id='word_1_615' title='bbox 2361 2212 2459 2267; x_wconf 83' lang='lat' dir='ltr'><strong><em>Ad.</em></strong></span> <span class='ocrx_word' id='word_1_616' title='bbox 2507 2212 2770 2283; x_wconf 87' lang='lat' dir='ltr'><strong>Agnosco.</strong></span> <span class='ocrx_word' id='word_1_617' title='bbox 2804 2212 2934 2284; x_wconf 80' lang='lat' dir='ltr'><strong><em>Aug.</em></strong></span> <span class='ocrx_word' id='word_1_618' title='bbox 2966 2212 3152 2269; x_wconf 83' lang='lat' dir='ltr'><strong>Cernis</strong></span> <span class='ocrx_word' id='word_1_619' title='bbox 3189 2214 3241 2267; x_wconf 93' lang='lat' dir='ltr'><strong>in</strong></span> <span class='ocrx_word' id='word_1_620' title='bbox 3286 2212 3503 2285; x_wconf 80' lang='lat' dir='ltr'><strong>singulis</strong></span> <span class='ocrx_word' id='word_1_621' title='bbox 3538 2210 3717 2287; x_wconf 84' lang='lat' dir='ltr'><strong>singula</strong></span> 
     </span>
    </p>
   </div>
   <div class='ocr_carea' id='block_1_82' title="bbox 2164 2304 3713 2377">
    <p class='ocr_par' dir='ltr' id='par_1_82' title="bbox 2164 2304 3713 2377">
     <span class='ocr_line' id='line_1_82' title="bbox 2164 2304 3713 2377; baseline 0.001 -16"><span class='ocrx_word' id='word_1_622' title='bbox 2164 2318 2283 2361; x_wconf 88' lang='lat' dir='ltr'><strong>esse</strong></span> <span class='ocrx_word' id='word_1_623' title='bbox 2308 2308 2544 2374; x_wconf 90' lang='lat' dir='ltr'><strong>nomina,</strong></span> <span class='ocrx_word' id='word_1_624' title='bbox 2571 2308 2622 2361; x_wconf 92' lang='lat' dir='ltr'><strong>in</strong></span> <span class='ocrx_word' id='word_1_625' title='bbox 2650 2320 2754 2361; x_wconf 95' lang='lat' dir='ltr'><strong>uno</strong></span> <span class='ocrx_word' id='word_1_626' title='bbox 2777 2304 2956 2374; x_wconf 88' lang='lat' dir='ltr'><strong>homo,</strong></span> <span class='ocrx_word' id='word_1_627' title='bbox 2991 2306 3041 2362; x_wconf 89' lang='lat' dir='ltr'><strong>in</strong></span> <span class='ocrx_word' id='word_1_628' title='bbox 3070 2305 3239 2362; x_wconf 86' lang='lat' dir='ltr'><strong>altero</strong></span> <span class='ocrx_word' id='word_1_629' title='bbox 3266 2320 3470 2377; x_wconf 86' lang='lat' dir='ltr'><strong>equus;</strong></span> <span class='ocrx_word' id='word_1_630' title='bbox 3501 2319 3548 2363; x_wconf 89' lang='lat' dir='ltr'><strong>et</strong></span> <span class='ocrx_word' id='word_1_631' title='bbox 3574 2308 3713 2363; x_wconf 77' lang='lat' dir='ltr'><strong>verba</strong></span> 
     </span>
    </p>
   </div>
   <div class='ocr_carea' id='block_1_83' title="bbox 2163 2382 3714 2469">
    <p class='ocr_par' dir='ltr' id='par_1_83' title="bbox 2163 2382 3714 2469">
     <span class='ocr_line' id='line_1_83' title="bbox 2163 2382 3714 2469; baseline 0.001 -16"><span class='ocrx_word' id='word_1_632' title='bbox 2163 2397 2392 2469; x_wconf 85' lang='lat' dir='ltr'><strong>singula,</strong></span> <span class='ocrx_word' id='word_1_633' title='bbox 2447 2399 2500 2453; x_wconf 91' lang='lat' dir='ltr'><strong>in</strong></span> <span class='ocrx_word' id='word_1_634' title='bbox 2545 2412 2649 2454; x_wconf 94' lang='lat' dir='ltr'><strong>uno</strong></span> <span class='ocrx_word' id='word_1_635' title='bbox 2679 2400 2849 2467; x_wconf 80' lang='lat' dir='ltr'><strong>sedet,</strong></span> <span class='ocrx_word' id='word_1_636' title='bbox 2897 2400 2949 2454; x_wconf 91' lang='lat' dir='ltr'><strong>in</strong></span> <span class='ocrx_word' id='word_1_637' title='bbox 2981 2400 3147 2455; x_wconf 90' lang='lat' dir='ltr'><strong>altero</strong></span> <span class='ocrx_word' id='word_1_638' title='bbox 3191 2399 3391 2454; x_wconf 80' lang='lat' dir='ltr'><strong>currit?</strong></span> <span class='ocrx_word' id='word_1_639' title='bbox 3420 2398 3513 2453; x_wconf 82' lang='lat' dir='ltr'><strong>Ad.</strong></span> <span class='ocrx_word' id='word_1_640' title='bbox 3542 2382 3714 2456; x_wconf 73' lang='lat' dir='ltr'><strong>Cerne.</strong></span> 
     </span>
    </p>
   </div>
   <div class='ocr_carea' id='block_1_84' title="bbox 2162 2489 3714 2562">
    <p class='ocr_par' dir='ltr' id='par_1_84' title="bbox 2162 2489 3714 2562">
     <span class='ocr_line' id='line_1_84' title="bbox 2162 2489 3714 2562; baseline 0.001 -18"><span class='ocrx_word' id='word_1_641' title='bbox 2162 2489 2296 2562; x_wconf 85' lang='lat' dir='ltr'><strong><em>Aug.</em></strong></span> <span class='ocrx_word' id='word_1_642' title='bbox 2329 2490 2470 2561; x_wconf 86' lang='lat' dir='ltr'><strong>Ergo</strong></span> <span class='ocrx_word' id='word_1_643' title='bbox 2498 2492 2542 2546; x_wconf 89' lang='lat' dir='ltr'><strong>si</strong></span> <span class='ocrx_word' id='word_1_644' title='bbox 2569 2489 2821 2557; x_wconf 86' lang='lat' dir='ltr'><strong>dicerem,</strong></span> <span class='ocrx_word' id='word_1_645' title='bbox 2849 2490 3000 2547; x_wconf 89' lang='lat' dir='ltr'><strong>sedet</strong></span> <span class='ocrx_word' id='word_1_646' title='bbox 3038 2498 3269 2560; x_wconf 86' lang='lat' dir='ltr'><strong>tantum,</strong></span> <span class='ocrx_word' id='word_1_647' title='bbox 3298 2501 3390 2546; x_wconf 85' lang='lat' dir='ltr'><strong>aut</strong></span> <span class='ocrx_word' id='word_1_648' title='bbox 3428 2492 3578 2547; x_wconf 88' lang='lat' dir='ltr'><strong>currit</strong></span> <span class='ocrx_word' id='word_1_649' title='bbox 3611 2501 3714 2545; x_wconf 87' lang='lat' dir='ltr'><strong>tau-</strong></span> 
     </span>
    </p>
   </div>
   <div class='ocr_carea' id='block_1_85' title="bbox 2163 2584 3711 2656">
    <p class='ocr_par' dir='ltr' id='par_1_85' title="bbox 2163 2584 3711 2656">
     <span class='ocr_line' id='line_1_85' title="bbox 2163 2584 3711 2656; baseline 0.001 -19"><span class='ocrx_word' id='word_1_650' title='bbox 2163 2590 2296 2649; x_wconf 90' lang='lat' dir='ltr'><strong>tum,</strong></span> <span class='ocrx_word' id='word_1_651' title='bbox 2325 2593 2471 2640; x_wconf 87' lang='lat' dir='ltr'><strong>recte</strong></span> <span class='ocrx_word' id='word_1_652' title='bbox 2496 2598 2526 2639; x_wconf 90' lang='lat' dir='ltr'><strong>a</strong></span> <span class='ocrx_word' id='word_1_653' title='bbox 2557 2599 2641 2640; x_wconf 90' lang='lat' dir='ltr'><strong>me</strong></span> <span class='ocrx_word' id='word_1_654' title='bbox 2674 2600 2965 2655; x_wconf 69' lang='lat' dir='ltr'><strong>qucereres,</strong></span> <span class='ocrx_word' id='word_1_655' title='bbox 2992 2585 3110 2656; x_wconf 89' lang='lat' dir='ltr'><strong>quis</strong></span> <span class='ocrx_word' id='word_1_656' title='bbox 3131 2585 3220 2639; x_wconf 86' lang='lat' dir='ltr'><strong>vel</strong></span> <span class='ocrx_word' id='word_1_657' title='bbox 3253 2584 3404 2655; x_wconf 88' lang='lat' dir='ltr'><strong>quid;</strong></span> <span class='ocrx_word' id='word_1_658' title='bbox 3425 2595 3475 2640; x_wconf 89' lang='lat' dir='ltr'><strong>ut</strong></span> <span class='ocrx_word' id='word_1_659' title='bbox 3508 2598 3711 2654; x_wconf 69' lang='lat' dir='ltr'><strong>nspen-</strong></span> 
     </span>
    </p>
   </div>
   <div class='ocr_carea' id='block_1_86' title="bbox 2162 2674 3709 2750">
    <p class='ocr_par' dir='ltr' id='par_1_86' title="bbox 2162 2674 3709 2750">
     <span class='ocr_line' id='line_1_86' title="bbox 2162 2674 3709 2750; baseline 0.002 -19"><span class='ocrx_word' id='word_1_660' title='bbox 2162 2675 2366 2740; x_wconf 80' lang='lat' dir='ltr'><strong>derem,</strong></span> <span class='ocrx_word' id='word_1_661' title='bbox 2414 2674 2603 2745; x_wconf 79' lang='lat' dir='ltr'><strong>Homo,</strong></span> <span class='ocrx_word' id='word_1_662' title='bbox 2654 2679 2733 2733; x_wconf 86' lang='lat' dir='ltr'><strong>vel</strong></span> <span class='ocrx_word' id='word_1_663' title='bbox 2770 2695 2960 2750; x_wconf 90' lang='lat' dir='ltr'><strong>equus,</strong></span> <span class='ocrx_word' id='word_1_664' title='bbox 3001 2679 3084 2734; x_wconf 87' lang='lat' dir='ltr'><strong>vel</strong></span> <span class='ocrx_word' id='word_1_665' title='bbox 3123 2679 3339 2743; x_wconf 77' lang='lat' dir='ltr'><strong>animal,</strong></span> <span class='ocrx_word' id='word_1_666' title='bbox 3363 2677 3437 2734; x_wconf 88' lang='lat' dir='ltr'><strong>vel</strong></span> <span class='ocrx_word' id='word_1_667' title='bbox 3461 2677 3709 2749; x_wconf 89' lang='lat' dir='ltr'><strong>quodlibet</strong></span> 
     </span>
    </p>
   </div>
   <div class='ocr_carea' id='block_1_87' title="bbox 2160 2764 3705 2841">
    <p class='ocr_par' dir='ltr' id='par_1_87' title="bbox 2160 2764 3705 2841">
     <span class='ocr_line' id='line_1_87' title="bbox 2160 2764 3705 2841; baseline 0.002 -20"><span class='ocrx_word' id='word_1_668' title='bbox 2160 2764 2323 2833; x_wconf 82' lang='lat' dir='ltr'><strong>aliud,</strong></span> <span class='ocrx_word' id='word_1_669' title='bbox 2354 2784 2459 2839; x_wconf 88' lang='lat' dir='ltr'><strong>quo</strong></span> <span class='ocrx_word' id='word_1_670' title='bbox 2492 2769 2661 2839; x_wconf 90' lang='lat' dir='ltr'><strong>possit</strong></span> <span class='ocrx_word' id='word_1_671' title='bbox 2682 2784 2877 2825; x_wconf 92' lang='lat' dir='ltr'><strong>nomen</strong></span> <span class='ocrx_word' id='word_1_672' title='bbox 2899 2770 3163 2826; x_wconf 88' lang='lat' dir='ltr'><strong>redditum</strong></span> <span class='ocrx_word' id='word_1_673' title='bbox 3189 2772 3354 2826; x_wconf 90' lang='lat' dir='ltr'><strong>verbo</strong></span> <span class='ocrx_word' id='word_1_674' title='bbox 3378 2770 3576 2837; x_wconf 83' lang='lat' dir='ltr'><strong>implere</strong></span> <span class='ocrx_word' id='word_1_675' title='bbox 3590 2783 3705 2841; x_wconf 86' lang='lat' dir='ltr'><strong>pro-</strong></span> 
     </span>
    </p>
   </div>
   <div class='ocr_carea' id='block_1_88' title="bbox 2161 2858 3691 2933">
    <p class='ocr_par' dir='ltr' id='par_1_88' title="bbox 2161 2858 3691 2933">
     <span class='ocr_line' id='line_1_88' title="bbox 2161 2858 3691 2933; baseline 0.001 -20"><span class='ocrx_word' id='word_1_676' title='bbox 2161 2861 2480 2927; x_wconf 90' lang='lat' dir='ltr'><strong>nuntiatum,</strong></span> <span class='ocrx_word' id='word_1_677' title='bbox 2526 2858 2579 2916; x_wconf 90' lang='lat' dir='ltr'><strong>id</strong></span> <span class='ocrx_word' id='word_1_678' title='bbox 2603 2872 2683 2917; x_wconf 89' lang='lat' dir='ltr'><strong>est</strong></span> <span class='ocrx_word' id='word_1_679' title='bbox 2713 2862 2854 2917; x_wconf 87' lang='lat' dir='ltr'><strong>illam</strong></span> <span class='ocrx_word' id='word_1_680' title='bbox 2901 2861 3219 2917; x_wconf 88' lang='lat' dir='ltr'><strong>sententiam</strong></span> <span class='ocrx_word' id='word_1_681' title='bbox 3247 2877 3366 2933; x_wconf 81' lang='lat' dir='ltr'><strong>quae</strong></span> <span class='ocrx_word' id='word_1_682' title='bbox 3390 2860 3616 2915; x_wconf 83' lang='lat' dir='ltr'><strong>aiiirmari</strong></span> <span class='ocrx_word' id='word_1_683' title='bbox 3642 2869 3691 2915; x_wconf 86' lang='lat' dir='ltr'><strong>et</strong></span> 
     </span>
    </p>
   </div>
   <div class='ocr_carea' id='block_1_89' title="bbox 2160 2950 3707 3024">
    <p class='ocr_par' dir='ltr' id='par_1_89' title="bbox 2160 2950 3707 3024">
     <span class='ocr_line' id='line_1_89' title="bbox 2160 2950 3707 3024; baseline 0.001 -21"><span class='ocrx_word' id='word_1_684' title='bbox 2160 2952 2339 3017; x_wconf 77' lang='lat' dir='ltr'><strong>negari</strong></span> <span class='ocrx_word' id='word_1_685' title='bbox 2372 2959 2564 3020; x_wconf 87' lang='lat' dir='ltr'><strong>potest.</strong></span> <span class='ocrx_word' id='word_1_686' title='bbox 2598 2951 2695 3005; x_wconf 86' lang='lat' dir='ltr'><strong>Ad.</strong></span> <span class='ocrx_word' id='word_1_687' title='bbox 2731 2950 2990 3023; x_wconf 81' lang='lat' dir='ltr'><strong>intelligo.</strong></span> <span class='ocrx_word' id='word_1_688' title='bbox 3023 2950 3153 3024; x_wconf 87' lang='lat' dir='ltr'><strong><em>Aug.</em></strong></span> <span class='ocrx_word' id='word_1_689' title='bbox 3193 2950 3421 3008; x_wconf 82' lang='lat' dir='ltr'><strong>Attende</strong></span> <span class='ocrx_word' id='word_1_690' title='bbox 3442 2958 3634 3016; x_wconf 67' lang='lat' dir='ltr'><strong>caetera,</strong></span> <span class='ocrx_word' id='word_1_691' title='bbox 3658 2957 3707 3005; x_wconf 82' lang='lat' dir='ltr'><strong>et</strong></span> 
     </span>
    </p>
   </div>
   <div class='ocr_carea' id='block_1_90' title="bbox 2160 3036 3710 3114">
    <p class='ocr_par' dir='ltr' id='par_1_90' title="bbox 2160 3036 3710 3114">
     <span class='ocr_line' id='line_1_90' title="bbox 2160 3036 3710 3114; baseline 0.003 -21"><span class='ocrx_word' id='word_1_692' title='bbox 2160 3036 2299 3110; x_wconf 84' lang='lat' dir='ltr'><strong>finge</strong></span> <span class='ocrx_word' id='word_1_693' title='bbox 2337 3056 2435 3096; x_wconf 90' lang='lat' dir='ltr'><strong>nos</strong></span> <span class='ocrx_word' id='word_1_694' title='bbox 2472 3041 2652 3098; x_wconf 89' lang='lat' dir='ltr'><strong>videre</strong></span> <span class='ocrx_word' id='word_1_695' title='bbox 2683 3041 2882 3113; x_wconf 88' lang='lat' dir='ltr'><strong>aliquid</strong></span> <span class='ocrx_word' id='word_1_696' title='bbox 2923 3042 3156 3114; x_wconf 88' lang='lat' dir='ltr'><strong>longius,</strong></span> <span class='ocrx_word' id='word_1_697' title='bbox 3192 3052 3247 3097; x_wconf 90' lang='lat' dir='ltr'><strong>et</strong></span> <span class='ocrx_word' id='word_1_698' title='bbox 3267 3048 3521 3098; x_wconf 87' lang='lat' dir='ltr'><strong>Incertum</strong></span> <span class='ocrx_word' id='word_1_699' title='bbox 3540 3041 3710 3097; x_wconf 81' lang='lat' dir='ltr'><strong>habere</strong></span> 
     </span>
    </p>
   </div>
   <div class='ocr_carea' id='block_1_91' title="bbox 2157 3130 3711 3206">
    <p class='ocr_par' dir='ltr' id='par_1_91' title="bbox 2157 3130 3711 3206">
     <span class='ocr_line' id='line_1_91' title="bbox 2157 3130 3711 3206; baseline 0.001 -19"><span class='ocrx_word' id='word_1_700' title='bbox 2157 3140 2337 3187; x_wconf 90' lang='lat' dir='ltr'><strong>utrum</strong></span> <span class='ocrx_word' id='word_1_701' title='bbox 2385 3134 2583 3189; x_wconf 87' lang='lat' dir='ltr'><strong>animal</strong></span> <span class='ocrx_word' id='word_1_702' title='bbox 2612 3135 2680 3190; x_wconf 90' lang='lat' dir='ltr'><strong>sit</strong></span> <span class='ocrx_word' id='word_1_703' title='bbox 2719 3147 2784 3189; x_wconf 86' lang='lat' dir='ltr'><strong>an</strong></span> <span class='ocrx_word' id='word_1_704' title='bbox 2825 3150 3033 3203; x_wconf 81' lang='lat' dir='ltr'><strong>saxum,</strong></span> <span class='ocrx_word' id='word_1_705' title='bbox 3061 3132 3149 3192; x_wconf 90' lang='lat' dir='ltr'><strong>vel</strong></span> <span class='ocrx_word' id='word_1_706' title='bbox 3189 3135 3315 3206; x_wconf 89' lang='lat' dir='ltr'><strong>quid</strong></span> <span class='ocrx_word' id='word_1_707' title='bbox 3340 3133 3499 3199; x_wconf 88' lang='lat' dir='ltr'><strong>aliud,</strong></span> <span class='ocrx_word' id='word_1_708' title='bbox 3545 3130 3711 3205; x_wconf 81' lang='lat' dir='ltr'><strong>meque</strong></span> 
     </span>
    </p>
   </div>
   <div class='ocr_carea' id='block_1_92' title="bbox 2159 3222 3713 3295">
    <p class='ocr_par' dir='ltr' id='par_1_92' title="bbox 2159 3222 3713 3295">
     <span class='ocr_line' id='line_1_92' title="bbox 2159 3222 3713 3295; baseline 0.003 -18"><span class='ocrx_word' id='word_1_709' title='bbox 2159 3224 2251 3278; x_wconf 89' lang='lat' dir='ltr'><strong>tibi</strong></span> <span class='ocrx_word' id='word_1_710' title='bbox 2279 3222 2475 3292; x_wconf 84' lang='lat' dir='ltr'><strong>dicere,</strong></span> <span class='ocrx_word' id='word_1_711' title='bbox 2500 3225 2627 3295; x_wconf 87' lang='lat' dir='ltr'><strong>Quia</strong></span> <span class='ocrx_word' id='word_1_712' title='bbox 2652 3226 2813 3281; x_wconf 91' lang='lat' dir='ltr'><strong>homo</strong></span> <span class='ocrx_word' id='word_1_713' title='bbox 2836 3237 2938 3292; x_wconf 87' lang='lat' dir='ltr'><strong>est,</strong></span> <span class='ocrx_word' id='word_1_714' title='bbox 2966 3224 3160 3282; x_wconf 90' lang='lat' dir='ltr'><strong>animal</strong></span> <span class='ocrx_word' id='word_1_715' title='bbox 3198 3236 3280 3282; x_wconf 88' lang='lat' dir='ltr'><strong>est</strong></span> <span class='ocrx_word' id='word_1_716' title='bbox 3305 3246 3318 3293; x_wconf 92' lang='lat'><strong>;</strong></span> <span class='ocrx_word' id='word_1_717' title='bbox 3347 3240 3518 3283; x_wconf 84' lang='lat' dir='ltr'><strong>nonne</strong></span> <span class='ocrx_word' id='word_1_718' title='bbox 3540 3235 3713 3281; x_wconf 86' lang='lat' dir='ltr'><strong>temere</strong></span> 
     </span>
    </p>
   </div>
   <div class='ocr_carea' id='block_1_93' title="bbox 2158 3310 3713 3389">
    <p class='ocr_par' dir='ltr' id='par_1_93' title="bbox 2158 3310 3713 3389">
     <span class='ocr_line' id='line_1_93' title="bbox 2158 3310 3713 3389; baseline 0.003 -21"><span class='ocrx_word' id='word_1_719' title='bbox 2158 3310 2426 3369; x_wconf 88' lang='lat' dir='ltr'><strong>dicerem?</strong></span> <span class='ocrx_word' id='word_1_720' title='bbox 2451 3315 2549 3369; x_wconf 83' lang='lat' dir='ltr'><strong><em>Ad.</em></strong></span> <span class='ocrx_word' id='word_1_721' title='bbox 2579 3314 2802 3372; x_wconf 83' lang='lat' dir='ltr'><strong>Temere</strong></span> <span class='ocrx_word' id='word_1_722' title='bbox 2828 3319 3046 3373; x_wconf 91' lang='lat' dir='ltr'><strong>omnino</strong></span> <span class='ocrx_word' id='word_1_723' title='bbox 3071 3336 3083 3371; x_wconf 90' lang='lat'>:</span> <span class='ocrx_word' id='word_1_724' title='bbox 3109 3319 3203 3373; x_wconf 92' lang='lat' dir='ltr'><strong>sed</strong></span> <span class='ocrx_word' id='word_1_725' title='bbox 3223 3332 3329 3373; x_wconf 92' lang='lat' dir='ltr'><strong>non</strong></span> <span class='ocrx_word' id='word_1_726' title='bbox 3358 3328 3556 3374; x_wconf 88' lang='lat' dir='ltr'><strong>temere</strong></span> <span class='ocrx_word' id='word_1_727' title='bbox 3582 3319 3713 3389; x_wconf 87' lang='lat' dir='ltr'><strong>plane</strong></span> 
     </span>
    </p>
   </div>
   <div class='ocr_carea' id='block_1_94' title="bbox 2157 3405 3707 3482">
    <p class='ocr_par' dir='ltr' id='par_1_94' title="bbox 2157 3405 3707 3482">
     <span class='ocr_line' id='line_1_94' title="bbox 2157 3405 3707 3482; baseline 0.003 -22"><span class='ocrx_word' id='word_1_728' title='bbox 2157 3405 2387 3474; x_wconf 83' lang='lat' dir='ltr'><strong>diceres,</strong></span> <span class='ocrx_word' id='word_1_729' title='bbox 2418 3405 2473 3463; x_wconf 89' lang='lat' dir='ltr'><strong>Si</strong></span> <span class='ocrx_word' id='word_1_730' title='bbox 2521 3409 2680 3463; x_wconf 88' lang='lat' dir='ltr'><strong>homo</strong></span> <span class='ocrx_word' id='word_1_731' title='bbox 2710 3419 2812 3476; x_wconf 87' lang='lat' dir='ltr'><strong>est,</strong></span> <span class='ocrx_word' id='word_1_732' title='bbox 2855 3409 3051 3464; x_wconf 87' lang='lat' dir='ltr'><strong>animal</strong></span> <span class='ocrx_word' id='word_1_733' title='bbox 3093 3416 3193 3466; x_wconf 78' lang='lat' dir='ltr'><strong>est.</strong></span> <span class='ocrx_word' id='word_1_734' title='bbox 3226 3410 3358 3482; x_wconf 84' lang='lat' dir='ltr'><strong><em>Aug.</em></strong></span> <span class='ocrx_word' id='word_1_735' title='bbox 3402 3410 3560 3465; x_wconf 81' lang='lat' dir='ltr'><strong>Recte</strong></span> <span class='ocrx_word' id='word_1_736' title='bbox 3581 3408 3707 3465; x_wconf 80' lang='lat' dir='ltr'><strong>dicis.</strong></span> 
     </span>
    </p>
   </div>
   <div class='ocr_carea' id='block_1_95' title="bbox 2157 3492 3708 3573">
    <p class='ocr_par' dir='ltr' id='par_1_95' title="bbox 2157 3492 3708 3573">
     <span class='ocr_line' id='line_1_95' title="bbox 2157 3492 3708 3573; baseline 0.003 -23"><span class='ocrx_word' id='word_1_737' title='bbox 2157 3492 2340 3569; x_wconf 84' lang='lat' dir='ltr'><strong>Itaque</strong></span> <span class='ocrx_word' id='word_1_738' title='bbox 2370 3502 2421 3554; x_wconf 94' lang='lat' dir='ltr'><strong>in</strong></span> <span class='ocrx_word' id='word_1_739' title='bbox 2447 3501 2713 3557; x_wconf 89' lang='lat' dir='ltr'><strong>locutione</strong></span> <span class='ocrx_word' id='word_1_740' title='bbox 2741 3510 2827 3555; x_wconf 88' lang='lat' dir='ltr'><strong>tua</strong></span> <span class='ocrx_word' id='word_1_741' title='bbox 2850 3502 3020 3571; x_wconf 84' lang='lat' dir='ltr'><strong>placet</strong></span> <span class='ocrx_word' id='word_1_742' title='bbox 3038 3503 3191 3565; x_wconf 88' lang='lat' dir='ltr'><strong>mihi,</strong></span> <span class='ocrx_word' id='word_1_743' title='bbox 3218 3502 3306 3569; x_wconf 91' lang='lat' dir='ltr'><strong>Si;</strong></span> <span class='ocrx_word' id='word_1_744' title='bbox 3339 3502 3507 3573; x_wconf 85' lang='lat' dir='ltr'><strong>placet</strong></span> <span class='ocrx_word' id='word_1_745' title='bbox 3531 3511 3582 3557; x_wconf 86' lang='lat' dir='ltr'><strong>et</strong></span> <span class='ocrx_word' id='word_1_746' title='bbox 3600 3500 3708 3557; x_wconf 87' lang='lat' dir='ltr'><strong>tibi:</strong></span> 
     </span>
    </p>
   </div>
   <div class='ocr_carea' id='block_1_96' title="bbox 2156 3589 3701 3664">
    <p class='ocr_par' dir='ltr' id='par_1_96' title="bbox 2156 3589 3701 3664">
     <span class='ocr_line' id='line_1_96' title="bbox 2156 3589 3701 3664; baseline 0.001 -21"><span class='ocrx_word' id='word_1_747' title='bbox 2156 3590 2367 3660; x_wconf 87' lang='lat' dir='ltr'><strong>utrique</strong></span> <span class='ocrx_word' id='word_1_748' title='bbox 2392 3598 2566 3646; x_wconf 86' lang='lat' dir='ltr'><strong>autem</strong></span> <span class='ocrx_word' id='word_1_749' title='bbox 2620 3598 2858 3647; x_wconf 90' lang='lat' dir='ltr'><strong>nostrum</strong></span> <span class='ocrx_word' id='word_1_750' title='bbox 2893 3592 2944 3647; x_wconf 92' lang='lat' dir='ltr'><strong>in</strong></span> <span class='ocrx_word' id='word_1_751' title='bbox 2982 3602 3098 3648; x_wconf 89' lang='lat' dir='ltr'><strong>mea</strong></span> <span class='ocrx_word' id='word_1_752' title='bbox 3140 3592 3406 3664; x_wconf 82' lang='lat' dir='ltr'><strong>displicet.</strong></span> <span class='ocrx_word' id='word_1_753' title='bbox 3449 3589 3591 3661; x_wconf 81' lang='lat' dir='ltr'><strong>Quia.</strong></span> <span class='ocrx_word' id='word_1_754' title='bbox 3620 3590 3701 3645; x_wconf 80' lang='lat' dir='ltr'><strong><em>Ad.</em></strong></span> 
     </span>
    </p>
   </div>
   <div class='ocr_carea' id='block_1_97' title="bbox 2157 3680 3707 3753">
    <p class='ocr_par' dir='ltr' id='par_1_97' title="bbox 2157 3680 3707 3753">
     <span class='ocr_line' id='line_1_97' title="bbox 2157 3680 3707 3753; baseline 0.001 -18"><span class='ocrx_word' id='word_1_755' title='bbox 2157 3680 2456 3737; x_wconf 83' lang='lat' dir='ltr'><strong>Assentior.</strong></span> <span class='ocrx_word' id='word_1_756' title='bbox 2483 3683 2611 3753; x_wconf 89' lang='lat' dir='ltr'><strong><em>Aug.</em></strong></span> <span class='ocrx_word' id='word_1_757' title='bbox 2650 3681 2779 3739; x_wconf 81' lang='lat' dir='ltr'><strong>Vide</strong></span> <span class='ocrx_word' id='word_1_758' title='bbox 2817 3685 2926 3753; x_wconf 87' lang='lat' dir='ltr'><strong>jam</strong></span> <span class='ocrx_word' id='word_1_759' title='bbox 2959 3693 3135 3739; x_wconf 83' lang='lat' dir='ltr'><strong>utrum</strong></span> <span class='ocrx_word' id='word_1_760' title='bbox 3178 3683 3294 3739; x_wconf 62' lang='lat' dir='ltr'><strong>istae</strong></span> <span class='ocrx_word' id='word_1_761' title='bbox 3319 3684 3436 3739; x_wconf 74' lang='lat' dir='ltr'><strong>time</strong></span> <span class='ocrx_word' id='word_1_762' title='bbox 3464 3682 3707 3739; x_wconf 67' lang='lat' dir='ltr'><strong>sententia:</strong></span> 
     </span>
    </p>
   </div>
   <div class='ocr_carea' id='block_1_98' title="bbox 2155 3771 3701 3846">
    <p class='ocr_par' dir='ltr' id='par_1_98' title="bbox 2155 3771 3701 3846">
     <span class='ocr_line' id='line_1_98' title="bbox 2155 3771 3701 3846; baseline 0.001 -21"><span class='ocrx_word' id='word_1_763' title='bbox 2155 3771 2312 3842; x_wconf 83' lang='lat' dir='ltr'><strong>plena</strong></span> <span class='ocrx_word' id='word_1_764' title='bbox 2368 3776 2703 3842; x_wconf 83' lang='lat' dir='ltr'><strong>pronuntiata</strong></span> <span class='ocrx_word' id='word_1_765' title='bbox 2749 3775 2855 3829; x_wconf 89' lang='lat' dir='ltr'><strong>sint</strong></span> <span class='ocrx_word' id='word_1_766' title='bbox 2903 3793 2913 3827; x_wconf 90' lang='lat'><strong>:</strong></span> <span class='ocrx_word' id='word_1_767' title='bbox 2958 3773 3135 3830; x_wconf 85' lang='lat' dir='ltr'><strong>Placet</strong></span> <span class='ocrx_word' id='word_1_768' title='bbox 3165 3774 3229 3837; x_wconf 91' lang='lat' dir='ltr'><strong>si,</strong></span> <span class='ocrx_word' id='word_1_769' title='bbox 3273 3774 3529 3846; x_wconf 83' lang='lat' dir='ltr'><strong>diSplicet,</strong></span> <span class='ocrx_word' id='word_1_770' title='bbox 3582 3774 3701 3846; x_wconf 86' lang='lat' dir='ltr'><strong>quia.</strong></span> 
     </span>
    </p>
   </div>
   <div class='ocr_carea' id='block_1_99' title="bbox 2155 3862 3699 3939">
    <p class='ocr_par' dir='ltr' id='par_1_99' title="bbox 2155 3862 3699 3939">
     <span class='ocr_line' id='line_1_99' title="bbox 2155 3862 3699 3939; baseline 0.001 -21"><span class='ocrx_word' id='word_1_771' title='bbox 2155 3864 2256 3918; x_wconf 79' lang='lat' dir='ltr'><strong>Ad.</strong></span> <span class='ocrx_word' id='word_1_772' title='bbox 2283 3864 2442 3920; x_wconf 85' lang='lat' dir='ltr'><strong>Plena</strong></span> <span class='ocrx_word' id='word_1_773' title='bbox 2472 3866 2708 3922; x_wconf 90' lang='lat' dir='ltr'><strong>omnino.</strong></span> <span class='ocrx_word' id='word_1_774' title='bbox 2742 3866 2873 3939; x_wconf 88' lang='lat' dir='ltr'><strong><em>Aug.</em></strong></span> <span class='ocrx_word' id='word_1_775' title='bbox 2900 3870 3029 3939; x_wconf 83' lang='lat' dir='ltr'><strong>Age,</strong></span> <span class='ocrx_word' id='word_1_776' title='bbox 3059 3882 3196 3922; x_wconf 91' lang='lat' dir='ltr'><strong>nunc</strong></span> <span class='ocrx_word' id='word_1_777' title='bbox 3219 3868 3307 3923; x_wconf 90' lang='lat' dir='ltr'><strong>dic</strong></span> <span class='ocrx_word' id='word_1_778' title='bbox 3344 3867 3466 3922; x_wconf 91' lang='lat' dir='ltr'><strong>mihi</strong></span> <span class='ocrx_word' id='word_1_779' title='bbox 3492 3878 3599 3938; x_wconf 63' lang='lat' dir='ltr'><strong>qua;</strong></span> <span class='ocrx_word' id='word_1_780' title='bbox 3642 3862 3699 3920; x_wconf 87' lang='lat' dir='ltr'><strong>ibi</strong></span> 
     </span>
    </p>
   </div>
   <div class='ocr_carea' id='block_1_100' title="bbox 2156 3955 3697 4027">
    <p class='ocr_par' dir='ltr' id='par_1_100' title="bbox 2156 3955 3697 4027">
     <span class='ocr_line' id='line_1_100' title="bbox 2156 3955 3697 4027; baseline 0.001 -18"><span class='ocrx_word' id='word_1_781' title='bbox 2156 3955 2263 4009; x_wconf 88' lang='lat' dir='ltr'><strong>sint</strong></span> <span class='ocrx_word' id='word_1_782' title='bbox 2300 3957 2482 4023; x_wconf 85' lang='lat' dir='ltr'><strong>verba,</strong></span> <span class='ocrx_word' id='word_1_783' title='bbox 2511 3973 2630 4027; x_wconf 82' lang='lat' dir='ltr'><strong>quae</strong></span> <span class='ocrx_word' id='word_1_784' title='bbox 2670 3957 2906 4013; x_wconf 88' lang='lat' dir='ltr'><strong>nomina.</strong></span> <span class='ocrx_word' id='word_1_785' title='bbox 2955 3959 3052 4011; x_wconf 79' lang='lat' dir='ltr'><strong><em>Ad.</em></strong></span> <span class='ocrx_word' id='word_1_786' title='bbox 3092 3955 3266 4014; x_wconf 72' lang='lat' dir='ltr'><strong>Verba</strong></span> <span class='ocrx_word' id='word_1_787' title='bbox 3316 3960 3386 4014; x_wconf 91' lang='lat' dir='ltr'><strong>ibi</strong></span> <span class='ocrx_word' id='word_1_788' title='bbox 3416 3958 3558 4013; x_wconf 82' lang='lat' dir='ltr'><strong>video</strong></span> <span class='ocrx_word' id='word_1_789' title='bbox 3581 3970 3697 4024; x_wconf 79' lang='lat' dir='ltr'><strong>esse,</strong></span> 
     </span>
    </p>
   </div>
   <div class='ocr_carea' id='block_1_101' title="bbox 2152 4049 3690 4123">
    <p class='ocr_par' dir='ltr' id='par_1_101' title="bbox 2152 4049 3690 4123">
     <span class='ocr_line' id='line_1_101' title="bbox 2152 4049 3690 4123; baseline 0.002 -20"><span class='ocrx_word' id='word_1_790' title='bbox 2152 4049 2348 4118; x_wconf 78' lang='lat' dir='ltr'><strong>placet,</strong></span> <span class='ocrx_word' id='word_1_791' title='bbox 2374 4060 2461 4118; x_wconf 84' lang='lat' dir='ltr'><strong>et,</strong></span> <span class='ocrx_word' id='word_1_792' title='bbox 2490 4050 2732 4121; x_wconf 87' lang='lat' dir='ltr'><strong>displicet</strong></span> <span class='ocrx_word' id='word_1_793' title='bbox 2761 4071 2773 4105; x_wconf 85' lang='lat'><strong>:</strong></span> <span class='ocrx_word' id='word_1_794' title='bbox 2803 4053 3017 4107; x_wconf 91' lang='lat' dir='ltr'><strong>nomina</strong></span> <span class='ocrx_word' id='word_1_795' title='bbox 3051 4066 3179 4107; x_wconf 86' lang='lat' dir='ltr'><strong>vero</strong></span> <span class='ocrx_word' id='word_1_796' title='bbox 3221 4052 3348 4123; x_wconf 87' lang='lat' dir='ltr'><strong>quid</strong></span> <span class='ocrx_word' id='word_1_797' title='bbox 3391 4052 3520 4107; x_wconf 81' lang='lat' dir='ltr'><strong>aliud</strong></span> <span class='ocrx_word' id='word_1_798' title='bbox 3545 4062 3690 4120; x_wconf 83' lang='lat' dir='ltr'><strong>quam,</strong></span> 
     </span>
    </p>
   </div>
   <div class='ocr_carea' id='block_1_102' title="bbox 2155 4142 3686 4217">
    <p class='ocr_par' dir='ltr' id='par_1_102' title="bbox 2155 4142 3686 4217">
     <span class='ocr_line' id='line_1_102' title="bbox 2155 4142 3686 4217; baseline -0.001 -21"><span class='ocrx_word' id='word_1_799' title='bbox 2155 4142 2221 4208; x_wconf 90' lang='lat' dir='ltr'><strong>si,</strong></span> <span class='ocrx_word' id='word_1_800' title='bbox 2248 4150 2320 4209; x_wconf 89' lang='lat' dir='ltr'><strong>et,</strong></span> <span class='ocrx_word' id='word_1_801' title='bbox 2353 4143 2509 4213; x_wconf 87' lang='lat' dir='ltr'><strong>quia?</strong></span> <span class='ocrx_word' id='word_1_802' title='bbox 2544 4146 2674 4217; x_wconf 87' lang='lat' dir='ltr'><strong><em>Aug.</em></strong></span> <span class='ocrx_word' id='word_1_803' title='bbox 2709 4144 2814 4200; x_wconf 84' lang='lat' dir='ltr'><strong>Has</strong></span> <span class='ocrx_word' id='word_1_804' title='bbox 2841 4162 2968 4216; x_wconf 85' lang='lat' dir='ltr'><strong>ergo</strong></span> <span class='ocrx_word' id='word_1_805' title='bbox 2991 4144 3124 4201; x_wconf 90' lang='lat' dir='ltr'><strong>duas</strong></span> <span class='ocrx_word' id='word_1_806' title='bbox 3152 4146 3537 4217; x_wconf 81' lang='lat' dir='ltr'><strong>conjunctiones</strong></span> <span class='ocrx_word' id='word_1_807' title='bbox 3559 4144 3686 4197; x_wconf 84' lang='lat' dir='ltr'><strong>etiam</strong></span> 
     </span>
    </p>
   </div>
   <div class='ocr_carea' id='block_1_103' title="bbox 2154 4234 3687 4309">
    <p class='ocr_par' dir='ltr' id='par_1_103' title="bbox 2154 4234 3687 4309">
     <span class='ocr_line' id='line_1_103' title="bbox 2154 4234 3687 4309; baseline -0.002 -20"><span class='ocrx_word' id='word_1_808' title='bbox 2154 4237 2370 4290; x_wconf 89' lang='lat' dir='ltr'><strong>nomina</strong></span> <span class='ocrx_word' id='word_1_809' title='bbox 2411 4253 2530 4293; x_wconf 88' lang='lat' dir='ltr'><strong>esse</strong></span> <span class='ocrx_word' id='word_1_810' title='bbox 2573 4238 2700 4294; x_wconf 86' lang='lat' dir='ltr'><strong>satis</strong></span> <span class='ocrx_word' id='word_1_811' title='bbox 2728 4240 3006 4309; x_wconf 88' lang='lat' dir='ltr'><strong>probatum</strong></span> <span class='ocrx_word' id='word_1_812' title='bbox 3041 4248 3141 4294; x_wconf 91' lang='lat' dir='ltr'><strong>est.</strong></span> <span class='ocrx_word' id='word_1_813' title='bbox 3189 4241 3288 4292; x_wconf 85' lang='lat' dir='ltr'><strong><em>Ad.</em></strong></span> <span class='ocrx_word' id='word_1_814' title='bbox 3335 4238 3536 4293; x_wconf 83' lang='lat' dir='ltr'><strong>Prorsus</strong></span> <span class='ocrx_word' id='word_1_815' title='bbox 3559 4234 3687 4290; x_wconf 76' lang='lat' dir='ltr'><strong>Satis.</strong></span> 
     </span>
    </p>
   </div>
   <div class='ocr_carea' id='block_1_104' title="bbox 2160 4314 3693 4402">
    <p class='ocr_par' dir='ltr' id='par_1_104' title="bbox 2160 4314 3693 4402">
     <span class='ocr_line' id='line_1_104' title="bbox 2160 4314 3693 4402; baseline 0.001 -23"><span class='ocrx_word' id='word_1_816' title='bbox 2160 4314 2287 4399; x_wconf 79' lang='lat' dir='ltr'><strong><em>Aug.</em></strong></span> <span class='ocrx_word' id='word_1_817' title='bbox 2316 4329 2542 4385; x_wconf 87' lang='lat' dir='ltr'><strong>Potesne</strong></span> <span class='ocrx_word' id='word_1_818' title='bbox 2564 4332 2676 4401; x_wconf 87' lang='lat' dir='ltr'><strong>ipse</strong></span> <span class='ocrx_word' id='word_1_819' title='bbox 2697 4346 2791 4401; x_wconf 91' lang='lat' dir='ltr'><strong>per</strong></span> <span class='ocrx_word' id='word_1_820' title='bbox 2812 4342 2863 4386; x_wconf 92' lang='lat' dir='ltr'><strong>te</strong></span> <span class='ocrx_word' id='word_1_821' title='bbox 2890 4332 2940 4385; x_wconf 91' lang='lat' dir='ltr'><strong>in</strong></span> <span class='ocrx_word' id='word_1_822' title='bbox 2963 4330 3081 4387; x_wconf 88' lang='lat' dir='ltr'><strong>aliis</strong></span> <span class='ocrx_word' id='word_1_823' title='bbox 3105 4333 3342 4402; x_wconf 86' lang='lat' dir='ltr'><strong>partibus</strong></span> <span class='ocrx_word' id='word_1_824' title='bbox 3364 4329 3592 4387; x_wconf 85' lang='lat' dir='ltr'><strong>orationis</strong></span> <span class='ocrx_word' id='word_1_825' title='bbox 3605 4326 3693 4381; x_wconf 84' lang='lat' dir='ltr'><strong>hoc</strong></span> 
     </span>
    </p>
   </div>
   <div class='ocr_carea' id='block_1_105' title="bbox 2150 4418 3543 4495">
    <p class='ocr_par' dir='ltr' id='par_1_105' title="bbox 2150 4418 3543 4495">
     <span class='ocr_line' id='line_1_105' title="bbox 2150 4418 3543 4495; baseline -0.001 -20"><span class='ocrx_word' id='word_1_826' title='bbox 2150 4418 2293 4476; x_wconf 84' lang='lat' dir='ltr'><strong>idem</strong></span> <span class='ocrx_word' id='word_1_827' title='bbox 2320 4421 2385 4477; x_wconf 90' lang='lat' dir='ltr'><strong>ad</strong></span> <span class='ocrx_word' id='word_1_828' title='bbox 2407 4422 2646 4479; x_wconf 91' lang='lat' dir='ltr'><strong>eamdem</strong></span> <span class='ocrx_word' id='word_1_829' title='bbox 2679 4424 2915 4495; x_wconf 82' lang='lat' dir='ltr'><strong>regulam</strong></span> <span class='ocrx_word' id='word_1_830' title='bbox 2939 4423 3171 4479; x_wconf 80' lang='lat' dir='ltr'><strong>docere?</strong></span> <span class='ocrx_word' id='word_1_831' title='bbox 3194 4424 3293 4477; x_wconf 85' lang='lat' dir='ltr'><strong>Ad.</strong></span> <span class='ocrx_word' id='word_1_832' title='bbox 3320 4423 3543 4478; x_wconf 80' lang='lat' dir='ltr'><strong>Pessum.</strong></span> 
     </span>
    </p>
   </div>
   <div class='ocr_carea' id='block_1_106' title="bbox 2330 4514 3508 4589">
    <p class='ocr_par' dir='ltr' id='par_1_106' title="bbox 2330 4514 3508 4589">
     <span class='ocr_line' id='line_1_106' title="bbox 2330 4514 3508 4589; baseline -0.003 -19"><span class='ocrx_word' id='word_1_833' title='bbox 2330 4514 2554 4572; x_wconf 78' lang='lat' dir='ltr'><strong>CAPUT</strong></span> <span class='ocrx_word' id='word_1_834' title='bbox 2595 4514 2680 4572; x_wconf 80' lang='lat' dir='ltr'><strong>Vl.</strong></span> <span class='ocrx_word' id='word_1_835' title='bbox 2726 4548 2797 4557; x_wconf 90' lang='lat'>—</span> <span class='ocrx_word' id='word_1_836' title='bbox 2845 4516 3007 4589; x_wconf 83' lang='lat' dir='ltr'><strong>Signa</strong></span> <span class='ocrx_word' id='word_1_837' title='bbox 3053 4518 3132 4571; x_wconf 80' lang='lat' dir='ltr'><strong>sui</strong></span> <span class='ocrx_word' id='word_1_838' title='bbox 3167 4516 3508 4587; x_wconf 68' lang='lat' dir='ltr'><strong>signiﬁcarim.</strong></span> 
     </span>
    </p>
   </div>
   <div class='ocr_carea' id='block_1_107' title="bbox 2235 4604 3696 4681">
    <p class='ocr_par' dir='ltr' id='par_1_107' title="bbox 2235 4604 3696 4681">
     <span class='ocr_line' id='line_1_107' title="bbox 2235 4604 3696 4681; baseline -0.004 -16"><span class='ocrx_word' id='word_1_839' title='bbox 2235 4610 2320 4665; x_wconf 80' lang='lat' dir='ltr'><strong>l7.</strong></span> <span class='ocrx_word' id='word_1_840' title='bbox 2348 4608 2479 4681; x_wconf 82' lang='lat' dir='ltr'><strong><em>Aug.</em></strong></span> <span class='ocrx_word' id='word_1_841' title='bbox 2510 4608 2864 4667; x_wconf 89' lang='lat' dir='ltr'><strong>Transeamus</strong></span> <span class='ocrx_word' id='word_1_842' title='bbox 2903 4623 3029 4681; x_wconf 86' lang='lat' dir='ltr'><strong>ergo</strong></span> <span class='ocrx_word' id='word_1_843' title='bbox 3053 4606 3198 4676; x_wconf 85' lang='lat' dir='ltr'><strong>hinc,</strong></span> <span class='ocrx_word' id='word_1_844' title='bbox 3244 4618 3299 4665; x_wconf 91' lang='lat' dir='ltr'><strong>et</strong></span> <span class='ocrx_word' id='word_1_845' title='bbox 3330 4610 3433 4680; x_wconf 84' lang='lat' dir='ltr'><strong>jam</strong></span> <span class='ocrx_word' id='word_1_846' title='bbox 3472 4606 3550 4661; x_wconf 86' lang='lat' dir='ltr'><strong>die</strong></span> <span class='ocrx_word' id='word_1_847' title='bbox 3581 4604 3696 4660; x_wconf 86' lang='lat' dir='ltr'><strong>mihi</strong></span> 
     </span>
    </p>
   </div>
   <div class='ocr_carea' id='block_1_108' title="bbox 2151 4694 3698 4768">
    <p class='ocr_par' dir='ltr' id='par_1_108' title="bbox 2151 4694 3698 4768">
     <span class='ocr_line' id='line_1_108' title="bbox 2151 4694 3698 4768; baseline -0.007 -8"><span class='ocrx_word' id='word_1_848' title='bbox 2151 4712 2329 4761; x_wconf 88' lang='lat' dir='ltr'><strong>utrum</strong></span> <span class='ocrx_word' id='word_1_849' title='bbox 2356 4704 2493 4759; x_wconf 89' lang='lat' dir='ltr'><strong>sicut</strong></span> <span class='ocrx_word' id='word_1_850' title='bbox 2530 4703 2705 4758; x_wconf 88' lang='lat' dir='ltr'><strong>omnia</strong></span> <span class='ocrx_word' id='word_1_851' title='bbox 2746 4702 2907 4758; x_wconf 87' lang='lat' dir='ltr'><strong>verba</strong></span> <span class='ocrx_word' id='word_1_852' title='bbox 2952 4700 3189 4768; x_wconf 84' lang='lat' dir='ltr'><strong>nemina,</strong></span> <span class='ocrx_word' id='word_1_853' title='bbox 3219 4710 3274 4757; x_wconf 85' lang='lat' dir='ltr'><strong>et</strong></span> <span class='ocrx_word' id='word_1_854' title='bbox 3300 4700 3473 4758; x_wconf 76' lang='lat' dir='ltr'><strong>munia</strong></span> <span class='ocrx_word' id='word_1_855' title='bbox 3514 4694 3698 4753; x_wconf 79' lang='lat' dir='ltr'><strong>nomina</strong></span> 
     </span>
    </p>
   </div>
   <div class='ocr_carea' id='block_1_109' title="bbox 2150 4786 3701 4864">
    <p class='ocr_par' dir='ltr' id='par_1_109' title="bbox 2150 4786 3701 4864">
     <span class='ocr_line' id='line_1_109' title="bbox 2150 4786 3701 4864; baseline -0.007 -12"><span class='ocrx_word' id='word_1_856' title='bbox 2150 4794 2314 4852; x_wconf 85' lang='lat' dir='ltr'><strong>verba</strong></span> <span class='ocrx_word' id='word_1_857' title='bbox 2352 4809 2472 4850; x_wconf 89' lang='lat' dir='ltr'><strong>esse</strong></span> <span class='ocrx_word' id='word_1_858' title='bbox 2522 4793 2911 4864; x_wconf 82' lang='lat' dir='ltr'><strong>comperimus,</strong></span> <span class='ocrx_word' id='word_1_859' title='bbox 2960 4788 3031 4848; x_wconf 81' lang='lat' dir='ltr'><strong>ita</strong></span> <span class='ocrx_word' id='word_1_860' title='bbox 3075 4788 3169 4848; x_wconf 77' lang='lat' dir='ltr'><strong>tibi</strong></span> <span class='ocrx_word' id='word_1_861' title='bbox 3209 4801 3264 4848; x_wconf 88' lang='lat' dir='ltr'><strong>et</strong></span> <span class='ocrx_word' id='word_1_862' title='bbox 3306 4792 3478 4848; x_wconf 88' lang='lat' dir='ltr'><strong>omnia</strong></span> <span class='ocrx_word' id='word_1_863' title='bbox 3516 4786 3701 4845; x_wconf 86' lang='lat' dir='ltr'><strong>nomina</strong></span> 
     </span>
    </p>
   </div>
   <div class='ocr_carea' id='block_1_110' title="bbox 2148 4881 3698 4952">
    <p class='ocr_par' dir='ltr' id='par_1_110' title="bbox 2148 4881 3698 4952">
     <span class='ocr_line' id='line_1_110' title="bbox 2148 4881 3698 4952; baseline -0.008 -8"><span class='ocrx_word' id='word_1_864' title='bbox 2148 4885 2407 4944; x_wconf 89' lang='lat' dir='ltr'><strong>vocabula</strong></span> <span class='ocrx_word' id='word_1_865' title='bbox 2427 4929 2442 4952; x_wconf 95' lang='lat'><strong>,</strong></span> <span class='ocrx_word' id='word_1_866' title='bbox 2465 4894 2519 4941; x_wconf 91' lang='lat' dir='ltr'><strong>et</strong></span> <span class='ocrx_word' id='word_1_867' title='bbox 2542 4886 2717 4941; x_wconf 88' lang='lat' dir='ltr'><strong>omnia</strong></span> <span class='ocrx_word' id='word_1_868' title='bbox 2741 4884 2995 4941; x_wconf 87' lang='lat' dir='ltr'><strong>vocabula</strong></span> <span class='ocrx_word' id='word_1_869' title='bbox 3024 4885 3239 4940; x_wconf 88' lang='lat' dir='ltr'><strong>nomina</strong></span> <span class='ocrx_word' id='word_1_870' title='bbox 3278 4898 3397 4941; x_wconf 84' lang='lat' dir='ltr'><strong>esse</strong></span> <span class='ocrx_word' id='word_1_871' title='bbox 3431 4881 3698 4939; x_wconf 78' lang='lat' dir='ltr'><strong>videantur.</strong></span> 
     </span>
    </p>
   </div>
   <div class='ocr_carea' id='block_1_111' title="bbox 2150 4968 3700 5048">
    <p class='ocr_par' dir='ltr' id='par_1_111' title="bbox 2150 4968 3700 5048">
     <span class='ocr_line' id='line_1_111' title="bbox 2150 4968 3700 5048; baseline -0.006 -13"><span class='ocrx_word' id='word_1_872' title='bbox 2150 4978 2251 5035; x_wconf 85' lang='lat' dir='ltr'><strong><em>Ad.</em></strong></span> <span class='ocrx_word' id='word_1_873' title='bbox 2275 4980 2439 5035; x_wconf 81' lang='lat' dir='ltr'><strong>Plane</strong></span> <span class='ocrx_word' id='word_1_874' title='bbox 2466 4977 2604 5033; x_wconf 91' lang='lat' dir='ltr'><strong>inter</strong></span> <span class='ocrx_word' id='word_1_875' title='bbox 2628 4968 2745 5034; x_wconf 61' lang='lat' dir='ltr'><strong>hate</strong></span> <span class='ocrx_word' id='word_1_876' title='bbox 2774 4974 2900 5048; x_wconf 90' lang='lat' dir='ltr'><strong>quid</strong></span> <span class='ocrx_word' id='word_1_877' title='bbox 2926 4976 3088 5033; x_wconf 76' lang='lat' dir='ltr'><strong>diStet</strong></span> <span class='ocrx_word' id='word_1_878' title='bbox 3105 4982 3304 5047; x_wconf 46' lang='lat' dir='ltr'><strong>praeter</strong></span> <span class='ocrx_word' id='word_1_879' title='bbox 3327 4978 3582 5033; x_wconf 64' lang='lat' dir='ltr'><strong>(mersum</strong></span> <span class='ocrx_word' id='word_1_880' title='bbox 3607 4972 3700 5045; x_wconf 85' lang='lat' dir='ltr'><strong>syl-</strong></span> 
     </span>
    </p>
   </div>
   <div class='ocr_carea' id='block_1_112' title="bbox 2150 5066 3704 5139">
    <p class='ocr_par' dir='ltr' id='par_1_112' title="bbox 2150 5066 3704 5139">
     <span class='ocr_line' id='line_1_112' title="bbox 2150 5066 3704 5139; baseline -0.006 -13"><span class='ocrx_word' id='word_1_881' title='bbox 2150 5072 2389 5128; x_wconf 87' lang='lat' dir='ltr'><strong>labarum</strong></span> <span class='ocrx_word' id='word_1_882' title='bbox 2418 5084 2606 5125; x_wconf 90' lang='lat' dir='ltr'><strong>sonum</strong></span> <span class='ocrx_word' id='word_1_883' title='bbox 2639 5082 2746 5124; x_wconf 91' lang='lat' dir='ltr'><strong>non</strong></span> <span class='ocrx_word' id='word_1_884' title='bbox 2775 5067 2947 5125; x_wconf 90' lang='lat' dir='ltr'><strong>video.</strong></span> <span class='ocrx_word' id='word_1_885' title='bbox 2977 5070 3108 5139; x_wconf 83' lang='lat' dir='ltr'><strong><em>Aug.</em></strong></span> <span class='ocrx_word' id='word_1_886' title='bbox 3135 5067 3245 5124; x_wconf 81' lang='lat' dir='ltr'><strong>Nec</strong></span> <span class='ocrx_word' id='word_1_887' title='bbox 3269 5082 3370 5139; x_wconf 78' lang='lat' dir='ltr'><strong>ego</strong></span> <span class='ocrx_word' id='word_1_888' title='bbox 3408 5066 3606 5123; x_wconf 80' lang='lat' dir='ltr'><strong>interim</strong></span> <span class='ocrx_word' id='word_1_889' title='bbox 3631 5078 3704 5117; x_wconf 78' lang='lat' dir='ltr'><strong>re-</strong></span> 
     </span>
    </p>
   </div>
   <div class='ocr_carea' id='block_1_113' title="bbox 2152 5156 3702 5233">
    <p class='ocr_par' dir='ltr' id='par_1_113' title="bbox 2152 5156 3702 5233">
     <span class='ocr_line' id='line_1_113' title="bbox 2152 5156 3702 5233; baseline -0.006 -14"><span class='ocrx_word' id='word_1_890' title='bbox 2152 5165 2303 5226; x_wconf 82' lang='lat' dir='ltr'><strong>sisto,</strong></span> <span class='ocrx_word' id='word_1_891' title='bbox 2346 5176 2644 5233; x_wconf 86' lang='lat' dir='ltr'><strong>quanquam</strong></span> <span class='ocrx_word' id='word_1_892' title='bbox 2677 5176 2778 5215; x_wconf 90' lang='lat' dir='ltr'><strong>non</strong></span> <span class='ocrx_word' id='word_1_893' title='bbox 2809 5158 2985 5215; x_wconf 86' lang='lat' dir='ltr'><strong>desint</strong></span> <span class='ocrx_word' id='word_1_894' title='bbox 3022 5160 3110 5230; x_wconf 91' lang='lat' dir='ltr'><strong>qui</strong></span> <span class='ocrx_word' id='word_1_895' title='bbox 3142 5163 3301 5215; x_wconf 89' lang='lat' dir='ltr'><strong>etiam</strong></span> <span class='ocrx_word' id='word_1_896' title='bbox 3350 5156 3702 5231; x_wconf 82' lang='lat' dir='ltr'><strong>signiﬁcatione</strong></span> 
     </span>
    </p>
   </div>
   <div class='ocr_carea' id='block_1_114' title="bbox 2150 5248 3703 5331">
    <p class='ocr_par' dir='ltr' id='par_1_114' title="bbox 2150 5248 3703 5331">
     <span class='ocr_line' id='line_1_114' title="bbox 2150 5248 3703 5331; baseline -0.008 -17"><span class='ocrx_word' id='word_1_897' title='bbox 2150 5258 2250 5314; x_wconf 74' lang='lat' dir='ltr'><strong>iSta</strong></span> <span class='ocrx_word' id='word_1_898' title='bbox 2272 5256 2602 5321; x_wconf 89' lang='lat' dir='ltr'><strong>discernunt,</strong></span> <span class='ocrx_word' id='word_1_899' title='bbox 2632 5267 2855 5324; x_wconf 87' lang='lat' dir='ltr'><strong>quorum</strong></span> <span class='ocrx_word' id='word_1_900' title='bbox 2879 5254 3195 5331; x_wconf 84' lang='lat' dir='ltr'><strong>sententiam</strong></span> <span class='ocrx_word' id='word_1_901' title='bbox 3218 5248 3377 5308; x_wconf 89' lang='lat' dir='ltr'><strong>modo</strong></span> <span class='ocrx_word' id='word_1_902' title='bbox 3393 5249 3703 5308; x_wconf 86' lang='lat' dir='ltr'><strong>censiderare</strong></span> 
     </span>
    </p>
   </div>
   <div class='ocr_carea' id='block_1_115' title="bbox 2148 5342 3701 5417">
    <p class='ocr_par' dir='ltr' id='par_1_115' title="bbox 2148 5342 3701 5417">
     <span class='ocr_line' id='line_1_115' title="bbox 2148 5342 3701 5417; baseline -0.006 -11"><span class='ocrx_word' id='word_1_903' title='bbox 2148 5344 2255 5408; x_wconf 86' lang='lat' dir='ltr'><strong>non</strong></span> <span class='ocrx_word' id='word_1_904' title='bbox 2287 5363 2419 5417; x_wconf 93' lang='lat' dir='ltr'><strong>opus</strong></span> <span class='ocrx_word' id='word_1_905' title='bbox 2448 5355 2549 5402; x_wconf 91' lang='lat' dir='ltr'><strong>est.</strong></span> <span class='ocrx_word' id='word_1_906' title='bbox 2594 5345 2698 5404; x_wconf 91' lang='lat' dir='ltr'><strong>Sed</strong></span> <span class='ocrx_word' id='word_1_907' title='bbox 2732 5355 2878 5401; x_wconf 89' lang='lat' dir='ltr'><strong>certe</strong></span> <span class='ocrx_word' id='word_1_908' title='bbox 2915 5342 3295 5401; x_wconf 77' lang='lat' dir='ltr'><strong>animadvertis</strong></span> <span class='ocrx_word' id='word_1_909' title='bbox 3322 5343 3387 5400; x_wconf 87' lang='lat' dir='ltr'><strong>ad</strong></span> <span class='ocrx_word' id='word_1_910' title='bbox 3412 5358 3474 5401; x_wconf 89' lang='lat' dir='ltr'><strong>ea</strong></span> <span class='ocrx_word' id='word_1_911' title='bbox 3513 5344 3611 5415; x_wconf 82' lang='lat' dir='ltr'><strong>jam</strong></span> <span class='ocrx_word' id='word_1_912' title='bbox 3639 5343 3701 5398; x_wconf 85' lang='lat' dir='ltr'><strong>si-</strong></span> 
     </span>
    </p>
   </div>
   <div class='ocr_carea' id='block_1_116' title="bbox 2149 5422 3702 5514">
    <p class='ocr_par' dir='ltr' id='par_1_116' title="bbox 2149 5422 3702 5514">
     <span class='ocr_line' id='line_1_116' title="bbox 2149 5422 3702 5514; baseline -0.005 -17"><span class='ocrx_word' id='word_1_913' title='bbox 2149 5422 2251 5514; x_wconf 84' lang='lat' dir='ltr'><strong>gna</strong></span> <span class='ocrx_word' id='word_1_914' title='bbox 2279 5448 2378 5496; x_wconf 83' lang='lat' dir='ltr'><strong>nos</strong></span> <span class='ocrx_word' id='word_1_915' title='bbox 2400 5440 2726 5511; x_wconf 87' lang='lat' dir='ltr'><strong>pervenisse,</strong></span> <span class='ocrx_word' id='word_1_916' title='bbox 2756 5455 2876 5510; x_wconf 65' lang='lat' dir='ltr'><strong>quae</strong></span> <span class='ocrx_word' id='word_1_917' title='bbox 2907 5456 2963 5494; x_wconf 89' lang='lat' dir='ltr'><strong>se</strong></span> <span class='ocrx_word' id='word_1_918' title='bbox 2983 5434 3212 5493; x_wconf 75' lang='lat' dir='ltr'><strong>invicem</strong></span> <span class='ocrx_word' id='word_1_919' title='bbox 3244 5437 3557 5509; x_wconf 81' lang='lat' dir='ltr'><strong>signiﬁcent,</strong></span> <span class='ocrx_word' id='word_1_920' title='bbox 3581 5436 3702 5493; x_wconf 85' lang='lat' dir='ltr'><strong>nulla</strong></span> 
     </span>
    </p>
   </div>
   <div class='ocr_carea' id='block_1_117' title="bbox 2150 5520 3700 5606">
    <p class='ocr_par' dir='ltr' id='par_1_117' title="bbox 2150 5520 3700 5606">
     <span class='ocr_line' id='line_1_117' title="bbox 2150 5520 3700 5606; baseline -0.007 -17"><span class='ocrx_word' id='word_1_921' title='bbox 2150 5542 2344 5606; x_wconf 64' lang='lat' dir='ltr'><strong>praeter</strong></span> <span class='ocrx_word' id='word_1_922' title='bbox 2372 5546 2561 5588; x_wconf 91' lang='lat' dir='ltr'><strong>sonum</strong></span> <span class='ocrx_word' id='word_1_923' title='bbox 2592 5529 2859 5596; x_wconf 83' lang='lat' dir='ltr'><strong>distantia,</strong></span> <span class='ocrx_word' id='word_1_924' title='bbox 2884 5538 2939 5585; x_wconf 92' lang='lat' dir='ltr'><strong>et</strong></span> <span class='ocrx_word' id='word_1_925' title='bbox 2964 5547 3079 5602; x_wconf 72' lang='lat' dir='ltr'><strong>quae</strong></span> <span class='ocrx_word' id='word_1_926' title='bbox 3101 5520 3271 5600; x_wconf 85' lang='lat' dir='ltr'><strong>seipsa</strong></span> <span class='ocrx_word' id='word_1_927' title='bbox 3299 5530 3700 5601; x_wconf 81' lang='lat' dir='ltr'><strong>signiticentcum</strong></span> 
     </span>
    </p>
   </div>
   <div class='ocr_carea' id='block_1_118' title="bbox 2149 5610 3697 5692">
    <p class='ocr_par' dir='ltr' id='par_1_118' title="bbox 2149 5610 3697 5692">
     <span class='ocr_line' id='line_1_118' title="bbox 2149 5610 3697 5692; baseline -0.009 -12"><span class='ocrx_word' id='word_1_928' title='bbox 2149 5622 2358 5680; x_wconf 65' lang='lat' dir='ltr'><strong>cancris</strong></span> <span class='ocrx_word' id='word_1_929' title='bbox 2386 5622 2631 5678; x_wconf 91' lang='lat' dir='ltr'><strong>omnibus</strong></span> <span class='ocrx_word' id='word_1_930' title='bbox 2655 5618 2895 5692; x_wconf 80' lang='lat' dir='ltr'><strong>partibus</strong></span> <span class='ocrx_word' id='word_1_931' title='bbox 2914 5610 3187 5676; x_wconf 70' lang='lat' dir='ltr'><strong>orationis.</strong></span> <span class='ocrx_word' id='word_1_932' title='bbox 3210 5617 3310 5673; x_wconf 82' lang='lat' dir='ltr'><strong><em>Ad.</em></strong></span> <span class='ocrx_word' id='word_1_933' title='bbox 3336 5614 3450 5674; x_wconf 71' lang='lat' dir='ltr'><strong>Non</strong></span> <span class='ocrx_word' id='word_1_934' title='bbox 3471 5614 3697 5685; x_wconf 83' lang='lat' dir='ltr'><strong>intelligo.</strong></span> 
     </span>
    </p>
   </div>
   <div class='ocr_carea' id='block_1_119' title="bbox 2150 5706 3697 5789">
    <p class='ocr_par' dir='ltr' id='par_1_119' title="bbox 2150 5706 3697 5789">
     <span class='ocr_line' id='line_1_119' title="bbox 2150 5706 3697 5789; baseline -0.006 -16"><span class='ocrx_word' id='word_1_935' title='bbox 2150 5715 2286 5789; x_wconf 85' lang='lat' dir='ltr'><strong><em>Aug.</em></strong></span> <span class='ocrx_word' id='word_1_936' title='bbox 2314 5714 2432 5771; x_wconf 87' lang='lat' dir='ltr'><strong>Non</strong></span> <span class='ocrx_word' id='word_1_937' title='bbox 2458 5729 2583 5786; x_wconf 89' lang='lat' dir='ltr'><strong>ergo</strong></span> <span class='ocrx_word' id='word_1_938' title='bbox 2627 5713 2876 5785; x_wconf 89' lang='lat' dir='ltr'><strong>intelligis</strong></span> <span class='ocrx_word' id='word_1_939' title='bbox 2902 5724 2952 5768; x_wconf 89' lang='lat' dir='ltr'><strong>et</strong></span> <span class='ocrx_word' id='word_1_940' title='bbox 2980 5710 3171 5768; x_wconf 80' lang='lat' dir='ltr'><strong>nomen</strong></span> <span class='ocrx_word' id='word_1_941' title='bbox 3197 5706 3458 5768; x_wconf 63' lang='lat' dir='ltr'><strong>vocabulo</strong></span> <span class='ocrx_word' id='word_1_942' title='bbox 3489 5714 3541 5766; x_wconf 83' lang='lat' dir='ltr'><strong>et</strong></span> <span class='ocrx_word' id='word_1_943' title='bbox 3564 5710 3697 5764; x_wconf 77' lang='lat' dir='ltr'><strong>voca-</strong></span> 
     </span>
    </p>
   </div>
   <div class='ocr_carea' id='block_1_120' title="bbox 2149 5792 3694 5877">
    <p class='ocr_par' dir='ltr' id='par_1_120' title="bbox 2149 5792 3694 5877">
     <span class='ocr_line' id='line_1_120' title="bbox 2149 5792 3694 5877; baseline -0.007 -14"><span class='ocrx_word' id='word_1_944' title='bbox 2149 5805 2333 5863; x_wconf 86' lang='lat' dir='ltr'><strong>bulum</strong></span> <span class='ocrx_word' id='word_1_945' title='bbox 2360 5806 2575 5862; x_wconf 89' lang='lat' dir='ltr'><strong>nomine</strong></span> <span class='ocrx_word' id='word_1_946' title='bbox 2613 5804 2926 5877; x_wconf 77' lang='lat' dir='ltr'><strong>significari;</strong></span> <span class='ocrx_word' id='word_1_947' title='bbox 2950 5814 3001 5860; x_wconf 88' lang='lat' dir='ltr'><strong>et</strong></span> <span class='ocrx_word' id='word_1_948' title='bbox 3026 5802 3096 5859; x_wconf 87' lang='lat' dir='ltr'><strong>ita</strong></span> <span class='ocrx_word' id='word_1_949' title='bbox 3122 5810 3182 5859; x_wconf 79' lang='lat' dir='ltr'><strong>ut</strong></span> <span class='ocrx_word' id='word_1_950' title='bbox 3207 5808 3401 5875; x_wconf 74' lang='lat' dir='ltr'><strong>pmter</strong></span> <span class='ocrx_word' id='word_1_951' title='bbox 3423 5792 3599 5859; x_wconf 83' lang='lat' dir='ltr'><strong>senum</strong></span> <span class='ocrx_word' id='word_1_952' title='bbox 3616 5798 3694 5852; x_wconf 52' lang='lat' dir='ltr'><strong>lit‘</strong></span> 
     </span>
    </p>
   </div>
   <div class='ocr_carea' id='block_1_121' title="bbox 2151 5896 3690 5970">
    <p class='ocr_par' dir='ltr' id='par_1_121' title="bbox 2151 5896 3690 5970">
     <span class='ocr_line' id='line_1_121' title="bbox 2151 5896 3690 5970; baseline -0.006 -14"><span class='ocrx_word' id='word_1_953' title='bbox 2151 5910 2386 5958; x_wconf 88' lang='lat' dir='ltr'><strong>terarum</strong></span> <span class='ocrx_word' id='word_1_954' title='bbox 2430 5899 2558 5956; x_wconf 91' lang='lat' dir='ltr'><strong>nihil</strong></span> <span class='ocrx_word' id='word_1_955' title='bbox 2589 5899 2813 5967; x_wconf 88' lang='lat' dir='ltr'><strong>intersit,</strong></span> <span class='ocrx_word' id='word_1_956' title='bbox 2846 5906 3096 5970; x_wconf 69' lang='lat' dir='ltr'><strong>quiantum</strong></span> <span class='ocrx_word' id='word_1_957' title='bbox 3132 5897 3198 5953; x_wconf 88' lang='lat' dir='ltr'><strong>ad</strong></span> <span class='ocrx_word' id='word_1_958' title='bbox 3243 5896 3492 5969; x_wconf 86' lang='lat' dir='ltr'><strong>generale</strong></span> <span class='ocrx_word' id='word_1_959' title='bbox 3526 5906 3690 5950; x_wconf 88' lang='lat' dir='ltr'><strong>nomen</strong></span> 
     </span>
    </p>
   </div>
  </div>
