3844 6280
114 359 237 419 ωδ

112 471 322 546 pertinet
355 484 368 525 :
402 479 527 529 nam
549 473 603 523 et
627 462 857 536 Speciale
878 470 1075 519 nomen
1097 458 1341 525 dicimus,
1369 456 1517 533 quod.
1539 459 1676 519 inter

114 573 222 619 octo
247 569 421 633 partes
442 558 702 617 orationis
723 558 792 614 ita
816 563 921 620 est,
946 562 1006 615 ut
1019 552 1154 615 alias
1180 559 1387 629 septem
1414 564 1522 613 non
1549 564 1675 611 cou-

115 658 279 715 tineat.
316 652 419 709 Ad.
459 650 721 727 Intelligo.
747 648 878 721 Aug.
923 648 999 707 At
1039 645 1142 703 hoc
1166 653 1250 703 est
1293 642 1441 713 Quod
1462 640 1594 709 dixi.
1616 654 1676 699 se

114 745 321 801 invicem
344 740 656 811 signiﬁcare
684 737 1001 795 vocabulum
1025 744 1083 795 et
1103 749 1321 795 nomen.

176 834 255 890 18.
286 829 387 884 Ad.
412 829 625 895 Teneo,
643 825 739 883 sed
765 840 944 918 quaero
972 821 1494 918 quiddixerisrcutlt
1516 823 1674 918 etiam

116 928 267 999 seipse
301 918 609 993 significant
648 913 926 973 cum'aliis
964 916 1203 999 partibus
1226 914 1498 977 orationis.
1540 913 1671 985 Aug.

115 1018 279 1075 Nonne
294 1012 543 1085 superior
567 1011 702 1073 ratio
725 1009 905 1067 docuit
923 1024 1046 1079 nos,
1066 1024 1257 1071 omnes.
1277 1016 1457 1082 partes
1474 1006 1674 1069 oratio-

118 1110 206 1181 nis,
231 1114 280 1161 et
320 1103 541 1163 nomina
571 1116 727 1173 posse
764 1100 867 1161 dici
894 1108 947 1156 et
989 1099 1264 1164 vocabula,
1297 1098 1351 1175 id
1374 1106 1457 1157 est.
1478 1105 1532 1154 et
1575 1110 1676 1153 no-

118 1200 242 1257 mine
265 1206 314 1254 et
352 1194 619 1259 vocabulo
642 1209 800 1269 posse
827 1192 1145 1264 significari?
1170 1191 1270 1249 Ad.
1314 1188 1393 1251 Ita
1414 1200 1513 1249 est.
1539 1190 1674 1263 Aug.

119 1292 263 1362 Quid?
288 1291 465 1363 ipsum
492 1303 712 1355 nomen,
744 1287 798 1347 id
830 1295 915 1349 est
938 1301 1131 1349 sonum
1159 1286 1321 1345 istum
1341 1284 1549 1345 duabus
1568 1284 1677 1354 syl-

121 1383 236 1441 labis
267 1394 602 1453 expressum,
651 1378 696 1433 si
734 1393 797 1435 ex
847 1386 900 1434 te
953 1391 1192 1447 quaram
1237 1375 1363 1445 quid
1415 1375 1673 1444 appelles,

120 1488 270 1535 nonne
305 1478 452 1531 recte
500 1469 633 1527 milii
676 1467 1023 1539 respondebis
1044 1508 1065 1535 ,
1089 1465 1327 1525 Nomen?
1357 1464 1457 1523 Ad.
1488 1464 1672 1521 Recte.

120 1566 230 1635 Aug.
257 1561 393 1619 Num.
432 1561 511 1625 ita,
542 1576 603 1621 se
626 1560 887 1635 significat
913 1559 1017 1616 hoc
1042 1560 1251 1631 signum
1285 1558 1426 1628 quod
1450 1566 1677 1628 quatuor

121 1653 307 1726 syllabis
346 1653 693 1719 euuntiamus
728 1666 852 1709 cum
899 1650 1157 1715 dicimus,
1184 1647 1537 1719 Coniunctio?
1566 1648 1677 1703 Hoc

120 1744 237 1800 enim
262 1758 450 1801 nomen
499 1743 639 1801 inter
676 1742 767 1803 illa
790 1757 911 1817 qua:
934 1741 1217 1811 significat,
1254 1740 1525 1803 numerari
1567 1755 1674 1799 non

124 1842 286 1905 potest.
321 1833 417 1891 Ad.
463 1832 635 1891 Recte
661 1832 882 1903 accipio.
932 1831 1066 1901 Aug.
1097 1830 1153 1887 ω
1182 1840 1267 1887 est
1290 1831 1432 1902 quod
1474 1830 1673 1887 dictum

122 1933 187 1980 est
214 1938 395 1985 nomen
424 1925 667 1997 seipsum
687 1922 985 1992 significare
1011 1938 1137 1981 cum
1174 1923 1293 1981 aliis
1325 1937 1447 1993 quae
1467 1923 1673 1993 signiﬁ-

124 2022 222 2079 cat;
241 2018 377 2085 quod,
400 2014 567 2071 etiam
592 2014 666 2073 de
692 2000 949 2073 vocabulo
974 2014 1095 2069 licet
1126 2029 1219 2084 per
1244 2014 1472 2087 teipsum
1513 2013 1672 2069 intel-

125 2106 246 2176 ligas.
285 2104 380 2158 Ad.
410 2103 531 2167 iam
566 2103 717 2163 facile
744 2112 825 2167 est
853 2122 865 2159 :
898 2104 992 2165 sed
1032 2104 1161 2167 illud
1205 2104 1337 2163 mihi
1363 2118 1509 2167 nunc
1529 2103 1673 2159 venit

125 2195 167 2249 in
198 2203 433 2261 mentem,
476 2210 675 2257 nomen
705 2206 757 2257 et
784 2196 1106 2267 generaliter
1128 2203 1184 2253 et
1208 2196 1509 2264 specialiter
1534 2195 1667 2261 dici;

125 2285 393 2340 vocabulum
429 2293 616 2343 autem
656 2285 791 2347 inter
820 2295 939 2343 octo
964 2294 1139 2356 partes
1165 2286 1422 2343 orationis
1451 2302 1556 2341 non
1581 2301 1669 2341 ac-

126 2378 237 2446 cipi:
265 2393 422 2448 quare
450 2378 561 2433 lioc
585 2393 794 2451 quoque
823 2378 961 2439 inter
980 2392 1037 2433 se
1067 2386 1258 2453 praeter
1286 2378 1552 2437 diversum
1579 2393 1671 2433 so-

126 2482 224 2520 num
246 2466 464 2524 differre
489 2469 736 2531 arbitror.
770 2467 902 2543 Aug.
932 2468 1101 2537 Quid?
1130 2484 1329 2529 nomen
1350 2478 1405 2525 et
1421 2476 1566 2536 51am:
1589 2468 1672 2525 di-

124 2568 236 2614 stare
258 2560 385 2614 inter
404 2575 475 2616 se
502 2559 700 2632 aliquid
745 2569 899 2631 putas
930 2570 1125 2631 praeter
1149 2576 1359 2627 sonum,
1382 2577 1488 2632 quo
1510 2562 1670 2621 etiam

124 2649 279 2721 lingua:
299 2654 673 2715 discernuntur
697 2653 857 2709 latina
884 2662 1039 2723 atque
1062 2653 1277 2723 graeca?
1302 2653 1401 2707 Ad.
1428 2654 1524 2725 llic
1540 2670 1670 2711 vero

124 2742 227 2796 nihil
252 2743 379 2799 aliud
409 2744 675 2815 intelligo.
708 2745 840 2814 Aug.
870 2745 1191 2803 Perventum
1233 2753 1317 2801 est
1346 2761 1472 2815 ergo
1509 2744 1577 2805 ad
1606 2761 1669 2803 ea

124 2834 242 2905 signa
273 2852 381 2907 quze
409 2846 473 2891 et
501 2835 674 2906 seipsa
702 2834 999 2906 signiﬁcent
1022 2874 1038 2902 ,
1068 2844 1121 2891 et
1146 2836 1284 2890 aliud
1309 2836 1375 2891 ab
1399 2837 1502 2890 alio
1532 2837 1669 2891 invi-

126 2942 216 2982 cem
237 2930 576 3000 significetur,
604 2939 660 2987 et
685 2927 936 3000 quidquid
962 2929 1028 2982 ab
1058 2944 1161 2983 uno
1209 2929 1309 2987 hoc
1336 2938 1391 2983 et
1425 2929 1493 2985 ab
1531 2929 1665 3003 alio;

129 3027 168 3071 et
199 3019 311 3075 nihil
338 3030 536 3090 praeter
582 3035 769 3075 sonum
813 3020 951 3077 inter
992 3034 1051 3077 sc
1081 3019 1327 3079 dilicrant
1359 3035 1369 3074 :
1400 3036 1522 3077 nam
1568 3019 1669 3077 hoc

129 3120 330 3176 quartum
355 3111 520 3167 modo
546 3112 877 3176 invenimus;
903 3114 998 3167 tria
1022 3113 1160 3166 cnim
1184 3114 1478 3183 superiora,
1526 3122 1579 3169 et
1599 3113 1666 3168 de

130 3202 303 3260 nomine
315 3212 365 3259 et
384 3204 551 3263 verbo
577 3204 957 3273 intelliguntur.
977 3203 1075 3256 Ad.
1090 3203 1315 3259 Omnino
1334 3215 1665 3275 perventum.

184 3291 375 3350 CAPUT
402 3293 521 3351 VII.
543 3324 614 3334 —
642 3291 892 3365 Epiloqus
930 3294 1312 3363 prwcedcntium
1350 3297 1593 3367 capitum.

190 3382 256 3438 l9.
282 3387 407 3458 Aug.
443 3385 562 3445 1am
593 3401 709 3454 quae
734 3384 1139 3445 sermocinando
1165 3386 1544 3457 invenerimus,
1574 3404 1665 3444 ve-

141 3469 212 3525 lim
248 3491 537 3533 recenseas.
587 3476 685 3535 Ad.
720 3475 930 3537 Faciam
978 3484 1231 3547 quantum
1275 3492 1507 3549 possum.
1533 3479 1665 3539 Nam

138 3563 270 3630 primo
284 3569 519 3623 cumiqu
535 3566 788 3622 recordor
810 3566 1110 3632 aliquandiu
1130 3582 1225 3620 nos
1242 3569 1494 3641 quaesisse
1509 3585 1667 3641 quam

136 3651 186 3705 ob
204 3669 391 3714 causam
411 3661 713 3730 loquamur,
736 3658 1109 3733 inventumque
1135 3672 1251 3717 osse
1276 3658 1497 3717 docendi
1523 3676 1668 3717 com—

134 3753 485 3808 memoraudive
532 3753 697 3823 gratia
752 3768 849 3809 nos
890 3752 1052 3823 loqui,
1103 3751 1527 3823 quandoquidem
1568 3752 1668 3809 nec

133 3851 223 3895 cum
250 3844 650 3916 interrogamus,
687 3845 827 3905 aliud
858 3847 1062 3921 agimus
1083 3860 1239 3915 quam
1269 3854 1325 3901 ut
1353 3845 1443 3899 ille
1471 3846 1558 3917 qui
1584 3846 1664 3901 iit-

133 3938 386 4004 terrogalur
412 3937 583 3991 discat
603 3937 727 4005 quid
747 3937 967 3993 velimus
983 3936 1198 4002 audire;
1229 3936 1358 3991 etin
1382 3936 1665 4002 cantando,

130 4025 240 4092 quod
264 4027 621 4083 delectationis
650 4042 807 4085 causa
837 4026 1008 4085 facere
1028 4025 1287 4097 videmur,
1318 4041 1421 4081 non
1450 4027 1518 4081 sit
1547 4043 1667 4098 pro-

131 4114 268 4181 prium
309 4118 617 4184 locutionis;
667 4117 720 4171 in
767 4117 966 4173 orando
1003 4118 1112 4171 Deo
1136 4158 1151 4185 ,
1183 4132 1338 4186 quem
1371 4117 1549 4172 doceri
1578 4128 1670 4175 aut

130 4213 496 4269 commemorari
521 4212 821 4269 existimare
849 4225 951 4265 non
980 4224 1276 4278 possumus,
1307 4209 1359 4269 id
1391 4211 1549 4267 verba
1580 4228 1670 4266 va-

129 4296 264 4369 leant,
311 4314 364 4367 ut
404 4305 485 4360 vel
535 4320 631 4361 nos
674 4305 816 4374 ipsos
858 4303 1410 4371 commonefaciamus,
1454 4304 1537 4359 vel
1579 4305 1668 4360 alii

130 4404 527 4472 commoueantur
552 4397 905 4455 doceanturve
930 4412 1023 4479 per
1050 4411 1166 4453 nos.
1203 4395 1401 4453 Deinde
1423 4411 1541 4455 cum
1584 4411 1668 4450 sa-

133 4485 183 4535 lis
204 4492 509 4545 covistitisset
542 4488 701 4545 verba
730 4488 857 4551 nihil
879 4487 1017 4544 aliud
1048 4504 1168 4544 esse
1212 4503 1370 4557 quam
1397 4489 1573 4557 signa;
1603 4503 1668 4553 ea

130 4588 231 4632 vero
252 4596 359 4650 quae
373 4598 472 4645 non
495 4581 693 4653 aliquid
716 4582 1028 4653 significent,
1054 4583 1199 4655 signa
1217 4596 1334 4637 esse
1358 4597 1463 4635 non
1487 4596 1666 4650 posse.

132 4674 409 4739 proposuisti
438 4689 672 4742 versum,
700 4672 850 4743 cujus
869 4674 1026 4735 verba
1054 4672 1259 4743 singula
1292 4670 1419 4747 qttid
1459 4672 1665 4749 signifi-

132 4769 299 4829 carent,
322 4780 541 4820 conarcr
562 4762 841 4819 ostendere
872 4780 884 4814 :
919 4763 963 4817 is
984 4771 1158 4821 autem
1189 4770 1302 4817 erat
1331 4780 1342 4815 :

283 4855 322 4902 Si
339 4854 452 4909 nihil
487 4868 549 4905 ex
575 4861 703 4905 tanta
724 4853 917 4917 Superis
944 4851 1101 4916 placet
1123 4853 1246 4901 urbe
1270 4851 1496 4916 relinqui.

129 4926 263 5011 Cujus
285 4938 565 4995 secundum
592 4936 807 4992 verbum
835 4937 1074 5007 quamvis
1112 4936 1441 4999 notissimum
1472 4946 1522 4991 et
1547 4952 1661 4991 ma-

129 5020 523 5100 nifestissimum,
558 5028 684 5101 quid
739 5038 914 5082 tamen
956 5026 1293 5099 significaret,
1350 5044 1453 5083 non
1504 5042 1662 5103 repe-

130 5113 373 5177 riebamus.
406 5120 643 5192 Cumque
682 5119 807 5174 mihi
839 5119 1102 5175 videretur
1129 5133 1232 5173 non
1262 5118 1453 5172 frustra
1482 5133 1580 5172 nos
1607 5112 1657 5174 id

129 5198 171 5257 in
190 5205 433 5280 loquendo
455 5213 813 5289 interponere,
842 5209 934 5269 sed
972 5208 1111 5281 quod
1141 5224 1205 5263 co
1247 5208 1442 5283 aliquid
1483 5208 1666 5265 docea-

130 5306 227 5351 mus
248 5300 532 5358 audientem
550 5343 564 5368 ,
599 5301 767 5369 ipsam
790 5300 980 5353 utentis
1001 5297 1359 5364 affectionem,
1401 5314 1521 5353 cum
1551 5313 1665 5353 rem

130 5398 258 5453 quam
282 5396 480 5463 qumrit,
511 5409 617 5448 non
642 5407 760 5447 esse
787 5392 1005 5458 invenit,
1027 5390 1109 5445 vel
1129 5388 1393 5445 invenisse
1410 5406 1468 5445 se
1494 5399 1662 5461 putat,

128 5473 210 5535 hoc
247 5486 398 5543 verbo
436 5487 660 5541 fortasse
689 5482 947 5548 indicari;
981 5482 1297 5552 respondisti
1322 5490 1377 5536 tu
1413 5481 1623 5552 quidem
1646 5524 1660 5547 ,

130 5569 204 5623 30d
251 5582 417 5634 tamen
456 5580 635 5634 nescio
686 5592 841 5646 quam
894 5573 1303 5646 profunditatem
1356 5576 1664 5644 quaestionis

122 5654 222 5725 ioco
245 5669 454 5738 evitans,
486 5668 536 5724 in
565 5658 717 5723 aiiud'
737 5675 947 5737 tempus
972 5663 1331 5720 illustrandam
1370 5664 1615 5719 distulisti
1645 5684 1657 5720 :

125 5760 205 5807 "ec
228 5772 303 5817 me
329 5752 487 5831 debiti
517 5777 724 5834 quoque
748 5761 820 5817 tui
846 5759 1063 5816 oblitum
1096 5767 1267 5829 putes.
1290 5756 1416 5812 lnde
1443 5756 1655 5851 tertium

1477 342 1679 407 LIBER
1718 342 1916 401 UNUS.

3226 355 3363 414 (€08

1786 456 1841 512 in
1869 470 2025 511 versu
2049 458 2263 517 verbum
2302 474 2420 521 cum
2452 469 2751 533 sumserunt
2795 478 3060 535 exponere
3079 507 3095 531 .
3126 470 3355 539 urgebar

1783 545 1877 603 abs
1906 556 1978 611 te,
2012 556 2069 605 ut
2094 564 2197 609 nou
2237 552 2461 611 verbum
2481 552 2623 613 aliud
2646 554 2787 624 quod
2830 556 2973 619 idem
3011 558 3235 626 valeret,
3263 562 3362 618 sed

1782 650 1899 699 rem
1926 636 2090 711 ipsam
2118 641 2295 710 potius
2310 658 2427 712 quae
2452 660 2548 714 per
2576 645 2739 709 verba
2760 646 3149 716 signiﬁcaretur!
3180 659 3363 711 caton-

1783 724 1987 783 derem.
2032 727 2269 801 Cumque
2309 733 2360 789 id
2404 736 2886 805 sermoduaptibtis
2910 740 3067 797 nobis
3099 740 3214 801 fieri
3253 748 3359 803 non

1784 832 1941 891 posse
1966 819 2236 904 dixissem,
2263 836 2483 883 ventum
2499 828 2662 891 estad
2687 845 2749 889 ca
2773 846 2891 901 quae
2916 832 3364 904 intemttibm

1783 909 1948 981 digito
1994 902 2375 977 monstrantur.
2425 917 2549 977 Haec
2584 935 2685 991 ego
2713 925 3009 992 corporalia
3183 928 3363 986 omnia

1782 1001 2102 1067 arbitrabar,
2123 1004 2217 1061 scd
2244 1006 2540 1065 invenimus
2580 1012 2697 1071 sola
2725 1013 2969 1075 visibiiia.
2998 1015 3137 1077 Hine
3173 1019 3356 1081 nemo

1781 1093 2053 1165 quomodo
2091 1094 2161 1157 ad
2196 1096 2382 1153 surdos
2442 1106 2498 1155 et
2551 1098 2837 1163 histriones
2880 1104 3222 1175 devenimus,
3270 1109 3363 1183 qui

1783 1200 1892 1243 non
1932 1202 2051 1258 quie
2086 1187 2199 1243 sola
2225 1188 2390 1243 videri
2422 1200 2661 1259 possunt,
2705 1193 2799 1249 sed
2827 1195 3001 1257 multa,
3024 1209 3362 1266 praetorianae

1784 1292 1947 1353 prope
1975 1280 2152 1337 omnia
2176 1294 2295 1352 qua:
2338 1280 2603 1353 loquimur
2626 1324 2642 1349 ,
2668 1295 2825 1355 gestu
2853 1287 2969 1353 sine
2994 1305 3127 1353 νοω,

1783 1378 1941 1433 cant;
1972 1370 2187 1424 eosdem
2233 1380 2409 1431 tamen
2441 1383 2624 1442 gestus
2648 1374 2795 1444 signa
2825 1393 2945 1437 esse
2979 1382 3357 1451 comperimus.

1782 1458 1921 1515 Tum
1957 1476 2141 1517 rursus
2168 1478 2413 1537 quaerere
2456 1466 2751 1537 ccepimtts,
2782 1472 3048 1538 quomodo
3088 1462 3175 1535 res
3215 1476 3360 1545 ipsa:

1781 1565 1901 1621 qum
1928 1552 2097 1625 signis
2136 1554 2499 1624 significantur
2516 1599 2532 1625 ,
2562 1558 2677 1617 sine
2718 1559 2841 1621 ullis
2865 1561 3036 1631 signis
3060 1565 3359 1631 valemmus

1781 1643 2079 1708 ostendere,
2120 1660 2241 1698 cum
2271 1655 2327 1702 et
2349 1647 2440 1709 ille
2464 1650 2659 1719 paries,
2687 1661 2742 1709 et
2788 1653 2955 1719 enim,
2981 1662 3037 1711 et
3049 1671 3206 1719 omne
3230 1659 3361 1717 visi-

1779 1733 1909 1799 bile,
1937 1737 2079 1809 quod
2100 1737 2396 1805 intentione
2421 1740 2573 1813 digiti
2607 1744 2923 1813 ostenditun,
2950 1747 3111 1816 signo
3130 1750 3361 1820 quodam

1779 1830 2186 1891 convinceretur
2208 1832 2434 1897 ostendi.
2460 1833 2554 1891 llic
2568 1849 2667 1905 ego
2679 1851 2865 1891 errans
2884 1852 3006 1899 cum
3018 1840 3245 1907 iuvaturi
3257 1842 3363 1903 talo

1778 1920 1911 1977 nihil
1932 1935 2091 1990 posse
2113 1922 2389 1987 dixissem,
2406 1925 2614 1985 tandem
2634 1928 2772 1983 inter
2787 1932 3155 1999 uosoonstitit,
3167 1948 3226 1987 ea
3240 1948 3365 2003 pos-

1777 2024 1838 2071 se
1861 2010 2215 2071 demonstrari
2236 2014 2352 2071 sine
2390 2015 2562 2085 signo,
2591 2032 2707 2087 qum
2732 2032 2853 2075 cum
2873 2034 2903 2079 a
2933 2021 3086 2079 nobis
3112 2039 3361 2092 quzet‘un-

1778 2108 1885 2167 tur,
1904 2116 2011 2161 non
2022 2104 2249 2173 agimus,
2269 2114 2323 2165 et
2345 2114 2461 2179 post
2478 2106 2871 2179 inquisitionem
2884 2125 3041 2183 agere
3053 2128 3360 2185 possumus;

1776 2192 2098 2253 locutionem
2127 2204 2300 2263 tamen
2315 2211 2380 2253 ex
2404 2213 2469 2253 eo
2493 2213 2599 2257 non
2612 2214 2731 2259 esse
2760 2215 2957 2270 genere
2982 2221 2995 2255 :
3021 2205 3282 2274 siquidem
3304 2214 3361 2267 et

1778 2284 2055 2355 loquentes
2080 2302 2201 2343 cum
2216 2287 2602 2361 interrogamur
2626 2291 2749 2363 quid
2768 2292 2835 2347 sit
2858 2293 3072 2357 locutio,
3089 2295 3242 2357 istam
3263 2312 3359 2369 per

1776 2376 2005 2444 seipsam
2030 2377 2394 2437 demonstrare
2416 2378 2569 2443 facile
2586 2396 2702 2437 esse
2731 2384 2859 2443 satis
2884 2385 3143 2454 apparuit.

1846 2467 1935 2523 20.
1978 2468 2061 2525 Ex
2088 2485 2193 2541 quo
2218 2470 2472 2529 admoniti
2501 2488 2684 2537 sumus
2709 2483 2800 2533 aut
2817 2476 2979 2545 signis
3007 2476 3159 2548 signa
3196 2493 3353 2541 mon-

1774 2560 1932 2621 strari
1952 2601 1966 2624 ,
2008 2570 2096 2617 aut
2124 2562 2287 2633 signis
2327 2563 2430 2619 alia
2454 2579 2572 2637 qua:
2597 2565 2745 2634 signa
2771 2581 2874 2623 non
2904 2578 3054 2635 sunt,
3082 2572 3357 2633 autetiam

1776 2652 1891 2711 sine
1916 2653 2065 2721 signo
2092 2668 2177 2708 res
2213 2668 2347 2722 quas
2373 2669 2528 2724 agere
2564 2665 2683 2727 post
2710 2657 3185 2731 interrogationem
3228 2677 3355 2737 pos-

1775 2758 1959 2799 sumus
1987 2762 1997 2796 :
2024 2745 2315 2819 horumque
2344 2748 2497 2803 trium
2531 2750 2759 2817 primum
2781 2750 3084 2821 diligentius
3108 2754 3353 2819 conside-

1774 2835 1996 2915 randum
2037 2836 2525 2906 discutiendumque
2564 2840 2913 2908 suacepimus.
2960 2841 3071 2917 Qua
3117 2843 3359 2911 disputa-t

1777 2924 1917 2978 tione
1943 2924 2261 2983 declaratum
2294 2934 2410 2991 est,
2445 2928 2631 2997 partim
2662 2943 2780 2983 esse
2808 2932 2987 2998 signa,
3029 2946 3146 2999 qua:
3183 2932 3249 2993 ab
3289 2932 3355 2993 iis

1774 3012 1939 3082 signis
1973 3030 2088 3089 qum
2115 3016 2501 3087 significarent,
2528 3017 2810 3087 significari
2839 3020 3064 3079 vicissim
3093 3036 3201 3077 non
3224 3036 3353 3090 pos-

1774 3116 1926 3169 scut,
1957 3114 2013 3159 ut
2054 3116 2134 3161 cst
2181 3105 2280 3161 hoc
2326 3108 2772 3178 quadrisyllabum
2821 3126 2972 3179 cum,
3004 3111 3350 3182 Conjunctio,

1774 3197 2242 3268 dicimus:partim
2274 3215 2390 3269 quae
2434 3210 2680 3269 possent,
2716 3212 2770 3255 ut
2812 3217 2931 3257 cum
2968 3202 3226 3269 dicimus,
3270 3203 3356 3261 Si-

1771 3304 1933 3357 gnum
1955 3330 1967 3353 ,
1997 3290 2152 3342 ctiam
2184 3291 2401 3344 verbum
2432 3292 2821 3360 significamus;
2854 3304 2906 3351 et
2933 3308 3051 3353 cum
3095 3295 3351 3367 dicitnItS,

1775 3378 2037 3447 Verbum,
2081 3380 2241 3434 etiam
2268 3384 2470 3450 signum
2496 3382 2884 3450 signiﬁcamus;
2917 3400 3035 3441 nam
3064 3385 3270 3455 signum
3302 3395 3359 3443 et

1772 3468 2027 3533 verbum,
2060 3478 2113 3522 et
2135 3470 2239 3525 duo
2266 3472 2435 3541 signa,
2468 3480 2519 3524 et
2546 3472 2650 3528 duo
2680 3476 2837 3527 verba
2866 3482 3006 3527 sunt.
3041 3475 3095 3528 In
3127 3474 3225 3529 hoc
3261 3490 3356 3530 au-

1772 3567 1877 3614 tem
1904 3576 2127 3633 genere,
2157 3576 2262 3632 quo
2292 3561 2516 3615 invicem
2558 3578 2614 3618 se
2642 3564 2791 3639 signa
2830 3565 3160 3635 significant,
3202 3582 3353 3636 qua:-

1770 3650 1892 3705 dam
1939 3669 2043 3708 non
2083 3660 2321 3718 tantum,
2367 3655 2606 3725 quaedam
2654 3667 2888 3723 tantum,
2937 3659 3176 3735 quaedam
3225 3675 3354 3719 vero

1771 3743 1927 3799 etiam
1961 3743 2098 3798 idem
2126 3745 2300 3799 valere
2322 3755 2671 3803 monstratum
2703 3760 2803 3804 est.
2830 3748 3035 3807 Etenim
3065 3750 3164 3805 hoc
3188 3752 3355 3823 disyl-

1772 3831 1981 3898 labum,
2012 3834 2151 3904 quod
2181 3830 2332 3887 sonat
2373 3850 2491 3888 cum
2538 3837 2795 3905 dicimus,
2842 3838 3088 3907 Signum,
3134 3856 3352 3912 prorsus

1771 3924 1946 3977 omnia
1978 3924 2167 3993 quibus
2188 3924 2416 3995 quidque
2446 3925 2770 3993 significatur
2798 3929 3057 3997 significat
3085 3948 3095 3982 :
3127 3946 3232 3991 non
3257 3946 3353 3987 au-

1772 4020 1876 4065 tem
1905 4014 2138 4067 omnium
2166 4013 2433 4081 signorum
2462 4015 2666 4082 signum
2697 4025 2775 4067 cst
2805 4032 2924 4070 cum
2950 4018 3193 4083 dicimus,
3220 4019 3352 4075 Ver-

1771 4103 1928 4167 bum,
1975 4104 2068 4158 sed
2102 4113 2300 4157 tantum
2332 4120 2511 4157 eorum
2542 4122 2659 4176 quin
2701 4107 2972 4169 articulata
3010 4126 3136 4165 voce
3177 4111 3353 4181 profe-

1772 4205 1976 4250 runtur.
2014 4193 2166 4249 Unde
2211 4194 2545 4249 manifestum
2595 4205 2704 4258 est.
2753 4200 2991 4268 quamvis
3034 4209 3087 4265 et
3126 4203 3350 4258 verbum

1770 4288 1949 4358 signo,
1982 4297 2035 4341 et
2078 4288 2283 4357 signum
2324 4288 2486 4340 verbo
2510 4328 2525 4354 ,
2559 4287 2607 4341 id
2640 4298 2718 4342 est
2748 4297 2799 4342 et
2838 4288 2953 4343 dua:
2986 4291 3098 4345 ista:
3128 4292 3349 4362 syllabae

1773 4378 1912 4445 illis,
1944 4389 1998 4432 et
2030 4378 2132 4431 illa:
2177 4378 2289 4431 istis
2335 4377 2727 4446 significmtur,
2763 4380 2876 4451 plus
2925 4390 3097 4435 tamen
3143 4385 3353 4453 signum

1773 4474 1947 4527 valere
1976 4488 2132 4541 quam
2161 4471 2412 4537 verbum,
2445 4474 2596 4542 plura
2642 4471 2843 4526 scilicet
2878 4472 2976 4526 illis
3014 4474 3215 4529 du:ibus
3245 4476 3353 4548 syl-

1773 4564 1935 4630 labis,
1966 4581 2123 4634 quam
2152 4564 2265 4619 istis
2305 4564 2738 4637 significantibus.
2780 4565 3128 4633 Tantumdem
3174 4579 3352 4637 autem

1772 4657 1913 4709 valet
1941 4657 2188 4727 generale
2227 4657 2478 4723 verbum,
2528 4667 2581 4713 et
2616 4659 2862 4729 generale
2909 4677 3119 4721 nomen.
3165 4663 3356 4721 Docuit

1772 4751 1913 4803 enim
1942 4750 2075 4803 ratio
2100 4765 2284 4803 omnes
2313 4760 2489 4821 partes
2510 4753 2763 4805 orationis
2784 4754 2941 4813 etiam
2969 4754 3180 4810 nomina
3207 4772 3348 4824 esse,

1772 4842 1910 4912 quod
1940 4853 1990 4895 et
2020 4843 2328 4911 pronomina
2360 4842 2442 4897 his
2472 4842 2591 4896 addi
2640 4854 2888 4913 possunt,
2921 4856 2973 4901 et
3018 4849 3084 4911 de
3110 4851 3356 4915 omnibus

1772 4932 1873 4987 dici
1902 4941 2075 5000 potest
2099 4933 2235 5003 quod
2260 4933 2454 5005 aliquid
2496 4936 2795 5005 nominent,
2826 4939 3045 5003 utnulla
3076 4956 3254 5001 eorum
3286 4943 3358 4997 sit

1771 5039 1887 5094 quae
1908 5040 2012 5079 non
2039 5025 2200 5079 verbo
2220 5025 2470 5097 adjuncto
2493 5033 2889 5097 pronuntiatum
2916 5032 3080 5099 possit
3106 5032 3349 5101 implere.

1772 5115 1875 5172 Sed
1915 5131 2032 5168 cum
2078 5118 2403 5179 tantumdem
2441 5120 2652 5175 valeant
2691 5136 2882 5175 nomen
2910 5130 2962 5177 et
2990 5124 3239 5195 verbum,
3287 5141 3354 5195 eo

1771 5208 1910 5279 quod
1937 5209 2109 5261 omnia
2141 5224 2257 5279 qum
2282 5211 2439 5264 verba
2472 5222 2624 5276 sunt,
2655 5213 2761 5269 sint
2790 5214 2946 5273 etiam
2975 5216 3217 5281 nomina;
3245 5231 3354 5281 non
3426 5218 3427 5227 ‘

1774 5307 1949 5354 tamen
1994 5298 2131 5353 idem
2175 5301 2367 5353 valent.
2405 5303 2518 5357 Alia
2560 5305 2753 5375 quippe
2778 5304 2841 5357 dc
2871 5319 3027 5365 causa
3054 5305 3249 5370 verba,
3297 5317 3355 5367 et.

1770 5391 1869 5443 alia
1904 5392 2112 5445 nomina
2143 5392 2459 5462 nuncupari,
2490 5394 2618 5446 satis
2664 5394 3004 5471 probabiliter
3030 5394 3353 5465 disputatum

1771 5488 1871 5535 est.
1901 5481 2169 5555 Siquidem
2198 5482 2421 5537 alterum
2446 5482 2633 5536 horum
2658 5485 2721 5537 ad
2741 5486 2883 5539 auris
2904 5485 3348 5557 verberationem,

1770 5573 1995 5627 alterum
2024 5574 2085 5627 ad
2111 5574 2271 5627 animi
2314 5575 2870 5628 commemorationem
2911 5574 3192 5633 notandam
3232 5592 3353 5645 esse

1771 5674 2130 5734 compertum,
2160 5664 2244 5720 vel
2269 5682 2331 5719 cx
2378 5664 2475 5718 hoc
2505 5664 2720 5731 intelligi
2754 5675 2957 5733 potest,
3006 5666 3147 5738 quod
3178 5669 3229 5722 in
3270 5668 3351 5724 lo-

1768 5757 1978 5829 quendo
2006 5757 2300 5817 rectissime
2323 5756 2561 5821 dicimus,
2589 5752 2736 5818 Quod
2764 5763 2845 5807 est
2870 5753 2993 5810 huic
3023 5759 3099 5813 rei
3128 5776 3344 5829 nomen,
