3824 6296
488 384 513 441 Ι
522 384 623 441 207

487 516 605 557 rem
651 501 925 557 memoriae
964 502 1218 559 mandare
1241 504 1550 573 cupientes;
1599 501 1752 571 Quod
1780 512 1863 559 est
1901 512 2077 556 autem

486 592 616 649 huic
644 592 724 648 rei
751 592 1002 660 verbum,
1035 593 1212 652 dicere
1237 610 1345 651 non
1371 595 1623 651 solemus.
1655 594 1785 664 Qua:
1816 610 1947 652 vero
1975 610 2081 651 non

484 683 666 740 solum
688 684 1040 753 tantumdem,
1061 686 1157 742 sed
1176 687 1334 741 etiam
1357 686 1496 742 idem
1518 687 1735 743 omnino
1758 686 2074 759 signiﬁcent,

490 785 549 834 et
571 776 714 832 inter
733 792 851 848 quae
863 776 997 832 nihil
1010 786 1203 847 praeter
1216 778 1515 835 litterarum
1539 778 1701 835 distet
1723 795 1915 835 sonum
1934 820 1949 845 ,
1977 794 2078 835 no-

485 885 616 927 men
652 878 707 927 et
733 876 880 937 ενομα
908 869 1224 927 invenimus.
1255 869 1389 927 Illud
1405 886 1534 927 sane
1553 872 1681 926 mihi
1702 872 1941 942 elapsum
1964 881 2079 929 erat

486 962 544 1016 in
574 961 676 1017 hoc
703 976 928 1033 genere,
968 962 1022 1016 in
1045 977 1152 1033 quo
1179 962 1405 1018 invicem
1430 976 1491 1018 se
1519 962 1845 1032 signiﬁcant,
1877 964 2079 1019 nullum

486 1067 590 1109 nos
617 1053 825 1123 signum
855 1053 1212 1125 comperisse,
1251 1053 1392 1125 quod
1431 1070 1537 1109 non
1567 1053 1706 1109 inter
1732 1062 1925 1110 caetera
1960 1071 2079 1127 quae

459 1143 757 1226 ,signiﬂcat
776 1187 793 1214 ,
842 1160 902 1202 se
938 1161 1151 1217 quoque
1176 1144 1456 1218 signiﬁcet.
1488 1145 1614 1201 Haec
1642 1155 1897 1217 quantum
1931 1148 2079 1218 potui

483 1239 798 1296 recordatus
827 1254 968 1295 sum.
998 1239 1076 1295 Tu
1102 1239 1215 1311 jam
1242 1240 1468 1307 videris,
1499 1255 1654 1310 quem
1681 1240 1812 1295 nihil
1853 1250 1981 1311 puto
2024 1241 2078 1296 in

482 1329 592 1387 hoc
617 1345 864 1387 sermone
891 1330 996 1386 nisi
1015 1330 1275 1387 scientem
1302 1338 1613 1401 certumque
1631 1329 1829 1388 dixisse
1852 1374 1868 1401 ,
1896 1341 2074 1387 utrum

482 1422 588 1479 ista
612 1423 748 1480 bene
776 1422 1126 1493 ordinateque
1153 1422 1484 1493 digesserim.

482 1513 714 1572 CAPUT
743 1512 877 1568 VIII.
906 1541 977 1555 -—
1011 1513 1133 1568 Non
1157 1517 1348 1585 frustra
1375 1513 1480 1567 hac
1507 1511 1774 1584 disputari.
1816 1512 1946 1567 Item
2008 1514 2078 1569 si-

558 1610 673 1682 gnis
710 1606 901 1663 auditis
935 1608 1160 1663 animum
1183 1647 1197 1671 ,
1237 1614 1294 1659 ut
1319 1604 1645 1676 interroganti
1672 1604 2036 1675 respondeatur
2058 1646 2073 1668 ,

482 1682 494 1695 ’
560 1702 628 1755 ad
654 1717 735 1755 res
760 1701 1069 1773 signiﬁcatus
1093 1715 1198 1754 esse
1239 1697 1579 1770 referendum.

558 1793 650 1847 21.
685 1791 819 1863 Aug.
868 1791 1008 1848 Satis
1051 1798 1107 1847 tu
1152 1790 1365 1861 quidem
1405 1787 1717 1843 memoriter
1743 1787 1921 1842 omnia
1960 1803 2079 1858 qua:

482 1884 680 1940 vellem
709 1881 1011 1949 recoluisti;
1042 1890 1123 1946 et,
1157 1889 1215 1936 ut
1237 1881 1330 1936 tibi
1359 1880 1558 1946 fatear,
1591 1879 1758 1934 multo
1783 1878 2079 1935 evidentius

481 1976 620 2034 mihi
648 1990 789 2031 nunc
814 1974 1061 2030 videntur
1088 1974 1189 2029 ista
1232 1973 1511 2039 distincta,
1540 1987 1700 2042 quam
1743 1987 1864 2028 cum
1898 1988 1960 2027 ea
1990 1973 2073 2028 in-

484 2068 745 2142 quirendo
764 2082 826 2122 ac
841 2066 1152 2122 disserendo
1175 2065 1241 2120 de
1265 2064 1447 2120 nescio
1467 2063 1659 2134 quibus
1678 2064 1899 2120 latebris
1919 2064 2076 2120 ambo

482 2175 814 2217 erueremus.
851 2158 956 2216 Sed
976 2173 1208 2230 quonam
1245 2158 1406 2213 tantis
1429 2156 1739 2228 ambagibus
1760 2166 1933 2212 tecum
1958 2173 2076 2227 per-

480 2254 666 2310 venire
691 2254 910 2319 moliar,
951 2252 1166 2308 difﬁcile
1203 2251 1345 2307 dictu
1378 2260 1459 2306 est
1505 2250 1608 2305 hoc
1646 2252 1784 2307 loco.
1827 2250 1906 2305 Tu
1932 2251 2073 2306 enim

478 2344 707 2401 fortasse
733 2354 824 2400 aut
852 2344 1037 2401 ludere
1064 2358 1185 2410 nos,
1211 2352 1266 2399 et
1293 2357 1323 2396 a
1344 2342 1497 2398 seriis
1520 2342 1681 2398 rebus
1707 2357 1931 2398 avocare
1956 2344 2072 2398 ani-

477 2454 628 2495 mum
647 2481 663 2506 ,
689 2437 841 2509 quasi
861 2435 1175 2507 quibusdam
1203 2434 1494 2504 puerilibus
1522 2434 1919 2504 quaestiunculis
1939 2478 1954 2502 ,
1985 2450 2073 2489 ar-

475 2530 725 2594 bitraris,
757 2537 847 2582 aut
876 2542 1093 2598 parvam
1132 2526 1217 2583 vel
1241 2526 1569 2581 mediocrem
1598 2525 1829 2595 aliquam
1870 2526 2072 2580 utilita-

477 2629 591 2678 tem
634 2620 945 2690 requirere;
994 2627 1085 2673 aut
1125 2618 1171 2673 si
1218 2632 1468 2688 magnum
1512 2616 1762 2688 quiddam
1809 2617 2073 2687 parturire

477 2714 639 2772 istam
680 2712 1094 2784 disputationem
1122 2711 1409 2783 suspicaris
1430 2752 1445 2776 ,
1472 2710 1797 2782 jamjamque
1841 2710 1894 2765 id
1933 2711 2074 2766 scire

477 2806 597 2861 sive
624 2804 816 2859 saltem
855 2802 1040 2859 audire
1067 2802 1361 2858 desideras.
1396 2802 1506 2873 Ego
1543 2811 1720 2858 autem
1745 2800 1934 2857 credas
1978 2817 2071 2857 ve-

474 2898 572 2956 lim
594 2940 609 2963 ,
638 2912 812 2968 neque
845 2911 933 2952 me
960 2895 1084 2951 vilia
1111 2895 1313 2952 ludicra
1342 2894 1449 2951 hoc
1472 2880 1765 2950 instituisse
1788 2909 2067 2962 sermone,

476 2989 722 3059 quamvis
752 2987 979 3043 fortasse
1018 2987 1295 3050 ludamus,
1344 2987 1699 3057 idque‘ipsum
1742 2995 1919 3042 tamen
1962 3002 2069 3042 non

475 3084 671 3153 puerili
702 3096 859 3137 sensu
888 3081 1258 3138 aestimandum
1287 3082 1389 3146 sit;
1421 3095 1593 3151 neque
1632 3096 1793 3151 parva
1820 3081 1959 3137 bona
1986 3082 2070 3137 vel

475 3173 767 3230 mediocria
813 3174 1065 3245 cogitare.
1117 3173 1186 3228 Et
1226 3182 1405 3227 tamen
1449 3174 1493 3227 si
1537 3173 1709 3228 dicam
1759 3174 1919 3229 vitam
1951 3188 2071 3229 esse

480 3266 767 3339 quamdam
819 3267 1065 3332 beatam,
1111 3265 1462 3333 eamdemque
1505 3267 1917 3336 sempiternam,
1964 3283 2070 3338 quo

474 3372 577 3412 nos
608 3356 717 3412 Deo
745 3355 907 3419 duce,
944 3355 993 3409 id
1021 3363 1103 3409 est
1131 3356 1243 3425 ipsa
1268 3355 1522 3423 veritate,
1564 3357 1815 3425 gradibus
1854 3357 2069 3427 quibus-

477 3446 603 3503 dam
629 3445 844 3500 inﬁrmo
864 3446 1069 3515 gressui
1095 3453 1279 3500 nostro
1303 3446 1719 3502 accommodatis
1743 3448 1959 3518 perduci
1978 3466 2070 3504 cu-

473 3540 660 3612 piam;
714 3554 904 3594 vereor
948 3554 1014 3593 ne
1056 3537 1308 3594 ridiculus
1336 3538 1552 3604 videar,
1603 3540 1694 3611 qui
1738 3557 1843 3596 non
1887 3557 2068 3598 rerum

475 3630 718 3699 ipsarum
748 3644 864 3699 quae
890 3629 1286 3697 signiﬁcantur,
1318 3629 1412 3684 sed
1437 3630 1865 3688 consideratione
1890 3633 2069 3705 signo-

476 3729 831 3777 rum'tantam
873 3721 1011 3775 viam
1056 3721 1258 3791 ingredi
1301 3723 1575 3793 cmperim.
1610 3723 1769 3779 Dabis
1798 3725 1956 3795 igitur
1982 3742 2069 3783 ve-

474 3814 657 3879 niam,
713 3813 757 3869 si
809 3813 1047 3883 prteludo
1093 3821 1265 3868 tecum
1310 3829 1417 3868 non
1469 3814 1682 3869 ludendi
1722 3818 1921 3886 gratia,
1975 3818 2068 3874 sed

473 3904 764 3962 exercendi
781 3904 921 3961 vires
940 3914 993 3959 et
1013 3906 1208 3960 mentis
1232 3904 1626 3976 aciem,quibus
1650 3908 1879 3975 regionis
1904 3909 2065 3976 illius,

474 3995 568 4050 ubi
597 3995 750 4052 beata
774 3994 878 4049 vita
908 4005 991 4050 est
1010 4037 1024 4062 ,
1053 3997 1283 4051 calorem
1310 4010 1372 4051 ac
1399 3997 1572 4053 lucem
1616 4012 1719 4052 non
1765 3999 1925 4053 modo
1951 4014 2069 4055 sus-

474 4090 681 4157 tinere,
724 4104 907 4144 verum
947 4089 1105 4145 etiam
1133 4104 1315 4144 amare
1344 4090 1626 4160 possimus.
1661 4091 1759 4145 Ad.
1788 4092 1957 4162 Perge
1979 4108 2068 4163 po-

473 4181 583 4237 tius
610 4190 667 4236 ut
692 4180 900 4252 coepisti
926 4201 940 4235 :
971 4196 1091 4234 nam
1132 4196 1400 4251 nunquam
1427 4196 1525 4251 ego
1549 4182 1938 4238 contemnenda
1966 4198 2063 4252 pu-

474 4281 585 4329 tem
615 4290 736 4345 qua:
765 4282 821 4330 tu
850 4272 1076 4329 dicenda
1104 4273 1185 4328 vel
1209 4274 1411 4344 agenda
1438 4276 1725 4340 putaveris.

543 4367 635 4422 Ξῖ.
668 4366 802 4437 Aug.
852 4366 996 4437 Age,
1024 4365 1135 4435 jam
1177 4380 1305 4434 ergo
1334 4364 1477 4418 illam
1516 4373 1718 4434 partem
1757 4366 2063 4422 considere-

472 4474 596 4515 mus
617 4502 631 4527 ,
664 4473 785 4513 cum
818 4456 985 4528 signis
1019 4470 1125 4510 non
1154 4456 1255 4510 alia
1286 4454 1433 4525 signa
1462 4455 1851 4525 signiﬁcantur,
1881 4457 1973 4511 sed
2001 4473 2064 4512 ea

470 4565 594 4622 quae
645 4547 1012 4620 signiﬁcabilia
1061 4561 1331 4602 vocamus.
1390 4546 1461 4601 Et
1510 4547 1737 4616 primum
1797 4547 1882 4602 die
1935 4549 2064 4604 mihi

478 4649 652 4696 utrum
679 4639 874 4707 homo,
907 4638 1068 4693 homo
1097 4638 1183 4692 sit.
1217 4638 1314 4691 Ad.
1346 4636 1496 4692 Nunc
1538 4653 1666 4693 vero
1694 4654 1762 4694 an
1794 4639 1944 4694 ludas
1972 4656 2064 4695 ne-

472 4731 607 4787 scio.
639 4729 772 4801 Aug.
818 4729 956 4798 Quid
999 4729 1111 4783 ita?
1151 4729 1249 4782 Ad.
1295 4727 1427 4795 Quia
1476 4729 1818 4800 quaerendum
1862 4746 1929 4786 ex
1978 4747 2064 4786 me

471 4835 666 4878 censes
685 4862 701 4888 ,
730 4828 904 4875 utrum
940 4818 1101 4873 homo
1127 4819 1268 4874 aliud
1297 4819 1364 4875 sit
1396 4836 1556 4891 quam
1585 4822 1765 4877 homo.
1810 4822 1942 4894 Aug.
1990 4823 2063 4878 lla

471 4911 638 4970 credo
666 4919 716 4967 te
741 4910 889 4965 illudi
913 4909 1247 4965 arbitrareris
1265 4954 1278 4975 ,
1307 4912 1349 4966 si
1371 4912 1529 4967 etiam
1560 4929 1853 4983 quaererem
1884 4923 2061 4969 utrum

470 5005 647 5077 prima
691 5001 846 5071 hujus
870 5000 1104 5055 nominis
1127 5000 1328 5073 syllaba
1355 5002 1498 5058 aliud
1522 5005 1593 5058 sit
1625 5019 1780 5074 quam
1803 5047 1818 5071 ,
1858 5005 1927 5060 ho
1948 5048 1962 5072 ,
2010 5014 2065 5060 et

472 5094 620 5152 aliud
666 5092 899 5150 secunda
937 5106 1126 5163 quam,
1160 5109 1266 5148 mo.
1296 5095 1396 5149 Ad.
1434 5095 1509 5149 lta
1550 5096 1786 5151 omnino.
1832 5099 1963 5170 Aug.
1996 5099 2063 5154 At

470 5188 590 5244 ista:
616 5186 736 5243 dum
765 5184 984 5257 syllabae
1009 5184 1323 5255 conjunctte,
1344 5184 1505 5241 homo
1545 5194 1627 5241 est
1659 5205 1671 5240 :
1699 5202 1766 5241 an
1806 5190 2063 5260 negabis?

472 5278 573 5334 Ad.
605 5277 736 5347 Quis
765 5275 958 5347 neget?
982 5274 1117 5345 Aug.
1150 5275 1344 5343 Quaero
1372 5290 1499 5345 ergo
1517 5317 1532 5342 ,
1564 5292 1691 5331 num
1720 5286 1773 5332 tu
1802 5277 1920 5334 duae
1947 5281 2062 5335 ista:

468 5372 688 5445 syllabas
727 5371 1027 5443 conjunctae
1068 5371 1162 5425 sis.
1209 5370 1307 5424 Ad.
1352 5370 1508 5426 Nullo
1548 5372 1860 5428 modo:sed
1906 5374 2063 5431 video

470 5480 580 5536 quo
606 5465 811 5520 tendas.
849 5464 983 5536 Aug.
1012 5462 1186 5518 Dicito
1213 5477 1340 5533 ergo
1363 5503 1379 5528 ,
1406 5478 1474 5517 ne
1501 5478 1587 5520 me
1615 5466 2061 5524 contumeliosum

472 5567 652 5629 putes.
682 5557 784 5612 Ad.
816 5554 1069 5613 Concludi
1101 5554 1374 5610 existimas
1415 5553 1556 5626 quod
1584 5553 1745 5612 homo
1782 5572 1889 5612 non
1937 5559 2058 5615 sim.

473 5649 609 5723 Aug.
635 5648 804 5719 Quid,
836 5658 892 5704 tu
915 5664 1023 5705 non
1054 5648 1197 5706 idem
1226 5649 1501 5706 existimas
1520 5692 1535 5718 ,
1565 5650 1656 5722 qui
1686 5652 1864 5708 omnia
1902 5669 2062 5725 supe-
2112 5649 2121 5657 ’

470 5740 617 5798 riora
639 5758 704 5799 ex
735 5742 927 5814 quibus
955 5743 1059 5800 hoc
1082 5742 1384 5801 confectum
1413 5752 1528 5812 est,
1559 5760 1684 5800 vera
1711 5760 1831 5802 esse
1871 5761 2064 5805 conce-

474 5833 597 5889 dis?
622 5835 719 5889 Ad.
763 5835 880 5890 Non
918 5836 1008 5891 tibi
1048 5851 1147 5907 ego
1188 5837 1360 5893 dicam
1400 5836 1527 5907 quid
1578 5838 1909 5908 existimem,
1959 5842 2060 5898 nisi

1624 386 1711 441 DE
1751 382 2117 452 MAGISTRO,
2159 382 2217 440 S.
2258 385 2626 447 AUGUSTINI

3621 408 3743 473 ηοι

2194 502 2340 601 prius
2369 503 2465 601 abs
2506 515 2559 601 te
2593 508 2845 601 audiero,
2892 529 3012 570 cum
3052 532 3323 588 quzereres
3360 532 3535 581 utrum
3575 528 3748 601 homo,

2188 592 2358 694 homo
2378 595 2470 667 sit,
2494 596 2564 655 de
2587 598 2792 694 duabus
2812 602 2928 661 istis
2952 608 3190 679 syllabis,
3216 627 3286 667 an
3309 614 3378 670 de
3398 632 3456 672 re
3483 618 3592 689 ipsa
3612 592 3747 694 quani

2187 686 2514 758 signiﬁcant,
2564 706 2652 748 me
2698 692 3144 768 interrogaveris?
3171 702 3305 775 Aug.
3345 706 3427 762 Tu
3470 686 3641 779 potius
3677 731 3749 775 re.

2185 780 2393 851 sponde
2407 797 2474 856 ex
2492 798 2595 855 qua
2615 794 2767 856 parte
2780 792 3052 860 acceperis
3073 792 3540 868 interrogationem
3560 820 3743 867 meam:

2185 889 2312 931 nam
2351 876 2399 932 si
2427 886 2511 934 est
2536 878 2780 951 ambigua
2800 924 2815 950 ,
2849 884 2995 954 prius
3025 885 3127 943 hoc
3150 902 3342 946 cavere
3369 893 3623 968 debuisti,
3664 917 3745 960 ne.

2186 968 2449 1061 que_mihi
2474 972 2799 1061 respondere
2817 985 3109 1061 antequam
3150 990 3330 1039 certus
3358 983 3516 1043 ﬁeres
3541 1006 3742 1061 quonam

2185 1051 2348 1108 modo
2384 1057 2703 1131 rogaverim.
2744 1058 2843 1113 Ad.
2889 1052 3028 1129 Quid
3055 1066 3197 1121 enim
3227 1081 3316 1124 me
3345 1051 3618 1141 impediret
3649 1051 3743 1136 hac

2185 1145 2501 1241 ambiguitas
2521 1189 2537 1218 ,
2590 1167 2712 1208 cum
2759 1168 2859 1225 ego
2908 1156 2975 1211 ad
3027 1167 3315 1233 utrumque
3378 1170 3737 1241 responderim;

2186 1237 2349 1335 homo
2374 1240 2517 1335 enim
2550 1258 2780 1335 prorsus
2804 1243 2967 1302 homo
2990 1258 3072 1304 est
3097 1269 3111 1304 :
3144 1265 3269 1307 nam
3299 1262 3355 1308 et
3382 1254 3495 1311 ista:
3521 1258 3629 1315 duae
3650 1237 3743 1335 syl.

2186 1320 2321 1377 labat
2346 1323 2476 1378 nihil
2515 1325 2657 1381 aliud
2694 1339 2816 1383 sunt
2844 1344 3004 1400 quam
3033 1332 3150 1389 ista:
3177 1335 3299 1392 dua:
3347 1340 3588 1411 syllaba;
3615 1356 3661 1400 et
3676 1320 3739 1403 did

2186 1412 2328 1481 quod
2355 1414 2688 1485 signiﬁcant,
2718 1418 2851 1474 nihil
2875 1421 3019 1477 aliud
3062 1433 3176 1490 est,
3206 1442 3367 1497 quam
3401 1428 3452 1485 id
3493 1434 3619 1502 quod
3649 1448 3734 1493 est.

2184 1503 2318 1575 Aug.
2363 1505 2506 1561 Scite
2533 1507 2637 1563 hoc
2662 1510 2877 1579 quidem
2902 1532 2916 1566 :
2945 1515 3041 1571 sed
3066 1529 3164 1571 cur
3188 1517 3293 1574 hoc
3324 1520 3497 1577 solum
3524 1526 3644 1593 quod
3662 1528 3733 1584 di-

2185 1606 2329 1651 ctum
2359 1608 2440 1654 est
2466 1599 2653 1666 homo,
2683 1618 2791 1659 non
2816 1606 2977 1661 etiam
2999 1617 3196 1666 czetera
3224 1628 3347 1683 quae
3373 1614 3529 1671 locuti
3550 1634 3731 1689 sumus,

2186 1688 2251 1741 ad
2303 1699 2587 1762 utrumque
2629 1697 3046 1766 accepisti‘lAd.
3098 1700 3254 1759 Unde
3300 1706 3447 1767 enim
3489 1713 3737 1770 convincar

2183 1782 2328 1852 quod
2375 1793 2430 1839 et
2474 1794 2664 1842 caetera
2715 1804 2819 1844 non
2862 1791 2942 1847 sic
2991 1797 3334 1865 acceperim?
3381 1800 3511 1873 Aug.
3554 1802 3616 1859 Ut
3651 1806 3736 1862 alia

2184 1875 2456 1944 omittam,
2488 1892 2606 1933 eam
2641 1878 2809 1948 ipsam
2836 1883 3059 1952 primam
3098 1888 3431 1959 rogationem
3470 1908 3657 1961 meatu,
3692 1900 3732 1953 si

2183 1975 2350 2022 totam
2376 1982 2444 2024 ex
2480 1982 2541 2026 ea
2579 1981 2731 2041 parte
2782 1976 3108 2045 accepisses,
3144 1994 3251 2050 qua
3295 1981 3511 2053 syllaba:
3544 1999 3731 2058 sonant,

2183 2057 2315 2113 nihil
2340 2059 2471 2114 mihi
2500 2064 2897 2132 respondisses;
2927 2083 3138 2137 possem
3168 2070 3264 2126 tibi
3287 2075 3430 2129 enim
3457 2075 3608 2133 videri
3629 2057 3735 2136 nihil

2183 2149 2347 2206 etiam
2373 2152 2763 2226 interrogasse:
2793 2174 2935 2215 nunc
2959 2176 3089 2217 vero
3116 2177 3239 2217 cum
3266 2165 3366 2220 tria
3391 2167 3549 2223 verba
3573 2185 3735 2228 sonue-

2182 2242 2285 2297 rim
2305 2286 2321 2313 ,
2352 2260 2579 2315 quorum
2606 2265 2770 2305 unum
2799 2251 2855 2305 in
2892 2252 3069 2309 medio
3103 2257 3327 2326 repetivi
3368 2258 3545 2316 dicens
3587 2274 3735 2319 utrum

2182 2333 2371 2401 homo,
2419 2337 2580 2394 homo
2617 2341 2715 2408 sit,
2751 2342 2979 2411 primum
3009 2354 3066 2400 et
3093 2346 3339 2403 ultimum
3382 2352 3619 2420 verbum,
3648 2371 3735 2412 non

2182 2428 2471 2519 secundum
2490 2430 2600 2500 ipsa
2631 2433 2778 2503 signa
2799 2476 2814 2500 ,
2844 2434 2942 2491 sed
2962 2438 3257 2493 secundum
3279 2455 3341 2496 ea
3366 2457 3479 2512 qua:
3498 2443 3574 2501 his
3592 2447 3735 2519 signi-

2180 2518 2410 2574 ﬁcantur
2436 2531 2485 2576 te
2513 2525 2815 2593 accepisse,
2853 2527 2935 2582 vel
2974 2527 3077 2583 hoc
3116 2530 3233 2585 solo
3273 2534 3586 2590 manifestum
3625 2546 3728 2602 est,

2181 2612 2323 2680 quod
2356 2614 2530 2667 Statim
2558 2625 2737 2670 certus
2765 2632 2828 2672 ac
2857 2618 3025 2675 ﬁdens
3046 2622 3315 2691 rogationi
3340 2625 3726 2696 respondendum

2181 2704 2401 2772 putasti.
2426 2702 2528 2758 Ad.
2561 2706 2758 2762 Verum
2789 2708 2943 2765 dicis.
2986 2712 3122 2782 Aug.
3160 2714 3269 2769 Cur
3310 2730 3435 2787 ergo
3472 2717 3522 2772 id
3558 2728 3731 2776 tantum

2180 2795 2322 2863 quod
2339 2795 2392 2849 iu
2407 2796 2583 2851 medio
2595 2800 2826 2867 positum
2854 2812 2955 2869 est,
2970 2811 3024 2858 et
3042 2805 3337 2861 secundum
3359 2807 3411 2863 id
3438 2809 3569 2881 quod
3585 2822 3728 2879 sonat,

2180 2894 2235 2939 et
2260 2887 2551 2942 secundum
2591 2890 2643 2944 id
2680 2892 2822 2961 quod
2864 2893 3157 2964 signiﬁcat,
3201 2905 3258 2953 te
3292 2900 3531 2970 accipere
3571 2903 3731 2959 libuit?

2177 2971 2280 3033 Ad.
2320 2978 2462 3036 Ecce
2494 2981 2604 3050 jam
2648 2991 2815 3039 totum
2846 3001 2911 3041 ex
2940 3001 3002 3042 ea
3042 2997 3249 3044 tantum
3288 3002 3440 3061 parte
3478 3008 3573 3064 qua
3596 2996 3731 3067 signi-

2179 3069 2369 3126 ﬁcatur
2410 3075 2613 3144 accipio
2639 3094 2652 3130 :
2678 3077 2941 3132 assentior
2964 3080 3107 3134 enim
3139 3080 3270 3147 tibi,
3300 3086 3628 3140 sermocinari
3650 3101 3730 3142 nos

2179 3162 2400 3217 omnino
2440 3178 2545 3218 non
2587 3179 2776 3234 posse,
2816 3167 2917 3222 nisi
2949 3168 3146 3223 auditis
3190 3170 3371 3227 verbis
3398 3173 3545 3230 adea
3569 3174 3733 3232 feratur

2177 3253 2415 3318 animus,
2440 3270 2664 3325 quorum
2690 3256 2792 3312 ista
2817 3268 2940 3312 sunt
2964 3260 3131 3330 signa.
3166 3261 3343 3329 Quare
3358 3265 3573 3321 ostende
3596 3283 3729 3337 nunc,

2177 3344 2444 3414 quomodo
2484 3347 2585 3401 ista
2637 3348 3043 3405 ratiocinatione
3090 3350 3349 3424 deceptus
3387 3355 3521 3421 sint,
3553 3373 3638 3429 qua
3661 3372 3731 3413 me

2191 3434 2462 3491 hominem
2519 3452 2623 3492 non
2678 3454 2797 3495 esse
2836 3441 3190 3498 concluditur.
3240 3444 3377 3517 Aug.
3431 3445 3537 3503 lmo
3576 3448 3733 3504 eadem

2176 3541 2363 3582 rursus
2406 3527 2776 3603 interrogabo,
2803 3540 2861 3588 ut
2889 3532 3003 3603 ipse
3048 3534 3291 3591 invenias
3342 3538 3430 3594 ubi
3468 3539 3632 3610 lapsus
3652 3542 3728 3597 sis.

2175 3614 2277 3669 Ad.
2306 3616 2448 3672 Bene
2468 3617 2620 3673 facis.

2246 3706 2335 3762 25.
2367 3708 2499 3779 Aug.
2528 3708 2661 3765 Illud
2698 3725 2826 3782 ergo
2853 3713 2997 3783 quod
3040 3716 3214 3785 primo
3252 3718 3589 3789 quaesieram,
3624 3722 3726 3793 quia

2171 3799 2283 3871 jam
2327 3801 2548 3868 dedisti,
2578 3819 2687 3858 non
2736 3820 2991 3875 quaram.
3039 3807 3174 3867 Vide
3221 3810 3386 3882 igitur
3430 3812 3723 3885 diligentius,

2175 3902 2354 3948 utrum
2384 3896 2606 3965 syllaba,
2634 3896 2723 3962 ho,
2743 3896 2874 3953 nihil
2892 3899 3033 3954 aliud
3059 3901 3334 3973 sitquam,
3363 3904 3459 3969 ho;
3480 3917 3531 3961 et
3552 3916 3716 3972 utrum,

2173 4004 2263 4043 mo
2282 4031 2296 4055 ,
2326 3989 2455 4044 nihil
2482 3988 2623 4044 aliud
2648 3990 2717 4045 sit
2745 4006 2923 4062 quam,
2952 4008 3061 4048 mo.
3098 3994 3201 4048 Ad.
3230 3995 3331 4053 Hic
3373 3996 3574 4065 prorsus
3604 3997 3716 4051 nihil

2174 4079 2316 4133 aliud
2344 4080 2518 4135 video.
2536 4080 2669 4153 Aug.
2701 4081 2832 4138 Vide
2851 4084 3010 4139 etiam
3036 4101 3164 4140 num
3186 4086 3303 4142 istis
3320 4088 3514 4143 duabus
3527 4088 3709 4158 junctis,

2173 4172 2358 4241 homo,
2389 4174 2497 4229 ﬁat.
2527 4175 2628 4230 Ad.
2656 4177 2997 4249 Nequaquam
3024 4179 3128 4235 hoc
3152 4183 3505 4238 concesserim
3523 4200 3533 4236 :
3550 4182 3720 4253 placuit

2173 4266 2347 4332 enim,
2384 4275 2437 4321 et
2462 4276 2607 4326 recte
2637 4269 2863 4340 placuit,
2900 4270 3052 4341 signo
3081 4272 3209 4327 dato
3235 4273 3288 4328 id
3315 4274 3455 4344 quod
3492 4273 3721 4343 signiﬁca-

2173 4369 2262 4415 tur
2286 4359 2561 4416 attendere
2579 4403 2594 4426 ,
2620 4369 2675 4417 et
2700 4377 2765 4417 ex
2792 4362 2908 4433 ejus
2936 4364 3365 4422 consideratione
3385 4368 3465 4423 vel
3491 4368 3624 4430 dare,
3652 4366 3722 4421 vel

2174 4467 2375 4522 negare
2413 4451 2553 4523 quod
2584 4453 2794 4509 dicitur.
2822 4454 2929 4510 illa:
2955 4464 3132 4511 autem
3154 4460 3438 4528 separatim
3462 4460 3719 4513 enuntiatae

2173 4543 2420 4614 syllabae,
2463 4545 2583 4615 quia
2610 4545 2726 4600 sine
2751 4544 2857 4601 ulla
2886 4545 3274 4617 signiﬁcatione
3305 4560 3604 4617 sonuerunt,
3630 4549 3725 4605 huc

2172 4648 2265 4689 eas
2306 4648 2425 4690 esse
2464 4635 2606 4705 quod
2653 4651 2882 4692 sonuere
2924 4651 3238 4695 concessum
3275 4651 3375 4697 est.
3412 4643 3537 4713 Aug.
3567 4641 3723 4697 Placet

2170 4727 2364 4798 igitur,
2417 4726 2735 4799 ﬁrmumque
2772 4730 2950 4785 animo
2990 4740 3142 4787 tenes
3185 4747 3293 4788 non
3332 4734 3724 4805 respondendum

2170 4836 2293 4877 esse
2320 4822 2855 4892 interrogationibus,
2897 4824 2998 4879 nisi
3028 4840 3091 4880 ex
3128 4825 3192 4880 iis
3223 4827 3384 4883 rebus
3425 4844 3538 4899 qua:
3572 4828 3724 4884 verbis

2173 4913 2557 4985 signiﬁcantur.
2604 4914 2703 4968 Ad.
2754 4914 2870 4970 Non
2920 4916 3156 4988 intelligo
3199 4934 3296 4976 cur
3357 4920 3646 4991 displiceat,
3684 4919 3723 4975 si

2170 5006 2331 5062 modo
2359 5005 2519 5062 verba
2550 5006 2673 5061 sint.
2702 5007 2835 5079 Aug.
2873 5007 3074 5063 Vellem
3106 5010 3242 5065 scire
3264 5012 3528 5081 quomodo
3553 5012 3621 5068 illi
3648 5027 3723 5067 rev

2170 5099 2417 5166 sisteres,
2450 5097 2516 5152 de
2557 5114 2662 5169 quo
2683 5098 2924 5168 jocantes
2963 5099 3196 5156 solemus
3237 5101 3454 5169 audire,
3498 5103 3630 5176 quod
3668 5119 3724 5159 ex

2169 5191 2285 5263 ejus
2305 5207 2399 5248 ore
2424 5207 2546 5247 cum
2570 5207 2676 5263 quo
2691 5190 3021 5264 disputabat,
3045 5194 3254 5252 leonem
3280 5198 3597 5267 processisse
3612 5211 3724 5255 con—

2169 5285 2407 5342 cluserit.
2437 5284 2572 5341 Cum
2600 5287 2743 5342 enim
2783 5287 3095 5357 quaesisset,
3132 5297 3307 5345 utrum
3334 5304 3395 5346 ea
3424 5306 3537 5357 qure
3561 5291 3722 5361 loque-

2169 5392 2380 5444 remur,
2428 5386 2612 5434 nostro
2640 5393 2736 5435 ore
2769 5378 3118 5449 procederent
3140 5421 3154 5446 ,
3187 5391 3346 5453 atque
3373 5382 3459 5437 ille
3504 5396 3604 5436 non
3643 5396 3723 5452 po-

2169 5470 2361 5526 tuisset
2385 5484 2615 5541 negare;
2654 5469 2794 5541 quod
2838 5468 2991 5531 facile
3034 5470 3155 5538 fuit,
3201 5474 3307 5544 egit
3340 5486 3461 5529 cum
3500 5472 3719 5539 homine,

2170 5570 2229 5617 ut
2245 5561 2297 5617 in
2315 5561 2579 5633 loquendo
2601 5562 2810 5619 leonem
2829 5554 3128 5618 nominaret
3157 5582 3170 5617 :
3200 5563 3302 5620 hoc
3322 5565 3409 5629 ubi
3430 5564 3615 5621 factum
3630 5574 3715 5629 est,

2168 5654 2393 5711 ridicule
2421 5655 2676 5713 insultare
2691 5656 2854 5727 etapit
2878 5666 2931 5711 et
2954 5671 3214 5727 premere,
3238 5667 3296 5714 ut
3317 5658 3559 5732 quoniam
3586 5657 3720 5730 quid-

2170 5748 2295 5818 quid
2334 5749 2625 5818 loquimur,
2657 5765 2751 5806 ore
2796 5758 2982 5806 nostro
3021 5749 3167 5805 exire
3206 5740 3483 5808 conlesSus
3510 5759 3646 5817 erat,
3670 5758 3716 5803 et

2171 5843 2380 5900 leonem
2410 5857 2470 5899 se
2495 5843 2724 5899 locutum
2750 5857 2870 5900 esse
2894 5841 3142 5914 nequibat
3162 5843 3419 5911 abnuere,
3450 5842 3602 5899 homo
3621 5854 3713 5897 non
