3824 6296
100 356 284 433 τεοῦ

91 476 313 556 ,ρειαί
359 483 470 533 tam
510 476 798 533 immanem
840 474 1067 532 bestiam
1116 473 1386 532 videretur
1429 476 1717 532 vomuisse.

86 567 251 648 μ.
268 570 476 626 Minime
504 584 633 626 vero
659 577 777 625 erat
800 567 1025 625 arduum
1059 582 1257 624 scurra:
1283 567 1405 623 huic
1431 568 1718 635 resistere;

83 696 165 745 τ’
190 673 255 717 ou
282 665 423 722 enim
448 660 800 719 concederem
825 674 921 716 ore
947 667 1131 716 nostro
1158 659 1308 715 exire
1346 658 1719 730 quodcumque

85 757 419 838 ιθςιιὶωιιιι.
448 755 584 812 Nam
620 769 742 827 qua:
776 753 1075 824 loquimur,
1102 766 1165 807 ea
1190 749 1581 822 signiﬁcamus;
1613 765 1720 807 non

93 889 145 928 κ
194 852 313 906 “lem
337 864 457 921 qua
483 863 574 905 res
596 846 924 920 signiﬁcatur
945 888 961 913 ,
989 844 1085 901 sed
1122 845 1329 916 signum
1370 859 1476 916 quo
1513 844 1718 915 signiﬁ-

121 952 290 1015 μιαι-
306 942 572 1013 loquentis
598 955 693 996 ore
719 938 991 1010 procedit,
1029 939 1135 995 nisi
1162 954 1284 994 cum
1326 939 1440 1010 ipsa
1468 939 1616 1010 signa
1648 940 1720 994 si-

152 1039 447 1117 gniﬁcantur
485 1053 500 1090 :
551 1034 694 1106 quod
740 1049 909 1105 genus
968 1032 1126 1105 paulo
1175 1041 1299 1088 ante
1353 1033 1714 1089 tractavimus.

217 1135 297 1192 ﬂ.
322 1131 452 1203 Aug.
479 1130 626 1185 Bene
655 1139 710 1184 tu
734 1128 948 1200 quidem
973 1127 1076 1182 hoc
1094 1127 1256 1183 modo
1280 1127 1535 1183 adversus
1565 1127 1716 1182 illum

162 1240 287 1288 esses
322 1230 573 1294 paratus:
603 1229 970 1277 verumtamen
999 1219 1128 1274 mihi
1166 1219 1293 1290 quid
1336 1218 1713 1289 respondebis,

163 1330 311 1377 utrum
347 1315 507 1370 homo
544 1327 736 1369 nomen
777 1313 849 1367 sit
882 1310 1218 1382 requirenti?
1246 1309 1345 1364 Ad.
1397 1309 1568 1377 Quid,
1615 1310 1717 1366 nisi

164 1425 263 1468 esse
283 1406 500 1462 nomen?
525 1404 657 1475 Aug.
700 1402 877 1471 Quid?
900 1416 1021 1458 cum
1047 1410 1099 1457 te
1124 1402 1308 1467 video,
1354 1417 1480 1456 num
1521 1416 1717 1456 nomen

160 1500 327 1557 video?
350 1499 446 1553 Ad.
484 1497 621 1551 Non.
649 1497 781 1567 Aug.
808 1494 973 1551 Visne
998 1495 1155 1566 igitur
1178 1495 1350 1549 dicam
1375 1494 1516 1565 quod
1542 1495 1719 1564 sequi-

162 1592 264 1647 tur?
287 1590 381 1644 Ad.
406 1588 482 1643 Ne
509 1601 723 1658 quaeso;
756 1602 878 1640 nam
909 1586 1036 1640 mihi
1065 1586 1180 1657 ipse
1204 1588 1456 1639 renuntio
1473 1626 1488 1651 ,
1515 1600 1601 1639 me
1622 1586 1717 1639 ho-

161 1686 332 1740 minem
359 1697 461 1737 non
487 1695 608 1736 esse
628 1721 641 1742 ,
674 1680 763 1750 qui
791 1694 986 1735 nomen
1010 1692 1132 1733 esse
1154 1676 1547 1747 responderim,
1593 1691 1716 1731 eum

160 1776 299 1831 homo
324 1783 494 1829 utrum
536 1787 733 1827 nomen
762 1780 905 1826 esset
928 1770 1249 1841 inquireres.
1279 1769 1395 1824 Jam
1424 1769 1565 1823 enim
1599 1769 1714 1838 pia-

158 1875 349 1935 enerat,
373 1882 437 1921 ex
485 1880 548 1920 ea
577 1880 637 1920 re
680 1879 798 1933 qua:
833 1864 1258 1934 signiﬁcaretur,
1308 1871 1397 1916 aut
1436 1862 1712 1931 assentiri,

157 1967 237 2014 aut
274 1972 458 2027 negare
482 1955 625 2026 quod
653 1955 867 2010 dicitur.
896 1953 1029 2025 Aug.
1076 1955 1146 2008 At
1193 1953 1321 2008 mihi
1371 1952 1580 2008 videtur
1608 1967 1715 2008 non

154 2058 202 2105 te
228 2047 406 2103 frustra
434 2047 489 2101 in
511 2047 649 2101 hanc
670 2045 1075 2116 responsionem
1103 2044 1397 2109 decidisse;
1428 2059 1549 2097 nam
1579 2044 1713 2114 vigi-

152 2142 347 2197 lantiam
368 2149 513 2195 tuam
539 2139 805 2195 mentibus
832 2139 1029 2194 nostris
1057 2137 1221 2192 indita
1244 2139 1358 2207 ipsa
1384 2137 1469 2193 lex
1492 2136 1714 2193 rationis

152 2233 333 2289 evicit:
361 2248 482 2288 nam
511 2232 555 2287 si
582 2246 876 2302 quaererem
920 2229 1048 2302 quid
1084 2238 1229 2286 esset
1262 2229 1453 2294 homo,
1494 2244 1714 2300 reSpon-

151 2325 289 2381 deres
333 2325 591 2392 fortasse,
636 2324 879 2388 Animal;
929 2322 973 2377 si
1023 2330 1200 2377 autem
1253 2336 1549 2392 quaererem
1594 2336 1714 2392 qua:

153 2431 263 2487 pars
283 2418 534 2472 orationis
570 2426 714 2472 esset
744 2415 933 2480 homo,
965 2414 1113 2470 nullo
1141 2415 1301 2469 modo
1343 2429 1530 2485 posses
1571 2424 1715 2471 recte

149 2509 450 2580 respondere
480 2491 582 2563 nisi
600 2548 615 2572 ,
660 2507 863 2563 Nomen
893 2524 907 2560 :
940 2507 1286 2577 quamobrem
1316 2522 1438 2561 cum
1467 2507 1628 2562 homo
1660 2516 1715 2562 et

148 2619 328 2660 nomen
349 2647 364 2673 ,
392 2612 445 2660 et
464 2602 660 2658 animal
690 2617 810 2658 esse
837 2602 1159 2668 inveniatur,
1186 2600 1316 2656 illud
1340 2601 1537 2657 dicitur
1558 2618 1622 2657 ex
1650 2617 1713 2658 ea

146 2704 290 2765 parte
317 2710 408 2766 qua
440 2695 651 2766 signum
674 2702 758 2749 est
776 2735 790 2759 ,
827 2693 930 2749 hoc
953 2708 1019 2748 ex
1047 2702 1194 2763 parte
1222 2693 1299 2748 rei
1328 2707 1485 2764 quam
1510 2693 1713 2764 signiﬁ-

145 2797 246 2843 cat.
272 2787 366 2857 Qui
394 2803 517 2859 ergo
542 2788 733 2859 quaerit
756 2796 932 2841 utrum
964 2788 1126 2842 homo
1151 2801 1346 2841 nomen
1376 2786 1477 2852 sit,
1511 2785 1638 2840 nihil
1665 2786 1715 2841 ei

145 2881 451 2954 aiiod‘quam
476 2896 597 2938 esse
624 2882 976 2953 reSpondeam
1001 2898 1014 2933 :
1036 2880 1168 2936 satis
1192 2880 1336 2935 enim
1363 2878 1626 2951 signiﬁcat
1648 2894 1714 2934 ex

145 2987 207 3028 ea
235 2983 371 3044 parte
405 2989 463 3030 se
503 2973 642 3029 velle
678 2972 863 3028 audire
883 3014 898 3038 ,
929 2987 1032 3043 qua
1070 2972 1278 3043 signum
1306 2980 1406 3026 est.
1435 2971 1491 3028 Si
1538 2981 1715 3027 autem

148 3066 326 3135 quaerit
351 3075 522 3121 utrum
549 3066 745 3120 animal
783 3065 882 3132 sit,
920 3064 1086 3119 multo
1124 3064 1411 3134 proclivius
1444 3079 1712 3120 annuam:

151 3160 380 3229 quoniam
405 3164 449 3216 si
477 3169 658 3215 tacens
684 3168 740 3215 et
766 3173 966 3214 nomen
1004 3166 1060 3216 et
1095 3159 1291 3214 animal
1312 3202 1325 3226 ,
1358 3168 1561 3213 tantum
1589 3161 1717 3231 quid

155 3258 285 3304 esset
320 3249 470 3305 homo
496 3250 811 3319 requireret,
845 3249 1035 3319 placita
1066 3248 1155 3303 illa
1174 3250 1424 3320 loquendi
1442 3251 1620 3321 regula
1650 3251 1716 3307 ad

160 3339 212 3394 id
230 3342 349 3412 quod
373 3343 574 3398 duabus
596 3342 813 3414 syllabis
833 3342 1188 3413 signiﬁcatur,
1214 3344 1422 3401 animus
1444 3356 1714 3413 curreret;

170 3435 606 3506 nequequidquam
635 3434 1049 3505 responderetur
1063 3434 1166 3489 nisi
1188 3436 1382 3491 animal
1403 3479 1418 3504 ,
1444 3436 1525 3491 vel
1557 3437 1717 3493 etiam

173 3534 263 3582 tota
282 3528 507 3585 deﬁnitio
536 3528 801 3584 diceretur
819 3570 832 3593 ,
865 3527 919 3582 id
946 3537 1028 3584 est
1051 3528 1246 3583 animal
1277 3530 1534 3585 rationale
1571 3545 1718 3586 mor-

166 3617 300 3675 tale:
339 3636 410 3677 an
469 3622 564 3677 tibi
604 3637 711 3676 non
760 3619 1003 3675 videtur?
1048 3620 1147 3674 Ad.
1199 3621 1423 3677 Prorsus
1470 3622 1715 3678 videtur:

162 3707 244 3763 sed
268 3725 375 3766 cum
402 3725 520 3767 esse
546 3726 739 3766 nomen
782 3710 1201 3771 concesserimus
1219 3753 1234 3777 ,
1284 3712 1553 3782 quomodo
1576 3713 1719 3769 illam

164 3801 533 3858 conclusionem
560 3801 717 3857 nimis
746 3800 1183 3857 contumeliosam
1235 3802 1580 3870 evitabimus,
1612 3820 1718 3874 qua

156 3903 243 3945 nos
278 3893 507 3949 homines
564 3909 667 3948 non
727 3907 847 3949 esse
885 3893 1202 3948 conﬁcitur?
1250 3894 1382 3966 Aug.
1435 3894 1719 3962 Quomodo

155 3991 321 4053 putas,
362 3988 460 4043 nisi
502 3986 745 4042 docendo
789 4002 894 4041 non
953 4003 1017 4041 ex
1068 4002 1130 4042 ea
1178 3998 1327 4058 parte
1369 3989 1587 4056 illatam,
1616 4006 1721 4060 qua

153 4074 473 4152 interroganti
545 4080 1017 4137 assentiebamur?
1069 4082 1173 4135 Aut
1240 4081 1284 4135 si
1333 4098 1396 4135 ex
1452 4099 1511 4137 ea
1569 4091 1720 4153 parte

154 4165 283 4225 illam
307 4188 362 4227 se
384 4173 573 4228 fatetur
594 4171 789 4227 inferre
810 4214 822 4235 ,
857 4171 1003 4226 nullo
1029 4171 1187 4226 modo
1229 4180 1311 4227 est
1347 4171 1678 4228 formidanda
1704 4191 1717 4227 :

153 4260 268 4328 quid
296 4265 429 4318 enim
457 4273 691 4319 metuam
728 4263 1027 4329 hominem,
1062 4263 1111 4318 id
1142 4271 1224 4318 est
1251 4272 1360 4319 tres
1398 4265 1526 4320 istas
1554 4265 1720 4337 sylla-

152 4345 237 4403 bas
266 4367 361 4407 non
407 4368 526 4409 esse
554 4369 640 4410 me
674 4352 950 4409 conﬁteri?
981 4352 1081 4407 Ad.
1114 4350 1251 4408 Nihil
1279 4364 1362 4409 est
1384 4357 1582 4410 verius.
1616 4356 1723 4411 Cur

152 4451 267 4510 ergo
288 4445 515 4500 animum
544 4444 795 4513 oﬂ’endit,
826 4460 946 4500 cum
978 4444 1193 4513 dicitur,
1221 4444 1335 4501 Non
1364 4461 1424 4501 es
1444 4447 1602 4517 igitur
1626 4448 1724 4503 ho-

151 4541 258 4599 mo;
287 4550 403 4590 cum
434 4536 726 4591 secundum
764 4537 851 4593 illa
896 4550 1172 4605 concessa,
1216 4538 1348 4593 nihil
1392 4539 1568 4594 verius
1615 4540 1719 4595 dici

151 4627 404 4687 potuerit?
433 4627 565 4699 Aug.
606 4627 738 4695 Quia
779 4643 883 4682 non
926 4642 1143 4698 possum
1189 4644 1294 4684 non
1342 4639 1529 4699 putare
1564 4630 1629 4685 ad
1668 4630 1722 4686 id

151 4720 531 4776 conclusionem
572 4720 783 4784 referri,
829 4720 972 4792 quod
1015 4723 1097 4777 his
1144 4720 1352 4778 duabus
1394 4724 1611 4796 syllabis
1650 4725 1721 4779 si-

148 4808 440 4880 gniﬁcatur,
467 4813 628 4868 simul
654 4821 812 4884 atque
839 4814 937 4867 ista
967 4814 1128 4869 verba
1154 4816 1429 4871 sonuerint
1446 4858 1467 4884 ,
1489 4831 1552 4871 ea
1580 4817 1722 4873 scili-

144 4907 224 4954 cet
250 4906 458 4976 regula,
492 4922 611 4978 qua:
643 4906 953 4961 naturaliter
992 4907 1278 4977 plurimum
1316 4908 1455 4963 valet
1478 4951 1491 4974 ,
1536 4917 1594 4964 ut
1629 4924 1724 4964 au-

139 4983 263 5049 ditis
297 4998 459 5069 signis
496 4997 566 5053 ad
597 5012 684 5053 res
731 4996 1053 5069 signiﬁcatas
1097 4997 1297 5054 feratur
1342 5000 1584 5055 intentio.
1618 5001 1717 5057 Ad.

132 5076 354 5159 A(:cipio
378 5088 519 5161 quod
548 5089 702 5146 dicis.

125 5166 354 5239 CAPUT
388 5182 479 5239 lX.
505 5214 572 5224 —
594 5182 673 5237 An
698 5199 778 5237 res
806 5199 1013 5255 quisque
1037 5225 1052 5252 ,
1082 5186 1160 5240 vel
1181 5188 1288 5258 ejus
1316 5188 1533 5259 cognitio
1562 5189 1722 5261 pluris

484 5264 716 5329 habendo
744 5276 807 5330 sit
831 5292 981 5343 quam
1015 5277 1175 5345 ipsius
1199 5295 1364 5350 signa.

184 5362 290 5418 Ἥ.
318 5366 451 5440 Aug.
482 5365 601 5422 Jam
632 5381 761 5439 ergo
787 5367 1052 5440 intelligas
1080 5370 1219 5436 volo,
1252 5386 1338 5426 res
1366 5387 1485 5442 quae
1522 5374 1723 5445 signiﬁ-

134 5455 341 5526 δηίων,
375 5459 545 5529 pluris
586 5474 745 5530 quam
774 5460 924 5531 signa
949 5475 1069 5517 esse
1104 5461 1428 5532 pendendas.
1457 5466 1723 5539 Quidquid

150 5540 270 5629 filim
302 5554 521 5621 propter
543 5548 687 5606 aliud
715 5559 824 5616 est,
858 5551 1013 5607 vilius
1059 5552 1129 5606 sit
1172 5568 1394 5611 necesse
1439 5569 1518 5613 est
1562 5575 1721 5629 quam

143 5622 191 5681 id
211 5646 428 5711 propter
464 5640 605 5711 quod
646 5651 762 5709 est;
792 5642 894 5699 nisi
925 5652 980 5698 tu
1006 5642 1150 5699 aliud
1177 5645 1472 5703 existimas.
1502 5622 1599 5704 Ad.
1625 5650 1720 5708 Vi-

141 5712 281 5789 ἀθιυι·
302 5731 436 5789 mihi
464 5747 568 5788 non
597 5741 800 5790 temere
838 5733 925 5790 hic
968 5749 1090 5792 esse
1135 5736 1568 5795 assentiendum:
1597 5755 1721 5798 nam

134 5817 243 5875 αιιιι
274 5824 508 5883 dicimus
526 5866 539 5891 ,
568 5822 825 5895 Coeuum,
847 5826 1004 5898 longe
1028 5828 1133 5884 hoc
1159 5842 1355 5886 nomen
1383 5830 1613 5888 arbitror
1642 5833 1718 5889 rei

1592 350 1796 410 LIBER
1834 350 2035 413 UNUS.

2506 296 2581 317 Ἃ-

3281 367 3422 431 mo

1828 487 1989 543 quam
2031 464 2292 547 signiﬁcat
2334 478 2669 537 antecellere.
2696 479 2849 549 Quod
2876 482 3019 541 enim
3060 498 3161 543 nos
3198 485 3424 547 oﬁ‘endit

1832 563 2128 632 audientes,
2156 584 2259 624 non
2289 571 2355 626 ad
2399 572 2566 643 ipsius
2605 573 2751 629 verbi
2786 575 3007 645 pertinet
3052 592 3282 648 sonum;
3310 595 3422 638 ca:—

1828 670 1955 711 num
1981 659 2121 714 enim
2151 676 2368 731 nomen,
2394 672 2595 719 mutata
2624 680 2729 721 una
2764 666 2938 723 littera
2964 669 3161 726 caelum
3185 680 3301 741 est;
3325 672 3412 730 in-

1828 755 1912 803 ter
1940 749 2026 805 illa
2059 765 2186 808 vero
2210 769 2330 823 quae
2358 753 2440 811 bis
2483 756 2787 814 nominibus
2830 759 3216 832 signiﬁcantur,
3247 779 3420 836 quan-

1828 849 1941 897 tum
1985 843 2145 899 distet
2193 845 2448 903 videmus.
2493 848 2847 917 Quamobrem
2904 867 3242 926 nequaquam
3294 856 3419 914 huic

1825 934 1978 1006 signo
2008 936 2281 992 tribuerim
2298 979 2313 1005 ,
2340 941 2481 1010 quod
2519 942 2572 997 in
2607 955 2670 997 re
2695 958 2853 1014 quam
2878 944 3139 1015 signiﬁcat
3164 946 3412 1016 odimus;

1824 1037 1880 1083 et
1919 1037 2198 1099 propterea
2247 1030 2348 1086 hoc
2390 1033 2465 1087 illi
2502 1034 2624 1104 jure
2651 1044 2959 1107 antepono:
2991 1037 3244 1094 libentius
3270 1040 3416 1098 enim

1826 1117 1931 1174 hoc
1955 1118 2204 1176 audimus
2224 1161 2240 1186 ,
2267 1138 2426 1192 quam
2452 1124 2561 1180 ullo
2585 1140 2743 1181 sensu
2770 1126 2897 1181 illud
2920 1128 3248 1200 attingimus.
3276 1130 3413 1204 Aug.

1825 1212 2236 1283 Vigilantissime
2260 1216 2502 1274 omnino.
2533 1217 2714 1290 itaque
2754 1219 2942 1275 falsum
2971 1231 3085 1288 est,
3111 1238 3299 1280 omnes
3325 1239 3414 1280 res

1823 1304 1988 1375 pluris
2016 1322 2172 1377 quam
2202 1323 2385 1364 earum
2416 1310 2564 1381 signa
2594 1325 2715 1366 esse
2754 1312 3080 1381 pendendas.
3112 1315 3210 1368 Ad.
3237 1314 3312 1371 ita
3337 1315 3415 1371 vi-

1823 1396 2000 1453 detur.
2033 1399 2164 1472 Aug.
2195 1401 2289 1456 Dic
2314 1417 2453 1473 ergo
2470 1404 2598 1457 mihi
2628 1404 2755 1474 quid
2782 1405 3056 1462 arbitreris
3079 1422 3174 1463 eos
3200 1418 3413 1465 secutos

1822 1503 1943 1545 esse
1959 1531 1973 1556 ,
1993 1492 2084 1560 qui
2111 1491 2234 1547 huic
2263 1494 2341 1548 rei
2365 1503 2472 1548 tam
2502 1492 2663 1550 ftedas
2686 1504 2847 1566 atque
2870 1499 3188 1567 aspernabili
3213 1515 3412 1560 nomen

1822 1582 2155 1651 indiderunt;
2188 1586 2272 1641 vel
2303 1594 2479 1642 utrum
2504 1602 2599 1643 eos
2624 1588 2840 1659 probes,
2872 1604 2939 1643 an
2966 1590 3253 1660 improbes.
3295 1594 3397 1648 Ad.

1822 1673 1938 1747 Ego
1986 1690 2113 1732 vero
2155 1678 2274 1732 illos
2320 1693 2419 1734 nec
2463 1679 2714 1749 probare,
2738 1695 2839 1735 nec
2878 1681 3180 1752 improbare
3217 1684 3410 1751 audeo,

1821 1784 1921 1825 nec
1940 1770 2064 1840 quid
2088 1771 2281 1827 fuerint
2304 1774 2472 1828 secuti
2494 1774 2625 1831 scio.
2652 1776 2780 1847 Aug.
2804 1776 3033 1833 Potesne
3057 1779 3247 1833 saltem
3275 1779 3415 1836 scire

1819 1862 1946 1932 quid
1980 1874 2035 1917 tu
2062 1867 2304 1935 sequaris
2324 1909 2338 1933 ,
2363 1881 2482 1922 cum
2511 1866 2613 1923 hoc
2635 1883 2830 1924 nomen
2858 1871 3141 1928 enuntias?
3164 1871 3261 1926 Ad.
3302 1872 3415 1929 Hoc

1821 1953 1975 2022 plane
1999 1970 2213 2024 possum
2240 1975 2253 2010 :
2278 1972 2401 2012 nam
2428 1958 2729 2029 signiﬁcare
2754 1961 2897 2028 volo,
2928 1969 2985 2017 ut
3009 1978 3130 2018 eum
3160 1978 3282 2020 cum
3306 1980 3413 2035 quo

1819 2046 2027 2118 loquor,
2056 2048 2276 2104 doceam
2304 2051 2386 2104 vel
2412 2051 2727 2108 admoneam
2759 2053 2827 2108 de
2856 2069 2914 2109 re
2956 2056 3072 2122 illa,
3113 2057 3255 2127 quod
3286 2073 3412 2113 eum

1819 2135 1998 2191 doceri
2042 2139 2125 2193 vel
2171 2139 2444 2195 admoneri
2491 2152 2736 2211 Oportere
2780 2142 3030 2201 arbitror.
3077 2146 3207 2219 Aug.
3234 2147 3370 2216 Quid
3388 2148 3431 2202 ?~

1817 2227 1991 2296 ipsum
2021 2228 2213 2285 docere
2240 2241 2332 2285 aut
2360 2232 2677 2299 admonere,
2719 2235 2832 2289 sive
2870 2235 3049 2291 doceri
3089 2247 3181 2293 aut
3220 2240 3412 2296 admo-

1819 2319 1965 2384 neri,
2009 2320 2149 2390 quod
2206 2321 2288 2376 vel
2342 2332 2396 2376 tu
2447 2324 2667 2378 exhibes
2724 2324 3003 2381 commode
3055 2343 3154 2398 per
3184 2328 3284 2385 hoc
3310 2345 3409 2385 no-

1820 2425 1942 2466 men
1963 2454 1978 2478 ,
2007 2413 2092 2466 vel
2118 2412 2399 2469 exhibetur
2428 2414 2557 2479 tibi;
2584 2432 2761 2471 nonne
2808 2418 3020 2473 cinarius
3044 2436 3202 2491 quam
3234 2422 3409 2492 ipsum

1818 2519 2015 2559 nomen
2040 2504 2339 2563 habendum
2364 2509 2479 2563 est?
2504 2508 2602 2562 Ad.
2630 2508 2880 2566 Concedo
2907 2512 3074 2583 ipsam
3104 2515 3403 2585 scientiam,

1819 2610 1939 2665 quae
1966 2611 2062 2664 per
2090 2596 2191 2651 hoc
2220 2598 2430 2669 signum
2469 2601 2677 2665 evenit,
2708 2601 2884 2657 eidem
2912 2604 3063 2673 signo
3100 2618 3220 2660 esse
3254 2615 3407 2662 ante-

1817 2689 2150 2756 ponendam:
2176 2689 2269 2743 sed
2297 2704 2401 2744 non
2430 2690 2549 2746 ideo
2578 2692 2739 2759 etiam
2772 2710 2886 2748 rem
2919 2695 3086 2765 ipsam
3116 2706 3263 2767 puto.

1888 2778 1979 2833 26.
2012 2779 2137 2851 Aug.
2170 2780 2227 2835 in
2256 2781 2529 2862 illaigitur
2560 2785 2822 2841 sententia
2852 2794 3064 2855 nostra,
3105 2804 3409 2863 quanquam

1819 2872 1888 2926 sit
1931 2872 2119 2927 falsum
2140 2916 2153 2937 ,
2198 2889 2286 2929 res
2324 2888 2512 2931 omnes
2539 2876 2706 2946 signis
2728 2878 2840 2933 suis
2867 2881 3102 2949 praeponi
3129 2892 3405 2953 oportere;

1820 2978 1925 3018 non
1959 2974 2133 3020 tamen
2163 2966 2353 3021 falsum
2384 2976 2499 3034 est,
2529 2984 2690 3025 omne
2718 2970 2862 3041 quod
2888 2982 3104 3043 propter
3129 2975 3268 3032 aliud
3294 2986 3407 3047 est,

1819 3056 1977 3111 vilius
2001 3071 2122 3113 esse
2150 3074 2309 3129 quam
2333 3059 2384 3114 id
2415 3071 2632 3133 propter
2660 3062 2802 3133 quod
2827 3074 2929 3120 est.
2953 3064 3195 3137 Cognitio
3214 3069 3413 3141 quippe

1821 3150 1980 3215 caeni,
2010 3159 2230 3219 propter
2251 3167 2410 3221 quam
2441 3153 2542 3209 hoc
2565 3170 2756 3211 nomen
2787 3165 2871 3211 est
2894 3158 3213 3224 institutum,
3243 3161 3413 3231 pluris

1823 3240 2065 3295 habenda
2094 3250 2179 3297 est
2208 3243 2324 3312 ipso
2351 3244 2585 3311 nomine,
2615 3245 2756 3316 quod
2782 3246 2957 3302 eidem
3000 3263 3155 3304 caeno
3198 3266 3412 3322 praepo-

1823 3334 2055 3388 nendum
2097 3349 2215 3389 esse
2256 3337 2636 3407 comperimus.
2678 3337 2793 3393 Non
2841 3340 2982 3395 enim
3020 3341 3090 3397 ob
3130 3341 3273 3399 aliud
3313 3345 3415 3401 ista

1823 3426 2059 3497 cognitio
2082 3427 2256 3497 signo,
2285 3428 2353 3483 de
2382 3444 2488 3500 quo
2514 3431 2739 3501 agimus,
2764 3432 2995 3487 antelata
3018 3441 3135 3500 est,
3163 3434 3265 3490 nisi
3286 3437 3412 3507 quia

1824 3519 1955 3575 illud
1996 3528 2211 3590 propter
2253 3520 2393 3576 hanc
2411 3562 2426 3587 ,
2454 3537 2566 3584 non
2602 3521 2718 3577 haec
2742 3531 2960 3594 propter
2984 3524 3113 3581 illud
3136 3541 3257 3583 esse
3281 3542 3414 3584 con-

1824 3612 2073 3668 vincitur.
2116 3611 2248 3666 Nam
2280 3613 2352 3668 ita
2389 3628 2514 3669 cum
2560 3615 2774 3685 quidam
2815 3626 3054 3685 vorator,
3080 3621 3415 3693 ventrisque,

1822 3714 1885 3760 ut
1906 3706 1974 3761 ab
2001 3706 2258 3775 Apostolo
2284 3705 2498 3772 dicitur,
2522 3708 2695 3763 cultor
2723 3706 2900 3781 (Rom.
2924 3724 3039 3776 xvi,
3067 3712 3184 3782 18),
3212 3712 3415 3769 diceret

1826 3797 1948 3853 ideo
1992 3813 2051 3853 se
2093 3798 2294 3865 vivere,
2322 3806 2383 3853 ut
2405 3807 2752 3867 vesceretur;
2781 3816 2888 3857 non
2915 3801 3032 3856 tulit
3054 3803 3142 3872 qui
3171 3804 3420 3861 audiebat

1825 3891 1958 3961 frugi
1984 3890 2164 3957 homo,
2195 3898 2268 3956 et,
2299 3890 2518 3956 Quanto,
2548 3892 2745 3961 inquit,
2774 3892 2954 3947 melius
2995 3893 3109 3947 ideo
3147 3896 3415 3950 vescereris

1824 3995 1879 4038 ut
1905 3985 2129 4039 viveres?
2157 3984 2300 4055 quod
2330 3986 2515 4055 utique
2540 4001 2604 4040 ex
2634 3986 2821 4041 eadem
2852 3987 2951 4041 ista
2991 3988 3170 4058 regula
3207 3990 3418 4047 locutus

1825 4085 1909 4131 est
1935 4077 1975 4129 ί.
2016 4075 2149 4130 Nam
2196 4091 2369 4145 neque
2410 4077 2512 4132 alia
2548 4077 2617 4132 de
2657 4092 2815 4133 causa
2855 4079 2944 4135 ille
2986 4080 3281 4151 displicuit,
3313 4085 3418 4141 nisi

1825 4166 1964 4237 quod
1990 4167 2151 4222 vitam
2183 4181 2333 4221 suam
2364 4175 2471 4221 tam
2504 4168 2913 4238 parvipenderet
2931 4213 2946 4237 ,
2975 4181 3033 4225 ut
3058 4187 3175 4227 eam
3200 4173 3420 4231 duceret

1824 4258 2050 4329 gutturis
2076 4258 2347 4329 voluptate
2376 4260 2639 4326 viliorem,
2664 4259 2891 4317 dicendo
2916 4277 2975 4319 se
3001 4274 3214 4335 propter
3234 4267 3418 4337 epulas

1828 4351 2042 4406 vivere:
2072 4366 2245 4422 neque
2269 4350 2355 4407 hic
2380 4353 2451 4407 ob
2475 4352 2617 4408 aliud
2656 4353 2778 4423 jure
2817 4354 3082 4422 laudatur,
3129 4357 3229 4411 nisi
3267 4359 3413 4428 quod

1826 4443 1878 4497 in
1910 4443 1974 4497 iis
2002 4442 2209 4500 duobus
2235 4446 2360 4515 quid
2389 4454 2603 4516 propter
2639 4445 2765 4516 quid
2793 4445 2945 4501 ﬁeret
2965 4488 2978 4512 ,
3023 4446 3125 4502 hoc
3166 4459 3248 4504 est
3289 4450 3417 4522 quid

1826 4533 1912 4588 cui
1942 4534 2239 4604 subjectum
2289 4542 2435 4591 esset
2475 4536 2774 4607 intelligens
2795 4580 2808 4605 ,
2835 4537 3116 4593 cibandum
3160 4542 3332 4609 potius
3360 4551 3418 4599 ut

1827 4628 2064 4681 vivamus
2084 4670 2097 4692 ,
2130 4641 2292 4697 quam
2322 4628 2604 4684 vivendum
2634 4639 2695 4685 ut
2718 4630 2977 4698 cibemur,
3008 4631 3302 4689 admonuit.
3329 4634 3419 4692 Si-

1827 4719 2026 4774 militer
2052 4730 2107 4774 et
2131 4729 2185 4775 tu
2211 4719 2459 4789 fortasse,
2488 4730 2541 4777 et
2570 4722 2790 4792 quilibet
2817 4723 3092 4779 hominum
3114 4740 3220 4783 non
3245 4727 3417 4799 impe-

1826 4812 1928 4867 rite
1973 4826 2062 4867 res
2108 4813 2493 4867 aestimantium
2513 4855 2528 4881 ,
2551 4813 2749 4870 dicenti
2775 4816 3003 4888 cuipiam
3032 4818 3241 4889 loquaci
3270 4834 3419 4874 ama-

1801 4904 2034 4975 .torique
2064 4905 2367 4972 verborum,
2400 4904 2526 4961 ideo
2547 4906 2716 4964 doceo
2743 4917 2804 4963 ut
2833 4908 3037 4980 loquar,
3069 4912 3420 4981 respondere-

1827 4996 1916 5062 tis,
1945 4996 2133 5062 llomo,
2162 5011 2259 5051 cur
2282 5010 2389 5051 non
2431 4997 2603 5066 potius
2644 4998 2767 5055 ideo
2812 4998 3044 5070 loqueris
3091 5009 3149 5055 ut
3189 5001 3424 5056 doceas?

1825 5086 1979 5155 Quod
2006 5088 2050 5142 si
2080 5087 2195 5143 haec
2233 5103 2360 5143 vera
2403 5097 2561 5155 sunt,
2590 5089 2743 5145 sicuti
2782 5105 2903 5146 esse
2942 5090 3239 5163 cognoscis,
3268 5091 3418 5146 vides

1827 5182 2065 5252 profecto
2088 5189 2287 5254 quanto
2306 5182 2468 5238 verba
2497 5184 2717 5239 minoris
2746 5183 2989 5241 habenda
3012 5184 3118 5237 sint
3134 5225 3149 5248 ,
3174 5198 3332 5253 quam
3363 5183 3417 5238 id

1829 5282 2046 5345 propter
2065 5272 2206 5344 quod
2229 5274 2429 5329 utimur
2455 5275 2664 5340 verbis;
2697 5290 2817 5331 cum
2846 5276 2958 5343 ipse
2981 5286 3107 5328 usus
3133 5272 3416 5329 verborum

1822 5367 1932 5437 jam
1961 5367 2031 5422 sit
2065 5367 2240 5424 verbis
2266 5370 2703 5439 anteponendus:
2731 5370 2887 5425 verba
2908 5368 3048 5423 enim
3075 5376 3199 5421 sunt
3228 5376 3284 5422 ut
3328 5368 3411 5425 his

1828 5472 2073 5528 utamur;
2107 5463 2308 5518 utimur
2334 5473 2509 5519 autem
2548 5464 2633 5518 bis
2662 5463 2726 5516 ad
2758 5458 3073 5516 docendum.
3102 5458 3312 5526 Quanto
3332 5470 3417 5517 est

1828 5571 1955 5626 ergo
1975 5555 2168 5611 melius
2184 5556 2377 5613 docere
2402 5572 2560 5627 quam
2582 5554 2745 5623 loqui,
2775 5561 2919 5608 tanto
2934 5551 3123 5607 melior
3144 5560 3227 5606 est
3252 5567 3414 5622 quam

1828 5647 2024 5713 verba,
2080 5647 2300 5703 locutio.
2352 5646 2515 5703 Multo
2557 5659 2684 5715 ergo
2731 5642 2917 5699 melior
2963 5641 3205 5698 doctrina
3253 5657 3415 5714 quam

1893 5781 1911 5813 ί
1945 5788 2011 5845 tta
2034 5787 2139 5845 pass.
2166 5777 3417 5845 AtinEdd.,utvrveres?uterquetamenexeadeut

1828 5840 2000 5906 regula
2030 5840 2213 5893 locutus
2241 5849 2326 5893 est.
