3822 6404
509 401 635 457 ΒΗ

502 518 679 574 Verba.
712 515 1005 586 Sedcup’io
1033 514 1214 571 audire
1259 513 1386 586 quia
1432 512 1567 570 forte
1607 511 2075 571 missae-ldum

498 620 672 682 putes.

566 704 655 759 27.
705 702 803 757 Ad.
828 701 1127 758 'Assestior
1166 700 1380 771 quidem
1418 700 1695 757 meliorem
1725 716 1885 772 quam
1913 701 2075 757 verba

494 810 617 852 esse
640 794 968 857 doctrinam;
998 792 1093 851 sed
1132 800 1307 847 utrum
1346 792 1604 849 adversus
1641 794 1797 849 istam
1836 794 2073 863 regulam

492 904 596 959 qna
626 887 839 949 dicitur,
862 885 1031 940 Omne
1072 885 1214 955 quod
1261 895 1480 956 propter
1521 884 1667 941 aliud
1710 893 1823 951 est,
1851 884 2071 941 inferius

494 995 614 1035 esse
633 993 789 1049 quam
818 976 869 1031 id
896 984 1115 1047 propter
1139 976 1280 1048 quod
1308 986 1420 1044 est,
1444 977 1575 1033 nihil
1617 977 1687 1032 sit
1724 977 1866 1047 quod
1911 977 2068 1048 objiei

491 1074 692 1144 possit,
722 1072 931 1143 ignoro.
961 1072 1093 1141 Aug.
1132 1071 1276 1125 Alias
1316 1070 1418 1127 hoc
1457 1071 1809 1141 opportunius
1846 1071 2071 1141 diligeno

490 1166 703 1235 tiusque
731 1163 1074 1219 tractabimus
1098 1182 1111 1216 :
1140 1177 1281 1217 nunc
1308 1161 1434 1217 illud
1458 1161 1600 1231 quod
1626 1161 1909 1227 concedis,
1941 1163 2070 1217 satis

436 1284 445 1293 ι
488 1265 571 1313 cst
598 1256 663 1311 ad
697 1256 748 1311 id
775 1256 914 1328 quod
944 1256 1207 1315 conﬁcere
1248 1254 1456 1319 studeo.
1484 1254 1589 1310 Das
1627 1254 1771 1309 enim
1806 1255 2066 1326 cognitio-

488 1363 611 1403 nem
635 1363 815 1403 rerum
842 1361 1000 1417 quam
1024 1346 1171 1415 signa
1191 1359 1369 1400 rerum
1389 1360 1509 1402 esse
1526 1344 1845 1402 cbariorem.
1871 1344 2068 1412 Quamo

485 1439 671 1494 obrem
714 1438 947 1509 cognitio
990 1450 1166 1493 rerum
1208 1451 1327 1508 qua:
1363 1436 1744 1505 signiﬁcantur,
1779 1436 2067 1506 cognitioni

485 1531 754 1599 signorum
795 1526 1138 1584 anteferenda
1167 1537 1249 1582 est
1275 1545 1288 1582 :
1316 1542 1382 1583 an
1422 1527 1516 1584 tibi
1559 1542 1663 1583 non
1691 1527 1935 1585 videtur?
1963 1529 2060 1583 Ad.

485 1620 621 1678 Num
647 1635 745 1691 ego
769 1621 1121 1688 cognitionem
1150 1634 1337 1675 rerum
1355 1620 1656 1690 cognitione
1680 1621 1972 1703 sjgnorum,
2002 1634 2067 1678 ac

484 1728 589 1770 non
617 1714 782 1784 signis
809 1713 937 1781 ipsis
966 1713 1383 1782 prirstantiorem
1427 1729 1546 1770 esse
1587 1715 1865 1771 concessi?
1901 1726 2065 1784 quare

482 1819 673 1860 vereor
701 1813 758 1858 ut
787 1804 875 1860 ltic
899 1803 993 1859 tibi
1023 1804 1301 1860 assentiar.
1324 1803 1462 1871 Quid
1506 1804 1550 1859 si
1593 1804 1733 1861 enim
1772 1813 1829 1860 nt
1852 1818 2062 1862 omnum

483 1911 678 1955 nomen
719 1896 906 1951 melius
944 1903 1025 1953 est
1054 1910 1114 1949 ea
1145 1910 1203 1950 re
1227 1909 1384 1964 quam
1406 1894 1703 1964 signiﬁcat;
1738 1896 1807 1951 ita
1831 1904 1882 1951 et
1910 1895 2064 1965 hujus

481 1986 715 2045 nominis
742 1985 971 2054 cognitio
996 1984 1280 2054 cognitioni
1305 2000 1519 2054 quoque
1549 1984 1688 2043 illius
1713 1985 1790 2041 rei
1809 1994 1889 2043 est
1909 1995 2061 2041 ante-

481 2077 745 2150 ponenda,
778 2076 1020 2146 quamvis
1049 2090 1109 2130 ea
1138 2077 1438 2145 cognitione
1467 2076 1534 2131 sit
1562 2076 1733 2144 ipsum
1766 2091 1956 2131 nomen
1984 2076 2064 2131 in-

481 2169 680 2225 ferius?
704 2169 941 2235 Quatuor
968 2166 1162 2235 quippe
1191 2173 1316 2219 sunt
1341 2185 1355 2220 :
1378 2181 1596 2231 nomen,
1620 2174 1675 2219 et
1704 2181 1810 2232 res,
1829 2166 2063 2234 cognitio

479 2261 737 2324 nominis,
764 2268 818 2314 et
841 2257 1071 2327 cognitio
1100 2258 1195 2312 rei.
1222 2256 1368 2311 Sicut
1397 2272 1522 2326 ergo
1549 2256 1776 2326 primum
1804 2256 2058 2323 secundo,

478 2383 572 2424 cur
603 2381 705 2422 non
732 2379 785 2421 et
808 2354 1026 2419 tertium
1051 2362 1240 2432 quarto
1268 2351 1585 2409 antecellat?
1614 2349 1718 2412 Sed
1749 2362 1805 2411 ut
1832 2367 1935 2411 non
1963 2367 2058 2409 anv

477 2461 718 2524 tcccllat,
744 2473 872 2513 num
914 2458 1073 2511 etiam
1100 2452 1484 2523 subjiciendum
1513 2450 1631 2505 est?

547 2552 635 2608 98.
669 2552 796 2621 Aug.
843 2550 973 2604 Mire
1016 2547 1234 2602 omnino
1274 2554 1325 2599 te
1368 2542 1522 2599 video
1561 2551 1617 2598 et
1661 2542 1892 2599 tenuisse
1934 2539 2060 2610 quid

477 2643 827 2705 concesseris,
859 2651 912 2695 et
932 2640 1223 2708 explicasse
1242 2636 1369 2707 quid
1398 2635 1649 2691 senseris.
1689 2632 1792 2689 Sed
1811 2674 1824 2697 ,
1862 2640 1921 2686 ut
1945 2632 2060 2701 opi-

479 2752 607 2799 nor,
643 2734 926 2805 intelligis,
964 2732 1064 2785 hoc
1100 2730 1428 2802 trisyllabum
1460 2743 1680 2793 nomen,
1720 2727 1860 2797 quod
1906 2734 2062 2782 sonat

479 2843 600 2883 cum
650 2827 910 2892 dicimus,
951 2824 1184 2889 Vitium,
1230 2823 1421 2877 melius
1459 2835 1580 2877 esse
1620 2810 1778 2891 quam
1822 2820 1873 2875 id
1918 2819 2061 2890 quod

477 2920 773 2991 signiﬁcat;
827 2933 945 2972 eum
1001 2915 1166 2985 ipsius
1212 2915 1442 2984 cognitio
1496 2914 1724 2968 nominis
1767 2912 1936 2968 multo
1991 2912 2061 2966 sit

482 3011 703 3066 inferior
745 3008 1048 3079 cognitione
1099 3006 1367 3061 vitiorum.
1423 3002 1572 3060 Licet
1626 3005 1801 3072 itaque
1853 3002 2057 3058 consti-

480 3112 599 3159 tuas
639 3103 798 3155 etiam
846 3100 946 3154 ista
993 3108 1221 3169 quatuor
1265 3106 1425 3169 atque
1479 3095 1820 3160 consideres,
1865 3107 2059 3149 nomen

476 3202 534 3248 et
559 3206 691 3255 rem,
714 3190 1066 3260 cognitionem
1096 3188 1324 3243 nominis
1352 3196 1406 3243 et
1433 3186 1785 3256 cognitionem
1813 3186 1925 3249 rei;
1955 3185 2062 3254 prio

479 3298 624 3338 mum
664 3280 898 3336 secundo
917 3279 1037 3348 jure
1073 3278 1455 3348 praeponimus.
1496 3277 1606 3332 Hoc
1645 3277 1785 3331 enim
1832 3276 2059 3344 positum

479 3387 678 3428 nomen
714 3372 765 3424 in
806 3370 1075 3433 carmine,
1100 3383 1220 3422 cum
1256 3368 1330 3420 ait
1358 3366 1601 3429 Persius,
1634 3366 1739 3422 Sed
1775 3374 1941 3436 stupet
1980 3366 2061 3420 hic

479 3463 600 3517 uitio
627 3460 841 3531 (Satyro
867 3461 990 3525 3,v.
1019 3458 1134 3527 ⁵52),
1180 3473 1282 3511 non
1314 3457 1473 3512 modo
1512 3455 1640 3511 nihil
1684 3458 1793 3512 vitii
1840 3458 1964 3515 fecit
2006 3458 2059 3515 in

482 3568 639 3607 versu
662 3592 676 3613 ,
708 3549 802 3605 sed
825 3548 1062 3605 nonnihil
1089 3548 1248 3603 etiam
1279 3557 1498 3605 ornatus
1524 3546 1668 3603 dedit
1695 3566 1708 3600 :
1735 3564 1853 3603 cum
1884 3558 2060 3607 tamen

481 3661 568 3701 res
593 3645 702 3713 ipsa
732 3659 850 3713 qua:
879 3642 1203 3712 signiﬁcatur
1234 3640 1337 3696 hoc
1375 3641 1620 3706 nomine,
1649 3641 1701 3697 in
1729 3656 2063 3712 quocumque

483 3738 653 3799 inest,
696 3744 848 3801 cogat
888 3749 1009 3789 esse
1054 3733 1320 3788 vitiosum.
1371 3733 1440 3789 At
1481 3748 1585 3788 non
1633 3733 1704 3789 ita
1751 3740 1807 3789 et
1850 3734 2061 3791 tertium

482 3839 692 3900 quarto.
724 3826 816 3883 sed
858 3835 1101 3896 quartum
1137 3825 1290 3880 tertio
1316 3823 1558 3880 videmus
1586 3823 1866 3883 excellere.
1897 3823 2063 3894 Hujus

482 3923 624 3978 enim
655 3919 886 3991 cognitio
927 3918 1156 3973 nominis
1190 3917 1309 3970 vilis
1338 3925 1420 3973 est
1450 3931 1557 3984 pra:
1585 3916 1885 3985 cognitione
1912 3916 2064 3970 vitio-

480 4031 617 4071 rum.
650 4012 749 4065 Ad.
781 4012 1021 4066 Etiamne
1047 4024 1167 4065 cum
1197 4008 1291 4063 ista
1317 4007 1547 4076 cognitio
1576 4006 1878 4061 miseriores
1905 4004 2060 4071 facit,

480 4120 669 4162 censes
696 4119 815 4160 esse
846 4098 1268 4173 praeferendam?
1293 4098 1424 4153 Nam
1475 4098 1609 4153 idem
1655 4096 1869 4153 Persius
1895 4098 2065 4151 omni-

486 4199 588 4254 bus
619 4198 817 4266 ptenis,
838 4209 970 4264 quas
996 4202 1337 4264 tyrannorum
1370 4189 1451 4245 vel
1480 4188 1767 4257 crudelitas
1794 4187 2063 4257 excogita-

482 4291 559 4345 vit
602 4290 684 4345 vel
726 4287 988 4357 cupiditas
1033 4283 1245 4355 pendit,
1278 4282 1414 4337 hanc
1439 4296 1601 4338 unam
1637 4279 1937 4350 anteponit,
1961 4294 2063 4349 qua

481 4383 783 4439 cruciantur
807 4378 1051 4435 homines
1077 4376 1167 4446 qui
1196 4374 1320 4431 vitia
1350 4388 1467 4445 quae
1493 4373 1659 4431 vitare
1685 4386 1789 4429 non
1818 4380 2061 4445 possunt,

481 4480 746 4543 coguntur
770 4482 1076 4539 agnoscere.
1106 4466 1237 4536 Aug.
1269 4464 1427 4521 Potes
1458 4463 1561 4518 hoc
1589 4461 1747 4519 modo
1775 4461 2064 4530 cognitioni

483 4563 644 4634 hujus
681 4560 913 4619 nominis
960 4559 1129 4630 ipsam
1159 4571 1372 4628 quoque
1417 4553 1672 4611 virtutum
1710 4554 2063 4623 mgnitionem

484 4669 679 4724 negare
699 4651 1109 4723 praeferendam:
1130 4649 1252 4720 quia
1272 4648 1522 4703 virtutem
1541 4644 1721 4703 videre
1742 4660 1839 4701 nec
1859 4654 2060 4709 tenere,

484 4743 804 4812 supplicium
828 4750 947 4799 est:
975 4757 1080 4815 quo
1122 4739 1273 4797 idem
1314 4738 1402 4794 ille
1449 4737 1711 4810 satyricus
1756 4737 1965 4811 tyranni
2008 4746 2065 4791 ut

490 4833 777 4903 puniantur
817 4833 1017 4903 optavit
1062 4831 1245 4900 (Ibid.,
1276 4848 1324 4885 υ.
1359 4830 1567 4904 55—38).
1594 4830 1693 4885 Ad.
1743 4829 1884 4889 Deus
1928 4828 2064 4887 hanc

487 4933 693 4981 avertat
722 4925 1006 4979 amentiam
1034 4941 1047 4977 :
1066 4924 1177 4994 jam
1206 4922 1349 4979 enim
1375 4922 1611 4994 intelligo
1650 4935 1755 4981 non
1794 4919 1935 4991 ipsas
1974 4934 2065 4975 co-

484 5015 756 5090 gnitiones
788 5055 803 5080 ,
844 5014 1032 5084 quibus
1074 5014 1307 5071 animum
1355 5013 1544 5070 imbuit
1587 5012 1786 5089 optima
1826 5013 2063 5069 omnium

484 5108 799 5178 disciplina,
827 5120 947 5163 esse
973 5106 1294 5176 culpandus;
1325 5104 1421 5162 sed
1448 5120 1542 5162 eos
1567 5106 1803 5163 omnium
1829 5107 2066 5163 miserri-

488 5216 606 5257 mos
626 5197 962 5270 judicandos,
988 5196 1125 5251 sicut
1161 5205 1216 5251 et
1247 5195 1488 5255 Persium
1521 5197 1787 5268 iudicasse
1812 5197 2059 5264 arbitror,

487 5294 579 5365 qui
623 5292 714 5347 tali
762 5290 949 5346 morbo
988 5289 1159 5345 allecti
1203 5296 1360 5359 sunt,
1392 5288 1473 5343 cui
1500 5304 1599 5347 nec
1626 5296 1769 5353 tanta
1802 5289 2065 5347 medicina

488 5385 784 5443 subveniat.
818 5384 949 5454 Aug.
979 5382 1119 5438 Bene
1148 5380 1397 5452 intelligis
1423 5401 1435 5438 :
1458 5381 1550 5439 sed
1581 5395 1792 5453 quoquo
1821 5380 1979 5437 modo
2007 5396 2065 5436 se

488 5476 946 5533 habeatPersiana
974 5472 1396 5544 sententia,qnid
1413 5472 1478 5528 ad
1501 5473 1634 5529 nos?
1657 5470 1774 5527 Non
1802 5472 1939 5526 enim
1970 5472 2067 5525 ho-

487 5584 604 5624 rum
623 5566 921 5628 auctoritati
939 5564 1161 5636 subjecti
1182 5579 1364 5619 sumus
1384 5564 1435 5617 in
1458 5563 1648 5617 talibus
1668 5561 1846 5617 rebus.
1868 5561 2065 5618 Deinde

500 5661 544 5716 si
571 5676 674 5729 qua
699 5659 929 5730 cognitio
956 5655 1241 5725 cognitioni
1270 5653 1597 5727 praeferenda
1624 5654 1713 5725 sit,
1745 5668 1848 5709 non
1876 5651 1960 5707 hic
1986 5652 2063 5708 fa-

494 5753 594 5808 cile
636 5760 719 5806 est
759 5750 1040 5820 explicare.
1085 5747 1225 5804 Satis
1264 5745 1435 5801 habeo
1480 5744 1619 5816 quod
1657 5745 1899 5801 effectum
1944 5754 2061 5816 est,

491 5843 848 5913 cognitionem
876 5855 1049 5897 terum
1077 5856 1193 5912 quae
1222 5837 1603 5909 signiﬁcantur,
1627 5839 1727 5895 etsi
1756 5854 1860 5895 non
1883 5843 2064 5913 cegni-

1630 389 1714 446 DE
1753 383 2104 447 MAGiS’FﬂO
2163 382 2226 445 8.
2262 389 2625 455 AUGUSTINI

2854 322 2889 335 ..ι’

3604 398 3726 463 ιω

2185 509 2333 612 Ῡ⁰¹¹θ
2711 524 3060 597 ίβίεττιωιιι
3101 536 3267 607 ﬂani-
3292 553 3427 596 ἀθ
3462 553 3724 612 actm.

2182 603 2648 710 Quaem-tuna
2686 620 2854 690 magis
2887 603 3725 707 mutumst,un

2181 709 2253 794 sit
2268 715 2438 771 genus
2458 720 2635 763 mrum
2652 725 2785 779 quas
2800 713 2917 768 sine
2934 716 3105 785 signis
3116 723 3399 778 monstrari
3423 740 3581 794 posse
3594 727 3725 787 diea-

2181 790 2370 851 bamus
2390 811 2486 865 per
2502 800 2725 870 seipsas,
2751 804 2992 875 utJoqui,
3014 810 3306 879 ambulare,
3330 790 3722 886 οωὲτοδιοεω,

2179 892 2341 954 atque
2368 886 2667 956 huiusmodi
2693 903 2904 951 cattera.
2946 896 3048 953 Ad.
3084 898 3205 957 ιιι]
3226 904 3407 961 recolo
3428 908 3548 974 quid
3577 908 3721 969 dicat.

2178 974 2405 1037 CAPUT
2442 978 2702 1041 Χς--Αιι
2740 987 2971 1055 quadam
3005 989 3174 1051 “mi
3212 994 3322 1049 sine
3356 996 3509 1066 ἀρά
3543 1013 3719 1069 Μ

2477 1072 2581 1131 Rea
2608 1092 2710 1131 non
2732 1077 2994 1134 discuntur
3022 1099 3111 1151 per
3141 1084 3259 1152 ipsa
3278 1086 3445 1141 Iuba.

2248 1160 2335 1217 29.
2366 1163 2499 1235 Aug.
2529 1164 2790 1225 Omniane
2833 1170 2929 1227 tibi
2972 1173 3236 1243 videntur,
3283 1192 3404 1247 qua)
3446 1181 3715 1255 interrogati

2176 1265 2300 1306 mox
2325 1268 2484 1324 agere
2512 1272 2813 1327 possumus,
2843 1262 2961 1319 sine
2986 1263 3137 1334 signo
3156 1281 3313 1336 posse
3332 1275 3603 1329 monstrari
3621 1275 3642 1328 3
3660 1292 3717 1334 aa

2175 1342 2373 1413 aliquid
2399 1348 2642 1416 excipis?
2670 1349 2770 1405 Ad.
2810 1353 2922 1422 Ego
2948 1369 3075 1413 vero
3101 1359 3265 1413 etiam
3291 1368 3448 1429 atque
3474 1363 3619 1419 etiam
3643 1382 3718 1436 ge-

2174 1450 2275 1493 nus
2306 1437 2407 1494 hoc
2436 1447 2603 1499 totum
2628 1444 2993 1511 considerans.
3015 1449 3149 1505 nihil
3172 1450 3351 1509 adhuc
3378 1454 3581 1511 invenio
3596 1460 3716 1527 (μω

2170 1530 2287 1586 sine
2314 1533 2467 1603 signo
2498 1535 2671 1592 valeat
2692 1537 2873 1597 doceri
2892 1579 2908 1604 ,
2938 1541 3039 1595 nisi
3071 1540 3208 1599 torte
3242 1545 3582 1614 locutionem,
3609 1560 3657 1607 et
3676 1554 3714 1607 si

2171 1620 2307 1677 forte
2329 1623 2557 1693 idipsum
2579 1628 2838 1698 quispiam
2863 1641 3085 1699 quierat,
3107 1634 3234 1703 quid
3256 1637 3326 1693 sit
3347 1637 3551 1695 dooere.
3576 1640 3714 1698 Video

2171 1712 2313 1768 enim
2341 1730 2485 1780 eum,
2507 1717 2760 1788 quidquid
2787 1722 3047 1792 post-ejus
3080 1724 3540 1797 interrogationem
3567 1730 3713 1793 leuet-0

2171 1812 2228 1859 ut
2254 1804 2441 1870 discat,
2460 1808 2529 1863 ab
2547 1823 2611 1864 ea
2632 1810 2743 1880 ipsa
2769 1826 2829 1868 re
2856 1828 2961 1870 non
2989 1814 3199 1872 discere
3219 1834 3376 1889 quam
3405 1821 3502 1877 sibi
3529 1823 3715 1881 demon-

2170 1895 2328 1949 strari
2367 1899 2549 1966 cupit:
2576 1916 2697 1957 nam
2740 1903 2786 1958 si
2833 1919 2921 1961 me
2959 1916 3256 1963 cessantem
3277 1950 3292 1976 ,
3321 1919 3377 1965 ut
3402 1912 3595 1971 dictum
3617 1924 3713 1983 est,

2169 1984 2251 2045 vel
2280 1984 2421 2041 aliud
2447 1999 2693 2058 agentem
2737 2002 2888 2062 roget
2924 1996 3182 2065 quispiam
3207 2000 3334 2069 quid
3361 2001 3431 2056 sit
3451 2004 3711 2071 ambulare,

2168 2084 2222 2130 et
2241 2091 2341 2146 ego
2366 2080 2544 2135 statim
2567 2082 2910 2150 ambulando,
2935 2099 3057 2143 eum
3077 2088 3216 2158 quod
3238 2092 3437 2160 rogavit
3458 2093 3572 2149 sine
3590 2094 3714 2164 signo

2167 2180 2331 2222 coner
2369 2167 2600 2238 docere;
2633 2172 2775 2227 unde
2801 2174 3002 2232 cavebo
3040 2191 3111 2233 ne
3138 2178 3190 2232 id
3216 2188 3415 2237 tantum
3451 2191 3714 2251 putetesse

2167 2257 2463 2326 ambulare,
2490 2272 2745 2333 quantum
2772 2280 2875 2336 ego
2895 2268 3236 2325 ambulavero
3251 2271 3275 2324 ?
3293 2272 3429 2341 quod
3451 2273 3494 2329 si
3522 2282 3711 2343 putave-

2166 2348 2269 2413 rit,
2312 2349 2644 2423 deciplctur:
2673 2357 2913 2427 quisquis
2958 2359 3098 2415 enim
3146 2362 3264 2431 plus
3292 2362 3536 2445 ‘minusve
3576 2380 3710 2436 quam

2166 2459 2266 2516 ego
2295 2447 2679 2513 ambulaverit,
2711 2446 2850 2505 hunc
2888 2449 2978 2505 ille
3013 2450 3313 2509 ambulasse
3340 2468 3441 2509 non
3462 2454 3710 2515 arbitrabia

2168 2546 2275 2593 tur.
2308 2538 2376 2594 Et
2398 2539 2540 2608 quod
2571 2540 2640 2603 de
2668 2539 2769 2597 hoc
2800 2556 2906 2597 uno
2931 2542 3091 2612 verbo
3117 2543 3253 2608 dixi,
3284 2546 3458 2603 transit
3480 2546 3528 2603 in
3547 2549 3704 2611 omnia

2166 2643 2283 2700 quae
2309 2630 2425 2684 sine
2450 2631 2600 2703 signo
2606 2631 2912 2709 gnonstrari
2945 2647 3101 2703 posse
3126 2650 3504 2707 consenserant,
3532 2647 3701 2709 prater

2165 2722 2273 2780 duo
2305 2724 2391 2778 illa
2420 2740 2537 2794 qua:
2564 2724 2894 2794 excepimus.

2237 2814 2324 2869 50.
2362 2814 2495 2886 Aug.
2535 2815 2754 2886 Accipio
2777 2814 2990 2885 quidem
3020 2816 3157 2873 istud
3189 2836 3203 2873 :
3230 2817 3325 2875 sed
3349 2833 3510 2879 nonne
3534 2820 3617 2877 tibi
3636 2820 3698 2877 Vi-

2165 2906 2320 2963 detur
2338 2907 2480 2963 aliud
2500 2923 2619 2963 esse
2642 2908 2810 2978 loqui,
2827 2909 2968 2963 aliud
2986 2909 3211 2969 docere?
3232 2910 3331 2965 Ad.
3352 2912 3555 2968 Videtur
3572 2927 3702 2968 sane:

2164 3015 2286 3054 nam
2313 3000 2359 3053 si
2379 3009 2520 3057 esset
2544 3000 2708 3067 idem,
2731 3016 2834 3055 non
2854 3000 3070 3058 doceret
3089 3006 3362 3075 quisquam
3382 3006 3475 3061 nisi
3496 3006 3705 3076 loquens;

2165 3105 2288 3147 cum
2314 3106 2441 3146 vero
2465 3100 2520 3147 et
2543 3092 2665 3147 aliis
2695 3089 2883 3161 signis,
2916 3104 3108 3163 praeter
3135 3096 3293 3151 verba
3314 3138 3327 3159 ,
3363 3097 3517 3155 multa
3547 3097 3708 3153 docet-

2165 3198 2304 3246 mus.
2335 3184 2455 3254 quis
2474 3184 2541 3238 de
2567 3184 2664 3238 ista
2692 3183 2991 3253 diderentia
3017 3186 3377 3245 dubitaverit?
3402 3192 3528 3261 Aug.
3561 3190 3707 3259 Quid?

2164 3271 2357 3329 docere
2381 3281 2434 3327 et
2461 3273 2783 3344 signiﬁcare,
2822 3275 3022 3333 nihilne
3054 3277 3310 3337 interest?
3334 3294 3398 3333 an
3426 3281 3606 3351 aliquid
3624 3277 3706 3335 dit-

2164 3363 2378 3419 t‘ernnt?
2406 3365 2503 3418 Ad.
2535 3364 2677 3421 Idem
2715 3375 2844 3438 puto
2882 3383 3021 3425 esse.
3054 3370 3185 3440 Aug.
3209 3370 3391 3427 Nonne
3413 3382 3548 3429 recte
3570 3372 3704 3439 dicit,

2166 3456 2254 3528 qui
2287 3456 2412 3511 dicit
2442 3456 2560 3513 ideo
2587 3472 2685 3513 nos
2710 3459 3011 3529 signiﬁcare
3031 3469 3087 3514 ut
3113 3460 3431 3519 doceamus?
3453 3463 3545 3518 Ad.
3570 3464 3708 3521 Recte

2166 3562 2402 3618 prorsus.
2435 3546 2566 3619 Aug.
2597 3548 2753 3616 Quid,
2795 3549 2836 3605 si
2880 3549 3021 3607 dicat
3045 3552 3177 3606 alius
3208 3552 3328 3608 ideo
3357 3568 3450 3609 nos
3467 3553 3639 3610 docere
3664 3562 3709 3608 ut

2166 3637 2562 3708 signiﬁcemus?
2593 3654 2769 3695 nonne
2807 3639 2959 3697 facile
2989 3643 3261 3711 superiore
3290 3644 3534 3705 sententia
3575 3645 3707 3700 refel-

2169 3729 2348 3785 letur?
2376 3729 2473 3785 Ad.
2512 3730 2586 3786 lta
2628 3741 2727 3787 est.
2766 3732 2901 3809 Aug.
2941 3734 2997 3791 Si
3025 3750 3151 3805 ergo
3186 3736 3529 3813 signiﬁcamus
3553 3747 3601 3793 ut
3624 3738 3707 3794 do-

2168 3836 2400 3885 ceamus,
2435 3838 2538 3878 non
2570 3823 2820 3880 docemus
2847 3834 2907 3881 ut
2934 3828 3324 3899 signiﬁcemus;
3364 3831 3500 3891 aliud
3527 3840 3597 3889 est
3624 3830 3706 3889 do-

2168 3928 2311 3979 cere,
2341 3914 2479 3968 aliud
2524 3915 2837 3986 signiﬁcare.
2885 3918 2985 3975 Ad.
3030 3919 3222 3979 Verum
3265 3921 3427 3989 dicis,
3466 3939 3552 3981 nec
3584 3931 3702 3981 recte

2168 4003 2308 4059 idem
2338 4019 2457 4060 esse
2484 4014 2762 4076 utrumque
2788 4008 3052 4077 respondi.
3073 4010 3202 4082 Aug.
3220 4012 3367 4071 Nunc
3388 4012 3500 4073 illud
3516 4027 3701 4083 respon-

2170 4092 2235 4149 de
2263 4137 2276 4160 ,
2312 4105 2487 4149 utrum
2519 4098 2606 4166 qui
2637 4097 2792 4151 docet
2821 4099 2943 4168 quid
2977 4101 3043 4153 sit
3071 4101 3284 4168 docere,
3317 4102 3617 4175 signiﬁcando
3652 4102 3696 4159 id

2170 4192 2308 4255 agat,
2329 4200 2395 4238 an
2438 4187 2607 4240 aliter.
2640 4186 2738 4240 Ad.
2768 4187 2880 4241 Non
2912 4189 3063 4243 video
3089 4193 3357 4261 quomodo
3381 4195 3517 4248 aliter
3543 4193 3700 4263 possit.

2171 4274 2303 4347 Aug.
2328 4276 2542 4331 Falsum
2570 4288 2649 4334 est
2673 4278 2826 4348 igitur
2845 4280 2984 4351 quod
3011 4283 3167 4351 paulo
3190 4292 3315 4339 ante
3343 4282 3524 4349 dixisti,
3548 4281 3707 4337 doceri

2171 4380 2281 4421 rem
2327 4383 2482 4439 posse
2529 4369 2641 4423 sine
2681 4369 2865 4441 signis,
2897 4385 3017 4425 cum
3048 4374 3304 4444 quaeritur
3331 4368 3447 4448 quid
3472 4375 3534 4429 sit
3558 4376 3707 4445 ipsum

2170 4455 2393 4523 ducere;
2423 4458 2632 4529 quando
2678 4475 2743 4514 ne
2783 4456 2881 4515 hoc
2920 4460 3132 4531 quidem
3165 4464 3405 4523 videmus
3431 4469 3533 4523 sine
3560 4464 3707 4537 signi-

2172 4546 2414 4603 ﬁcatione
2444 4550 2522 4619 agi
2550 4565 2723 4620 posse,
2754 4566 2873 4605 cum
2905 4551 3047 4607 aliud
3090 4569 3210 4615 esse
3256 4555 3557 4628 signiﬁcare,
3584 4553 3706 4609 aliud

2168 4640 2360 4698 docere
2384 4644 2727 4698 concesseris.
2761 4641 2813 4699 Si
2844 4645 2983 4699 enim
3010 4645 3218 4702 diversa
3247 4657 3389 4713 sunt,
3416 4648 3540 4704 sicut
3564 4662 3706 4719 appa-

2170 4744 2283 4800 ret,
2315 4751 2485 4807 neque
2515 4736 2613 4790 hoc
2644 4736 2740 4791 nisi
2774 4752 2866 4806 per
2905 4736 3033 4792 illud
3060 4738 3354 4796 ostenditur
3374 4780 3389 4808 ,
3427 4756 3525 4795 non
3552 4755 3637 4814 per
3660 4753 3708 4794 se

2169 4828 2350 4898 utique
2387 4828 2700 4893 ostenditur,
2716 4830 2852 4884 sicut
2893 4830 2981 4885 tibi
3014 4832 3182 4891 visum
3227 4842 3357 4891 erat.
3388 4833 3706 4901 Quamobrem

2171 4917 2486 4977 nihiladbuc
2504 4922 2772 4979 inventum
2792 4931 2892 4989 est,
2910 4922 3047 4995 quod
3080 4926 3358 4981 monstrari
3390 4943 3479 4997 per
3504 4925 3704 4998 seipsum

2169 5024 2326 5088 queat
2345 5024 2538 5087 praeter
2558 5016 2898 5089 locutionem,
2923 5032 3039 5087 qua!
3066 5017 3204 5073 inter
3228 5018 3327 5075 alia
3356 5012 3412 5073 se
3436 5032 3626 5090 quoque
3649 5015 3708 5081 si-

2169 5104 2383 5176 gniﬁcat
2434 5124 2447 5159 :
2491 5121 2607 5175 quae
2647 5114 2820 5160 tamen
2861 5120 2982 5160 cum
3024 5106 3179 5162 etiam
3232 5107 3342 5178 ipsa
3382 5108 3575 5179 signum
3622 5106 3707 5168 sit,

2171 5196 2403 5252 nondum
2432 5212 2646 5266 prorsus
2671 5206 2850 5251 exstat
2882 5196 3019 5268 quod
3054 5197 3169 5253 sine
3196 5200 3359 5270 signis
3384 5199 3554 5257 doceri
3580 5212 3714 5270 posse

2169 5287 2425 5344 videatur.
2455 5287 2551 5341 Ad.
2584 5286 2722 5342 Nlltil
2750 5288 2917 5344 habeo
2941 5305 3036 5344 cur
3064 5307 3170 5346 non
3198 5294 3469 5348 assentiar.

2242 5382 2329 5437 3|.
2363 5380 2493 5451 Aug.
2524 5380 2834 5434 Confectum
2874 5389 2956 5435 est
2994 5378 3150 5452 igitur
3187 5393 3240 5438 et
3284 5383 3408 5443 nihil
3442 5384 3550 5445 sine
3572 5380 3716 5451 signis

2171 5472 2369 5536 doceri,
2401 5482 2454 5528 et
2483 5471 2834 5544 cognitionem
2866 5473 3031 5545 ipsam
3060 5475 3221 5549 signis
3249 5476 3434 5545 quibus
3461 5473 3716 5559 cognitissi-

2172 5581 2312 5631 mus,
2341 5563 2637 5620 cbariorem
2679 5564 2830 5620 nobis
2869 5581 2984 5620 esse
3019 5576 3267 5639 Oportere
3312 5585 3325 5621 ε
3366 5554 3717 5639 (1υήιὴέίεήοη

2172 5660 2345 5715 omnia
2377 5674 2493 5729 quae
2537 5656 2897 5726 signiﬁcantur
2940 5658 3138 5727 possint
3178 5658 3340 5730 signis
3366 5658 3471 5712 suis
3494 5671 3607 5715 esse
3631 5668 3717 5731 ρο·

2138 5738 2325 5805 ’ῑὶοιστμ
2363 5749 2459 5805 Ad.
2501 5749 2574 5803 Ita
2619 5746 2842 5802 videtur.
2888 5750 3011 5820 Aug.
3048 5750 3255 5816 Quanto
3292 5749 3491 5802 tandem
3518 5742 3715 5806 circvitu

2175 5859 2259 5901 res
2292 5842 2488 5898 tantilla
2521 5851 2729 5913 peracta
2759 5839 2845 5909 sit,
2880 5840 3251 5908 meministine,
3278 5837 3487 5911 qumso?
3509 5836 3629 5892 Nam
3658 5846 3711 5890 ex
