3824 6296
1559 304 1568 312 ι
1645 295 1686 310 .1

99 395 222 478 teis
613 487 618 496 ι
903 473 907 477 .

97 549 187 610 quo
211 530 341 588 inter
366 541 466 588 nos
493 524 650 582 verba
674 523 986 596 iaculamur,
1013 520 1155 594 quod
1175 529 1280 578 tam
1301 517 1391 576 diu
1411 515 1650 579 iecimus,

98 604 197 686 hac
221 623 315 680 tria
353 629 412 676 ut
435 618 800 674 invenirentur
829 614 1123 672 laboratum
1155 621 1237 668 est
1265 627 1278 663 :
1311 619 1488 664 utrum
1522 604 1653 660 nihil

96 723 195 780 sine
217 715 373 787 signis
397 713 568 785 possit
592 711 803 777 doceri;
826 719 879 766 et
901 717 1072 762 utrum
1104 705 1211 762 sint
1238 702 1478 779 quaedam
1505 702 1652 772 signa

94 815 234 873 rebus
257 826 384 882 quas
412 807 715 880 signiﬁcant
757 802 1126 876 prtefereuda;
1167 810 1221 858 et
1259 808 1434 854 utrum
1461 795 1653 854 melior

95 921 228 980 quam
243 904 393 974 signa
421 901 492 956 sit
517 914 696 956 rerum
723 899 833 968 ipsa
862 895 1113 966 cognitio.
1144 892 1251 950 Sed
1277 898 1522 963 quartum
1545 896 1647 958 est,

95 999 212 1074 quod
253 993 482 1054 breviter
518 993 615 1048 abs
646 1002 696 1046 te
726 983 918 1046 vellem
947 1001 1271 1060 cognoscere
1291 1027 1307 1052 ,
1346 993 1646 1040 utrumnam

94 1097 175 1150 ista
213 1090 417 1146 inventa
457 1086 537 1140 sic
576 1091 761 1155 putes,
805 1092 861 1136 ut
881 1081 992 1151 jam
1024 1077 1092 1134 de
1137 1079 1218 1134 his
1251 1077 1492 1134 dubitare
1539 1089 1646 1130 non

94 1183 256 1258 possis.
291 1178 390 1234 Ad.
435 1177 640 1234 Vellera
678 1173 892 1246 quidem
931 1175 1093 1228 tantis
1141 1168 1449 1240 ambagibus
1490 1176 1648 1238 atque

95 1273 378 1332 anfractibus
406 1278 554 1326 esset
579 1267 644 1324 ad
671 1275 814 1322 certa
847 1273 1193 1337 perventum;
1225 1261 1318 1316 sed
1349 1269 1401 1315 et
1430 1259 1527 1315 ista
1554 1272 1644 1314 ro-

95 1368 212 1440 gatio
236 1375 314 1418 tua
345 1361 530 1416 nescio
559 1357 823 1430 quomodo
853 1372 939 1412 me
979 1355 1249 1419 sollicitat,
1281 1362 1334 1408 et
1360 1351 1427 1406 ab
1455 1365 1642 1406 assen-

94 1459 214 1514 sione
237 1454 482 1509 deterret.
530 1449 742 1506 Videris
789 1448 930 1502 enim
977 1447 1106 1501 mihi
1155 1461 1260 1500 non
1301 1443 1416 1498 haec
1449 1441 1515 1498 de
1557 1456 1642 1496 me

92 1549 226 1604 fuisse
247 1544 588 1616 quaesiturus,
619 1542 719 1596 nisi
748 1540 974 1596 haberes
1012 1536 1155 1612 quod
1198 1535 1592 1592 contradiceres
1623 1551 1637 1588 :

95 1650 136 1698 et
153 1639 248 1711 ipsa
273 1651 448 1692 rerum
484 1634 774 1704 implicatio
801 1640 965 1686 totum
993 1646 1079 1686 me
1102 1627 1384 1698 inSpicere,
1407 1642 1468 1682 ac
1491 1641 1638 1681 secu-

94 1746 184 1786 rum
203 1727 519 1800 respondere
545 1740 652 1780 non
677 1724 836 1788 sinit,
867 1733 1140 1777 verentem
1164 1735 1230 1776 ne
1252 1718 1375 1792 quid
1404 1719 1457 1773 in
1484 1719 1641 1773 tantis

93 1819 334 1880 involucris
385 1818 588 1886 lateat,
639 1817 782 1888 quod
825 1815 966 1870 acies
1011 1814 1202 1868 mentis
1239 1828 1371 1867 meae
1413 1813 1640 1866 lustrare

94 1930 174 1970 non
198 1911 366 1984 possit.
410 1910 548 1982 Aug.
582 1908 970 1964 Dnbitationem
1003 1916 1144 1961 tuam
1176 1920 1278 1960 non
1310 1905 1504 1958 invitus
1547 1919 1638 1959 ac-

98 2009 232 2080 cipio;
267 2006 531 2078 signiﬁcat
568 2005 709 2060 enim
739 2003 972 2058 animum
1003 2001 1218 2056 minimc
1249 1998 1585 2056 temerarium
1622 2015 1636 2052 :

94 2115 183 2170 qua:
203 2097 426 2152 custodia
463 2095 859 2166 tranquillitatis
885 2100 968 2148 est
997 2091 1242 2145 maxima.
1277 2087 1407 2143 Nam
1424 2086 1634 2142 difﬁcil-

93 2191 241 2247 limum
264 2190 485 2244 omnino
511 2197 593 2244 est
618 2204 722 2242 non
750 2185 1070 2258 perturbari,
1093 2199 1212 2238 cum
1240 2198 1302 2237 ea
1321 2199 1440 2252 qure
1471 2196 1635 2254 prona

94 2295 134 2340 et
150 2283 366 2354 procliva,
381 2279 773 2350 approbatione
808 2277 1118 2332 tenebamus
1147 2274 1428 2330 contrariis
1449 2272 1527 2328 dis
1535 2287 1633 2341 pu-

95 2375 326 2432 tatiunibus
349 2375 764 2442 labefactentur,
793 2380 848 2426 et
880 2369 1030 2442 quasi
1061 2377 1440 2438 extorquentur
1463 2383 1490 2422 e
1517 2382 1632 2421 ma-

92 2471 228 2526 nibus.
249 2469 444 2538 Quare,
466 2475 524 2524 ut
541 2482 750 2537 aequum
776 2473 859 2522 est
883 2463 1018 2521 bene
1043 2459 1390 2518 consideratis
1410 2475 1631 2531 perspe-

93 2567 254 2637 ctisque
287 2563 586 2620 rationibus
621 2560 832 2623 cedere,
877 2558 950 2612 ita
991 2555 1255 2624 incognita
1282 2570 1377 2626 pro
1407 2553 1632 2624 cognitis

91 2657 247 2714 habere
288 2654 672 2726 periculosum.
719 2651 889 2706 Metus
928 2657 1012 2704 est
1058 2649 1202 2704 enim
1247 2661 1313 2702 ne
1340 2660 1459 2700 cum
1489 2659 1632 2716 SLPpe

86 2751 362 2807 snbruuntur
386 2763 516 2819 quae
563 2745 866 2804 ﬁrmissime
904 2751 1105 2798 statura
1129 2749 1181 2794 et
1213 2753 1462 2792 mansura
1493 2753 1628 2806 pra:-

89 2845 317 2910 Sumimus,
341 2844 392 2900 in
425 2849 629 2897 tantum
659 2839 836 2894 odium
865 2837 946 2892 vel
978 2835 1223 2892 timorem
1249 2831 1468 2886 rationis
1495 2830 1627 2884 inci-

86 2934 254 3001 damus,
296 2943 352 2992 ut
395 2950 472 2988 ne
518 2931 616 3004 ipsi
665 2929 876 3002 quidem
921 2926 1214 2998 perspicuae
1250 2923 1458 2978 veritati
1501 2922 1630 2978 ﬁdes

87 3026 282 3082 habenda
307 3026 568 3082 videatur.

137 3117 208 3170 52.
245 3117 366 3174 ὃθάι
388 3132 514 3186 age,
567 3129 711 3171 nunc
746 3111 1042 3182 expeditius
1071 3116 1420 3166 retractemus
1451 3115 1627 3164 utrum

88 3216 198 3262 recte
215 3208 300 3266 ista
325 3205 622 3262 dubitanda
653 3203 938 3274 putaveris.
977 3199 1107 3258 Nam
1134 3216 1313 3271 quer
1338 3198 1435 3252 abs
1465 3208 1540 3261 te,
1583 3197 1627 3254 si

89 3300 310 3370 quisiuam
348 3300 572 3370 ignarus
595 3291 925 3366 deceptionis
950 3295 1145 3357 avium,
1177 3306 1292 3362 qua:
1330 3290 1547 3345 calamis
1575 3298 1629 3344 et

94 3389 203 3442 visco
223 3389 530 3455 aﬁ’ectatur,
561 3389 770 3443 obviam
803 3387 954 3442 ﬁeret
981 3384 1190 3454 aucupi,
1223 3383 1384 3436 armis
1413 3381 1626 3451 quidem

95 3481 179 3535 suis
199 3481 462 3548 instructo,
491 3495 595 3538 non
625 3489 801 3534 tamen
823 3476 1126 3546 aucupanti,
1149 3474 1240 3530 sed
1283 3475 1382 3528 iter
1411 3473 1584 3542 agenti
1609 3515 1622 3538 ,

89 3585 170 3640 quo
187 3573 278 3628 viso
304 3581 576 3644 premeret
592 3571 833 3642 gradum,
853 3583 1158 3636 secumque,
1183 3576 1240 3620 ut
1262 3568 1336 3628 ﬁt.
1357 3565 1627 3620 admirans

89 3664 294 3732 cogitaret
318 3677 372 3722 et
402 3671 667 3736 qutcreret
692 3661 941 3732 quidnam
970 3659 1072 3712 sibi
1104 3657 1334 3716 hominis
1357 3657 1444 3710 ille
1466 3654 1627 3710 vellet

87 3765 292 3820 ornatus;
331 3770 536 3824 auceps
573 3762 747 3808 autem
773 3767 893 3806 cum
918 3751 968 3804 in
997 3765 1056 3806 se
1084 3748 1288 3802 videret
1326 3754 1582 3802 attentum
1607 3786 1622 3810 ,

85 3847 330 3902 osculandi
363 3861 427 3902 se
448 3843 622 3902 studio
647 3856 844 3898 cannas
872 3839 1164 3910 expediret,
1192 3846 1242 3892 et
1272 3851 1434 3906 prope
1457 3835 1627 3888 anim-

83 3935 317 3991 adversum
347 3935 584 4006 aliquam
613 3931 873 3987 aviculam
915 3929 1083 3983 iistnla
1122 3937 1175 3983 et
1219 3928 1468 3996 accipitre
1497 3925 1624 3994 lige-

81 4033 161 4092 ret,
187 4027 450 4102 subigeret
476 4027 490 4056 ¹
523 4035 576 4084 et
605 4033 856 4092 caperet;
887 4036 1065 4078 nonne
1097 4020 1239 4074 illum
1271 4027 1624 4087 spectatorem

81 4129 204 4174 suum
227 4120 442 4174 doceret
476 4117 624 4172 nullo
649 4114 962 4184 signiﬁcatu,
995 4112 1087 4168 sed
1126 4128 1184 4166 re
1213 4112 1345 4184 ipsa,
1371 4109 1514 4180 quod
1541 4109 1627 4164 ille

80 4208 188 4264 scire
209 4209 488 4280 cupiebat?
527 4207 627 4261 Ad.
657 4205 833 4262 Metuo
862 4221 930 4262 ne
953 4204 1078 4274 quid
1111 4203 1194 4258 hic
1220 4203 1321 4258 tale
1343 4201 1440 4266 sit,
1471 4201 1627 4270 quale

79 4297 131 4352 dc
149 4299 229 4354 illo
252 4301 379 4368 dixi,
395 4299 484 4372 qui
504 4295 834 4370 qua-ritquid
864 4297 933 4350 sit
955 4294 1248 4348 ambulare.
1273 4290 1456 4364 Neque
1483 4291 1625 4346 enim

79 4389 224 4460 video,
243 4403 296 4448 et
327 4391 416 4446 hic
447 4400 615 4446 totum
645 4388 772 4444 illud
798 4386 1078 4456 aucupium
1104 4399 1222 4441 esse
1252 4392 1621 4442 monstratum.

80 4483 184 4558 Aug.
220 4485 394 4544 Facile
427 4497 510 4542 est
550 4483 650 4540 hac
687 4497 810 4537 cura
850 4490 1144 4543 teexuerc;
1193 4477 1330 4534 addo
1373 4478 1536 4543 enim,
1583 4478 1626 4531 si

81 4573 226 4631 illeita
249 4578 548 4648 intelligens
577 4581 746 4638 esset,
777 4580 834 4627 ut
872 4586 939 4626 ex
961 4571 1061 4625 hoc
1088 4565 1229 4640 quod
1267 4567 1416 4633 vidit,
1459 4576 1625 4626 totum

81 4663 183 4721 illud
201 4684 356 4738 genus
371 4669 503 4724 artis
519 4673 833 4736 agnosceret
856 4682 869 4718 :
892 4663 1022 4716 satis
1045 4669 1124 4718 est
1147 4676 1372 4732 namque
1397 4659 1463 4716 ad
1493 4675 1624 4728 rem,

78 4765 122 4810 et
157 4758 217 4815 de
263 4759 576 4832 quibusdam
629 4749 791 4812 rebus
837 4753 1043 4810 tametsi
1088 4767 1194 4810 non
1243 4750 1521 4816 omnibus,
1574 4758 1630 4805 et

79 4851 302 4917 quosdam
344 4853 586 4908 homines
621 4848 798 4904 doceri
847 4862 1002 4918 posse
1028 4847 1143 4901 sine
1170 4845 1340 4916 signo.
1379 4843 1478 4898 Ad.
1515 4841 1629 4900 Hoc

79 4941 212 4998 etiam
239 4960 330 5016 ego
355 4960 572 5016 possum
597 4941 671 4996 illi
703 4941 930 5005 addere;
964 4941 1009 4996 si
1035 4940 1176 4995 enim
1207 4939 1274 4994 sit
1308 4937 1443 4994 bene
1469 4937 1626 4992 intel-

81 5029 244 5101 ligens,
267 5037 440 5106 paucis
468 5033 710 5105 passibus
735 5031 1092 5087 ambulatione
1119 5037 1429 5094 monstrata,
1459 5037 1626 5086 totum

81 5123 185 5190 quid
205 5127 270 5180 sit
290 5127 562 5181 ambulare
587 5132 886 5195 cognoscet.
904 5122 1036 5194 Aug.
1052 5119 1236 5176 Facias
1257 5135 1352 5190 per
1374 5135 1456 5175 me
1483 5119 1626 5193 licet,

79 5227 162 5268 nec
188 5225 374 5273 tantum
403 5217 534 5272 nihil
579 5216 770 5271 resisto
789 5255 804 5284 ,
850 5229 1030 5268 verum
1061 5211 1220 5268 etiam
1259 5209 1409 5267 faveo
1439 5231 1452 5266 :
1481 5212 1630 5268 vides

79 5304 200 5360 enim
221 5308 284 5363 ab
310 5319 532 5378 utroque
561 5316 800 5362 nostrum
819 5305 869 5359 id
886 5303 1044 5369 efﬁci,
1064 5311 1122 5358 ut
1146 5299 1390 5373 quzedam
1415 5299 1628 5373 quidam

76 5391 233 5452 doceri
272 5401 383 5458 sine
422 5399 586 5471 signis
629 5407 845 5468 queant,
887 5395 1183 5468 falsumque
1221 5393 1346 5450 illttd
1388 5393 1456 5448 sit
1489 5393 1630 5464 quod

73 5486 209 5543 nobis
234 5493 385 5560 paulo
412 5503 534 5546 ante
561 5490 835 5546 videbatur
859 5530 874 5556 ,
923 5485 1053 5544 nihil
1098 5503 1216 5543 esse
1244 5487 1462 5544 omnino
1489 5487 1630 5560 quod

73 5591 174 5633 sute
197 5581 355 5656 signis
383 5584 550 5656 possit
574 5581 802 5638 ostendi.
827 5579 942 5636 Jam
971 5581 1109 5636 enim
1133 5596 1198 5634 ex
1227 5577 1310 5634 his
1335 5595 1437 5632 non
1465 5594 1628 5634 unum

75 5668 249 5742 aliquid
291 5687 381 5730 aut
413 5675 672 5742 alterum,
703 5669 795 5730 sed
835 5671 996 5730 millia
1028 5685 1204 5727 rerum
1239 5669 1418 5725 animo
1439 5685 1628 5724 occur-

74 5772 202 5834 runt,
244 5784 359 5839 qua:
409 5763 552 5824 nullo
595 5765 748 5839 signo
771 5765 896 5823 dato
921 5780 1016 5836 per
1043 5761 1216 5836 seipsa
1248 5768 1628 5817 monstrentur.

1489 397 1689 456 LIBER
1729 394 1931 457 UNUS.

3207 394 3347 454 1214

1761 509 1898 580 Quid
1919 510 2059 566 enim
2079 509 2400 578 dubitemus,
2429 527 2525 568 oro
2547 511 2637 570 te?
2663 509 2794 568 Nam
2817 519 2873 566 ut
2892 509 3167 566 hominum
3190 511 3344 567 omit.

1760 612 1868 658 tam
1900 603 2298 661 innumerabilia
2328 607 2630 678 spectacula
2652 605 2703 661 in
2727 605 2972 661 omnibus
2989 603 3209 662 theatris
3229 604 3346 661 sine

1759 695 1912 766 signo
1937 693 2065 768 ipsis
2089 695 2248 752 rebus
2272 695 2673 763 exhilicntium;
2711 697 2878 752 solem
2917 704 3061 750 certe
3087 697 3244 751 istum
3267 697 3347 751 lu-

1757 800 1981 857 cemque
2024 785 2139 843 hzec
2167 787 2344 844 omnia
2373 788 2776 859 perfnndentem
2813 795 2969 856 atque
2994 787 3340 855 vestientem,

1757 879 1938 935 lunam
1967 887 2020 935 et
2047 888 2238 935 caetera
2284 881 2476 948 sidera,
2524 890 2693 936 terras
2733 888 2785 936 et
2815 880 3001 944 maria,
3031 893 3255 958 qumque
3287 879 3342 935 in

1755 968 1840 1026 his
1864 971 2322 1028 innumerabiliter
2341 971 2646 1043 gignuntur,
2680 988 2855 1027 nonne
2875 989 2969 1042 per
2986 971 3162 1042 seipsa
3190 971 3342 1027 exhi-

1753 1065 1843 1121 bet
1873 1074 2031 1135 atque
2055 1063 2286 1120 ostendit
2318 1063 2455 1118 Deus
2481 1069 2536 1118 et
2561 1073 2750 1118 natura
2775 1063 3148 1120 cernentibus?

1825 1158 1912 1214 35.
1939 1155 2095 1226 Quod
2116 1156 2162 1212 si
2188 1155 2488 1228 diligentius
2509 1155 2926 1221 consideremus,
2951 1153 3178 1210 fortasse
3199 1153 3334 1211 nihil

1752 1250 2012 1319 invenies,
2049 1249 2190 1322 quod
2232 1265 2332 1324 per
2375 1264 2467 1304 sua
2511 1250 2658 1320 signa
2711 1247 2959 1304 discatur.
3011 1249 3142 1303 Cum
3192 1250 3336 1305 enim

1749 1345 1876 1400 mihi
1916 1344 2122 1418 signum
2154 1343 2329 1408 datur,
2371 1343 2414 1397 si
2457 1343 2782 1397 nescientem
2823 1354 2907 1396 me
2945 1343 3140 1396 invertit
3183 1344 3336 1413 cujus

1752 1436 1831 1490 rei
1861 1435 2067 1513 signum
2096 1435 2184 1501 sit,
2208 1434 2402 1490 docere
2427 1450 2512 1488 me
2543 1433 2672 1486 nihil
2702 1439 2872 1500 potest
2904 1450 2916 1487 :
2949 1434 2991 1486 si
3021 1448 3148 1488 vero
3165 1435 3336 1490 scicn-
3413 1445 3434 1465 '

1749 1537 1879 1596 tem,
1909 1529 2034 1600 quid
2066 1527 2214 1582 disco
2262 1543 2357 1597 per
2397 1526 2642 1598 signum?
2687 1523 2802 1580 Non
2855 1525 2992 1578 enim
3043 1525 3170 1580 mihi
3221 1543 3333 1583 rem

1747 1638 1907 1693 quam
1936 1621 2197 1692 signiﬁcat
2235 1619 2468 1676 ostendit
2497 1619 2717 1673 verbum
2750 1633 2870 1674 cum
2910 1617 3048 1688 lego,
3095 1615 3158 1671 Et
3191 1633 3334 1672 sara-

1746 1711 1895 1770 bnllte
1923 1715 1939 1745 ¹
1970 1729 2142 1770 eorum
2169 1729 2269 1768 non
2307 1723 2422 1766 sunt
2455 1712 2731 1764 immutata:
2758 1705 2917 1765 (Dan.
2952 1724 3026 1770 Ill,
3049 1707 3160 1780 94).
3205 1707 3333 1764 Nam

1743 1809 1790 1864 si
1815 1807 2055 1878 qumdam
2078 1808 2307 1878 capitum
2344 1803 2572 1875 tegmina
2597 1802 3082 1872 mincupanturhoe
3101 1803 3332 1869 nomine,

1743 1913 1868 1954 num
1927 1913 2027 1969 ego
2080 1895 2180 1952 hoc
2229 1895 2428 1964 audito,
2479 1905 2568 1949 aut
2613 1893 2736 1965 quid
2777 1893 2845 1948 sit
2877 1900 3056 1962 caput,
3093 1903 3182 1947 aut
3211 1893 3332 1963 quid

1742 1991 1849 2046 sint
1885 1991 2114 2061 tegmina
2156 1991 2349 2068 didici?
2381 2000 2501 2044 ante
2544 1991 2643 2044 ista
2687 2004 2968 2050 noveram;
3013 2003 3180 2056 neque
3211 2003 3334 2042 cum

1741 2083 2138 2152 appellarentur
2183 2082 2250 2136 ab
2302 2081 2440 2148 aliis,
2495 2077 2586 2135 sed
2618 2096 2740 2134 cum
2791 2095 2820 2133 a
2867 2095 2950 2134 me
3002 2078 3330 2145 viderentur,

1741 2187 1924 2228 eorum
1975 2184 2054 2229 est
2101 2173 2227 2228 mihi
2276 2169 2412 2227 facta
2457 2172 2662 2225 notitia.
2703 2167 2910 2225 Etenim
2950 2186 3067 2222 eum
3098 2169 3329 2240 primum

1741 2263 1855 2318 istae
1903 2264 2020 2318 dum
2064 2265 2303 2338 syllabae,
2333 2279 2451 2318 cum
2482 2261 2728 2328 dicimus,
2775 2263 2960 2330 Caput,
2997 2277 3150 2314 aures
3184 2277 3331 2316 meas

1738 2353 2082 2428 impulerunt,
2109 2366 2213 2410 tam
2244 2356 2440 2411 nescivi
2463 2352 2586 2426 quid
2615 2353 2993 2424 signiﬁcarent,
3021 2369 3176 2422 quant
3206 2367 3327 2407 cum

1739 2446 1911 2518 primo
1938 2445 2173 2502 audirem
2209 2447 2529 2518 lcgeremve,
2562 2441 2868 2498 saraballas.
2903 2442 3008 2497 Sed
3035 2457 3153 2496 cum
3185 2455 3330 2510 scepe

1736 2539 2024 2606 diceretur,
2051 2539 2238 2612 Caput,
2272 2551 2464 2595 notans
2493 2549 2652 2608 atque
2672 2536 3098 2589 animadverteris
3115 2533 3329 2604 quando

1736 2631 2022 2700 diceretur,
2056 2615 2230 2702 reperi
2259 2631 2570 2686 vocabulum
2613 2645 2732 2685 esse
2776 2627 2854 2682 rei
2902 2643 3020 2697 quae
3064 2623 3188 2679 mihi
3215 2627 3326 2696 jam

1737 2735 1852 2782 erat
1881 2725 2109 2780 videndo
2141 2724 2436 2778 notissima.
2469 2721 2618 2789 Quod
2649 2720 2952 2792 priusquam
2986 2717 3324 2790 reperissent,

1735 2825 1938 2872 tantum
1982 2817 2112 2872 milii
2157 2832 2321 2871 sonus
2363 2825 2476 2870 erat
2508 2813 2609 2869 hoc
2637 2815 2854 2868 verbum
2900 2829 2912 2864 :
2957 2813 3163 2884 signum
3197 2827 3324 2867 vero

1734 2925 1853 2965 esse
1880 2909 2060 2976 didici,
2107 2909 2320 2980 quando
2360 2908 2512 2977 cujus
2558 2908 2632 2962 rei
2674 2907 2881 2976 signum
2924 2915 3066 2960 esset
3105 2897 3321 2972 inveni;

1733 3017 1890 3070 quam
1923 3001 2158 3072 quidem,
2193 3011 2248 3056 ut
2282 3000 2415 3067 dixi,
2467 3015 2572 3054 non
2619 2997 2936 3068 signiﬁcatu,
2969 2995 3064 3052 sed
3107 3006 3323 3070 aspectu

1733 3091 2041 3147 didiceram.
2065 3093 2244 3162 Itaque
2266 3092 2432 3162 magis
2448 3090 2655 3162 signum
2675 3105 2732 3144 re
2749 3089 2978 3160 cognita,
2996 3105 3152 3160 quatn
3171 3087 3324 3158 signo

1732 3182 1856 3240 dato
1877 3185 1989 3256 ipsa
2015 3200 2099 3240 res
2126 3184 2364 3238 discitur.

1803 3275 1891 3330 54.
1925 3273 2075 3343 Quod
2103 3284 2157 3328 ut
2183 3275 2417 3343 apertius
2462 3271 2744 3344 intelligas,
2794 3269 2929 3342 ﬁnge
2970 3288 3065 3326 nos
3094 3271 3320 3342 primum

1732 3381 1874 3422 nunc
1901 3367 2084 3421 audire
2113 3364 2254 3440 quod
2282 3363 2491 3428 (lieilttr,
2524 3373 2713 3433 caput;
2746 3373 2800 3418 et
2820 3363 3116 3417 nescientes
3145 3374 3320 3418 utrum

1732 3473 1835 3512 vox
1873 3459 1971 3512 ista
2017 3459 2084 3512 sit
2134 3456 2495 3510 tantummodo
2535 3470 2762 3521 sonans,
2809 3471 2875 3508 an
2917 3451 3112 3524 aliquid
3159 3454 3320 3508 etiam

1731 3547 2054 3618 signiﬁcans,
2083 3563 2322 3616 qurerere
2343 3543 2466 3616 quid
2498 3545 2564 3600 sit
2591 3553 2746 3614 caput
2772 3541 3074 3616 (memento
3091 3561 3187 3598 nos
3215 3559 3319 3598 non

1731 3639 1810 3694 rei
1837 3655 1955 3710 qua:
1981 3636 2332 3710 signiﬁcatur,
2367 3637 2458 3692 sed
2492 3638 2652 3707 ipsius
2681 3637 2812 3706 signi
2836 3635 2969 3690 velle
2995 3631 3190 3690 habere
3222 3651 3320 3689 no-

1733 3733 1922 3798 titiam,
1946 3745 2047 3803 qua
2087 3747 2328 3786 caremus
2365 3729 2622 3800 proferto,
2657 3717 2904 3799 quamdiu
2931 3729 3082 3798 cujus
3109 3727 3318 3798 signum

1731 3833 1813 3879 est
1843 3821 2180 3895 ignoramus)
2217 3841 2228 3876 :
2259 3823 2301 3876 si
2329 3837 2456 3891 ergo
2487 3822 2553 3874 ita
2587 3820 2944 3892 qmcrentibus
2975 3836 3060 3874 res
3097 3820 3205 3889 ipsa
3239 3819 3319 3873 di-

1731 3914 1840 3984 gito
1869 3913 2298 3979 demonstretur,
2352 3909 2450 3966 liac
2497 3919 2780 3980 conspecta
2825 3910 3078 3965 discimus
3109 3911 3315 3980 signum

1731 4005 1872 4076 quod
1897 4005 2232 4059 audieramus
2255 4011 2478 4066 tantum,
2510 4002 2738 4054 nondum
2767 4015 3104 4054 noveramus.
3134 3999 3186 4053 lu
3210 4017 3316 4070 quo

1733 4107 1907 4152 tamen
1939 4095 2088 4166 signo
2113 4110 2231 4148 cum
2271 4093 2376 4146 duo
2404 4093 2530 4158 sint,
2565 4106 2725 4146 sonus
2753 4098 2807 4146 et
2833 4091 3144 4162 signiﬁcatio
3163 4133 3178 4158 ,
3223 4108 3314 4146 so-

1732 4203 1856 4242 num
1901 4193 2044 4240 certe
2085 4202 2188 4238 non
2231 4200 2324 4256 per
2365 4183 2571 4253 signum
2617 4181 2954 4251 percipimus,
2986 4177 3079 4236 sed
3110 4197 3174 4236 eo
3199 4184 3316 4251 ipso

1731 4297 1858 4336 aure
1891 4279 2124 4352 pulsata;
2155 4277 2587 4348 significationem
2625 4283 2804 4330 autem
2848 4289 2926 4337 re,
2958 4291 3074 4344 qua:
3110 4275 3313 4344 signiti-

1731 4381 1902 4442 catur,
1932 4377 2162 4442 aspecta.
2188 4367 2320 4423 Nam
2343 4367 2428 4420 illa
2447 4365 2670 4422 intentio
2687 4363 2835 4435 digiti
2861 4359 3158 4436 signiﬁcare
3184 4364 3313 4418 nihil

1731 4463 1871 4519 aliud
1906 4471 2109 4534 potest,
2145 4476 2304 4532 quam
2336 4459 2461 4514 illud
2495 4461 2544 4514 in
2575 4457 2714 4529 quod
2754 4456 3042 4512 intenditur
3071 4457 3264 4528 digitus
3299 4477 3310 4513 :

1731 4557 1968 4614 intentus
1995 4561 2077 4610 est
2105 4564 2281 4609 autem
2312 4569 2416 4607 non
2449 4553 2499 4606 in
2532 4551 2761 4624 signum,
2795 4549 2884 4606 sed
2927 4549 2978 4604 in
3017 4551 3314 4605 membrum

1732 4646 1870 4722 quod
1901 4654 2060 4720 caput
2086 4655 2320 4702 vocatur.
2354 4641 2532 4716 itaque
2552 4660 2650 4720 per
2669 4643 2812 4700 illam
2843 4660 3017 4716 neque
3043 4661 3158 4700 rem
3191 4661 3314 4716 pos-

1795 4819 1814 4853 ι
1850 4824 1900 4870 tn
1924 4817 2147 4870 editione
2169 4815 2279 4868 Bad.
2307 4823 2358 4867 et
2379 4818 2556 4868 nostris
2575 4821 2682 4866 Mss.
2706 4817 2785 4867 hic
2816 4823 2867 4866 et
2897 4815 3018 4866 intra
3041 4823 3317 4867 constanter

1729 4883 1960 4933 u-ibitnr
2001 4893 2094 4941 per
2136 4893 2162 4930 r
2200 4878 2482 4939 sarabara;
2513 4892 2612 4941 quo
2645 4886 2784 4941 ueto
2821 4881 2968 4928 etiam
2997 4879 3318 4932 Tertullianus

1731 4893 1960 4955 uenitur
2136 4893 2162 4930 r
2200 4893 2482 4952 curaeat-ag
2513 4893 2612 4988 quo
2645 4893 2784 4941 ueto
2821 4893 2968 4928 etiam
2997 4893 3312 4951 'rertutuanus

1731 4950 1922 5006 scripsit
1937 4957 1985 4996 in
2015 4945 2120 4992 thro
2134 4943 2197 4992 de
2221 4943 2382 5002 Pallio,
2401 4949 2453 4992 et
2470 4956 2518 4990 in
2555 4943 2658 4990 ibro
2678 4941 2750 5006 de
2761 4945 3312 5006 Resurrectioneczu‘nis.

1732 4999 1874 5055 Porro
1889 4999 2443 5066 autemtextusgrazctts,
2463 5011 2578 5052 Dan.
2597 5013 2700 5064 cap.
2719 5002 2768 5062 ‘5,
2793 5017 2840 5066 ν.
2865 4999 3102 5066 9ι,νιιει›ρι
3120 5005 3167 5052 in
3193 5015 3316 5066 unus

1733 5074 1809 5118 tuo
1837 5079 2048 5130 genere,
2073 5073 2123 5117 ta
2152 5064 2402 5130 scribam,
2421 5080 2572 5130 quem
2587 5065 2834 5130 scribendi
2850 5065 3044 5114 mixtum
3058 5075 3152 5130 non
3179 5065 3315 5130 pauci

1747 5123 2001 5190 sequuntur
2014 5123 2286 5190 {improbat
2309 5140 2426 5190 vero
2441 5123 2761 5190 Hieronymus
2779 5127 2825 5172 in
2845 5133 2954 5190 nan.
2970 5138 3073 5186 (ap.
3093 5123 3140 5182 5,
3163 5139 3206 5190 v_.
3234 5124 3284 5172 2|
3297 5160 3312 5184 ,

1731 5185 1943 5254 vultque,
1968 5185 2231 5253 legendum
2261 5185 2741 5254 sarabalia._Ad'h_at:c
2766 5193 2871 5235 Mss.
2904 5185 3232 5254 Pisca’nnensis
3265 5193 3316 5237 et

1731 5245 2047 5316 Iiehrielinui
2057 5263 2162 5313 pro.
2180 5249 2406 5314 quaedam
2419 5249 2648 5314 capillare,
2665 5247 2866 5316 habent,
2889 5245 3115 5316 quaedam
3135 5247 3316 5316 pectunt

1733 5313 1974 5384 (eam;
1998 5307 2410 5384 θιόοέιξέειξωθθ
2441 5307 2610 5384 vesica
2641 5307 3179 5384 PWiel'l‘!}l¥,‘P‘f,filf?d
3207 5307 3314 5384 sint

1733 5367 1894 5442 pé'des,
1911 5367 2026 5437 et'c.;
2039 5383 2147 5442 cum
2158 5371 2363 5442 dicimus
2372 5367 2533 5437 pedes,
2547 5367 2703 5442 aures,
2721 5377 2810 5442 etc.
2821 5383 2834 5429 ;
2845 5367 2989 5442 pedes
2999 5367 3181 5442 notiora,
3197 5376 3311 5440 etc;

1731 5431 1947 5502 denique
1965 5431 2198 5502 omittunt
2212 5467 2228 5496 ,
2251 5431 2462 5502 capitum
2480 5431 2584 5502 ,_eo
2605 5435 2698 5502 loci
2731 5433 2813 5482 ubi
2828 5431 3052 5502 legimus
3067 5464 3082 5489 ,
3101 5431 3315 5502 tegmina

2073 5493 2532 5566 cqpitirmfcontigit
2555 5497 2722 5566 isthtec
2742 5496 3044 5566 varietastex
3071 5496 3200 5566 varia
3209 5509 3311 5566 nvo-7

1733 5553 1888 5612 éahttli
1933 5559 2072 5612 istius
2117 5553 2518 5623 interpretatione
2539 5594 2562 5623 ,Α
2591 5555 3036 5623 quod_quil_iusdam
3065 5553 3314 5623 signiﬁcat

1732 5623 1944 5690 ιρςηέιιι
1973 5623 2202 5690 σφείων
2224 5615 2282 5672 Iit
2299 5623 2454 5690 [δίδη
2475 5615 2708 5690 “eius:
2727 5615 2816 5690 lii”.-
2837 5618 3038 5690 49’
3064 5615 3310 5690 33;.a‘iie»

1731 5678 1870 5753 μιῖςιξᾳ
1900 5699 1958 5738 ac
2536 5688 2591 5732 ut
2612 5681 2702 5753 ipsi
2727 5681 2902 5753 Isidoro
2921 5678 3103 5753 ibidem
3115 5678 3309 5753 placet:

1733 5741 1900 5814 pallia,
1919 5743 2116 5814 vatablo
2137 5745 2340 5814 aliisque
2359 5741 2608 5814 scrip-turre
2629 5741 3159 5814 interpretibussonat;
3191 5754 3314 5814 non-

1733 5802 2064 5868 hullls'etiam,
2083 5802 2402 5857 catcemiteuta
2417 5817 2435 5865 ;
2453 5802 2744 5866 Hieronymo
2757 5802 2958 5852 demum
2974 5804 3026 5852 in
3048 5802 3150 5854 loco
3167 5802 3316 5859 ciuto

1737 5875 1935 5922 braccas
1960 5882 2050 5920 seu
2077 5865 2276 5918 tibialia.

1769 5885 1935 5922 raccas
1960 5882 2050 5920 seu
2077 5875 2276 5918 ηοωαα.
