3822 6456
473 436 615 499 1215

470 574 589 617 sum
631 570 787 614 nosse
826 569 984 626 quam
1023 564 1308 614 noveram,
1364 561 1534 618 neque
1584 544 1790 614 signum
1830 541 1882 594 in
1912 535 2053 608 quod

471 652 706 708 intentus
734 649 928 721 digitus
958 662 1061 702 non
1091 654 1190 700 est.
1220 641 1324 699 Sed
1351 641 1417 696 de
1452 639 1746 694 intentione
1773 634 1917 705 digiti
1950 647 2054 686 non

472 743 633 799 nimis
661 758 822 807 curo;
850 741 971 811 quia
997 738 1163 809 ipsius
1199 731 1668 790 demonstrationis
1691 729 1899 799 signum
1925 724 2056 779 mihi

472 837 684 891 videtur
708 834 902 905 potius,
942 845 1100 902 quam
1130 842 1308 883 rerum
1349 825 1641 895 aliquarum
1672 835 1790 890 qua:
1829 816 2055 872 demon-

477 934 733 991 strantur,
761 924 898 978 sicut
915 919 1225 976 adverbium
1253 915 1415 988 quod,
1451 915 1610 980 Ecce,
1641 909 1900 974 dicimus;
1934 921 2056 962 nam

476 1027 532 1073 et
571 1032 690 1072 cum
730 1015 832 1071 hoc
857 1012 1113 1070 adverbio
1141 1011 1360 1082 digitum
1390 1008 1624 1062 solemus
1660 1001 1958 1065 intendere,
1992 1014 2060 1053 ne

479 1127 642 1166 unum
664 1105 1062 1164 demonstrandi
1089 1105 1297 1174 signum
1323 1116 1430 1156 non
1461 1099 1528 1154 sit
1551 1097 1699 1152 satis.
1730 1096 1797 1150 Et
1817 1093 1868 1148 id
1894 1091 2061 1147 maxi-

477 1218 564 1257 me
593 1201 684 1256 tibi
713 1201 852 1254 nitor
880 1196 1218 1268 persuadere,
1251 1195 1294 1248 si
1320 1202 1526 1262 potero,
1561 1204 1652 1259 per
1679 1203 1739 1241 ea
1768 1187 1916 1257 signa
1942 1199 2061 1255 quae

477 1294 640 1349 verba
668 1292 1022 1363 appellantur,
1054 1302 1154 1342 nos
1183 1285 1315 1340 nihil
1340 1284 1576 1346 discere;
1605 1281 1783 1350 potius
1813 1278 1976 1343 enim,
2005 1285 2064 1331 ut

478 1387 610 1454 dixi,
637 1386 740 1440 vim
769 1384 937 1450 verbi,
983 1382 1034 1435 id
1077 1388 1157 1434 est
1202 1375 1640 1447 signiﬁcationem
1681 1386 1798 1440 qum
1836 1371 1966 1424 latet
2010 1367 2061 1422 in

479 1495 629 1543 sono,
657 1495 715 1534 re
735 1480 848 1548 ipsa
874 1491 992 1546 quae
1017 1472 1342 1544 signiﬁcatur
1361 1469 1588 1538 cognita,
1611 1465 1886 1530 discimus,
1903 1476 2063 1533 quam

477 1573 622 1629 illam
651 1571 740 1624 tali
762 1566 1145 1639 signiﬁcatione
1177 1561 1513 1632 percipimus.

553 1665 640 1719 55.
683 1663 752 1715 Et
792 1657 930 1729 quod
957 1656 1064 1712 dixi
1095 1655 1162 1709 de
1188 1653 1380 1723 capite,
1408 1652 1511 1706 hoc
1535 1649 1696 1705 etiam
1722 1648 1788 1702 de
1818 1646 2066 1717 tegmini-

480 1757 602 1821 bus,
632 1754 801 1823 deque
831 1751 948 1805 aliis
972 1749 1130 1804 rebus
1151 1742 1624 1800 innumerabilibus
1645 1741 1868 1794 dixerim
1898 1755 1910 1790 :
1935 1751 2068 1807 quas

483 1855 661 1900 tamen
684 1858 802 1896 cum
830 1841 940 1910 jam
968 1833 1531 1902 noverim,saraballas
1560 1832 1674 1884 illas
1695 1830 1871 1884 adhuc
1900 1843 2068 1897 usque

486 1952 592 1990 non
617 1933 738 1988 novi
764 1949 778 1997 ;
803 1947 934 2001 quas
951 1928 1078 1982 mihi
1103 1927 1146 1982 si
1186 1934 1337 1996 gestu
1360 1923 1618 1994 quispiam
1642 1921 1954 1990 signiﬁcarit
1978 1928 2069 1972 aut

484 2026 733 2099 pinxeril,
766 2033 855 2078 aut
886 2021 1084 2093 aliquid
1114 2021 1194 2074 cui
1225 2018 1425 2074 similes
1457 2023 1598 2081 sunt,
1624 2014 1934 2081 ostenderit,
1961 2029 2069 2068 non

485 2119 660 2175 dicam
713 2133 817 2170 non
857 2130 942 2169 me
987 2112 1267 2176 docuerit,
1299 2109 1443 2180 quod
1484 2108 1636 2162 facile
1675 2108 1994 2171 obtinerem,
2025 2107 2070 2160 si

484 2213 639 2284 paulo
665 2211 890 2280 amplius
931 2208 1072 2278 loqui
1113 2205 1335 2266 vellem;
1367 2202 1458 2257 sed
1489 2202 1610 2258 dico
1636 2201 1686 2256 id
1718 2201 1857 2272 quod
1890 2200 2070 2270 proxi-

485 2319 630 2359 mum
661 2309 742 2356 est
761 2343 774 2367 ,
807 2315 912 2354 non
943 2297 1118 2354 verbis
1145 2296 1405 2351 docuerit.
1438 2294 1589 2360 Quod
1616 2296 1659 2348 si
1688 2294 1766 2347 eis
1794 2294 1928 2348 forte
1943 2309 2074 2348 con-

487 2394 682 2462 spectis
703 2407 821 2446 cum
850 2389 1009 2444 simul
1037 2389 1198 2443 adero
1216 2403 1300 2440 me
1319 2385 1674 2448 admonuerit,
1698 2385 1903 2449 dicens,
1931 2384 2070 2438 Ecce

485 2485 807 2549 saraballas;
851 2482 1052 2537 discam
1089 2496 1200 2535 rem
1245 2494 1400 2548 quam
1439 2477 1762 2542 nesciebam,
1819 2491 1922 2530 non
1979 2491 2075 2544 per

483 2576 645 2632 verba
677 2591 793 2645 qua:
823 2573 961 2627 dicta
995 2581 1139 2635 sunt,
1192 2570 1286 2625 sed
1339 2584 1436 2638 per
1482 2569 1596 2637 ejus
1635 2576 1927 2636 asliectum,
1979 2583 2076 2637 per

373 2726 376 2727 ν
425 2737 452 2740 ,ι
485 2685 643 2741 quem
694 2667 884 2721 factum
911 2673 994 2720 est
1017 2673 1074 2718 ut
1100 2664 1258 2718 etiam
1300 2676 1492 2717 nomen
1533 2660 1663 2715 illud
1702 2660 1825 2729 quid
1857 2659 2072 2726 valeret,

392 2757 449 2816 ,β’
486 2776 700 2818 nossem
739 2774 800 2814 ac
828 2766 1088 2812 tenerem.
1112 2755 1226 2810 Non
1251 2754 1390 2808 enim
1415 2768 1534 2807 cum
1566 2767 1676 2806 rem
1703 2752 1869 2820 ipsam
1891 2750 2074 2817 didici,

486 2853 664 2907 verbis
708 2850 893 2905 alienis
933 2848 1168 2914 credidi,
1210 2845 1304 2902 sed
1334 2845 1500 2901 oculis
1529 2845 1663 2899 meis
1696 2862 1708 2897 :
1751 2844 1850 2898 illis
1897 2851 2076 2898 tamen

486 2942 719 3015 fortasse
751 2949 807 2994 ut
834 2939 1164 2995 attenderem
1192 2936 1413 2998 credidi,
1439 2935 1492 2990 id
1507 2944 1588 2990 est
1608 2944 1664 2990 ut
1686 2943 1903 3005 aspectu
1929 2950 2078 3004 quaa-

490 3051 664 3091 rercm
693 3034 817 3104 quid
847 3033 1100 3087 viderem.

490 3125 713 3182 CAPUT
743 3124 832 3179 XI.
864 3154 935 3164 —
961 3123 1216 3177 Discimus
1252 3140 1352 3177 non
1391 3122 1550 3176 verbis
1593 3121 1717 3194 foris
1750 3119 2040 3175 sonantibus
2060 3158 2075 3185 ,

922 3217 1009 3271 sed
1034 3217 1238 3270 docente
1263 3219 1394 3269 intus
1419 3216 1642 3269 veritate.

565 3312 654 3367 56.
687 3308 953 3364 Hactenus
978 3309 1138 3362 verba
1164 3307 1459 3372 valuerunt,
1490 3305 1680 3375 quibus
1707 3312 1764 3358 ut
1792 3303 2081 3373 plurimum

495 3405 762 3466 tribuam,
809 3401 1096 3454 admonent
1138 3407 1341 3452 tantum
1374 3405 1432 3451 ut
1475 3412 1776 3465 quaeramus
1817 3409 1924 3461 res,
1975 3408 2081 3446 non

494 3495 750 3551 exhibent
779 3501 834 3546 ut
861 3491 1188 3545 noverimus.
1217 3488 1267 3544 Is
1301 3503 1387 3542 me
1433 3496 1610 3541 autem
1654 3487 1847 3556 aliquid
1880 3485 2079 3552 docet,

492 3585 586 3656 qui
616 3584 696 3638 vel
727 3583 914 3645 oculis,
943 3582 1028 3636 vel
1055 3581 1146 3636 ulli
1176 3580 1415 3649 corporis
1445 3579 1643 3644 sensui,
1676 3579 1760 3632 vel
1793 3581 1891 3648 ipsi
1921 3579 2080 3633 etiam

495 3675 661 3731 menti
693 3674 892 3746 prabet
920 3688 982 3728 ea
1014 3688 1131 3742 quae
1171 3686 1491 3741 cognoscere
1519 3671 1661 3725 volo.
1699 3670 1888 3725 Verbis
1927 3671 2084 3741 igitur

498 3767 599 3824 nisi
628 3765 787 3821 verba
817 3779 921 3819 non
964 3763 1238 3828 discimus,
1271 3763 1379 3817 imo
1423 3762 1654 3816 sonitum
1699 3762 2083 3831 strepitumque

497 3860 779 3915 verborum
805 3875 819 3910 :
847 3871 968 3911 nam
993 3857 1037 3912 si
1067 3871 1126 3910 ea
1155 3871 1270 3926 quae
1301 3855 1449 3923 signa
1478 3869 1585 3908 non
1612 3865 1752 3920 sunt,
1781 3854 1940 3908 verba
1963 3869 2083 3908 esse

496 3968 602 4008 non
636 3959 874 4021 possunt,
919 3947 1293 4020 quamvisjam
1333 3947 1572 4001 auditum
1613 3947 1831 4001 verbum
1853 3989 1867 4008 ,
1901 3948 2083 4001 nescio

496 4057 675 4101 tamen
707 4044 927 4099 verbum
961 4057 1099 4106 esse,
1125 4041 1298 4095 donec
1325 4039 1450 4109 quid
1476 4039 1738 4109 signiﬁcet
1766 4039 1949 4092 sciam.
1972 4039 2080 4092 Re-

495 4139 594 4194 bus
617 4153 742 4208 ergo
766 4135 990 4206 cognitis
1011 4178 1025 4201 ,
1062 4134 1344 4188 verborum
1375 4147 1586 4202 quoque
1612 4132 1844 4202 cognitio
1870 4130 2080 4200 perﬁci-

495 4241 610 4296 tur;
653 4231 826 4285 verbis
869 4243 996 4283 vero
1037 4227 1251 4292 auditis,
1294 4240 1391 4280 nec
1433 4225 1592 4278 verba
1641 4224 1931 4278 discuntur.
1967 4223 2081 4277 Non

498 4326 642 4381 enim
671 4339 731 4379 ea
763 4322 922 4377 verba
951 4337 1067 4390 quac
1098 4321 1358 4384 novimus,
1393 4317 1678 4380 discimus;
1713 4325 1803 4370 aut
1827 4332 1946 4387 quae
1975 4331 2080 4370 non

499 4417 768 4481 novimus,
783 4413 1034 4470 didicisse
1057 4428 1152 4466 nos
1175 4425 1455 4482 possumus
1477 4408 1741 4475 confiteri,
1771 4408 1871 4462 nisi
1897 4424 2080 4463 eorum

496 4507 882 4579 signiﬁcatione
929 4512 1210 4575 percepta,
1256 4517 1374 4572 quae
1418 4517 1524 4555 non
1569 4500 1837 4554 auditione
1893 4516 2082 4555 vocum

497 4599 836 4662 emissarum,
861 4596 952 4652 sed
976 4611 1156 4650 rerum
1182 4593 1591 4665 signiﬁcatarum
1631 4592 1931 4661 cognitione
1956 4607 2084 4646 con-

499 4690 669 4758 tingit.
705 4689 992 4744 Verissima
1035 4688 1229 4757 quippe
1271 4686 1406 4740 ratio
1435 4694 1536 4750 est,
1568 4694 1620 4739 et
1649 4685 1923 4739 verissime
1950 4685 2084 4740 dici-

501 4789 588 4834 tur
609 4821 623 4845 ,
650 4795 768 4834 cum
795 4779 954 4834 verba
979 4777 1341 4848 proferuntur,
1362 4785 1451 4830 aut
1480 4777 1618 4831 scire
1647 4791 1742 4829 nos
1772 4776 1894 4845 quid
1923 4777 2085 4847 signi-

500 4871 680 4937 ﬁcent,
709 4879 801 4925 aut
845 4872 1051 4925 nescire
1085 4888 1097 4922 :
1127 4870 1171 4923 si
1216 4871 1431 4934 scimus,
1479 4871 1884 4925 commemorari
1908 4871 2084 4940 potius

499 4977 658 5032 quam
690 4961 927 5025 discere;
972 4961 1013 5015 si
1046 4969 1222 5016 autem
1251 4963 1537 5027 nescimus,
1576 4977 1642 5018 ne
1676 4963 2084 5016 commemorari

499 5056 735 5127 quidem,
765 5055 855 5110 sed
887 5054 1110 5111 fortasse
1137 5055 1199 5110 ad
1228 5056 1570 5126 quwrendum
1592 5055 1886 5110 admoneri.

572 5149 660 5204 57.
694 5147 843 5215 Quod
875 5148 918 5202 si
948 5147 1160 5215 dixeris,
1199 5148 1425 5217 tegmina
1455 5147 1666 5217 quidem
1706 5147 1792 5202 illa
1829 5149 2082 5217 capitum,

501 5259 728 5315 quorum
753 5257 946 5297 nomen
987 5257 1119 5299 50110
1148 5250 1349 5296 tantum
1383 5249 1642 5306 tenemus,
1673 5255 1778 5295 non
1804 5256 1902 5296 nos
1929 5255 2087 5310 posse

501 5334 604 5390 nisi
631 5335 741 5390 visa
771 5349 1111 5406 cognoscere,
1135 5349 1307 5402 neque
1329 5347 1521 5387 nomen
1551 5333 1722 5402 ipsum
1754 5334 1959 5403 plenius
1982 5335 2086 5390 nisi

503 5425 632 5496 ipsis
658 5429 884 5498 cognitis
913 5441 1071 5481 nosse
1101 5443 1113 5477 :
1147 5425 1286 5494 quod
1317 5433 1490 5478 tamen
1522 5424 1587 5478 de
1614 5425 1740 5493 ipsis
1771 5427 1950 5493 pueris
1991 5441 2086 5480 ac-

503 5518 759 5588 cepimus,
784 5527 840 5571 nt
867 5533 1044 5588 regem
1070 5530 1133 5570 ac
1163 5514 1402 5569 ﬂammas
1432 5514 1533 5570 ﬁde
1553 5531 1615 5569 ac
1639 5516 1894 5586 religione
1925 5533 2087 5589 supe-

505 5609 760 5675 raverint,
788 5623 920 5680 quas
951 5606 1136 5662 laudes
1179 5605 1290 5660 Deo
1329 5606 1641 5673 cecinerint,
1683 5621 1816 5676 quos
1861 5608 2091 5665 honores

505 5699 573 5755 ab
599 5700 712 5772 ipso
737 5700 895 5755 etiam
921 5699 1137 5755 inimico
1164 5697 1477 5765 meruerint,
1521 5713 1646 5753 num
1673 5698 1827 5755 aliter
1857 5701 1956 5756 nisi
1998 5717 2093 5772 per

511 5792 675 5846 verba
698 5790 1014 5847 didicimus?
1033 5789 1411 5861 Respondebo,
1434 5800 1622 5846 cuncta
1643 5807 1760 5862 qua:
1785 5791 1887 5849 illis
1917 5795 2092 5851 verbis

511 5883 798 5946 signiﬁcata
838 5892 980 5945 sunt,
1026 5886 1077 5940 in
1123 5894 1302 5940 nostra
1354 5885 1537 5941 notitia
1591 5884 1692 5950 iam
1741 5885 1921 5942 fuisse.
1965 5887 2095 5944 Nam

1619 423 1706 479 DE
1746 415 2114 486 MAGISTRO,
2155 417 2212 474 S.
2253 419 2622 481 AUGUSTINI

3618 423 3754 485 I216

2165 539 2289 608 quid
2328 539 2434 594 sint
2475 549 2583 596 tres
2629 541 2804 610 pueri,
2855 542 2984 614 quid
3020 541 3229 612 fornax,
3271 541 3398 614 quid
3423 542 3592 614 ignis,
3632 541 3754 613 quid

2164 649 2279 699 rex,
2311 634 2438 704 quid
2465 634 2692 706 denique
2735 635 2889 691 illaesi
2937 637 3004 692 ab
3045 638 3186 709 igne,
3226 647 3532 708 cmteraque
3579 652 3753 691 omnia

2160 725 2268 797 jam
2298 728 2540 783 tenebam
2567 744 2684 798 quae
2705 728 2865 785 verba
2887 730 2976 784 illa
3004 729 3321 802 signiﬁcant.
3350 729 3592 784 Ananias
3611 741 3774 797 γει-οδ

2165 827 2218 872 et
2245 820 2460 874 Azarias
2485 828 2540 875 et
2580 821 2762 876 Misael
2792 831 2898 876 tam
2926 822 3055 877 mihi
3092 823 3255 893 ignoti
3293 830 3418 877 sunt
3443 837 3611 893 quam
3654 805 3762 877 illa;

2165 910 2472 978 saraballae;
2501 926 2597 966 nec
2623 912 2688 966 ad
2717 927 2812 968 eos
2851 913 3250 984 cognoscendos
3283 912 3398 968 haec
3424 929 3514 968 me
3545 912 3750 967 nomina

2167 1003 2452 1074 quidquam
2505 1004 2822 1075 adjuverunt
2867 1015 2960 1062 aut
3007 1007 3260 1076 adjuvare
3293 1006 3405 1076 jam
3450 1013 3747 1076 potuerunt.

2167 1093 2294 1149 Haec
2321 1104 2498 1151 autem
2528 1097 2704 1151 omnia
2729 1113 2848 1168 quze
2891 1099 2942 1152 in
2993 1099 3081 1152 illa
3129 1099 3378 1169 leguntur
3415 1097 3660 1160 historia,
3683 1099 3744 1152 ita

2168 1187 2260 1242 illo
2291 1196 2529 1258 tempore
2559 1190 2692 1244 facta
2723 1204 2862 1255 esse,
2893 1201 2950 1246 ut
2993 1191 3186 1263 scripta
3235 1199 3380 1258 sunt,
3410 1190 3636 1247 credere
3669 1207 3741 1247 me

2168 1280 2344 1348 potius
2368 1296 2525 1349 quam
2566 1281 2702 1336 scire
2747 1281 2949 1336 fateor:
2992 1297 3166 1352 neque
3210 1283 3366 1336 istam
3396 1280 3738 1336 diﬁ‘erentiam

2169 1372 2327 1427 iidem
2357 1373 2454 1444 ipsi
2484 1374 2676 1443 quibus
2699 1375 2967 1430 credimus
2991 1375 3318 1430 nescierunt.
3349 1375 3436 1429 Ait
3462 1375 3606 1428 enim
3635 1389 3747 1443 pro-

2169 1465 2349 1535 pheta,
2395 1465 2512 1520 Nisi
2539 1468 2873 1533 credideritis,
2919 1485 3019 1523 non
3057 1467 3356 1539 intelligetis
3388 1466 3537 1537 (Isai.
3575 1482 3665 1532 vn,
3699 1466 3742 1532 9,

2106 1605 2108 1608 ,
2171 1577 2268 1614 sec.
2298 1559 2470 1630 LXX)
2495 1579 2505 1613 :
2533 1561 2672 1631 quod
2704 1577 2808 1616 non
2831 1561 3051 1616 dixisset
3072 1559 3332 1629 profecto,
3362 1561 3406 1615 si
3439 1559 3566 1614 nihil
3594 1558 3749 1612 dista-

2173 1666 2232 1706 re
2270 1652 2579 1720 judicassct.
2617 1653 2768 1720 Quod
2800 1668 2926 1724 ergo
2972 1653 3222 1722 intelligo,
3269 1651 3319 1705 id
3361 1652 3518 1706 etiam
3560 1650 3744 1706 credo:

2174 1751 2229 1796 at
2271 1759 2377 1796 non
2431 1757 2589 1798 omne
2638 1744 2777 1813 quod
2828 1743 3024 1809 credo,
3071 1744 3230 1798 etiam
3284 1742 3541 1813 intelligo.
3593 1740 3749 1796 Omne

2175 1843 2351 1889 autem
2391 1835 2531 1905 quod
2573 1835 2838 1905 intelligo,
2885 1836 2995 1889 scio
3028 1854 3040 1888 :
3076 1851 3179 1888 non
3224 1849 3386 1889 omne
3414 1834 3552 1904 quod
3579 1833 3745 1900 credo,

2177 1927 2306 1980 scio.
2352 1926 2461 1981 Nec
2505 1926 2626 1980 idco
2664 1926 2844 1980 nescio
2882 1941 3040 1995 quam
3087 1925 3154 1979 sit
3197 1925 3327 1980 utile
3351 1924 3569 1979 credere
3603 1924 3746 1978 etiam

2176 2020 2340 2074 multa
2370 2035 2486 2089 quae
2513 2020 2720 2083 nescio;
2745 2019 2830 2073 cui
2873 2018 3085 2072 utilitati
3125 2017 3266 2072 hanc
3293 2031 3504 2087 quoque
3529 2015 3745 2085 adjungo

2177 2112 2244 2167 de
2289 2113 2456 2168 tribus
2504 2112 2683 2182 pueris
2719 2111 2997 2166 historiam
3041 2129 3052 2162 :
3099 2126 3263 2180 quare
3302 2110 3554 2180 pleraque
3586 2124 3746 2163 rerum

2178 2219 2298 2258 eum
2326 2207 2460 2260 scire
2490 2220 2594 2260 non
2623 2205 2840 2275 possim,
2873 2213 3068 2274 quanta
3096 2213 3272 2258 tamen
3295 2203 3517 2258 utilitate
3539 2202 3743 2258 credan-

2182 2307 2286 2362 tur,
2316 2296 2447 2350 scio.

2252 2389 2339 2444 38.
2374 2389 2448 2444 De
2490 2390 2751 2444 universis
2800 2397 2976 2444 autem
3015 2405 3133 2459 quae
3165 2388 3500 2458 intelligimus
3536 2401 3636 2440 non
3673 2387 3746 2440 lo-

2181 2492 2431 2554 quentem
2461 2484 2548 2552 qui
2575 2493 2824 2554 personat
2855 2483 3001 2550 foris,
3035 2482 3129 2536 sed
3161 2482 3303 2536 intus
3331 2481 3424 2550 ipsi
3447 2481 3602 2534 menti
3623 2493 3750 2548 pne-

2183 2575 2444 2630 sidentem
2493 2575 2819 2630 consulimus
2861 2575 3171 2637 veritatem,
3226 2572 3393 2627 verbis
3440 2570 3653 2624 fortasse
3691 2578 3748 2622 ut

2183 2669 2522 2724 consulamus
2542 2668 2816 2722 admoniti.
2835 2668 2929 2722 Ille
2951 2675 3128 2721 autem
3153 2666 3242 2736 qui
3267 2663 3742 2728 consulitur.doeet,

2184 2760 2273 2830 qui
2307 2761 2359 2814 in
2405 2760 2653 2814 interiore
2691 2759 2907 2813 homine
2937 2758 3176 2812 habitare
3207 2757 3378 2812 dictus
3410 2766 3486 2810 est
3522 2752 3746 2809 Christus

2185 2853 2403 2923 (Ephcs.
2431 2870 2506 2919 ιιι,
2543 2853 2628 2912 16.
2663 2854 2772 2923 l7).
2803 2853 2851 2907 id
2879 2861 2963 2908 est
2994 2851 3446 2906 incommutabilis
3469 2850 3557 2903 Dei
3583 2847 3741 2902 Virtus

2185 2953 2344 3013 atque
2371 2945 2691 3013 sempiterna
2719 2943 2986 3012 Sapientia
3010 2962 3021 2997 :
3051 2959 3208 3013 quam
3242 2943 3458 3013 quidem
3488 2941 3651 2996 omnis
3671 2955 3744 2992 ra-

2186 3037 2397 3091 tionalis
2425 3036 2597 3090 anima
2627 3036 2856 3090 consulit
2879 3051 2894 3100 ;
2935 3034 3027 3090 sed
3057 3043 3263 3089 tantum
3291 3035 3482 3103 cuique
3507 3031 3743 3102 panditur,

2187 3137 2443 3198 quantum
2488 3141 2680 3196 capere
2709 3135 2924 3196 promer
2962 3125 3247 3195 propriam,
3291 3124 3406 3178 sive
3444 3123 3622 3177 ntalam
3650 3121 3745 3173 sive

2188 3219 2381 3273 bonam
2412 3219 2734 3272 voluntatem
2776 3225 2968 3286 potest.
3016 3215 3085 3270 Et
3117 3215 3158 3268 si
3187 3213 3402 3284 quando
3429 3212 3631 3277 fallitur,
3657 3225 3744 3263 non

2190 3310 2247 3363 ﬁt
2275 3310 2401 3363 vitio
2431 3309 2686 3362 consultae
2716 3307 2974 3372 veritatis,
3004 3316 3061 3361 ut
3086 3321 3259 3376 neque
3295 3305 3471 3373 hujus,
3494 3320 3607 3374 qua:
3636 3301 3745 3356 foris

2188 3413 2288 3465 est,
2310 3403 2446 3456 lucis
2472 3401 2657 3455 vitium
2689 3399 2947 3471 est,quod
2978 3399 3218 3469 corporei
3251 3399 3393 3453 oculi
3420 3412 3560 3467 saepe
3583 3395 3745 3450 fallun-

2189 3495 2310 3549 tur:
2353 3510 2509 3565 quam
2552 3494 2722 3548 lucem
2767 3492 2834 3547 de
2877 3493 3040 3546 rebus
3065 3490 3366 3545 visibilibus
3401 3489 3600 3544 consuli
3639 3487 3745 3539 latc-

2189 3603 2308 3641 mur
2338 3630 2351 3652 ,
2413 3595 2470 3640 ut
2524 3601 2614 3642 eas
2675 3584 2827 3640 nobis
2892 3593 3150 3654 quantum
3207 3597 3427 3638 cernere
3489 3582 3743 3643 valemus,

2189 3679 2454 3734 ostendat.

2328 3767 2553 3824 CAPUT
2595 3766 2710 3822 XII.
2735 3797 2804 3806 —
2830 3766 3061 3821 Christus
3097 3767 3283 3819 veritas
3310 3765 3444 3818 intus
3473 3764 3630 3817 docet.

2262 3861 2349 3916 59.
2381 3859 2532 3928 Quod
2564 3861 2605 3914 si
2639 3869 2692 3914 et
2733 3859 2798 3913 de
2841 3859 3107 3913 coloribus
3148 3859 3343 3924 lucem,
3385 3866 3437 3912 et
3464 3857 3525 3910 dc
3563 3853 3746 3910 cmteris

2189 3969 2307 4023 qua:
2336 3968 2428 4022 per
2453 3966 2645 4020 corpus
2675 3950 2952 4012 sentimus,
2982 3949 3250 4004 elementa
3288 3947 3443 4016 hujus
3471 3945 3640 4001 mundi
3665 3957 3743 3998 ea-

2189 4044 2416 4113 demque
2443 4058 2666 4111 corpora
2695 4057 2813 4110 quae
2852 4040 3129 4104 sentimus,
3173 4055 3464 4109 sensusque
3488 4040 3617 4107 ipsos
3644 4035 3742 4103 qui-

2188 4137 2288 4190 bus
2334 4146 2580 4202 tanquam
2634 4131 3012 4202 interpretibus
3053 4130 3118 4186 ad
3161 4133 3283 4186 talia
3327 4128 3570 4185 noscenda
3603 4137 3738 4181 mens

2189 4228 2385 4290 utitur;
2412 4226 2477 4280 de
2497 4227 2577 4279 his
2607 4234 2782 4279 autem
2811 4240 2929 4294 qua:
2959 4223 3345 4294 intelliguntur,
3367 4223 3649 4277 interiorem
3665 4233 3742 4270 ve-

2189 4319 2400 4373 ritatem
2425 4319 2628 4372 ratione
2659 4316 3016 4372 consulimus:
3043 4317 3164 4384 quid
3189 4316 3291 4370 dici
3320 4325 3487 4385 potest
3515 4313 3645 4368 unde
3665 4311 3744 4365 cla-

2189 4419 2322 4471 reat,
2354 4409 2529 4462 verbis
2561 4425 2654 4461 nos
2683 4406 2880 4476 aliquid
2912 4406 3121 4462 discere
3153 4417 3345 4476 praeter
3371 4408 3532 4476 ipsum
3562 4408 3643 4474 qui
3668 4419 3742 4460 an.

2190 4516 2276 4556 res
2299 4500 2527 4570 percutit
2549 4499 2773 4553 sonum?
2800 4497 3036 4567 Namque
3061 4499 3239 4552 omnia
3278 4515 3395 4568 qua:
3436 4496 3742 4566 percipimus,

2189 4603 2279 4648 aut
2305 4609 2464 4648 sensu
2486 4593 2744 4663 corporis,
2777 4602 2865 4645 aut
2894 4601 3073 4665 mente
3107 4594 3444 4661 percipimus.
3485 4591 3566 4645 Illa
3593 4588 3745 4644 sensi-

2189 4685 2334 4751 bilia,
2364 4685 2478 4739 [nec
2521 4685 2894 4755 intelligibilia;
2937 4686 3069 4747 sive,
3105 4693 3159 4737 ut
3188 4699 3338 4738 more
3368 4693 3628 4738 auctorum
3667 4694 3744 4733 no-

2193 4792 2423 4834 strorum
2455 4780 2663 4849 loquar,
2696 4779 2784 4833 illa
2813 4778 3080 4843 carnalia,
3127 4779 3240 4833 haec
3282 4779 3563 4847 spiritualia
3599 4775 3744 4830 nomi-

2191 4886 2400 4928 namus.
2434 4872 2508 4924 De
2538 4873 2639 4926 illis
2668 4871 2793 4926 dum
2841 4872 3248 4942 interrogamur,
3291 4871 3674 4942 resliondcnius,
3711 4866 3745 4919 si

2192 4972 2386 5034 praesto
2439 4972 2561 5017 sunt
2613 4979 2673 5019 ea
2719 4979 2836 5033 quze
2885 4964 3171 5028 sentimus;
3204 4964 3347 5017 velut
3397 4980 3512 5018 cum
3547 4980 3573 5016 a
3622 4960 3744 5015 nobis

2191 5057 2447 5127 qttmritur
2477 5055 2802 5110 intuentibus
2830 5055 3008 5109 lunam
3042 5071 3250 5118 novam,
3273 5056 3442 5125 qualis
3470 5065 3554 5109 aut
3574 5053 3654 5110 ubi
3675 5051 3742 5106 sit.

2192 5150 2289 5204 Hic
2319 5149 2404 5203 ille
2433 5150 2520 5219 qui
2553 5149 2856 5217 interrogat,
2889 5147 2932 5200 si
2965 5161 3070 5200 non
3100 5147 3258 5209 videt,
3288 5148 3456 5202 credit
3488 5148 3670 5211 verbis,
3697 5151 3739 5196 et

2192 5259 2334 5313 saepe
2379 5259 2484 5296 non
2528 5241 2693 5296 credit
2722 5260 2732 5294 :
2763 5240 2917 5294 discit
2951 5249 3127 5293 autem
3173 5239 3319 5293 nullo
3358 5240 3536 5306 modo,
3572 5239 3661 5293 nisi
3697 5243 3736 5288 et

2193 5339 2306 5408 ipse
2331 5336 2468 5408 quod
2494 5336 2686 5390 dicitur
2710 5334 2914 5396 videat;
2949 5334 3036 5387 ubi
3070 5333 3178 5404 jam
3209 5350 3310 5388 non
3338 5333 3516 5388 verbis
3545 5348 3654 5402 quae
3677 5343 3743 5382 so-

2195 5436 2438 5490 nuerunt,
2469 5426 2560 5480 sed
2594 5425 2751 5481 rebus
2770 5424 2897 5494 ipsis
2920 5432 2974 5478 et
3001 5423 3246 5479 sensibus
3265 5423 3436 5478 discit.
3468 5423 3594 5476 Nam
3617 5417 3742 5476 verba

2194 5521 2379 5576 eadem
2411 5527 2602 5573 sonant
2631 5516 2848 5582 videnti,
2883 5532 3000 5586 qua:
3027 5532 3132 5570 non
3163 5515 3363 5570 videnti
3385 5518 3544 5572 etiam
3582 5528 3742 5570 soliuc-

2196 5619 2335 5665 runt.
2359 5609 2491 5665 Cum
2518 5624 2642 5663 vero
2677 5623 2778 5662 non
2807 5608 2873 5662 de
2902 5609 2966 5662 iis
2995 5623 3113 5678 quae
3147 5622 3326 5662 coram
3368 5610 3638 5668 sentimus,
3671 5599 3743 5658 sed

2197 5705 2263 5760 de
2281 5705 2361 5759 his
2391 5718 2507 5774 qua:
2534 5702 2815 5774 aliquando
2836 5702 3104 5758 sensimus
3129 5702 3386 5772 quaeritur
3406 5720 3420 5769 ;
3439 5718 3540 5756 non
3563 5702 3660 5772 jam
3678 5708 3741 5752 res

2198 5797 2359 5870 ipsas,
2412 5797 2504 5852 sed
2561 5796 2814 5865 imagines
2855 5795 2923 5850 ab
2963 5795 3025 5850 iis
3073 5795 3361 5865 impressas
3409 5793 3742 5861 memoriaeque

2203 5890 2475 5947 mandatas
2503 5890 2766 5958 loquimur
2799 5907 2810 5942 :
2842 5904 2960 5957 qua:
2990 5887 3206 5944 omnino
3235 5887 3501 5953 quomodo
3537 5902 3647 5943 vera
3679 5882 3740 5938 di‘
