  <div class='ocr_page' id='page_1' title='image "/cluster/home/n/w/nwhite01/storage/ocr_20150623/32/uva.x000669813/618.png"; bbox 0 0 3824 6296; ppageno 0'>
   <div class='ocr_carea' id='block_1_1' title="bbox 39 451 892 516">
    <p class='ocr_par' dir='ltr' id='par_1_1' title="bbox 39 451 892 516">
     <span class='ocr_line' id='line_1_1' title="bbox 39 451 892 516; baseline -0.011 -2"><span class='ocrx_word' id='word_1_1' title='bbox 39 451 166 516; x_wconf 70' lang='grc' dir='ltr'><strong>ΙΞΠ</strong></span> <span class='ocrx_word' id='word_1_2' title='bbox 890 502 892 505; x_wconf 77' lang='grc'>,</span> 
     </span>
    </p>
   </div>
   <div class='ocr_carea' id='block_1_2' title="bbox 39 547 1612 630">
    <p class='ocr_par' dir='ltr' id='par_1_2' title="bbox 39 547 1612 630">
     <span class='ocr_line' id='line_1_2' title="bbox 39 547 1612 630; baseline -0.013 -10"><span class='ocrx_word' id='word_1_3' title='bbox 39 577 228 630; x_wconf 81' lang='lat' dir='ltr'><strong>camus,</strong></span> <span class='ocrx_word' id='word_1_4' title='bbox 270 573 392 616; x_wconf 87' lang='lat' dir='ltr'><strong>cum</strong></span> <span class='ocrx_word' id='word_1_5' title='bbox 424 554 559 612; x_wconf 83' lang='lat' dir='ltr'><strong>falsa</strong></span> <span class='ocrx_word' id='word_1_6' title='bbox 597 555 914 617; x_wconf 81' lang='lat' dir='ltr'><strong>intueamur,</strong></span> <span class='ocrx_word' id='word_1_7' title='bbox 946 551 1161 620; x_wconf 89' lang='lat' dir='ltr'><strong>ignoro;</strong></span> <span class='ocrx_word' id='word_1_8' title='bbox 1202 549 1305 603; x_wconf 86' lang='lat' dir='ltr'><strong>nisi</strong></span> <span class='ocrx_word' id='word_1_9' title='bbox 1341 547 1464 617; x_wconf 86' lang='lat' dir='ltr'><strong>quia</strong></span> <span class='ocrx_word' id='word_1_10' title='bbox 1511 563 1612 600; x_wconf 92' lang='lat' dir='ltr'><strong>non</strong></span> 
     </span>
    </p>
   </div>
   <div class='ocr_carea' id='block_1_3' title="bbox 40 637 1617 717">
    <p class='ocr_par' dir='ltr' id='par_1_3' title="bbox 40 637 1617 717">
     <span class='ocr_line' id='line_1_3' title="bbox 40 637 1617 717; baseline -0.014 -6"><span class='ocrx_word' id='word_1_11' title='bbox 40 671 136 717; x_wconf 81' lang='lat' dir='ltr'><strong>nos</strong></span> <span class='ocrx_word' id='word_1_12' title='bbox 160 668 216 710; x_wconf 87' lang='lat' dir='ltr'><strong>ea</strong></span> <span class='ocrx_word' id='word_1_13' title='bbox 243 651 426 706; x_wconf 89' lang='lat' dir='ltr'><strong>videre</strong></span> <span class='ocrx_word' id='word_1_14' title='bbox 451 662 514 702; x_wconf 89' lang='lat' dir='ltr'><strong>ac</strong></span> <span class='ocrx_word' id='word_1_15' title='bbox 545 646 763 712; x_wconf 91' lang='lat' dir='ltr'><strong>sentire,</strong></span> <span class='ocrx_word' id='word_1_16' title='bbox 792 641 887 698; x_wconf 89' lang='lat' dir='ltr'><strong>sed</strong></span> <span class='ocrx_word' id='word_1_17' title='bbox 917 640 1115 696; x_wconf 85' lang='lat' dir='ltr'><strong>vidisse</strong></span> <span class='ocrx_word' id='word_1_18' title='bbox 1141 654 1204 694; x_wconf 92' lang='lat' dir='ltr'><strong>ac</strong></span> <span class='ocrx_word' id='word_1_19' title='bbox 1229 637 1465 692; x_wconf 84' lang='lat' dir='ltr'><strong>sensisse</strong></span> <span class='ocrx_word' id='word_1_20' title='bbox 1493 652 1617 690; x_wconf 88' lang='lat' dir='ltr'><strong>nar-</strong></span> 
     </span>
    </p>
   </div>
   <div class='ocr_carea' id='block_1_4' title="bbox 10 727 1620 808">
    <p class='ocr_par' dir='ltr' id='par_1_4' title="bbox 10 727 1620 808">
     <span class='ocr_line' id='line_1_4' title="bbox 10 727 1620 808; baseline -0.009 -12"><span class='ocrx_word' id='word_1_21' title='bbox 10 761 229 808; x_wconf 60' lang='lat' dir='ltr'><strong>tnmus.</strong></span> <span class='ocrx_word' id='word_1_22' title='bbox 269 743 344 798; x_wconf 90' lang='lat' dir='ltr'><strong>lta</strong></span> <span class='ocrx_word' id='word_1_23' title='bbox 383 740 506 795; x_wconf 88' lang='lat' dir='ltr'><strong>illas</strong></span> <span class='ocrx_word' id='word_1_24' title='bbox 541 736 795 806; x_wconf 78' lang='lat' dir='ltr'><strong>imagines</strong></span> <span class='ocrx_word' id='word_1_25' title='bbox 843 733 896 788; x_wconf 94' lang='lat' dir='ltr'><strong>in</strong></span> <span class='ocrx_word' id='word_1_26' title='bbox 940 731 1214 787; x_wconf 64' lang='lat' dir='ltr'><strong>memoriae</strong></span> <span class='ocrx_word' id='word_1_27' title='bbox 1260 727 1620 799; x_wconf 79' lang='lat' dir='ltr'><strong>penetralibus</strong></span> 
     </span>
    </p>
   </div>
   <div class='ocr_carea' id='block_1_5' title="bbox 47 824 1619 898">
    <p class='ocr_par' dir='ltr' id='par_1_5' title="bbox 47 824 1619 898">
     <span class='ocr_line' id='line_1_5' title="bbox 47 824 1619 898; baseline -0.018 0"><span class='ocrx_word' id='word_1_28' title='bbox 47 852 212 898; x_wconf 85' lang='lat' dir='ltr'><strong>rerum</strong></span> <span class='ocrx_word' id='word_1_29' title='bbox 251 843 371 888; x_wconf 88' lang='lat' dir='ltr'><strong>ante</strong></span> <span class='ocrx_word' id='word_1_30' title='bbox 400 845 677 887; x_wconf 91' lang='lat' dir='ltr'><strong>sensarum</strong></span> <span class='ocrx_word' id='word_1_31' title='bbox 706 825 945 898; x_wconf 65' lang='lat' dir='ltr'><strong>quaedam</strong></span> <span class='ocrx_word' id='word_1_32' title='bbox 973 824 1292 878; x_wconf 88' lang='lat' dir='ltr'><strong>documenta</strong></span> <span class='ocrx_word' id='word_1_33' title='bbox 1330 829 1619 891; x_wconf 73' lang='lat' dir='ltr'><strong>gestamus,</strong></span> 
     </span>
    </p>
   </div>
   <div class='ocr_carea' id='block_1_6' title="bbox 50 913 1625 1004">
    <p class='ocr_par' dir='ltr' id='par_1_6' title="bbox 50 913 1625 1004">
     <span class='ocr_line' id='line_1_6' title="bbox 50 913 1625 1004; baseline -0.017 -16"><span class='ocrx_word' id='word_1_34' title='bbox 50 947 161 1004; x_wconf 75' lang='lat' dir='ltr'><strong>qua:</strong></span> <span class='ocrx_word' id='word_1_35' title='bbox 179 928 346 983; x_wconf 87' lang='lat' dir='ltr'><strong>animo</strong></span> <span class='ocrx_word' id='word_1_36' title='bbox 373 921 800 992; x_wconf 81' lang='lat' dir='ltr'><strong>contemplantes</strong></span> <span class='ocrx_word' id='word_1_37' title='bbox 821 918 958 973; x_wconf 89' lang='lat' dir='ltr'><strong>bona</strong></span> <span class='ocrx_word' id='word_1_38' title='bbox 988 913 1314 971; x_wconf 90' lang='lat' dir='ltr'><strong>conscientia</strong></span> <span class='ocrx_word' id='word_1_39' title='bbox 1341 926 1448 966; x_wconf 90' lang='lat' dir='ltr'><strong>non</strong></span> <span class='ocrx_word' id='word_1_40' title='bbox 1475 925 1625 964; x_wconf 88' lang='lat' dir='ltr'><strong>men-</strong></span> 
     </span>
    </p>
   </div>
   <div class='ocr_carea' id='block_1_7' title="bbox 51 1006 1622 1088">
    <p class='ocr_par' dir='ltr' id='par_1_7' title="bbox 51 1006 1622 1088">
     <span class='ocr_line' id='line_1_7' title="bbox 51 1006 1622 1088; baseline -0.015 -7"><span class='ocrx_word' id='word_1_41' title='bbox 51 1028 206 1083; x_wconf 89' lang='lat' dir='ltr'><strong>timur</strong></span> <span class='ocrx_word' id='word_1_42' title='bbox 223 1035 338 1076; x_wconf 84' lang='lat' dir='ltr'><strong>eum</strong></span> <span class='ocrx_word' id='word_1_43' title='bbox 359 1016 630 1088; x_wconf 86' lang='lat' dir='ltr'><strong>loquimur</strong></span> <span class='ocrx_word' id='word_1_44' title='bbox 654 1033 666 1068; x_wconf 94' lang='lat'><strong>:</strong></span> <span class='ocrx_word' id='word_1_45' title='bbox 700 1013 794 1068; x_wconf 90' lang='lat' dir='ltr'><strong>sed</strong></span> <span class='ocrx_word' id='word_1_46' title='bbox 819 1012 972 1067; x_wconf 89' lang='lat' dir='ltr'><strong>nobis</strong></span> <span class='ocrx_word' id='word_1_47' title='bbox 1000 1019 1122 1064; x_wconf 91' lang='lat' dir='ltr'><strong>sunt</strong></span> <span class='ocrx_word' id='word_1_48' title='bbox 1147 1009 1245 1063; x_wconf 91' lang='lat' dir='ltr'><strong>ista</strong></span> <span class='ocrx_word' id='word_1_49' title='bbox 1274 1006 1622 1070; x_wconf 88' lang='lat' dir='ltr'><strong>documenta;</strong></span> 
     </span>
    </p>
   </div>
   <div class='ocr_carea' id='block_1_8' title="bbox 50 1093 1625 1180">
    <p class='ocr_par' dir='ltr' id='par_1_8' title="bbox 50 1093 1625 1180">
     <span class='ocr_line' id='line_1_8' title="bbox 50 1093 1625 1180; baseline -0.015 -9"><span class='ocrx_word' id='word_1_50' title='bbox 50 1119 90 1172; x_wconf 95' lang='lat' dir='ltr'><strong>is</strong></span> <span class='ocrx_word' id='word_1_51' title='bbox 127 1113 251 1168; x_wconf 89' lang='lat' dir='ltr'><strong>enim</strong></span> <span class='ocrx_word' id='word_1_52' title='bbox 277 1108 362 1180; x_wconf 86' lang='lat' dir='ltr'><strong>qui</strong></span> <span class='ocrx_word' id='word_1_53' title='bbox 386 1107 553 1173; x_wconf 86' lang='lat' dir='ltr'><strong>audit,</strong></span> <span class='ocrx_word' id='word_1_54' title='bbox 581 1106 624 1158; x_wconf 94' lang='lat' dir='ltr'><strong>si</strong></span> <span class='ocrx_word' id='word_1_55' title='bbox 665 1119 727 1158; x_wconf 91' lang='lat' dir='ltr'><strong>ea</strong></span> <span class='ocrx_word' id='word_1_56' title='bbox 762 1102 931 1157; x_wconf 88' lang='lat' dir='ltr'><strong>sensit</strong></span> <span class='ocrx_word' id='word_1_57' title='bbox 978 1111 1137 1170; x_wconf 90' lang='lat' dir='ltr'><strong>atque</strong></span> <span class='ocrx_word' id='word_1_58' title='bbox 1165 1096 1351 1162; x_wconf 83' lang='lat' dir='ltr'><strong>adfuit,</strong></span> <span class='ocrx_word' id='word_1_59' title='bbox 1388 1111 1496 1149; x_wconf 90' lang='lat' dir='ltr'><strong>non</strong></span> <span class='ocrx_word' id='word_1_60' title='bbox 1539 1093 1625 1148; x_wconf 90' lang='lat' dir='ltr'><strong>di-</strong></span> 
     </span>
    </p>
   </div>
   <div class='ocr_carea' id='block_1_9' title="bbox 52 1190 1630 1265">
    <p class='ocr_par' dir='ltr' id='par_1_9' title="bbox 52 1190 1630 1265">
     <span class='ocr_line' id='line_1_9' title="bbox 52 1190 1630 1265; baseline -0.015 -2"><span class='ocrx_word' id='word_1_61' title='bbox 52 1207 154 1264; x_wconf 82' lang='lat' dir='ltr'><strong>scit</strong></span> <span class='ocrx_word' id='word_1_62' title='bbox 184 1203 301 1258; x_wconf 85' lang='lat' dir='ltr'><strong>meis</strong></span> <span class='ocrx_word' id='word_1_63' title='bbox 335 1199 536 1265; x_wconf 85' lang='lat' dir='ltr'><strong>verbis,</strong></span> <span class='ocrx_word' id='word_1_64' title='bbox 588 1196 684 1252; x_wconf 87' lang='lat' dir='ltr'><strong>sed</strong></span> <span class='ocrx_word' id='word_1_65' title='bbox 734 1193 1065 1264; x_wconf 81' lang='lat' dir='ltr'><strong>recognoscit</strong></span> <span class='ocrx_word' id='word_1_66' title='bbox 1107 1190 1296 1245; x_wconf 89' lang='lat' dir='ltr'><strong>ablatis</strong></span> <span class='ocrx_word' id='word_1_67' title='bbox 1343 1203 1523 1244; x_wconf 88' lang='lat' dir='ltr'><strong>secum</strong></span> <span class='ocrx_word' id='word_1_68' title='bbox 1576 1195 1630 1241; x_wconf 87' lang='lat' dir='ltr'><strong>et</strong></span> 
     </span>
    </p>
   </div>
   <div class='ocr_carea' id='block_1_10' title="bbox 56 1280 1627 1368">
    <p class='ocr_par' dir='ltr' id='par_1_10' title="bbox 56 1280 1627 1368">
     <span class='ocr_line' id='line_1_10' title="bbox 56 1280 1627 1368; baseline -0.015 -15"><span class='ocrx_word' id='word_1_69' title='bbox 56 1301 169 1368; x_wconf 73' lang='lat' dir='ltr'><strong>ipse</strong></span> <span class='ocrx_word' id='word_1_70' title='bbox 193 1291 528 1363; x_wconf 81' lang='lat' dir='ltr'><strong>imaginibus:</strong></span> <span class='ocrx_word' id='word_1_71' title='bbox 565 1289 609 1342; x_wconf 90' lang='lat' dir='ltr'><strong>si</strong></span> <span class='ocrx_word' id='word_1_72' title='bbox 641 1297 816 1341; x_wconf 90' lang='lat' dir='ltr'><strong>autem</strong></span> <span class='ocrx_word' id='word_1_73' title='bbox 851 1286 940 1339; x_wconf 92' lang='lat' dir='ltr'><strong>illa</strong></span> <span class='ocrx_word' id='word_1_74' title='bbox 968 1299 1073 1338; x_wconf 92' lang='lat' dir='ltr'><strong>non</strong></span> <span class='ocrx_word' id='word_1_75' title='bbox 1104 1283 1271 1338; x_wconf 91' lang='lat' dir='ltr'><strong>sensit</strong></span> <span class='ocrx_word' id='word_1_76' title='bbox 1299 1283 1338 1344; x_wconf 77' lang='grc' dir='ltr'><strong>ί,</strong></span> <span class='ocrx_word' id='word_1_77' title='bbox 1373 1280 1490 1351; x_wconf 89' lang='lat' dir='ltr'><strong>quis</strong></span> <span class='ocrx_word' id='word_1_78' title='bbox 1523 1292 1627 1332; x_wconf 95' lang='lat' dir='ltr'><strong>non</strong></span> 
     </span>
    </p>
   </div>
   <div class='ocr_carea' id='block_1_11' title="bbox 65 1369 1558 1450">
    <p class='ocr_par' dir='ltr' id='par_1_11' title="bbox 65 1369 1558 1450">
     <span class='ocr_line' id='line_1_11' title="bbox 65 1369 1558 1450; baseline -0.013 -8"><span class='ocrx_word' id='word_1_79' title='bbox 65 1403 180 1445; x_wconf 70' lang='lat' dir='ltr'><strong>etum</strong></span> <span class='ocrx_word' id='word_1_80' title='bbox 203 1381 410 1439; x_wconf 84' lang='lat' dir='ltr'><strong>credere</strong></span> <span class='ocrx_word' id='word_1_81' title='bbox 441 1381 618 1450; x_wconf 87' lang='lat' dir='ltr'><strong>potius</strong></span> <span class='ocrx_word' id='word_1_82' title='bbox 639 1377 816 1433; x_wconf 83' lang='lat' dir='ltr'><strong>verbis</strong></span> <span class='ocrx_word' id='word_1_83' title='bbox 842 1391 1001 1446; x_wconf 89' lang='lat' dir='ltr'><strong>quam</strong></span> <span class='ocrx_word' id='word_1_84' title='bbox 1027 1373 1233 1429; x_wconf 85' lang='lat' dir='ltr'><strong>discere</strong></span> <span class='ocrx_word' id='word_1_85' title='bbox 1269 1369 1558 1440; x_wconf 81' lang='lat' dir='ltr'><strong>intelligat?</strong></span> 
     </span>
    </p>
   </div>
   <div class='ocr_carea' id='block_1_12' title="bbox 133 1465 1626 1544">
    <p class='ocr_par' dir='ltr' id='par_1_12' title="bbox 133 1465 1626 1544">
     <span class='ocr_line' id='line_1_12' title="bbox 133 1465 1626 1544; baseline -0.011 -12"><span class='ocrx_word' id='word_1_86' title='bbox 133 1477 206 1532; x_wconf 65' lang='lat'><strong>40.</strong></span> <span class='ocrx_word' id='word_1_87' title='bbox 227 1475 351 1531; x_wconf 88' lang='lat' dir='ltr'><strong>Cum</strong></span> <span class='ocrx_word' id='word_1_88' title='bbox 369 1488 498 1527; x_wconf 88' lang='lat' dir='ltr'><strong>vero</strong></span> <span class='ocrx_word' id='word_1_89' title='bbox 522 1471 590 1526; x_wconf 91' lang='lat' dir='ltr'><strong>de</strong></span> <span class='ocrx_word' id='word_1_90' title='bbox 615 1471 679 1526; x_wconf 93' lang='lat' dir='ltr'><strong>iis</strong></span> <span class='ocrx_word' id='word_1_91' title='bbox 709 1471 882 1542; x_wconf 88' lang='lat' dir='ltr'><strong>agitur</strong></span> <span class='ocrx_word' id='word_1_92' title='bbox 897 1484 1016 1539; x_wconf 70' lang='lat' dir='ltr'><strong>qua:</strong></span> <span class='ocrx_word' id='word_1_93' title='bbox 1046 1475 1224 1522; x_wconf 88' lang='lat' dir='ltr'><strong>mente</strong></span> <span class='ocrx_word' id='word_1_94' title='bbox 1245 1465 1626 1544; x_wconf 75' lang='lat' dir='ltr'><strong>conspicimus,</strong></span> 
     </span>
    </p>
   </div>
   <div class='ocr_carea' id='block_1_13' title="bbox 68 1555 1630 1633">
    <p class='ocr_par' dir='ltr' id='par_1_13' title="bbox 68 1555 1630 1633">
     <span class='ocr_line' id='line_1_13' title="bbox 68 1555 1630 1633; baseline -0.013 -5"><span class='ocrx_word' id='word_1_95' title='bbox 68 1572 126 1628; x_wconf 76' lang='lat' dir='ltr'><strong>id</strong></span> <span class='ocrx_word' id='word_1_96' title='bbox 149 1579 213 1626; x_wconf 88' lang='lat' dir='ltr'><strong>est</strong></span> <span class='ocrx_word' id='word_1_97' title='bbox 246 1566 512 1622; x_wconf 91' lang='lat' dir='ltr'><strong>intellectu</strong></span> <span class='ocrx_word' id='word_1_98' title='bbox 541 1573 698 1633; x_wconf 90' lang='lat' dir='ltr'><strong>atque</strong></span> <span class='ocrx_word' id='word_1_99' title='bbox 746 1562 970 1623; x_wconf 88' lang='lat' dir='ltr'><strong>ratione,</strong></span> <span class='ocrx_word' id='word_1_100' title='bbox 1000 1574 1063 1614; x_wconf 91' lang='lat' dir='ltr'><strong>ea</strong></span> <span class='ocrx_word' id='word_1_101' title='bbox 1092 1557 1306 1629; x_wconf 89' lang='lat' dir='ltr'><strong>quidem</strong></span> <span class='ocrx_word' id='word_1_102' title='bbox 1359 1555 1630 1625; x_wconf 87' lang='lat' dir='ltr'><strong>loquimur</strong></span> 
     </span>
    </p>
   </div>
   <div class='ocr_carea' id='block_1_14' title="bbox 83 1647 1628 1734">
    <p class='ocr_par' dir='ltr' id='par_1_14' title="bbox 83 1647 1628 1734">
     <span class='ocr_line' id='line_1_14' title="bbox 83 1647 1628 1734; baseline -0.012 -17"><span class='ocrx_word' id='word_1_103' title='bbox 83 1679 174 1734; x_wconf 67' lang='lat' dir='ltr'><strong>quae</strong></span> <span class='ocrx_word' id='word_1_104' title='bbox 197 1659 463 1731; x_wconf 64' lang='lat' dir='ltr'><strong>praesentia</strong></span> <span class='ocrx_word' id='word_1_105' title='bbox 491 1666 807 1710; x_wconf 89' lang='lat' dir='ltr'><strong>contuemur</strong></span> <span class='ocrx_word' id='word_1_106' title='bbox 843 1653 898 1707; x_wconf 90' lang='lat' dir='ltr'><strong>in</strong></span> <span class='ocrx_word' id='word_1_107' title='bbox 931 1653 1019 1706; x_wconf 91' lang='lat' dir='ltr'><strong>illa</strong></span> <span class='ocrx_word' id='word_1_108' title='bbox 1046 1651 1303 1705; x_wconf 90' lang='lat' dir='ltr'><strong>interiore</strong></span> <span class='ocrx_word' id='word_1_109' title='bbox 1333 1649 1453 1702; x_wconf 91' lang='lat' dir='ltr'><strong>luce</strong></span> <span class='ocrx_word' id='word_1_110' title='bbox 1481 1647 1628 1700; x_wconf 86' lang='lat' dir='ltr'><strong>veri-</strong></span> 
     </span>
    </p>
   </div>
   <div class='ocr_carea' id='block_1_15' title="bbox 86 1742 1635 1822">
    <p class='ocr_par' dir='ltr' id='par_1_15' title="bbox 86 1742 1635 1822">
     <span class='ocr_line' id='line_1_15' title="bbox 86 1742 1635 1822; baseline -0.012 -10"><span class='ocrx_word' id='word_1_111' title='bbox 86 1756 195 1818; x_wconf 86' lang='lat' dir='ltr'><strong>tatis,</strong></span> <span class='ocrx_word' id='word_1_112' title='bbox 215 1767 308 1822; x_wconf 85' lang='lat' dir='ltr'><strong>qua</strong></span> <span class='ocrx_word' id='word_1_113' title='bbox 331 1751 445 1820; x_wconf 89' lang='lat' dir='ltr'><strong>ipse</strong></span> <span class='ocrx_word' id='word_1_114' title='bbox 467 1750 558 1818; x_wconf 91' lang='lat' dir='ltr'><strong>qui</strong></span> <span class='ocrx_word' id='word_1_115' title='bbox 585 1747 778 1802; x_wconf 89' lang='lat' dir='ltr'><strong>dicitur</strong></span> <span class='ocrx_word' id='word_1_116' title='bbox 795 1746 955 1800; x_wconf 93' lang='lat' dir='ltr'><strong>homo</strong></span> <span class='ocrx_word' id='word_1_117' title='bbox 981 1743 1223 1806; x_wconf 88' lang='lat' dir='ltr'><strong>interior,</strong></span> <span class='ocrx_word' id='word_1_118' title='bbox 1257 1742 1551 1796; x_wconf 89' lang='lat' dir='ltr'><strong>illustratur</strong></span> <span class='ocrx_word' id='word_1_119' title='bbox 1579 1747 1635 1794; x_wconf 90' lang='lat' dir='ltr'><strong>et</strong></span> 
     </span>
    </p>
   </div>
   <div class='ocr_carea' id='block_1_16' title="bbox 86 1832 1634 1908">
    <p class='ocr_par' dir='ltr' id='par_1_16' title="bbox 86 1832 1634 1908">
     <span class='ocr_line' id='line_1_16' title="bbox 86 1832 1634 1908; baseline -0.01 -7"><span class='ocrx_word' id='word_1_120' title='bbox 86 1846 278 1900; x_wconf 83' lang='lat' dir='ltr'><strong>fruitur:</strong></span> <span class='ocrx_word' id='word_1_121' title='bbox 315 1840 408 1897; x_wconf 89' lang='lat' dir='ltr'><strong>sed</strong></span> <span class='ocrx_word' id='word_1_122' title='bbox 440 1850 566 1894; x_wconf 90' lang='lat' dir='ltr'><strong>tunc</strong></span> <span class='ocrx_word' id='word_1_123' title='bbox 607 1853 817 1908; x_wconf 91' lang='lat' dir='ltr'><strong>quoque</strong></span> <span class='ocrx_word' id='word_1_124' title='bbox 861 1846 1043 1892; x_wconf 92' lang='lat' dir='ltr'><strong>noster</strong></span> <span class='ocrx_word' id='word_1_125' title='bbox 1074 1835 1304 1897; x_wconf 85' lang='lat' dir='ltr'><strong>auditor,</strong></span> <span class='ocrx_word' id='word_1_126' title='bbox 1350 1833 1394 1886; x_wconf 92' lang='lat' dir='ltr'><strong>si</strong></span> <span class='ocrx_word' id='word_1_127' title='bbox 1437 1842 1490 1887; x_wconf 92' lang='lat' dir='ltr'><strong>et</strong></span> <span class='ocrx_word' id='word_1_128' title='bbox 1520 1832 1634 1900; x_wconf 92' lang='lat' dir='ltr'><strong>ipse</strong></span> 
     </span>
    </p>
   </div>
   <div class='ocr_carea' id='block_1_17' title="bbox 88 1923 1636 2000">
    <p class='ocr_par' dir='ltr' id='par_1_17' title="bbox 88 1923 1636 2000">
     <span class='ocr_line' id='line_1_17' title="bbox 88 1923 1636 2000; baseline -0.009 -10"><span class='ocrx_word' id='word_1_129' title='bbox 88 1937 152 1991; x_wconf 88' lang='lat' dir='ltr'><strong>illa</strong></span> <span class='ocrx_word' id='word_1_130' title='bbox 174 1940 368 1989; x_wconf 89' lang='lat' dir='ltr'><strong>secreto</strong></span> <span class='ocrx_word' id='word_1_131' title='bbox 407 1946 469 1985; x_wconf 89' lang='lat' dir='ltr'><strong>ac</strong></span> <span class='ocrx_word' id='word_1_132' title='bbox 511 1930 737 2000; x_wconf 88' lang='lat' dir='ltr'><strong>simplici</strong></span> <span class='ocrx_word' id='word_1_133' title='bbox 768 1929 923 1983; x_wconf 90' lang='lat' dir='ltr'><strong>oculo</strong></span> <span class='ocrx_word' id='word_1_134' title='bbox 949 1927 1124 1991; x_wconf 86' lang='lat' dir='ltr'><strong>videt;</strong></span> <span class='ocrx_word' id='word_1_135' title='bbox 1155 1924 1301 1980; x_wconf 91' lang='lat' dir='ltr'><strong>novit</strong></span> <span class='ocrx_word' id='word_1_136' title='bbox 1336 1923 1477 1995; x_wconf 91' lang='lat' dir='ltr'><strong>quod</strong></span> <span class='ocrx_word' id='word_1_137' title='bbox 1514 1923 1636 1977; x_wconf 88' lang='lat' dir='ltr'><strong>dico</strong></span> 
     </span>
    </p>
   </div>
   <div class='ocr_carea' id='block_1_18' title="bbox 89 2016 1636 2094">
    <p class='ocr_par' dir='ltr' id='par_1_18' title="bbox 89 2016 1636 2094">
     <span class='ocr_line' id='line_1_18' title="bbox 89 2016 1636 2094; baseline -0.008 -13"><span class='ocrx_word' id='word_1_138' title='bbox 89 2044 159 2081; x_wconf 83' lang='lat' dir='ltr'><strong>sua</strong></span> <span class='ocrx_word' id='word_1_139' title='bbox 181 2023 634 2094; x_wconf 85' lang='lat' dir='ltr'><strong>contemplatione,</strong></span> <span class='ocrx_word' id='word_1_140' title='bbox 676 2039 780 2076; x_wconf 93' lang='lat' dir='ltr'><strong>non</strong></span> <span class='ocrx_word' id='word_1_141' title='bbox 807 2021 984 2076; x_wconf 87' lang='lat' dir='ltr'><strong>verbis</strong></span> <span class='ocrx_word' id='word_1_142' title='bbox 1023 2021 1175 2076; x_wconf 90' lang='lat' dir='ltr'><strong>meis.</strong></span> <span class='ocrx_word' id='word_1_143' title='bbox 1207 2019 1350 2088; x_wconf 88' lang='lat' dir='ltr'><strong>Ergo</strong></span> <span class='ocrx_word' id='word_1_144' title='bbox 1391 2033 1457 2071; x_wconf 90' lang='lat' dir='ltr'><strong>ne</strong></span> <span class='ocrx_word' id='word_1_145' title='bbox 1496 2016 1636 2070; x_wconf 90' lang='lat' dir='ltr'><strong>hunc</strong></span> 
     </span>
    </p>
   </div>
   <div class='ocr_carea' id='block_1_19' title="bbox 85 2109 1637 2190">
    <p class='ocr_par' dir='ltr' id='par_1_19' title="bbox 85 2109 1637 2190">
     <span class='ocr_line' id='line_1_19' title="bbox 85 2109 1637 2190; baseline -0.006 -18"><span class='ocrx_word' id='word_1_146' title='bbox 85 2118 260 2190; x_wconf 83' lang='lat' dir='ltr'><strong>quidem</strong></span> <span class='ocrx_word' id='word_1_147' title='bbox 293 2116 460 2170; x_wconf 88' lang='lat' dir='ltr'><strong>doceo</strong></span> <span class='ocrx_word' id='word_1_148' title='bbox 498 2130 620 2168; x_wconf 89' lang='lat' dir='ltr'><strong>vera</strong></span> <span class='ocrx_word' id='word_1_149' title='bbox 649 2114 852 2179; x_wconf 91' lang='lat' dir='ltr'><strong>dicens,</strong></span> <span class='ocrx_word' id='word_1_150' title='bbox 891 2128 1016 2168; x_wconf 90' lang='lat' dir='ltr'><strong>vera</strong></span> <span class='ocrx_word' id='word_1_151' title='bbox 1060 2113 1390 2176; x_wconf 89' lang='lat' dir='ltr'><strong>intuentem;</strong></span> <span class='ocrx_word' id='word_1_152' title='bbox 1417 2109 1637 2163; x_wconf 89' lang='lat' dir='ltr'><strong>docetur</strong></span> 
     </span>
    </p>
   </div>
   <div class='ocr_carea' id='block_1_20' title="bbox 85 2203 1636 2275">
    <p class='ocr_par' dir='ltr' id='par_1_20' title="bbox 85 2203 1636 2275">
     <span class='ocr_line' id='line_1_20' title="bbox 85 2203 1636 2275; baseline -0.008 -8"><span class='ocrx_word' id='word_1_153' title='bbox 85 2214 198 2268; x_wconf 84' lang='lat' dir='ltr'><strong>enim</strong></span> <span class='ocrx_word' id='word_1_154' title='bbox 226 2227 321 2265; x_wconf 91' lang='lat' dir='ltr'><strong>non</strong></span> <span class='ocrx_word' id='word_1_155' title='bbox 350 2209 526 2264; x_wconf 82' lang='lat' dir='ltr'><strong>verbis</strong></span> <span class='ocrx_word' id='word_1_156' title='bbox 551 2207 702 2268; x_wconf 88' lang='lat' dir='ltr'><strong>meis,</strong></span> <span class='ocrx_word' id='word_1_157' title='bbox 730 2206 823 2260; x_wconf 90' lang='lat' dir='ltr'><strong>sed</strong></span> <span class='ocrx_word' id='word_1_158' title='bbox 843 2206 971 2275; x_wconf 91' lang='lat' dir='ltr'><strong>ipsis</strong></span> <span class='ocrx_word' id='word_1_159' title='bbox 992 2205 1176 2272; x_wconf 89' lang='lat' dir='ltr'><strong>rebus,</strong></span> <span class='ocrx_word' id='word_1_160' title='bbox 1211 2205 1320 2258; x_wconf 89' lang='lat' dir='ltr'><strong>Deo</strong></span> <span class='ocrx_word' id='word_1_161' title='bbox 1344 2203 1484 2256; x_wconf 90' lang='lat' dir='ltr'><strong>intus</strong></span> <span class='ocrx_word' id='word_1_162' title='bbox 1507 2217 1636 2270; x_wconf 92' lang='lat' dir='ltr'><strong>pan-</strong></span> 
     </span>
    </p>
   </div>
   <div class='ocr_carea' id='block_1_21' title="bbox 87 2295 1637 2369">
    <p class='ocr_par' dir='ltr' id='par_1_21' title="bbox 87 2295 1637 2369">
     <span class='ocr_line' id='line_1_21' title="bbox 87 2295 1637 2369; baseline -0.009 -11"><span class='ocrx_word' id='word_1_163' title='bbox 87 2304 229 2369; x_wconf 86' lang='lat' dir='ltr'><strong>dente,</strong></span> <span class='ocrx_word' id='word_1_164' title='bbox 259 2299 588 2356; x_wconf 81' lang='lat' dir='ltr'><strong>manifestis:</strong></span> <span class='ocrx_word' id='word_1_165' title='bbox 633 2298 811 2366; x_wconf 84' lang='lat' dir='ltr'><strong>itaque</strong></span> <span class='ocrx_word' id='word_1_166' title='bbox 854 2296 920 2350; x_wconf 90' lang='lat' dir='ltr'><strong>de</strong></span> <span class='ocrx_word' id='word_1_167' title='bbox 967 2295 1049 2351; x_wconf 86' lang='lat' dir='ltr'><strong>his</strong></span> <span class='ocrx_word' id='word_1_168' title='bbox 1077 2297 1236 2350; x_wconf 90' lang='lat' dir='ltr'><strong>etiam</strong></span> <span class='ocrx_word' id='word_1_169' title='bbox 1282 2295 1637 2362; x_wconf 81' lang='lat' dir='ltr'><strong>interrogatus</strong></span> 
     </span>
    </p>
   </div>
   <div class='ocr_carea' id='block_1_22' title="bbox 87 2387 1635 2465">
    <p class='ocr_par' dir='ltr' id='par_1_22' title="bbox 87 2387 1635 2465">
     <span class='ocr_line' id='line_1_22' title="bbox 87 2387 1635 2465; baseline -0.009 -15"><span class='ocrx_word' id='word_1_170' title='bbox 87 2395 371 2465; x_wconf 85' lang='lat' dir='ltr'><strong>respondere</strong></span> <span class='ocrx_word' id='word_1_171' title='bbox 414 2401 611 2462; x_wconf 91' lang='lat' dir='ltr'><strong>posset.</strong></span> <span class='ocrx_word' id='word_1_172' title='bbox 642 2389 777 2458; x_wconf 85' lang='lat' dir='ltr'><strong>Quid</strong></span> <span class='ocrx_word' id='word_1_173' title='bbox 809 2398 985 2443; x_wconf 90' lang='lat' dir='ltr'><strong>autem</strong></span> <span class='ocrx_word' id='word_1_174' title='bbox 1012 2387 1293 2444; x_wconf 87' lang='lat' dir='ltr'><strong>absurdius</strong></span> <span class='ocrx_word' id='word_1_175' title='bbox 1326 2402 1484 2455; x_wconf 90' lang='lat' dir='ltr'><strong>quam</strong></span> <span class='ocrx_word' id='word_1_176' title='bbox 1515 2399 1635 2438; x_wconf 91' lang='lat' dir='ltr'><strong>eum</strong></span> 
     </span>
    </p>
   </div>
   <div class='ocr_carea' id='block_1_23' title="bbox 87 2477 1638 2557">
    <p class='ocr_par' dir='ltr' id='par_1_23' title="bbox 87 2477 1638 2557">
     <span class='ocr_line' id='line_1_23' title="bbox 87 2477 1638 2557; baseline -0.006 -19"><span class='ocrx_word' id='word_1_177' title='bbox 87 2498 236 2557; x_wconf 86' lang='lat' dir='ltr'><strong>putare</strong></span> <span class='ocrx_word' id='word_1_178' title='bbox 263 2485 528 2542; x_wconf 90' lang='lat' dir='ltr'><strong>locutione</strong></span> <span class='ocrx_word' id='word_1_179' title='bbox 554 2499 670 2537; x_wconf 90' lang='lat' dir='ltr'><strong>mea</strong></span> <span class='ocrx_word' id='word_1_180' title='bbox 701 2482 902 2549; x_wconf 87' lang='lat' dir='ltr'><strong>doceri,</strong></span> <span class='ocrx_word' id='word_1_181' title='bbox 923 2482 1010 2553; x_wconf 93' lang='lat' dir='ltr'><strong>qui</strong></span> <span class='ocrx_word' id='word_1_182' title='bbox 1025 2490 1226 2555; x_wconf 86' lang='lat' dir='ltr'><strong>posset,</strong></span> <span class='ocrx_word' id='word_1_183' title='bbox 1254 2489 1537 2548; x_wconf 84' lang='lat' dir='ltr'><strong>antequam</strong></span> <span class='ocrx_word' id='word_1_184' title='bbox 1560 2477 1638 2530; x_wconf 94' lang='lat' dir='ltr'><strong>lo-</strong></span> 
     </span>
    </p>
   </div>
   <div class='ocr_carea' id='block_1_24' title="bbox 85 2568 1639 2649">
    <p class='ocr_par' dir='ltr' id='par_1_24' title="bbox 85 2568 1639 2649">
     <span class='ocr_line' id='line_1_24' title="bbox 85 2568 1639 2649; baseline -0.007 -15"><span class='ocrx_word' id='word_1_185' title='bbox 85 2595 262 2649; x_wconf 87' lang='lat' dir='ltr'><strong>querer,</strong></span> <span class='ocrx_word' id='word_1_186' title='bbox 301 2594 360 2632; x_wconf 89' lang='lat' dir='ltr'><strong>ea</strong></span> <span class='ocrx_word' id='word_1_187' title='bbox 399 2578 514 2647; x_wconf 89' lang='lat' dir='ltr'><strong>ipsa</strong></span> <span class='ocrx_word' id='word_1_188' title='bbox 557 2579 913 2644; x_wconf 84' lang='lat' dir='ltr'><strong>interrogatus</strong></span> <span class='ocrx_word' id='word_1_189' title='bbox 958 2573 1267 2643; x_wconf 83' lang='lat' dir='ltr'><strong>exp0nere?</strong></span> <span class='ocrx_word' id='word_1_190' title='bbox 1312 2571 1442 2624; x_wconf 87' lang='lat' dir='ltr'><strong>Nam</strong></span> <span class='ocrx_word' id='word_1_191' title='bbox 1497 2568 1639 2639; x_wconf 91' lang='lat' dir='ltr'><strong>quod</strong></span> 
     </span>
    </p>
   </div>
   <div class='ocr_carea' id='block_1_25' title="bbox 84 2657 1639 2742">
    <p class='ocr_par' dir='ltr' id='par_1_25' title="bbox 84 2657 1639 2742">
     <span class='ocr_line' id='line_1_25' title="bbox 84 2657 1639 2742; baseline -0.007 -15"><span class='ocrx_word' id='word_1_192' title='bbox 84 2686 199 2742; x_wconf 66' lang='lat' dir='ltr'><strong>saepe</strong></span> <span class='ocrx_word' id='word_1_193' title='bbox 226 2670 496 2741; x_wconf 87' lang='lat' dir='ltr'><strong>contingit,</strong></span> <span class='ocrx_word' id='word_1_194' title='bbox 529 2677 588 2723; x_wconf 87' lang='lat' dir='ltr'><strong>ut</strong></span> <span class='ocrx_word' id='word_1_195' title='bbox 610 2657 981 2738; x_wconf 71' lang='lat' dir='ltr'><strong>interrogatus</strong></span> <span class='ocrx_word' id='word_1_196' title='bbox 1019 2665 1214 2736; x_wconf 90' lang='lat' dir='ltr'><strong>aliquid</strong></span> <span class='ocrx_word' id='word_1_197' title='bbox 1257 2672 1434 2734; x_wconf 83' lang='lat' dir='ltr'><strong>neget,</strong></span> <span class='ocrx_word' id='word_1_198' title='bbox 1478 2671 1639 2731; x_wconf 89' lang='lat' dir='ltr'><strong>atque</strong></span> 
     </span>
    </p>
   </div>
   <div class='ocr_carea' id='block_1_26' title="bbox 81 2756 1635 2831">
    <p class='ocr_par' dir='ltr' id='par_1_26' title="bbox 81 2756 1635 2831">
     <span class='ocr_line' id='line_1_26' title="bbox 81 2756 1635 2831; baseline -0.004 -15"><span class='ocrx_word' id='word_1_199' title='bbox 81 2764 135 2817; x_wconf 84' lang='lat' dir='ltr'><strong>ad</strong></span> <span class='ocrx_word' id='word_1_200' title='bbox 170 2765 215 2818; x_wconf 90' lang='lat' dir='ltr'><strong>id</strong></span> <span class='ocrx_word' id='word_1_201' title='bbox 261 2762 525 2818; x_wconf 88' lang='lat' dir='ltr'><strong>fatendum</strong></span> <span class='ocrx_word' id='word_1_202' title='bbox 569 2761 684 2816; x_wconf 87' lang='lat' dir='ltr'><strong>aliis</strong></span> <span class='ocrx_word' id='word_1_203' title='bbox 732 2760 1232 2831; x_wconf 87' lang='lat' dir='ltr'><strong>interrogationibus</strong></span> <span class='ocrx_word' id='word_1_204' title='bbox 1273 2768 1543 2828; x_wconf 90' lang='lat' dir='ltr'><strong>urgeatur,</strong></span> <span class='ocrx_word' id='word_1_205' title='bbox 1577 2756 1635 2810; x_wconf 85' lang='lat' dir='ltr'><strong>fit</strong></span> 
     </span>
    </p>
   </div>
   <div class='ocr_carea' id='block_1_27' title="bbox 78 2849 1637 2922">
    <p class='ocr_par' dir='ltr' id='par_1_27' title="bbox 78 2849 1637 2922">
     <span class='ocr_line' id='line_1_27' title="bbox 78 2849 1637 2922; baseline -0.004 -15"><span class='ocrx_word' id='word_1_206' title='bbox 78 2852 164 2910; x_wconf 88' lang='lat' dir='ltr'><strong>hoc</strong></span> <span class='ocrx_word' id='word_1_207' title='bbox 181 2856 528 2910; x_wconf 87' lang='lat' dir='ltr'><strong>imbecillitate</strong></span> <span class='ocrx_word' id='word_1_208' title='bbox 546 2853 834 2918; x_wconf 88' lang='lat' dir='ltr'><strong>cernentis,</strong></span> <span class='ocrx_word' id='word_1_209' title='bbox 867 2851 958 2922; x_wconf 88' lang='lat' dir='ltr'><strong>qui</strong></span> <span class='ocrx_word' id='word_1_210' title='bbox 978 2851 1044 2906; x_wconf 88' lang='lat' dir='ltr'><strong>de</strong></span> <span class='ocrx_word' id='word_1_211' title='bbox 1070 2865 1127 2906; x_wconf 91' lang='lat' dir='ltr'><strong>re</strong></span> <span class='ocrx_word' id='word_1_212' title='bbox 1153 2859 1262 2904; x_wconf 91' lang='lat' dir='ltr'><strong>tota</strong></span> <span class='ocrx_word' id='word_1_213' title='bbox 1290 2849 1433 2904; x_wconf 86' lang='lat' dir='ltr'><strong>illam</strong></span> <span class='ocrx_word' id='word_1_214' title='bbox 1465 2849 1637 2902; x_wconf 90' lang='lat' dir='ltr'><strong>lucem</strong></span> 
     </span>
    </p>
   </div>
   <div class='ocr_carea' id='block_1_28' title="bbox 79 2937 1642 3015">
    <p class='ocr_par' dir='ltr' id='par_1_28' title="bbox 79 2937 1642 3015">
     <span class='ocr_line' id='line_1_28' title="bbox 79 2937 1642 3015; baseline -0.004 -16"><span class='ocrx_word' id='word_1_215' title='bbox 79 2946 326 3000; x_wconf 87' lang='lat' dir='ltr'><strong>consulere</strong></span> <span class='ocrx_word' id='word_1_216' title='bbox 353 2961 456 2999; x_wconf 92' lang='lat' dir='ltr'><strong>non</strong></span> <span class='ocrx_word' id='word_1_217' title='bbox 488 2952 698 3015; x_wconf 89' lang='lat' dir='ltr'><strong>potest:</strong></span> <span class='ocrx_word' id='word_1_218' title='bbox 724 2942 865 3012; x_wconf 90' lang='lat' dir='ltr'><strong>quod</strong></span> <span class='ocrx_word' id='word_1_219' title='bbox 896 2951 953 2995; x_wconf 90' lang='lat' dir='ltr'><strong>ut</strong></span> <span class='ocrx_word' id='word_1_220' title='bbox 984 2940 1223 3010; x_wconf 90' lang='lat' dir='ltr'><strong>partibus</strong></span> <span class='ocrx_word' id='word_1_221' title='bbox 1251 2939 1423 3002; x_wconf 81' lang='lat' dir='ltr'><strong>faciat,</strong></span> <span class='ocrx_word' id='word_1_222' title='bbox 1456 2937 1642 2992; x_wconf 79' lang='lat' dir='ltr'><strong>admo-</strong></span> 
     </span>
    </p>
   </div>
   <div class='ocr_carea' id='block_1_29' title="bbox 79 3029 1640 3106">
    <p class='ocr_par' dir='ltr' id='par_1_29' title="bbox 79 3029 1640 3106">
     <span class='ocr_line' id='line_1_29' title="bbox 79 3029 1640 3106; baseline -0.005 -15"><span class='ocrx_word' id='word_1_223' title='bbox 79 3049 229 3106; x_wconf 90' lang='lat' dir='ltr'><strong>netur,</strong></span> <span class='ocrx_word' id='word_1_224' title='bbox 254 3054 369 3093; x_wconf 90' lang='lat' dir='ltr'><strong>cum</strong></span> <span class='ocrx_word' id='word_1_225' title='bbox 397 3038 464 3091; x_wconf 89' lang='lat' dir='ltr'><strong>de</strong></span> <span class='ocrx_word' id='word_1_226' title='bbox 489 3035 675 3091; x_wconf 91' lang='lat' dir='ltr'><strong>iisdem</strong></span> <span class='ocrx_word' id='word_1_227' title='bbox 713 3035 828 3090; x_wconf 87' lang='lat' dir='ltr'><strong>istis</strong></span> <span class='ocrx_word' id='word_1_228' title='bbox 852 3033 1090 3103; x_wconf 90' lang='lat' dir='ltr'><strong>partibus</strong></span> <span class='ocrx_word' id='word_1_229' title='bbox 1120 3033 1498 3100; x_wconf 77' lang='lat' dir='ltr'><strong>interrogatur,</strong></span> <span class='ocrx_word' id='word_1_230' title='bbox 1519 3029 1640 3099; x_wconf 89' lang='lat' dir='ltr'><strong>qui-</strong></span> 
     </span>
    </p>
   </div>
   <div class='ocr_carea' id='block_1_30' title="bbox 81 3129 1639 3196">
    <p class='ocr_par' dir='ltr' id='par_1_30' title="bbox 81 3129 1639 3196">
     <span class='ocr_line' id='line_1_30' title="bbox 81 3129 1639 3196; baseline -0.004 -14"><span class='ocrx_word' id='word_1_231' title='bbox 81 3129 160 3182; x_wconf 87' lang='lat' dir='ltr'><strong>bus</strong></span> <span class='ocrx_word' id='word_1_232' title='bbox 205 3130 282 3183; x_wconf 90' lang='lat' dir='ltr'><strong>illa</strong></span> <span class='ocrx_word' id='word_1_233' title='bbox 322 3143 527 3184; x_wconf 88' lang='lat' dir='ltr'><strong>summa</strong></span> <span class='ocrx_word' id='word_1_234' title='bbox 582 3135 809 3192; x_wconf 86' lang='lat' dir='ltr'><strong>constat,</strong></span> <span class='ocrx_word' id='word_1_235' title='bbox 861 3141 1017 3196; x_wconf 89' lang='lat' dir='ltr'><strong>quam</strong></span> <span class='ocrx_word' id='word_1_236' title='bbox 1067 3133 1231 3179; x_wconf 90' lang='lat' dir='ltr'><strong>totam</strong></span> <span class='ocrx_word' id='word_1_237' title='bbox 1271 3138 1490 3179; x_wconf 88' lang='lat' dir='ltr'><strong>cernere</strong></span> <span class='ocrx_word' id='word_1_238' title='bbox 1535 3137 1639 3176; x_wconf 93' lang='lat' dir='ltr'><strong>non</strong></span> 
     </span>
    </p>
   </div>
   <div class='ocr_carea' id='block_1_31' title="bbox 81 3218 1633 3290">
    <p class='ocr_par' dir='ltr' id='par_1_31' title="bbox 81 3218 1633 3290">
     <span class='ocr_line' id='line_1_31' title="bbox 81 3218 1633 3290; baseline -0.002 -19"><span class='ocrx_word' id='word_1_239' title='bbox 81 3222 278 3277; x_wconf 80' lang='lat' dir='ltr'><strong>valebat.</strong></span> <span class='ocrx_word' id='word_1_240' title='bbox 307 3221 422 3290; x_wconf 91' lang='lat' dir='ltr'><strong>Quo</strong></span> <span class='ocrx_word' id='word_1_241' title='bbox 447 3222 492 3276; x_wconf 89' lang='lat' dir='ltr'><strong>si</strong></span> <span class='ocrx_word' id='word_1_242' title='bbox 511 3221 689 3275; x_wconf 90' lang='lat' dir='ltr'><strong>verbis</strong></span> <span class='ocrx_word' id='word_1_243' title='bbox 719 3219 1026 3290; x_wconf 88' lang='lat' dir='ltr'><strong>perdueitur</strong></span> <span class='ocrx_word' id='word_1_244' title='bbox 1055 3218 1174 3287; x_wconf 91' lang='lat' dir='ltr'><strong>ejus</strong></span> <span class='ocrx_word' id='word_1_245' title='bbox 1200 3218 1289 3288; x_wconf 91' lang='lat' dir='ltr'><strong>qui</strong></span> <span class='ocrx_word' id='word_1_246' title='bbox 1323 3218 1633 3286; x_wconf 83' lang='lat' dir='ltr'><strong>interrogat,</strong></span> 
     </span>
    </p>
   </div>
   <div class='ocr_carea' id='block_1_32' title="bbox 83 3308 1639 3378">
    <p class='ocr_par' dir='ltr' id='par_1_32' title="bbox 83 3308 1639 3378">
     <span class='ocr_line' id='line_1_32' title="bbox 83 3308 1639 3378; baseline -0.003 -13"><span class='ocrx_word' id='word_1_247' title='bbox 83 3329 168 3366; x_wconf 89' lang='lat' dir='ltr'><strong>non</strong></span> <span class='ocrx_word' id='word_1_248' title='bbox 197 3323 362 3368; x_wconf 90' lang='lat' dir='ltr'><strong>tamen</strong></span> <span class='ocrx_word' id='word_1_249' title='bbox 392 3312 706 3368; x_wconf 87' lang='lat' dir='ltr'><strong>ducentibus</strong></span> <span class='ocrx_word' id='word_1_250' title='bbox 733 3312 931 3378; x_wconf 89' lang='lat' dir='ltr'><strong>verbis,</strong></span> <span class='ocrx_word' id='word_1_251' title='bbox 964 3310 1056 3364; x_wconf 89' lang='lat' dir='ltr'><strong>sed</strong></span> <span class='ocrx_word' id='word_1_252' title='bbox 1083 3324 1148 3364; x_wconf 91' lang='lat' dir='ltr'><strong>eo</strong></span> <span class='ocrx_word' id='word_1_253' title='bbox 1174 3308 1332 3363; x_wconf 92' lang='lat' dir='ltr'><strong>modo</strong></span> <span class='ocrx_word' id='word_1_254' title='bbox 1366 3309 1639 3378; x_wconf 83' lang='lat' dir='ltr'><strong>inquiren-</strong></span> 
     </span>
    </p>
   </div>
   <div class='ocr_carea' id='block_1_33' title="bbox 85 3400 1639 3476">
    <p class='ocr_par' dir='ltr' id='par_1_33' title="bbox 85 3400 1639 3476">
     <span class='ocr_line' id='line_1_33' title="bbox 85 3400 1639 3476; baseline -0.001 -20"><span class='ocrx_word' id='word_1_255' title='bbox 85 3405 219 3471; x_wconf 85' lang='lat' dir='ltr'><strong>tibus,</strong></span> <span class='ocrx_word' id='word_1_256' title='bbox 248 3421 349 3476; x_wconf 92' lang='lat' dir='ltr'><strong>quo</strong></span> <span class='ocrx_word' id='word_1_257' title='bbox 379 3405 540 3459; x_wconf 90' lang='lat' dir='ltr'><strong>modo</strong></span> <span class='ocrx_word' id='word_1_258' title='bbox 565 3412 646 3459; x_wconf 92' lang='lat' dir='ltr'><strong>est</strong></span> <span class='ocrx_word' id='word_1_259' title='bbox 666 3403 754 3458; x_wconf 91' lang='lat' dir='ltr'><strong>ille</strong></span> <span class='ocrx_word' id='word_1_260' title='bbox 779 3418 810 3457; x_wconf 91' lang='lat' dir='ltr'><strong>a</strong></span> <span class='ocrx_word' id='word_1_261' title='bbox 839 3418 944 3474; x_wconf 91' lang='lat' dir='ltr'><strong>quo</strong></span> <span class='ocrx_word' id='word_1_262' title='bbox 975 3402 1253 3472; x_wconf 61' lang='lat' dir='ltr'><strong>quaeritur,</strong></span> <span class='ocrx_word' id='word_1_263' title='bbox 1290 3401 1432 3455; x_wconf 89' lang='lat' dir='ltr'><strong>intus</strong></span> <span class='ocrx_word' id='word_1_264' title='bbox 1462 3400 1639 3455; x_wconf 89' lang='lat' dir='ltr'><strong>disce-</strong></span> 
     </span>
    </p>
   </div>
   <div class='ocr_carea' id='block_1_34' title="bbox 89 3492 1637 3564">
    <p class='ocr_par' dir='ltr' id='par_1_34' title="bbox 89 3492 1637 3564">
     <span class='ocr_line' id='line_1_34' title="bbox 89 3492 1637 3564; baseline -0.001 -17"><span class='ocrx_word' id='word_1_265' title='bbox 89 3508 141 3548; x_wconf 87' lang='lat' dir='ltr'><strong>re</strong></span> <span class='ocrx_word' id='word_1_266' title='bbox 159 3496 386 3561; x_wconf 88' lang='lat' dir='ltr'><strong>idoneus;</strong></span> <span class='ocrx_word' id='word_1_267' title='bbox 410 3496 557 3550; x_wconf 88' lang='lat' dir='ltr'><strong>velut</strong></span> <span class='ocrx_word' id='word_1_268' title='bbox 585 3496 628 3549; x_wconf 93' lang='lat' dir='ltr'><strong>si</strong></span> <span class='ocrx_word' id='word_1_269' title='bbox 659 3495 753 3549; x_wconf 90' lang='lat' dir='ltr'><strong>abs</strong></span> <span class='ocrx_word' id='word_1_270' title='bbox 777 3503 827 3549; x_wconf 91' lang='lat' dir='ltr'><strong>te</strong></span> <span class='ocrx_word' id='word_1_271' title='bbox 854 3508 1147 3564; x_wconf 80' lang='lat' dir='ltr'><strong>quaererem</strong></span> <span class='ocrx_word' id='word_1_272' title='bbox 1175 3496 1273 3546; x_wconf 92' lang='lat' dir='ltr'><strong>hoc</strong></span> <span class='ocrx_word' id='word_1_273' title='bbox 1305 3494 1476 3563; x_wconf 88' lang='lat' dir='ltr'><strong>ipsum</strong></span> <span class='ocrx_word' id='word_1_274' title='bbox 1499 3492 1637 3561; x_wconf 85' lang='lat' dir='ltr'><strong>quod</strong></span> 
     </span>
    </p>
   </div>
   <div class='ocr_carea' id='block_1_35' title="bbox 88 3585 1639 3654">
    <p class='ocr_par' dir='ltr' id='par_1_35' title="bbox 88 3585 1639 3654">
     <span class='ocr_line' id='line_1_35' title="bbox 88 3585 1639 3654; baseline 0.002 -17"><span class='ocrx_word' id='word_1_275' title='bbox 88 3587 247 3654; x_wconf 85' lang='lat' dir='ltr'><strong>agitur,</strong></span> <span class='ocrx_word' id='word_1_276' title='bbox 276 3599 580 3644; x_wconf 88' lang='lat' dir='ltr'><strong>utrumnam</strong></span> <span class='ocrx_word' id='word_1_277' title='bbox 623 3587 798 3642; x_wconf 88' lang='lat' dir='ltr'><strong>verbis</strong></span> <span class='ocrx_word' id='word_1_278' title='bbox 829 3585 1009 3640; x_wconf 88' lang='lat' dir='ltr'><strong>doceri</strong></span> <span class='ocrx_word' id='word_1_279' title='bbox 1055 3585 1188 3638; x_wconf 84' lang='lat' dir='ltr'><strong>nihil</strong></span> <span class='ocrx_word' id='word_1_280' title='bbox 1219 3586 1403 3654; x_wconf 88' lang='lat' dir='ltr'><strong>possit,</strong></span> <span class='ocrx_word' id='word_1_281' title='bbox 1449 3594 1503 3640; x_wconf 91' lang='lat' dir='ltr'><strong>et</strong></span> <span class='ocrx_word' id='word_1_282' title='bbox 1545 3585 1639 3640; x_wconf 87' lang='lat' dir='ltr'><strong>ab-</strong></span> 
     </span>
    </p>
   </div>
   <div class='ocr_carea' id='block_1_36' title="bbox 84 3677 1643 3752">
    <p class='ocr_par' dir='ltr' id='par_1_36' title="bbox 84 3677 1643 3752">
     <span class='ocr_line' id='line_1_36' title="bbox 84 3677 1643 3752; baseline 0.001 -21"><span class='ocrx_word' id='word_1_283' title='bbox 84 3680 275 3736; x_wconf 82' lang='lat' dir='ltr'><strong>surdum</strong></span> <span class='ocrx_word' id='word_1_284' title='bbox 302 3683 392 3737; x_wconf 91' lang='lat' dir='ltr'><strong>tibi</strong></span> <span class='ocrx_word' id='word_1_285' title='bbox 434 3683 610 3752; x_wconf 91' lang='lat' dir='ltr'><strong>primo</strong></span> <span class='ocrx_word' id='word_1_286' title='bbox 639 3680 910 3734; x_wconf 89' lang='lat' dir='ltr'><strong>videretur</strong></span> <span class='ocrx_word' id='word_1_287' title='bbox 938 3693 1041 3732; x_wconf 91' lang='lat' dir='ltr'><strong>non</strong></span> <span class='ocrx_word' id='word_1_288' title='bbox 1087 3677 1282 3733; x_wconf 89' lang='lat' dir='ltr'><strong>valenti</strong></span> <span class='ocrx_word' id='word_1_289' title='bbox 1316 3688 1480 3732; x_wconf 89' lang='lat' dir='ltr'><strong>totum</strong></span> <span class='ocrx_word' id='word_1_290' title='bbox 1515 3693 1643 3732; x_wconf 90' lang='lat' dir='ltr'><strong>con-</strong></span> 
     </span>
    </p>
   </div>
   <div class='ocr_carea' id='block_1_37' title="bbox 70 3771 1642 3844">
    <p class='ocr_par' dir='ltr' id='par_1_37' title="bbox 70 3771 1642 3844">
     <span class='ocr_line' id='line_1_37' title="bbox 70 3771 1642 3844; baseline 0.001 -20"><span class='ocrx_word' id='word_1_291' title='bbox 70 3772 260 3839; x_wconf 76' lang='lat' dir='ltr'><strong>spicere</strong></span> <span class='ocrx_word' id='word_1_292' title='bbox 285 3793 297 3828; x_wconf 96' lang='lat'><strong>:</strong></span> <span class='ocrx_word' id='word_1_293' title='bbox 330 3775 407 3830; x_wconf 90' lang='lat' dir='ltr'><strong>sic</strong></span> <span class='ocrx_word' id='word_1_294' title='bbox 437 3788 566 3844; x_wconf 86' lang='lat' dir='ltr'><strong>ergo</strong></span> <span class='ocrx_word' id='word_1_295' title='bbox 593 3786 834 3843; x_wconf 73' lang='lat' dir='ltr'><strong>quzerere</strong></span> <span class='ocrx_word' id='word_1_296' title='bbox 861 3771 1116 3840; x_wconf 82' lang='lat' dir='ltr'><strong>Oportuit,</strong></span> <span class='ocrx_word' id='word_1_297' title='bbox 1151 3780 1206 3825; x_wconf 90' lang='lat' dir='ltr'><strong>ut</strong></span> <span class='ocrx_word' id='word_1_298' title='bbox 1234 3779 1337 3826; x_wconf 77' lang='lat' dir='ltr'><strong>ture</strong></span> <span class='ocrx_word' id='word_1_299' title='bbox 1364 3787 1482 3826; x_wconf 90' lang='lat' dir='ltr'><strong>sese</strong></span> <span class='ocrx_word' id='word_1_300' title='bbox 1501 3772 1642 3826; x_wconf 90' lang='lat' dir='ltr'><strong>vires</strong></span> 
     </span>
    </p>
   </div>
   <div class='ocr_carea' id='block_1_38' title="bbox 71 3860 1643 3936">
    <p class='ocr_par' dir='ltr' id='par_1_38' title="bbox 71 3860 1643 3936">
     <span class='ocr_line' id='line_1_38' title="bbox 71 3860 1643 3936; baseline 0.006 -24"><span class='ocrx_word' id='word_1_301' title='bbox 71 3860 254 3922; x_wconf 74' lang='lat' dir='ltr'><strong>habent</strong></span> <span class='ocrx_word' id='word_1_302' title='bbox 275 3868 336 3922; x_wconf 90' lang='lat' dir='ltr'><strong>ad</strong></span> <span class='ocrx_word' id='word_1_303' title='bbox 363 3867 686 3923; x_wconf 89' lang='lat' dir='ltr'><strong>audiendum</strong></span> <span class='ocrx_word' id='word_1_304' title='bbox 716 3866 863 3920; x_wconf 90' lang='lat' dir='ltr'><strong>illum</strong></span> <span class='ocrx_word' id='word_1_305' title='bbox 891 3865 1034 3920; x_wconf 89' lang='lat' dir='ltr'><strong>intus</strong></span> <span class='ocrx_word' id='word_1_306' title='bbox 1061 3865 1396 3936; x_wconf 90' lang='lat' dir='ltr'><strong>magistrum,</strong></span> <span class='ocrx_word' id='word_1_307' title='bbox 1420 3873 1478 3920; x_wconf 90' lang='lat' dir='ltr'><strong>ut</strong></span> <span class='ocrx_word' id='word_1_308' title='bbox 1501 3865 1643 3921; x_wconf 89' lang='lat' dir='ltr'><strong>dice-</strong></span> 
     </span>
    </p>
   </div>
   <div class='ocr_carea' id='block_1_39' title="bbox 84 3957 1644 4030">
    <p class='ocr_par' dir='ltr' id='par_1_39' title="bbox 84 3957 1644 4030">
     <span class='ocr_line' id='line_1_39' title="bbox 84 3957 1644 4030; baseline 0.001 -20"><span class='ocrx_word' id='word_1_309' title='bbox 84 3968 198 4020; x_wconf 78' lang='lat' dir='ltr'><strong>rem,</strong></span> <span class='ocrx_word' id='word_1_310' title='bbox 227 3959 295 4014; x_wconf 83' lang='lat' dir='ltr'><strong>Ea</strong></span> <span class='ocrx_word' id='word_1_311' title='bbox 336 3976 452 4030; x_wconf 71' lang='lat' dir='ltr'><strong>quae</strong></span> <span class='ocrx_word' id='word_1_312' title='bbox 505 3975 590 4014; x_wconf 92' lang='lat' dir='ltr'><strong>me</strong></span> <span class='ocrx_word' id='word_1_313' title='bbox 637 3959 888 4028; x_wconf 83' lang='lat' dir='ltr'><strong>loquente</strong></span> <span class='ocrx_word' id='word_1_314' title='bbox 932 3973 1055 4012; x_wconf 90' lang='lat' dir='ltr'><strong>vera</strong></span> <span class='ocrx_word' id='word_1_315' title='bbox 1097 3972 1216 4012; x_wconf 90' lang='lat' dir='ltr'><strong>esse</strong></span> <span class='ocrx_word' id='word_1_316' title='bbox 1256 3957 1543 4022; x_wconf 88' lang='lat' dir='ltr'><strong>confiteris,</strong></span> <span class='ocrx_word' id='word_1_317' title='bbox 1590 3965 1644 4013; x_wconf 89' lang='lat' dir='ltr'><strong>et</strong></span> 
     </span>
    </p>
   </div>
   <div class='ocr_carea' id='block_1_40' title="bbox 90 4049 1644 4114">
    <p class='ocr_par' dir='ltr' id='par_1_40' title="bbox 90 4049 1644 4114">
     <span class='ocr_line' id='line_1_40' title="bbox 90 4049 1644 4114; baseline 0.004 -18"><span class='ocrx_word' id='word_1_318' title='bbox 90 4058 238 4103; x_wconf 87' lang='lat' dir='ltr'><strong>certus</strong></span> <span class='ocrx_word' id='word_1_319' title='bbox 263 4065 336 4114; x_wconf 89' lang='lat' dir='ltr'><strong>cs,</strong></span> <span class='ocrx_word' id='word_1_320' title='bbox 365 4059 419 4105; x_wconf 89' lang='lat' dir='ltr'><strong>et</strong></span> <span class='ocrx_word' id='word_1_321' title='bbox 449 4060 500 4105; x_wconf 91' lang='lat' dir='ltr'><strong>te</strong></span> <span class='ocrx_word' id='word_1_322' title='bbox 544 4049 632 4103; x_wconf 90' lang='lat' dir='ltr'><strong>illa</strong></span> <span class='ocrx_word' id='word_1_323' title='bbox 676 4064 834 4104; x_wconf 90' lang='lat' dir='ltr'><strong>nosse</strong></span> <span class='ocrx_word' id='word_1_324' title='bbox 863 4050 1169 4113; x_wconf 85' lang='lat' dir='ltr'><strong>confirmas,</strong></span> <span class='ocrx_word' id='word_1_325' title='bbox 1200 4049 1338 4103; x_wconf 91' lang='lat' dir='ltr'><strong>unde</strong></span> <span class='ocrx_word' id='word_1_326' title='bbox 1369 4049 1644 4103; x_wconf 85' lang='lat' dir='ltr'><strong>didicisti?</strong></span> 
     </span>
    </p>
   </div>
   <div class='ocr_carea' id='block_1_41' title="bbox 87 4140 1642 4212">
    <p class='ocr_par' dir='ltr' id='par_1_41' title="bbox 87 4140 1642 4212">
     <span class='ocr_line' id='line_1_41' title="bbox 87 4140 1642 4212; baseline 0.004 -22"><span class='ocrx_word' id='word_1_327' title='bbox 87 4141 405 4208; x_wconf 80' lang='lat' dir='ltr'><strong>responderes</strong></span> <span class='ocrx_word' id='word_1_328' title='bbox 449 4141 673 4197; x_wconf 83' lang='lat' dir='ltr'><strong>fortasse</strong></span> <span class='ocrx_word' id='word_1_329' title='bbox 701 4141 842 4210; x_wconf 90' lang='lat' dir='ltr'><strong>quod</strong></span> <span class='ocrx_word' id='word_1_330' title='bbox 881 4157 979 4212; x_wconf 87' lang='lat' dir='ltr'><strong>ego</strong></span> <span class='ocrx_word' id='word_1_331' title='bbox 1008 4140 1329 4196; x_wconf 90' lang='lat' dir='ltr'><strong>docuissem.</strong></span> <span class='ocrx_word' id='word_1_332' title='bbox 1361 4141 1498 4196; x_wconf 88' lang='lat' dir='ltr'><strong>Tum</strong></span> <span class='ocrx_word' id='word_1_333' title='bbox 1542 4156 1642 4211; x_wconf 86' lang='lat' dir='ltr'><strong>ego</strong></span> 
     </span>
    </p>
   </div>
   <div class='ocr_carea' id='block_1_42' title="bbox 88 4228 1644 4302">
    <p class='ocr_par' dir='ltr' id='par_1_42' title="bbox 88 4228 1644 4302">
     <span class='ocr_line' id='line_1_42' title="bbox 88 4228 1644 4302; baseline 0.006 -24"><span class='ocrx_word' id='word_1_334' title='bbox 88 4228 418 4290; x_wconf 88' lang='lat' dir='ltr'><strong>snbnecterem</strong></span> <span class='ocrx_word' id='word_1_335' title='bbox 446 4253 459 4287; x_wconf 89' lang='lat'><strong>:</strong></span> <span class='ocrx_word' id='word_1_336' title='bbox 488 4234 626 4302; x_wconf 88' lang='lat' dir='ltr'><strong>Quid</strong></span> <span class='ocrx_word' id='word_1_337' title='bbox 654 4234 701 4289; x_wconf 88' lang='lat' dir='ltr'><strong>si</strong></span> <span class='ocrx_word' id='word_1_338' title='bbox 731 4249 816 4289; x_wconf 92' lang='lat' dir='ltr'><strong>me</strong></span> <span class='ocrx_word' id='word_1_339' title='bbox 853 4234 1118 4289; x_wconf 90' lang='lat' dir='ltr'><strong>hominem</strong></span> <span class='ocrx_word' id='word_1_340' title='bbox 1150 4233 1415 4288; x_wconf 85' lang='lat' dir='ltr'><strong>volantem</strong></span> <span class='ocrx_word' id='word_1_341' title='bbox 1448 4233 1644 4288; x_wconf 88' lang='lat' dir='ltr'><strong>vidisse</strong></span> 
     </span>
    </p>
   </div>
   <div class='ocr_carea' id='block_1_43' title="bbox 88 4315 1642 4393">
    <p class='ocr_par' dir='ltr' id='par_1_43' title="bbox 88 4315 1642 4393">
     <span class='ocr_line' id='line_1_43' title="bbox 88 4315 1642 4393; baseline 0.006 -23"><span class='ocrx_word' id='word_1_342' title='bbox 88 4317 308 4392; x_wconf 89' lang='lat' dir='ltr'><strong>dicerem,</strong></span> <span class='ocrx_word' id='word_1_343' title='bbox 337 4327 479 4382; x_wconf 89' lang='lat' dir='ltr'><strong>itane</strong></span> <span class='ocrx_word' id='word_1_344' title='bbox 503 4315 554 4381; x_wconf 77' lang='lat' dir='ltr'><strong>te</strong></span> <span class='ocrx_word' id='word_1_345' title='bbox 580 4335 786 4380; x_wconf 91' lang='lat' dir='ltr'><strong>certum</strong></span> <span class='ocrx_word' id='word_1_346' title='bbox 809 4324 970 4379; x_wconf 89' lang='lat' dir='ltr'><strong>verba</strong></span> <span class='ocrx_word' id='word_1_347' title='bbox 991 4340 1107 4379; x_wconf 90' lang='lat' dir='ltr'><strong>mea</strong></span> <span class='ocrx_word' id='word_1_348' title='bbox 1125 4323 1428 4390; x_wconf 90' lang='lat' dir='ltr'><strong>redderent,</strong></span> <span class='ocrx_word' id='word_1_349' title='bbox 1456 4339 1642 4393; x_wconf 87' lang='lat' dir='ltr'><strong>quem—</strong></span> 
     </span>
    </p>
   </div>
   <div class='ocr_carea' id='block_1_44' title="bbox 92 4410 1643 4486">
    <p class='ocr_par' dir='ltr' id='par_1_44' title="bbox 92 4410 1643 4486">
     <span class='ocr_line' id='line_1_44' title="bbox 92 4410 1643 4486; baseline 0.003 -21"><span class='ocrx_word' id='word_1_350' title='bbox 92 4410 338 4471; x_wconf 79' lang='lat' dir='ltr'><strong>admodum</strong></span> <span class='ocrx_word' id='word_1_351' title='bbox 369 4418 414 4472; x_wconf 91' lang='lat' dir='ltr'><strong>si</strong></span> <span class='ocrx_word' id='word_1_352' title='bbox 454 4417 664 4472; x_wconf 89' lang='lat' dir='ltr'><strong>audires</strong></span> <span class='ocrx_word' id='word_1_353' title='bbox 706 4416 972 4486; x_wconf 89' lang='lat' dir='ltr'><strong>sapientes</strong></span> <span class='ocrx_word' id='word_1_354' title='bbox 1021 4414 1264 4470; x_wconf 88' lang='lat' dir='ltr'><strong>homines</strong></span> <span class='ocrx_word' id='word_1_355' title='bbox 1310 4415 1482 4470; x_wconf 87' lang='lat' dir='ltr'><strong>stultis</strong></span> <span class='ocrx_word' id='word_1_356' title='bbox 1525 4429 1643 4470; x_wconf 87' lang='lat' dir='ltr'><strong>esse</strong></span> 
     </span>
    </p>
   </div>
   <div class='ocr_carea' id='block_1_45' title="bbox 93 4505 1643 4580">
    <p class='ocr_par' dir='ltr' id='par_1_45' title="bbox 93 4505 1643 4580">
     <span class='ocr_line' id='line_1_45' title="bbox 93 4505 1643 4580; baseline 0.005 -28"><span class='ocrx_word' id='word_1_357' title='bbox 93 4505 583 4580; x_wconf 80' lang='lat' dir='ltr'><strong>nteliores?Negares</strong></span> <span class='ocrx_word' id='word_1_358' title='bbox 606 4509 842 4578; x_wconf 87' lang='lat' dir='ltr'><strong>profecto</strong></span> <span class='ocrx_word' id='word_1_359' title='bbox 858 4516 911 4564; x_wconf 90' lang='lat' dir='ltr'><strong>et</strong></span> <span class='ocrx_word' id='word_1_360' title='bbox 930 4507 1302 4578; x_wconf 89' lang='lat' dir='ltr'><strong>responderes,</strong></span> <span class='ocrx_word' id='word_1_361' title='bbox 1319 4507 1446 4561; x_wconf 87' lang='lat' dir='ltr'><strong>illud</strong></span> <span class='ocrx_word' id='word_1_362' title='bbox 1471 4516 1520 4561; x_wconf 89' lang='lat' dir='ltr'><strong>te</strong></span> <span class='ocrx_word' id='word_1_363' title='bbox 1536 4521 1643 4560; x_wconf 93' lang='lat' dir='ltr'><strong>non</strong></span> 
     </span>
    </p>
   </div>
   <div class='ocr_carea' id='block_1_46' title="bbox 99 4585 1642 4668">
    <p class='ocr_par' dir='ltr' id='par_1_46' title="bbox 99 4585 1642 4668">
     <span class='ocr_line' id='line_1_46' title="bbox 99 4585 1642 4668; baseline 0.007 -27"><span class='ocrx_word' id='word_1_364' title='bbox 99 4595 297 4665; x_wconf 81' lang='lat' dir='ltr'><strong>credere,</strong></span> <span class='ocrx_word' id='word_1_365' title='bbox 346 4608 438 4655; x_wconf 89' lang='lat' dir='ltr'><strong>ant</strong></span> <span class='ocrx_word' id='word_1_366' title='bbox 476 4600 684 4655; x_wconf 91' lang='lat' dir='ltr'><strong>etiamsi</strong></span> <span class='ocrx_word' id='word_1_367' title='bbox 718 4585 964 4654; x_wconf 85' lang='lat' dir='ltr'><strong>crederes</strong></span> <span class='ocrx_word' id='word_1_368' title='bbox 1009 4599 1270 4668; x_wconf 89' lang='lat' dir='ltr'><strong>ignorare,</strong></span> <span class='ocrx_word' id='word_1_369' title='bbox 1324 4598 1424 4652; x_wconf 91' lang='lat' dir='ltr'><strong>hoc</strong></span> <span class='ocrx_word' id='word_1_370' title='bbox 1465 4605 1642 4652; x_wconf 90' lang='lat' dir='ltr'><strong>autem</strong></span> 
     </span>
    </p>
   </div>
   <div class='ocr_carea' id='block_1_47' title="bbox 90 4687 1638 4761">
    <p class='ocr_par' dir='ltr' id='par_1_47' title="bbox 90 4687 1638 4761">
     <span class='ocr_line' id='line_1_47' title="bbox 90 4687 1638 4761; baseline 0.007 -28"><span class='ocrx_word' id='word_1_371' title='bbox 90 4687 346 4748; x_wconf 85' lang='lat' dir='ltr'><strong>certissime</strong></span> <span class='ocrx_word' id='word_1_372' title='bbox 378 4693 537 4747; x_wconf 92' lang='lat' dir='ltr'><strong>scire.</strong></span> <span class='ocrx_word' id='word_1_373' title='bbox 587 4692 666 4746; x_wconf 82' lang='lat' dir='ltr'><strong>Ex</strong></span> <span class='ocrx_word' id='word_1_374' title='bbox 711 4691 814 4746; x_wconf 91' lang='lat' dir='ltr'><strong>hoc</strong></span> <span class='ocrx_word' id='word_1_375' title='bbox 849 4691 956 4761; x_wconf 88' lang='lat' dir='ltr'><strong>jam</strong></span> <span class='ocrx_word' id='word_1_376' title='bbox 998 4690 1246 4745; x_wconf 90' lang='lat' dir='ltr'><strong>nimirum</strong></span> <span class='ocrx_word' id='word_1_377' title='bbox 1298 4690 1638 4761; x_wconf 88' lang='lat' dir='ltr'><strong>intelligeres,</strong></span> 
     </span>
    </p>
   </div>
   <div class='ocr_carea' id='block_1_48' title="bbox 88 4780 1644 4852">
    <p class='ocr_par' dir='ltr' id='par_1_48' title="bbox 88 4780 1644 4852">
     <span class='ocr_line' id='line_1_48' title="bbox 88 4780 1644 4852; baseline 0.001 -19"><span class='ocrx_word' id='word_1_378' title='bbox 88 4783 234 4842; x_wconf 79' lang='lat' dir='ltr'><strong>neque</strong></span> <span class='ocrx_word' id='word_1_379' title='bbox 260 4782 309 4837; x_wconf 93' lang='lat' dir='ltr'><strong>in</strong></span> <span class='ocrx_word' id='word_1_380' title='bbox 334 4783 425 4838; x_wconf 93' lang='lat' dir='ltr'><strong>illo</strong></span> <span class='ocrx_word' id='word_1_381' title='bbox 454 4781 596 4852; x_wconf 88' lang='lat' dir='ltr'><strong>quod</strong></span> <span class='ocrx_word' id='word_1_382' title='bbox 627 4796 712 4835; x_wconf 93' lang='lat' dir='ltr'><strong>me</strong></span> <span class='ocrx_word' id='word_1_383' title='bbox 746 4780 1044 4836; x_wconf 79' lang='lat' dir='ltr'><strong>affirmante</strong></span> <span class='ocrx_word' id='word_1_384' title='bbox 1071 4781 1363 4851; x_wconf 89' lang='lat' dir='ltr'><strong>ignorares,</strong></span> <span class='ocrx_word' id='word_1_385' title='bbox 1391 4796 1564 4851; x_wconf 88' lang='lat' dir='ltr'><strong>neque</strong></span> <span class='ocrx_word' id='word_1_386' title='bbox 1592 4781 1644 4835; x_wconf 93' lang='lat' dir='ltr'><strong>in</strong></span> 
     </span>
    </p>
   </div>
   <div class='ocr_carea' id='block_1_49' title="bbox 86 4858 1644 4945">
    <p class='ocr_par' dir='ltr' id='par_1_49' title="bbox 86 4858 1644 4945">
     <span class='ocr_line' id='line_1_49' title="bbox 86 4858 1644 4945; baseline 0.01 -33"><span class='ocrx_word' id='word_1_387' title='bbox 86 4858 174 4918; x_wconf 88' lang='lat' dir='ltr'><strong>hoc</strong></span> <span class='ocrx_word' id='word_1_388' title='bbox 199 4875 324 4942; x_wconf 86' lang='lat' dir='ltr'><strong>quod</strong></span> <span class='ocrx_word' id='word_1_389' title='bbox 361 4875 562 4945; x_wconf 89' lang='lat' dir='ltr'><strong>optime</strong></span> <span class='ocrx_word' id='word_1_390' title='bbox 588 4873 776 4941; x_wconf 86' lang='lat' dir='ltr'><strong>scires,</strong></span> <span class='ocrx_word' id='word_1_391' title='bbox 826 4871 1024 4942; x_wconf 91' lang='lat' dir='ltr'><strong>aliquid</strong></span> <span class='ocrx_word' id='word_1_392' title='bbox 1067 4881 1119 4928; x_wconf 83' lang='lat' dir='ltr'><strong>te</strong></span> <span class='ocrx_word' id='word_1_393' title='bbox 1166 4872 1415 4928; x_wconf 90' lang='lat' dir='ltr'><strong>didicisse</strong></span> <span class='ocrx_word' id='word_1_394' title='bbox 1469 4873 1644 4928; x_wconf 86' lang='lat' dir='ltr'><strong>verbis</strong></span> 
     </span>
    </p>
   </div>
   <div class='ocr_carea' id='block_1_50' title="bbox 44 4955 1641 5056">
    <p class='ocr_par' dir='ltr' id='par_1_50' title="bbox 44 4955 1641 5056">
     <span class='ocr_line' id='line_1_50' title="bbox 44 4955 1641 5056; baseline 0.006 -44"><span class='ocrx_word' id='word_1_395' title='bbox 44 4971 56 5056; x_wconf 32' lang='grc' dir='ltr'>δ</span> <span class='ocrx_word' id='word_1_396' title='bbox 84 4955 236 5056; x_wconf 63' lang='lat' dir='ltr'><strong>meis;</strong></span> <span class='ocrx_word' id='word_1_397' title='bbox 265 4965 685 5036; x_wconf 87' lang='lat' dir='ltr'><strong>quandoquidem</strong></span> <span class='ocrx_word' id='word_1_398' title='bbox 727 4965 888 5020; x_wconf 90' lang='lat' dir='ltr'><strong>etiam</strong></span> <span class='ocrx_word' id='word_1_399' title='bbox 917 4965 1273 5036; x_wconf 81' lang='lat' dir='ltr'><strong>interrogatus</strong></span> <span class='ocrx_word' id='word_1_400' title='bbox 1311 4966 1377 5021; x_wconf 93' lang='lat' dir='ltr'><strong>de</strong></span> <span class='ocrx_word' id='word_1_401' title='bbox 1403 4967 1641 5036; x_wconf 89' lang='lat' dir='ltr'><strong>singulis,</strong></span> 
     </span>
    </p>
   </div>
   <div class='ocr_carea' id='block_1_51' title="bbox 42 5047 1643 5131">
    <p class='ocr_par' dir='ltr' id='par_1_51' title="bbox 42 5047 1643 5131">
     <span class='ocr_line' id='line_1_51' title="bbox 42 5047 1643 5131; baseline 0.006 -27"><span class='ocrx_word' id='word_1_402' title='bbox 42 5047 52 5104; x_wconf 74' lang='grc' dir='ltr'><strong>ἑ</strong></span> <span class='ocrx_word' id='word_1_403' title='bbox 79 5054 122 5098; x_wconf 87' lang='lat' dir='ltr'><strong>et</strong></span> <span class='ocrx_word' id='word_1_404' title='bbox 141 5047 268 5112; x_wconf 86' lang='lat' dir='ltr'><strong>illud</strong></span> <span class='ocrx_word' id='word_1_405' title='bbox 287 5059 544 5131; x_wconf 88' lang='lat' dir='ltr'><strong>ignotum,</strong></span> <span class='ocrx_word' id='word_1_406' title='bbox 576 5067 630 5114; x_wconf 91' lang='lat' dir='ltr'><strong>et</strong></span> <span class='ocrx_word' id='word_1_407' title='bbox 656 5057 756 5114; x_wconf 90' lang='lat' dir='ltr'><strong>hoc</strong></span> <span class='ocrx_word' id='word_1_408' title='bbox 785 5058 879 5113; x_wconf 91' lang='lat' dir='ltr'><strong>tibi</strong></span> <span class='ocrx_word' id='word_1_409' title='bbox 906 5066 1090 5112; x_wconf 89' lang='lat' dir='ltr'><strong>notum</strong></span> <span class='ocrx_word' id='word_1_410' title='bbox 1117 5074 1236 5114; x_wconf 91' lang='lat' dir='ltr'><strong>esse</strong></span> <span class='ocrx_word' id='word_1_411' title='bbox 1256 5059 1485 5129; x_wconf 78' lang='lat' dir='ltr'><strong>iurares.</strong></span> <span class='ocrx_word' id='word_1_412' title='bbox 1511 5059 1643 5114; x_wconf 92' lang='lat' dir='ltr'><strong>Tum</strong></span> 
     </span>
    </p>
   </div>
   <div class='ocr_carea' id='block_1_52' title="bbox 75 5146 1647 5220">
    <p class='ocr_par' dir='ltr' id='par_1_52' title="bbox 75 5146 1647 5220">
     <span class='ocr_line' id='line_1_52' title="bbox 75 5146 1647 5220; baseline 0.014 -36"><span class='ocrx_word' id='word_1_413' title='bbox 75 5146 189 5196; x_wconf 85' lang='lat' dir='ltr'><strong>vero</strong></span> <span class='ocrx_word' id='word_1_414' title='bbox 218 5158 373 5206; x_wconf 90' lang='lat' dir='ltr'><strong>totum</strong></span> <span class='ocrx_word' id='word_1_415' title='bbox 407 5151 536 5206; x_wconf 91' lang='lat' dir='ltr'><strong>illud</strong></span> <span class='ocrx_word' id='word_1_416' title='bbox 578 5149 722 5220; x_wconf 86' lang='lat' dir='ltr'><strong>quod</strong></span> <span class='ocrx_word' id='word_1_417' title='bbox 751 5165 1046 5220; x_wconf 89' lang='lat' dir='ltr'><strong>negaveras</strong></span> <span class='ocrx_word' id='word_1_418' title='bbox 1078 5149 1339 5219; x_wconf 86' lang='lat' dir='ltr'><strong>fatereris,</strong></span> <span class='ocrx_word' id='word_1_419' title='bbox 1375 5167 1494 5207; x_wconf 90' lang='lat' dir='ltr'><strong>cum</strong></span> <span class='ocrx_word' id='word_1_420' title='bbox 1534 5152 1647 5206; x_wconf 68' lang='grc' dir='ltr'><strong>ιιωο</strong></span> 
     </span>
    </p>
   </div>
   <div class='ocr_carea' id='block_1_53' title="bbox 70 5237 1642 5316">
    <p class='ocr_par' dir='ltr' id='par_1_53' title="bbox 70 5237 1642 5316">
     <span class='ocr_line' id='line_1_53' title="bbox 70 5237 1642 5316; baseline 0.004 -22"><span class='ocrx_word' id='word_1_421' title='bbox 70 5237 122 5280; x_wconf 70' lang='grc' dir='ltr'><strong>ει</strong></span> <span class='ocrx_word' id='word_1_422' title='bbox 144 5241 342 5307; x_wconf 65' lang='lat' dir='ltr'><strong>Quibus</strong></span> <span class='ocrx_word' id='word_1_423' title='bbox 365 5251 593 5309; x_wconf 87' lang='lat' dir='ltr'><strong>constat,</strong></span> <span class='ocrx_word' id='word_1_424' title='bbox 634 5242 779 5298; x_wconf 86' lang='lat' dir='ltr'><strong>clara</strong></span> <span class='ocrx_word' id='word_1_425' title='bbox 823 5251 876 5297; x_wconf 90' lang='lat' dir='ltr'><strong>et</strong></span> <span class='ocrx_word' id='word_1_426' title='bbox 914 5252 1059 5298; x_wconf 91' lang='lat' dir='ltr'><strong>certa</strong></span> <span class='ocrx_word' id='word_1_427' title='bbox 1103 5259 1221 5300; x_wconf 90' lang='lat' dir='ltr'><strong>esse</strong></span> <span class='ocrx_word' id='word_1_428' title='bbox 1259 5259 1642 5316; x_wconf 86' lang='lat' dir='ltr'><strong>cognosceres;</strong></span> 
     </span>
    </p>
   </div>
   <div class='ocr_carea' id='block_1_54' title="bbox 64 5323 1642 5406">
    <p class='ocr_par' dir='ltr' id='par_1_54' title="bbox 64 5323 1642 5406">
     <span class='ocr_line' id='line_1_54' title="bbox 64 5323 1642 5406; baseline 0.006 -23"><span class='ocrx_word' id='word_1_429' title='bbox 64 5323 242 5386; x_wconf 70' lang='lat' dir='ltr'><strong>omnia</strong></span> <span class='ocrx_word' id='word_1_430' title='bbox 272 5335 470 5391; x_wconf 89' lang='lat' dir='ltr'><strong>scilicet</strong></span> <span class='ocrx_word' id='word_1_431' title='bbox 497 5349 614 5406; x_wconf 64' lang='lat' dir='ltr'><strong>quae</strong></span> <span class='ocrx_word' id='word_1_432' title='bbox 643 5333 932 5404; x_wconf 89' lang='lat' dir='ltr'><strong>loquimur,</strong></span> <span class='ocrx_word' id='word_1_433' title='bbox 960 5344 1051 5389; x_wconf 91' lang='lat' dir='ltr'><strong>aut</strong></span> <span class='ocrx_word' id='word_1_434' title='bbox 1077 5334 1322 5406; x_wconf 86' lang='lat' dir='ltr'><strong>ignorare</strong></span> <span class='ocrx_word' id='word_1_435' title='bbox 1347 5336 1642 5393; x_wconf 90' lang='lat' dir='ltr'><strong>auditorem</strong></span> 
     </span>
    </p>
   </div>
   <div class='ocr_carea' id='block_1_55' title="bbox 61 5417 1648 5511">
    <p class='ocr_par' dir='ltr' id='par_1_55' title="bbox 61 5417 1648 5511">
     <span class='ocr_line' id='line_1_55' title="bbox 61 5417 1648 5511; baseline 0.004 -32"><span class='ocrx_word' id='word_1_436' title='bbox 61 5417 242 5511; x_wconf 61' lang='grc' dir='ltr'><strong>υξηιηι</strong></span> <span class='ocrx_word' id='word_1_437' title='bbox 284 5443 408 5508; x_wconf 74' lang='lat' dir='ltr'><strong>vera</strong></span> <span class='ocrx_word' id='word_1_438' title='bbox 447 5428 573 5494; x_wconf 89' lang='lat' dir='ltr'><strong>sint,</strong></span> <span class='ocrx_word' id='word_1_439' title='bbox 618 5425 892 5501; x_wconf 88' lang='lat' dir='ltr'><strong>a_ut.falsa</strong></span> <span class='ocrx_word' id='word_1_440' title='bbox 932 5441 1054 5482; x_wconf 90' lang='lat' dir='ltr'><strong>esse</strong></span> <span class='ocrx_word' id='word_1_441' title='bbox 1098 5442 1208 5482; x_wconf 92' lang='lat' dir='ltr'><strong>non</strong></span> <span class='ocrx_word' id='word_1_442' title='bbox 1246 5427 1512 5498; x_wconf 87' lang='lat' dir='ltr'><strong>ignorare,</strong></span> <span class='ocrx_word' id='word_1_443' title='bbox 1557 5438 1648 5485; x_wconf 85' lang='lat' dir='ltr'><strong>aut</strong></span> 
     </span>
    </p>
   </div>
   <div class='ocr_carea' id='block_1_56' title="bbox 47 5503 1648 5590">
    <p class='ocr_par' dir='ltr' id='par_1_56' title="bbox 47 5503 1648 5590">
     <span class='ocr_line' id='line_1_56' title="bbox 47 5503 1648 5590; baseline 0.004 -20"><span class='ocrx_word' id='word_1_444' title='bbox 47 5503 210 5590; x_wconf 52' lang='lat' dir='ltr'><strong>WPQ</strong></span> <span class='ocrx_word' id='word_1_445' title='bbox 240 5533 359 5574; x_wconf 91' lang='lat' dir='ltr'><strong>vera</strong></span> <span class='ocrx_word' id='word_1_446' title='bbox 399 5503 546 5574; x_wconf 42' lang='lat' dir='ltr'><strong>&quot;esse.</strong></span> <span class='ocrx_word' id='word_1_447' title='bbox 605 5517 809 5574; x_wconf 84' lang='lat' dir='ltr'><strong>Horum</strong></span> <span class='ocrx_word' id='word_1_448' title='bbox 855 5517 1020 5574; x_wconf 88' lang='lat' dir='ltr'><strong>trium</strong></span> <span class='ocrx_word' id='word_1_449' title='bbox 1077 5519 1129 5574; x_wconf 92' lang='lat' dir='ltr'><strong>in</strong></span> <span class='ocrx_word' id='word_1_450' title='bbox 1174 5518 1348 5590; x_wconf 89' lang='lat' dir='ltr'><strong>primo</strong></span> <span class='ocrx_word' id='word_1_451' title='bbox 1398 5528 1489 5575; x_wconf 89' lang='lat' dir='ltr'><strong>aut</strong></span> <span class='ocrx_word' id='word_1_452' title='bbox 1530 5535 1648 5576; x_wconf 90' lang='lat' dir='ltr'><strong>cre-</strong></span> 
     </span>
    </p>
   </div>
   <div class='ocr_carea' id='block_1_57' title="bbox 39 5586 1646 5695">
    <p class='ocr_par' dir='ltr' id='par_1_57' title="bbox 39 5586 1646 5695">
     <span class='ocr_line' id='line_1_57' title="bbox 39 5586 1646 5695; baseline 0.006 -34"><span class='ocrx_word' id='word_1_453' title='bbox 39 5586 217 5695; x_wconf 44' lang='lat' dir='ltr'><strong>flefQ,</strong></span> <span class='ocrx_word' id='word_1_454' title='bbox 245 5619 332 5666; x_wconf 90' lang='lat' dir='ltr'><strong>aut</strong></span> <span class='ocrx_word' id='word_1_455' title='bbox 377 5612 604 5682; x_wconf 88' lang='lat' dir='ltr'><strong>opinari,</strong></span> <span class='ocrx_word' id='word_1_456' title='bbox 649 5620 742 5666; x_wconf 89' lang='lat' dir='ltr'><strong>aut</strong></span> <span class='ocrx_word' id='word_1_457' title='bbox 775 5611 1052 5678; x_wconf 87' lang='lat' dir='ltr'><strong>dubitare;</strong></span> <span class='ocrx_word' id='word_1_458' title='bbox 1101 5612 1154 5667; x_wconf 94' lang='lat' dir='ltr'><strong>in</strong></span> <span class='ocrx_word' id='word_1_459' title='bbox 1175 5586 1415 5669; x_wconf 80' lang='lat' dir='ltr'><strong>secundo</strong></span> <span class='ocrx_word' id='word_1_460' title='bbox 1453 5614 1646 5671; x_wconf 89' lang='lat' dir='ltr'><strong>adver-</strong></span> 
     </span>
    </p>
   </div>
   <div class='ocr_carea' id='block_1_58' title="bbox 26 5690 1646 5779">
    <p class='ocr_par' dir='ltr' id='par_1_58' title="bbox 26 5690 1646 5779">
     <span class='ocr_line' id='line_1_58' title="bbox 26 5690 1646 5779; baseline 0.004 -22"><span class='ocrx_word' id='word_1_461' title='bbox 26 5690 124 5779; x_wconf 54' lang='grc' dir='ltr'><strong>ξθηλ</strong></span> <span class='ocrx_word' id='word_1_462' title='bbox 202 5712 352 5775; x_wconf 90' lang='lat' dir='ltr'><strong>atque</strong></span> <span class='ocrx_word' id='word_1_463' title='bbox 376 5719 633 5770; x_wconf 88' lang='lat' dir='ltr'><strong>renuere;</strong></span> <span class='ocrx_word' id='word_1_464' title='bbox 667 5703 721 5759; x_wconf 92' lang='lat' dir='ltr'><strong>in</strong></span> <span class='ocrx_word' id='word_1_465' title='bbox 748 5704 908 5760; x_wconf 89' lang='lat' dir='ltr'><strong>tertio</strong></span> <span class='ocrx_word' id='word_1_466' title='bbox 934 5704 1175 5761; x_wconf 88' lang='lat' dir='ltr'><strong>attestari</strong></span> <span class='ocrx_word' id='word_1_467' title='bbox 1200 5724 1212 5760; x_wconf 93' lang='lat'><strong>:</strong></span> <span class='ocrx_word' id='word_1_468' title='bbox 1251 5721 1514 5778; x_wconf 89' lang='lat' dir='ltr'><strong>nusquam</strong></span> <span class='ocrx_word' id='word_1_469' title='bbox 1544 5707 1646 5779; x_wconf 90' lang='lat' dir='ltr'><strong>igi-</strong></span> 
     </span>
    </p>
   </div>
   <div class='ocr_carea' id='block_1_59' title="bbox 31 5776 1644 5868">
    <p class='ocr_par' dir='ltr' id='par_1_59' title="bbox 31 5776 1644 5868">
     <span class='ocr_line' id='line_1_59' title="bbox 31 5776 1644 5868; baseline 0.019 -41"><span class='ocrx_word' id='word_1_470' title='bbox 31 5776 105 5829; x_wconf 54' lang='grc' dir='ltr'><strong>κω</strong></span> <span class='ocrx_word' id='word_1_471' title='bbox 191 5794 408 5854; x_wconf 65' lang='lat' dir='ltr'><strong>discere.</strong></span> <span class='ocrx_word' id='word_1_472' title='bbox 446 5797 582 5865; x_wconf 83' lang='lat' dir='ltr'><strong>Quia</strong></span> <span class='ocrx_word' id='word_1_473' title='bbox 626 5806 681 5853; x_wconf 92' lang='lat' dir='ltr'><strong>et</strong></span> <span class='ocrx_word' id='word_1_474' title='bbox 722 5797 811 5854; x_wconf 89' lang='lat' dir='ltr'><strong>ille</strong></span> <span class='ocrx_word' id='word_1_475' title='bbox 849 5797 940 5868; x_wconf 92' lang='lat' dir='ltr'><strong>qui</strong></span> <span class='ocrx_word' id='word_1_476' title='bbox 969 5807 1092 5868; x_wconf 90' lang='lat' dir='ltr'><strong>post</strong></span> <span class='ocrx_word' id='word_1_477' title='bbox 1120 5798 1278 5856; x_wconf 88' lang='lat' dir='ltr'><strong>verba</strong></span> <span class='ocrx_word' id='word_1_478' title='bbox 1306 5776 1484 5857; x_wconf 84' lang='lat' dir='ltr'><strong>nostra</strong></span> <span class='ocrx_word' id='word_1_479' title='bbox 1529 5776 1644 5857; x_wconf 78' lang='lat' dir='ltr'><strong>rem</strong></span> 
     </span>
    </p>
   </div>
   <div class='ocr_carea' id='block_1_60' title="bbox 117 5881 1182 5954">
    <p class='ocr_par' dir='ltr' id='par_1_60' title="bbox 117 5881 1182 5954">
     <span class='ocr_line' id='line_1_60' title="bbox 117 5881 1182 5954; baseline 0.003 -8"><span class='ocrx_word' id='word_1_480' title='bbox 117 5881 138 5919; x_wconf 58' lang='grc' dir='ltr'><strong>λ</strong></span> <span class='ocrx_word' id='word_1_481' title='bbox 185 5895 870 5954; x_wconf 71' lang='lat' dir='ltr'><strong>Er.tev.siautemiuenon</strong></span> <span class='ocrx_word' id='word_1_482' title='bbox 899 5899 1060 5953; x_wconf 73' lang='lat' dir='ltr'><strong>mit.</strong></span> <span class='ocrx_word' id='word_1_483' title='bbox 1125 5905 1182 5950; x_wconf 86' lang='lat' dir='ltr'><strong>M.</strong></span> 
     </span>
    </p>
   </div>
   <div class='ocr_carea' id='block_1_61' title="bbox 1441 429 1882 493">
    <p class='ocr_par' dir='ltr' id='par_1_61' title="bbox 1441 429 1882 493">
     <span class='ocr_line' id='line_1_61' title="bbox 1441 429 1882 493; baseline 0 -4"><span class='ocrx_word' id='word_1_484' title='bbox 1441 431 1647 490; x_wconf 81' lang='lat' dir='ltr'><strong>LIBER</strong></span> <span class='ocrx_word' id='word_1_485' title='bbox 1683 429 1882 493; x_wconf 84' lang='lat' dir='ltr'><strong>UNUS.</strong></span> 
     </span>
    </p>
   </div>
   <div class='ocr_carea' id='block_1_62' title="bbox 3179 435 3319 497">
    <p class='ocr_par' dir='ltr' id='par_1_62' title="bbox 3179 435 3319 497">
     <span class='ocr_line' id='line_1_62' title="bbox 3179 435 3319 497; baseline 0.007 -1"><span class='ocrx_word' id='word_1_486' title='bbox 3179 435 3319 497; x_wconf 71' lang='grc'><strong>1218</strong></span> 
     </span>
    </p>
   </div>
   <div class='ocr_carea' id='block_1_63' title="bbox 1731 547 3310 624">
    <p class='ocr_par' dir='ltr' id='par_1_63' title="bbox 1731 547 3310 624">
     <span class='ocr_line' id='line_1_63' title="bbox 1731 547 3310 624; baseline 0.004 -22"><span class='ocrx_word' id='word_1_487' title='bbox 1731 547 1918 611; x_wconf 89' lang='lat' dir='ltr'><strong>nescit,</strong></span> <span class='ocrx_word' id='word_1_488' title='bbox 1948 557 2000 602; x_wconf 90' lang='lat' dir='ltr'><strong>et</strong></span> <span class='ocrx_word' id='word_1_489' title='bbox 2024 549 2111 618; x_wconf 92' lang='lat' dir='ltr'><strong>qui</strong></span> <span class='ocrx_word' id='word_1_490' title='bbox 2141 563 2198 604; x_wconf 90' lang='lat' dir='ltr'><strong>se</strong></span> <span class='ocrx_word' id='word_1_491' title='bbox 2225 549 2351 605; x_wconf 88' lang='lat' dir='ltr'><strong>falsa</strong></span> <span class='ocrx_word' id='word_1_492' title='bbox 2381 551 2528 606; x_wconf 91' lang='lat' dir='ltr'><strong>novit</strong></span> <span class='ocrx_word' id='word_1_493' title='bbox 2557 550 2787 617; x_wconf 91' lang='lat' dir='ltr'><strong>audisse,</strong></span> <span class='ocrx_word' id='word_1_494' title='bbox 2814 559 2866 606; x_wconf 90' lang='lat' dir='ltr'><strong>et</strong></span> <span class='ocrx_word' id='word_1_495' title='bbox 2891 553 2980 622; x_wconf 92' lang='lat' dir='ltr'><strong>qui</strong></span> <span class='ocrx_word' id='word_1_496' title='bbox 3023 562 3201 624; x_wconf 89' lang='lat' dir='ltr'><strong>posset</strong></span> <span class='ocrx_word' id='word_1_497' title='bbox 3226 555 3310 609; x_wconf 88' lang='lat' dir='ltr'><strong>in-</strong></span> 
     </span>
    </p>
   </div>
   <div class='ocr_carea' id='block_1_64' title="bbox 1728 640 3319 712">
    <p class='ocr_par' dir='ltr' id='par_1_64' title="bbox 1728 640 3319 712">
     <span class='ocr_line' id='line_1_64' title="bbox 1728 640 3319 712; baseline 0.004 -19"><span class='ocrx_word' id='word_1_498' title='bbox 1728 647 2026 709; x_wconf 88' lang='lat' dir='ltr'><strong>terrogatus</strong></span> <span class='ocrx_word' id='word_1_499' title='bbox 2075 640 2258 695; x_wconf 89' lang='lat' dir='ltr'><strong>eadem</strong></span> <span class='ocrx_word' id='word_1_500' title='bbox 2303 642 2632 712; x_wconf 89' lang='lat' dir='ltr'><strong>respondere</strong></span> <span class='ocrx_word' id='word_1_501' title='bbox 2673 658 2793 711; x_wconf 76' lang='lat' dir='ltr'><strong>quze</strong></span> <span class='ocrx_word' id='word_1_502' title='bbox 2817 642 2956 699; x_wconf 87' lang='lat' dir='ltr'><strong>dicta</strong></span> <span class='ocrx_word' id='word_1_503' title='bbox 2991 655 3137 711; x_wconf 84' lang='lat' dir='ltr'><strong>sunt,</strong></span> <span class='ocrx_word' id='word_1_504' title='bbox 3184 646 3319 700; x_wconf 87' lang='lat' dir='ltr'><strong>nihil</strong></span> 
     </span>
    </p>
   </div>
   <div class='ocr_carea' id='block_1_65' title="bbox 1728 730 2709 789">
    <p class='ocr_par' dir='ltr' id='par_1_65' title="bbox 1728 730 2709 789">
     <span class='ocr_line' id='line_1_65' title="bbox 1728 730 2709 789; baseline 0.002 -5"><span class='ocrx_word' id='word_1_505' title='bbox 1728 730 1905 785; x_wconf 85' lang='lat' dir='ltr'><strong>verbis</strong></span> <span class='ocrx_word' id='word_1_506' title='bbox 1933 731 2064 784; x_wconf 89' lang='lat' dir='ltr'><strong>meis</strong></span> <span class='ocrx_word' id='word_1_507' title='bbox 2095 731 2336 788; x_wconf 85' lang='lat' dir='ltr'><strong>didicisse</strong></span> <span class='ocrx_word' id='word_1_508' title='bbox 2361 734 2709 789; x_wconf 89' lang='lat' dir='ltr'><strong>convincitur.</strong></span> 
     </span>
    </p>
   </div>
   <div class='ocr_carea' id='block_1_66' title="bbox 1732 822 3320 899">
    <p class='ocr_par' dir='ltr' id='par_1_66' title="bbox 1732 822 3320 899">
     <span class='ocr_line' id='line_1_66' title="bbox 1732 822 3320 899; baseline 0.003 -21"><span class='ocrx_word' id='word_1_509' title='bbox 1732 822 1957 879; x_wconf 87' lang='lat' dir='ltr'><strong>CAPUT</strong></span> <span class='ocrx_word' id='word_1_510' title='bbox 1980 822 2191 877; x_wconf 79' lang='lat' dir='ltr'><strong>Xlll.-—</strong></span> <span class='ocrx_word' id='word_1_511' title='bbox 2203 822 2475 880; x_wconf 80' lang='lat' dir='ltr'><strong>Verborum</strong></span> <span class='ocrx_word' id='word_1_512' title='bbox 2490 831 2535 879; x_wconf 83' lang='lat' dir='ltr'><strong>vi</strong></span> <span class='ocrx_word' id='word_1_513' title='bbox 2554 843 2616 880; x_wconf 84' lang='lat' dir='ltr'><strong>ne</strong></span> <span class='ocrx_word' id='word_1_514' title='bbox 2636 827 2835 898; x_wconf 84' lang='lat' dir='ltr'><strong>quidem</strong></span> <span class='ocrx_word' id='word_1_515' title='bbox 2857 828 3057 882; x_wconf 77' lang='lat' dir='ltr'><strong>animus</strong></span> <span class='ocrx_word' id='word_1_516' title='bbox 3075 829 3320 899; x_wconf 77' lang='lat' dir='ltr'><strong>loquentis</strong></span> 
     </span>
    </p>
   </div>
   <div class='ocr_carea' id='block_1_67' title="bbox 2403 919 2646 985">
    <p class='ocr_par' dir='ltr' id='par_1_67' title="bbox 2403 919 2646 985">
     <span class='ocr_line' id='line_1_67' title="bbox 2403 919 2646 985; baseline 0.008 -16"><span class='ocrx_word' id='word_1_517' title='bbox 2403 919 2646 985; x_wconf 78' lang='lat' dir='ltr'><strong>aperitur.</strong></span> 
     </span>
    </p>
   </div>
   <div class='ocr_carea' id='block_1_68' title="bbox 1808 1005 3319 1081">
    <p class='ocr_par' dir='ltr' id='par_1_68' title="bbox 1808 1005 3319 1081">
     <span class='ocr_line' id='line_1_68' title="bbox 1808 1005 3319 1081; baseline 0.005 -21"><span class='ocrx_word' id='word_1_518' title='bbox 1808 1006 1894 1060; x_wconf 75' lang='grc'><strong>41.</strong></span> <span class='ocrx_word' id='word_1_519' title='bbox 1925 1005 2279 1073; x_wconf 89' lang='lat' dir='ltr'><strong>Quamobrem</strong></span> <span class='ocrx_word' id='word_1_520' title='bbox 2310 1007 2363 1061; x_wconf 95' lang='lat' dir='ltr'><strong>in</strong></span> <span class='ocrx_word' id='word_1_521' title='bbox 2385 1008 2449 1062; x_wconf 92' lang='lat' dir='ltr'><strong>iis</strong></span> <span class='ocrx_word' id='word_1_522' title='bbox 2477 1009 2635 1063; x_wconf 89' lang='lat' dir='ltr'><strong>etiam</strong></span> <span class='ocrx_word' id='word_1_523' title='bbox 2669 1025 2786 1080; x_wconf 84' lang='lat' dir='ltr'><strong>quae</strong></span> <span class='ocrx_word' id='word_1_524' title='bbox 2811 1022 2989 1067; x_wconf 91' lang='lat' dir='ltr'><strong>mente</strong></span> <span class='ocrx_word' id='word_1_525' title='bbox 3009 1021 3319 1081; x_wconf 91' lang='lat' dir='ltr'><strong>cernuntur,</strong></span> 
     </span>
    </p>
   </div>
   <div class='ocr_carea' id='block_1_69' title="bbox 1736 1095 3318 1173">
    <p class='ocr_par' dir='ltr' id='par_1_69' title="bbox 1736 1095 3318 1173">
     <span class='ocr_line' id='line_1_69' title="bbox 1736 1095 3318 1173; baseline 0.007 -23"><span class='ocrx_word' id='word_1_526' title='bbox 1736 1095 1930 1151; x_wconf 86' lang='lat' dir='ltr'><strong>frustra</strong></span> <span class='ocrx_word' id='word_1_527' title='bbox 1965 1097 2234 1152; x_wconf 87' lang='lat' dir='ltr'><strong>cernentis</strong></span> <span class='ocrx_word' id='word_1_528' title='bbox 2273 1099 2509 1167; x_wconf 89' lang='lat' dir='ltr'><strong>loquelas</strong></span> <span class='ocrx_word' id='word_1_529' title='bbox 2536 1100 2682 1154; x_wconf 88' lang='lat' dir='ltr'><strong>audit</strong></span> <span class='ocrx_word' id='word_1_530' title='bbox 2711 1104 2950 1173; x_wconf 92' lang='lat' dir='ltr'><strong>quisquis</strong></span> <span class='ocrx_word' id='word_1_531' title='bbox 2993 1119 3055 1158; x_wconf 90' lang='lat' dir='ltr'><strong>ea</strong></span> <span class='ocrx_word' id='word_1_532' title='bbox 3096 1120 3318 1161; x_wconf 90' lang='lat' dir='ltr'><strong>cernere</strong></span> 
     </span>
    </p>
   </div>
   <div class='ocr_carea' id='block_1_70' title="bbox 1737 1188 3325 1265">
    <p class='ocr_par' dir='ltr' id='par_1_70' title="bbox 1737 1188 3325 1265">
     <span class='ocr_line' id='line_1_70' title="bbox 1737 1188 3325 1265; baseline 0.007 -23"><span class='ocrx_word' id='word_1_533' title='bbox 1737 1204 1843 1242; x_wconf 90' lang='lat' dir='ltr'><strong>non</strong></span> <span class='ocrx_word' id='word_1_534' title='bbox 1876 1197 2081 1258; x_wconf 87' lang='lat' dir='ltr'><strong>potest,</strong></span> <span class='ocrx_word' id='word_1_535' title='bbox 2117 1190 2218 1242; x_wconf 91' lang='lat' dir='ltr'><strong>nisi</strong></span> <span class='ocrx_word' id='word_1_536' title='bbox 2259 1188 2380 1258; x_wconf 89' lang='lat' dir='ltr'><strong>quia</strong></span> <span class='ocrx_word' id='word_1_537' title='bbox 2409 1191 2530 1244; x_wconf 88' lang='lat' dir='ltr'><strong>talia</strong></span> <span class='ocrx_word' id='word_1_538' title='bbox 2569 1193 2816 1261; x_wconf 84' lang='lat' dir='ltr'><strong>quamdiu</strong></span> <span class='ocrx_word' id='word_1_539' title='bbox 2855 1196 3166 1265; x_wconf 89' lang='lat' dir='ltr'><strong>ignorantur</strong></span> <span class='ocrx_word' id='word_1_540' title='bbox 3195 1199 3325 1255; x_wconf 87' lang='lat' dir='ltr'><strong>utile</strong></span> 
     </span>
    </p>
   </div>
   <div class='ocr_carea' id='block_1_71' title="bbox 1737 1280 3323 1356">
    <p class='ocr_par' dir='ltr' id='par_1_71' title="bbox 1737 1280 3323 1356">
     <span class='ocr_line' id='line_1_71' title="bbox 1737 1280 3323 1356; baseline 0.007 -22"><span class='ocrx_word' id='word_1_541' title='bbox 1737 1288 1818 1334; x_wconf 90' lang='lat' dir='ltr'><strong>est</strong></span> <span class='ocrx_word' id='word_1_542' title='bbox 1845 1280 2062 1335; x_wconf 89' lang='lat' dir='ltr'><strong>credere</strong></span> <span class='ocrx_word' id='word_1_543' title='bbox 2094 1297 2105 1331; x_wconf 90' lang='lat'><strong>:</strong></span> <span class='ocrx_word' id='word_1_544' title='bbox 2141 1281 2379 1350; x_wconf 85' lang='lat' dir='ltr'><strong>quisquis</strong></span> <span class='ocrx_word' id='word_1_545' title='bbox 2404 1291 2580 1336; x_wconf 89' lang='lat' dir='ltr'><strong>autem</strong></span> <span class='ocrx_word' id='word_1_546' title='bbox 2606 1297 2825 1339; x_wconf 91' lang='lat' dir='ltr'><strong>cernere</strong></span> <span class='ocrx_word' id='word_1_547' title='bbox 2849 1296 3043 1356; x_wconf 85' lang='lat' dir='ltr'><strong>potest,</strong></span> <span class='ocrx_word' id='word_1_548' title='bbox 3068 1288 3210 1343; x_wconf 87' lang='lat' dir='ltr'><strong>intus</strong></span> <span class='ocrx_word' id='word_1_549' title='bbox 3237 1300 3323 1345; x_wconf 85' lang='lat' dir='ltr'><strong>est</strong></span> 
     </span>
    </p>
   </div>
   <div class='ocr_carea' id='block_1_72' title="bbox 1738 1365 3324 1449">
    <p class='ocr_par' dir='ltr' id='par_1_72' title="bbox 1738 1365 3324 1449">
     <span class='ocr_line' id='line_1_72' title="bbox 1738 1365 3324 1449; baseline 0.008 -25"><span class='ocrx_word' id='word_1_550' title='bbox 1738 1369 2030 1440; x_wconf 87' lang='lat' dir='ltr'><strong>discipulus</strong></span> <span class='ocrx_word' id='word_1_551' title='bbox 2057 1371 2314 1435; x_wconf 88' lang='lat' dir='ltr'><strong>veritatis,</strong></span> <span class='ocrx_word' id='word_1_552' title='bbox 2348 1370 2478 1426; x_wconf 89' lang='lat' dir='ltr'><strong>foris</strong></span> <span class='ocrx_word' id='word_1_553' title='bbox 2503 1372 2667 1442; x_wconf 80' lang='lat' dir='ltr'><strong>judex</strong></span> <span class='ocrx_word' id='word_1_554' title='bbox 2706 1365 2986 1444; x_wconf 87' lang='lat' dir='ltr'><strong>loquentis,</strong></span> <span class='ocrx_word' id='word_1_555' title='bbox 3038 1380 3120 1434; x_wconf 91' lang='lat' dir='ltr'><strong>vel</strong></span> <span class='ocrx_word' id='word_1_556' title='bbox 3146 1381 3324 1449; x_wconf 84' lang='lat' dir='ltr'><strong>potius</strong></span> 
     </span>
    </p>
   </div>
   <div class='ocr_carea' id='block_1_73' title="bbox 1739 1460 3326 1538">
    <p class='ocr_par' dir='ltr' id='par_1_73' title="bbox 1739 1460 3326 1538">
     <span class='ocr_line' id='line_1_73' title="bbox 1739 1460 3326 1538; baseline 0.008 -24"><span class='ocrx_word' id='word_1_557' title='bbox 1739 1460 1904 1530; x_wconf 86' lang='lat' dir='ltr'><strong>ipsius</strong></span> <span class='ocrx_word' id='word_1_558' title='bbox 1935 1462 2236 1516; x_wconf 90' lang='lat' dir='ltr'><strong>locutionis.</strong></span> <span class='ocrx_word' id='word_1_559' title='bbox 2274 1462 2406 1516; x_wconf 84' lang='lat' dir='ltr'><strong>Nam</strong></span> <span class='ocrx_word' id='word_1_560' title='bbox 2442 1462 2758 1534; x_wconf 90' lang='lat' dir='ltr'><strong>plerumque</strong></span> <span class='ocrx_word' id='word_1_561' title='bbox 2785 1466 2885 1519; x_wconf 90' lang='lat' dir='ltr'><strong>scit</strong></span> <span class='ocrx_word' id='word_1_562' title='bbox 2915 1469 2998 1521; x_wconf 91' lang='lat' dir='ltr'><strong>illa</strong></span> <span class='ocrx_word' id='word_1_563' title='bbox 3026 1485 3142 1538; x_wconf 67' lang='lat' dir='ltr'><strong>qum</strong></span> <span class='ocrx_word' id='word_1_564' title='bbox 3182 1472 3326 1526; x_wconf 90' lang='lat' dir='ltr'><strong>dicta</strong></span> 
     </span>
    </p>
   </div>
   <div class='ocr_carea' id='block_1_74' title="bbox 1739 1554 3316 1630">
    <p class='ocr_par' dir='ltr' id='par_1_74' title="bbox 1739 1554 3316 1630">
     <span class='ocr_line' id='line_1_74' title="bbox 1739 1554 3316 1630; baseline 0.006 -25"><span class='ocrx_word' id='word_1_565' title='bbox 1739 1563 1881 1616; x_wconf 91' lang='lat' dir='ltr'><strong>sunt,</strong></span> <span class='ocrx_word' id='word_1_566' title='bbox 1909 1569 1974 1607; x_wconf 93' lang='lat' dir='ltr'><strong>eo</strong></span> <span class='ocrx_word' id='word_1_567' title='bbox 2004 1554 2118 1624; x_wconf 88' lang='lat' dir='ltr'><strong>ipso</strong></span> <span class='ocrx_word' id='word_1_568' title='bbox 2144 1555 2413 1609; x_wconf 86' lang='lat' dir='ltr'><strong>nesciente</strong></span> <span class='ocrx_word' id='word_1_569' title='bbox 2443 1570 2560 1625; x_wconf 73' lang='lat' dir='ltr'><strong>qua:</strong></span> <span class='ocrx_word' id='word_1_570' title='bbox 2581 1554 2748 1620; x_wconf 82' lang='lat' dir='ltr'><strong>dixit;</strong></span> <span class='ocrx_word' id='word_1_571' title='bbox 2772 1556 2936 1611; x_wconf 90' lang='lat' dir='ltr'><strong>veluti</strong></span> <span class='ocrx_word' id='word_1_572' title='bbox 2967 1558 3010 1611; x_wconf 89' lang='lat' dir='ltr'><strong>si</strong></span> <span class='ocrx_word' id='word_1_573' title='bbox 3042 1561 3316 1630; x_wconf 89' lang='lat' dir='ltr'><strong>quisquam</strong></span> 
     </span>
    </p>
   </div>
   <div class='ocr_carea' id='block_1_75' title="bbox 1739 1643 3326 1720">
    <p class='ocr_par' dir='ltr' id='par_1_75' title="bbox 1739 1643 3326 1720">
     <span class='ocr_line' id='line_1_75' title="bbox 1739 1643 3326 1720; baseline 0.007 -23"><span class='ocrx_word' id='word_1_574' title='bbox 1739 1643 2015 1713; x_wconf 87' lang='lat' dir='ltr'><strong>Epicureis</strong></span> <span class='ocrx_word' id='word_1_575' title='bbox 2052 1646 2278 1701; x_wconf 86' lang='lat' dir='ltr'><strong>credens</strong></span> <span class='ocrx_word' id='word_1_576' title='bbox 2305 1655 2359 1701; x_wconf 91' lang='lat' dir='ltr'><strong>et</strong></span> <span class='ocrx_word' id='word_1_577' title='bbox 2397 1647 2677 1702; x_wconf 91' lang='lat' dir='ltr'><strong>mortalem</strong></span> <span class='ocrx_word' id='word_1_578' title='bbox 2707 1648 2938 1704; x_wconf 90' lang='lat' dir='ltr'><strong>animam</strong></span> <span class='ocrx_word' id='word_1_579' title='bbox 2979 1659 3190 1720; x_wconf 91' lang='lat' dir='ltr'><strong>putans,</strong></span> <span class='ocrx_word' id='word_1_580' title='bbox 3234 1668 3326 1709; x_wconf 90' lang='lat' dir='ltr'><strong>eas</strong></span> 
     </span>
    </p>
   </div>
   <div class='ocr_carea' id='block_1_76' title="bbox 1739 1734 3329 1810">
    <p class='ocr_par' dir='ltr' id='par_1_76' title="bbox 1739 1734 3329 1810">
     <span class='ocr_line' id='line_1_76' title="bbox 1739 1734 3329 1810; baseline 0.006 -23"><span class='ocrx_word' id='word_1_581' title='bbox 1739 1734 1974 1790; x_wconf 87' lang='lat' dir='ltr'><strong>rationes</strong></span> <span class='ocrx_word' id='word_1_582' title='bbox 2005 1751 2124 1805; x_wconf 68' lang='lat' dir='ltr'><strong>qua:</strong></span> <span class='ocrx_word' id='word_1_583' title='bbox 2170 1736 2237 1791; x_wconf 92' lang='lat' dir='ltr'><strong>de</strong></span> <span class='ocrx_word' id='word_1_584' title='bbox 2267 1736 2668 1793; x_wconf 88' lang='lat' dir='ltr'><strong>immortalitate</strong></span> <span class='ocrx_word' id='word_1_585' title='bbox 2696 1737 2812 1808; x_wconf 88' lang='lat' dir='ltr'><strong>ejus</strong></span> <span class='ocrx_word' id='word_1_586' title='bbox 2844 1755 2872 1792; x_wconf 92' lang='lat' dir='ltr'><strong>a</strong></span> <span class='ocrx_word' id='word_1_587' title='bbox 2898 1741 3329 1810; x_wconf 88' lang='lat' dir='ltr'><strong>prudentioribus</strong></span> 
     </span>
    </p>
   </div>
   <div class='ocr_carea' id='block_1_77' title="bbox 1742 1830 3331 1904">
    <p class='ocr_par' dir='ltr' id='par_1_77' title="bbox 1742 1830 3331 1904">
     <span class='ocr_line' id='line_1_77' title="bbox 1742 1830 3331 1904; baseline 0.007 -23"><span class='ocrx_word' id='word_1_588' title='bbox 1742 1837 1978 1883; x_wconf 85' lang='lat' dir='ltr'><strong>tractatae</strong></span> <span class='ocrx_word' id='word_1_589' title='bbox 2005 1839 2143 1894; x_wconf 84' lang='lat' dir='ltr'><strong>sunt,</strong></span> <span class='ocrx_word' id='word_1_590' title='bbox 2178 1832 2474 1900; x_wconf 90' lang='lat' dir='ltr'><strong>eloquatur,</strong></span> <span class='ocrx_word' id='word_1_591' title='bbox 2520 1830 2612 1885; x_wconf 94' lang='lat' dir='ltr'><strong>illo</strong></span> <span class='ocrx_word' id='word_1_592' title='bbox 2641 1831 2887 1888; x_wconf 91' lang='lat' dir='ltr'><strong>audiente</strong></span> <span class='ocrx_word' id='word_1_593' title='bbox 2920 1835 3008 1904; x_wconf 89' lang='lat' dir='ltr'><strong>qui</strong></span> <span class='ocrx_word' id='word_1_594' title='bbox 3037 1835 3331 1904; x_wconf 82' lang='lat' dir='ltr'><strong>spiritualia</strong></span> 
     </span>
    </p>
   </div>
   <div class='ocr_carea' id='block_1_78' title="bbox 1741 1922 3332 1992">
    <p class='ocr_par' dir='ltr' id='par_1_78' title="bbox 1741 1922 3332 1992">
     <span class='ocr_line' id='line_1_78' title="bbox 1741 1922 3332 1992; baseline 0.007 -19"><span class='ocrx_word' id='word_1_595' title='bbox 1741 1922 1977 1975; x_wconf 89' lang='lat' dir='ltr'><strong>contueri</strong></span> <span class='ocrx_word' id='word_1_596' title='bbox 2005 1931 2213 1992; x_wconf 89' lang='lat' dir='ltr'><strong>potest;</strong></span> <span class='ocrx_word' id='word_1_597' title='bbox 2232 1922 2433 1991; x_wconf 87' lang='lat' dir='ltr'><strong>jndicat</strong></span> <span class='ocrx_word' id='word_1_598' title='bbox 2469 1923 2569 1976; x_wconf 91' lang='lat' dir='ltr'><strong>iste</strong></span> <span class='ocrx_word' id='word_1_599' title='bbox 2595 1937 2720 1976; x_wconf 89' lang='lat' dir='ltr'><strong>eum</strong></span> <span class='ocrx_word' id='word_1_600' title='bbox 2747 1939 2870 1979; x_wconf 88' lang='lat' dir='ltr'><strong>vera</strong></span> <span class='ocrx_word' id='word_1_601' title='bbox 2898 1924 3076 1980; x_wconf 90' lang='lat' dir='ltr'><strong>dicere</strong></span> <span class='ocrx_word' id='word_1_602' title='bbox 3105 1945 3118 1981; x_wconf 89' lang='lat'><strong>:</strong></span> <span class='ocrx_word' id='word_1_603' title='bbox 3147 1937 3199 1980; x_wconf 90' lang='lat' dir='ltr'><strong>at</strong></span> <span class='ocrx_word' id='word_1_604' title='bbox 3244 1928 3332 1984; x_wconf 86' lang='lat' dir='ltr'><strong>ille</strong></span> 
     </span>
    </p>
   </div>
   <div class='ocr_carea' id='block_1_79' title="bbox 1741 2012 3324 2083">
    <p class='ocr_par' dir='ltr' id='par_1_79' title="bbox 1741 2012 3324 2083">
     <span class='ocr_line' id='line_1_79' title="bbox 1741 2012 3324 2083; baseline 0.006 -18"><span class='ocrx_word' id='word_1_605' title='bbox 1741 2012 1829 2082; x_wconf 91' lang='lat' dir='ltr'><strong>qui</strong></span> <span class='ocrx_word' id='word_1_606' title='bbox 1861 2012 2009 2078; x_wconf 90' lang='lat' dir='ltr'><strong>dicit,</strong></span> <span class='ocrx_word' id='word_1_607' title='bbox 2042 2024 2215 2067; x_wconf 90' lang='lat' dir='ltr'><strong>utrum</strong></span> <span class='ocrx_word' id='word_1_608' title='bbox 2243 2029 2365 2068; x_wconf 89' lang='lat' dir='ltr'><strong>vera</strong></span> <span class='ocrx_word' id='word_1_609' title='bbox 2397 2013 2536 2068; x_wconf 88' lang='lat' dir='ltr'><strong>dicat</strong></span> <span class='ocrx_word' id='word_1_610' title='bbox 2564 2014 2792 2083; x_wconf 83' lang='lat' dir='ltr'><strong>ignorat,</strong></span> <span class='ocrx_word' id='word_1_611' title='bbox 2825 2017 2932 2072; x_wconf 91' lang='lat' dir='ltr'><strong>imo</strong></span> <span class='ocrx_word' id='word_1_612' title='bbox 2958 2018 3118 2072; x_wconf 88' lang='lat' dir='ltr'><strong>etiam</strong></span> <span class='ocrx_word' id='word_1_613' title='bbox 3147 2019 3324 2074; x_wconf 52' lang='lat' dir='ltr'><strong>falsis.</strong></span> 
     </span>
    </p>
   </div>
   <div class='ocr_carea' id='block_1_80' title="bbox 1742 2103 3330 2175">
    <p class='ocr_par' dir='ltr' id='par_1_80' title="bbox 1742 2103 3330 2175">
     <span class='ocr_line' id='line_1_80' title="bbox 1742 2103 3330 2175; baseline 0.006 -18"><span class='ocrx_word' id='word_1_614' title='bbox 1742 2103 1873 2157; x_wconf 87' lang='lat' dir='ltr'><strong>sima</strong></span> <span class='ocrx_word' id='word_1_615' title='bbox 1920 2104 2193 2158; x_wconf 75' lang='lat' dir='ltr'><strong>existimat</strong></span> <span class='ocrx_word' id='word_1_616' title='bbox 2237 2123 2249 2157; x_wconf 90' lang='lat'><strong>:</strong></span> <span class='ocrx_word' id='word_1_617' title='bbox 2286 2120 2410 2159; x_wconf 90' lang='lat' dir='ltr'><strong>num</strong></span> <span class='ocrx_word' id='word_1_618' title='bbox 2443 2105 2602 2174; x_wconf 88' lang='lat' dir='ltr'><strong>igitur</strong></span> <span class='ocrx_word' id='word_1_619' title='bbox 2629 2107 2892 2175; x_wconf 88' lang='lat' dir='ltr'><strong>putandus</strong></span> <span class='ocrx_word' id='word_1_620' title='bbox 2918 2117 3000 2163; x_wconf 91' lang='lat' dir='ltr'><strong>est</strong></span> <span class='ocrx_word' id='word_1_621' title='bbox 3041 2125 3101 2164; x_wconf 89' lang='lat' dir='ltr'><strong>ea</strong></span> <span class='ocrx_word' id='word_1_622' title='bbox 3131 2110 3330 2168; x_wconf 89' lang='lat' dir='ltr'><strong>docere</strong></span> 
     </span>
    </p>
   </div>
   <div class='ocr_carea' id='block_1_81' title="bbox 1741 2199 3326 2273">
    <p class='ocr_par' dir='ltr' id='par_1_81' title="bbox 1741 2199 3326 2273">
     <span class='ocr_line' id='line_1_81' title="bbox 1741 2199 3326 2273; baseline 0.006 -23"><span class='ocrx_word' id='word_1_623' title='bbox 1741 2213 1859 2266; x_wconf 87' lang='lat' dir='ltr'><strong>quae</strong></span> <span class='ocrx_word' id='word_1_624' title='bbox 1901 2199 2106 2252; x_wconf 89' lang='lat' dir='ltr'><strong>nescit?</strong></span> <span class='ocrx_word' id='word_1_625' title='bbox 2159 2200 2318 2269; x_wconf 81' lang='lat' dir='ltr'><strong>Atqui</strong></span> <span class='ocrx_word' id='word_1_626' title='bbox 2346 2200 2531 2254; x_wconf 89' lang='lat' dir='ltr'><strong>iisdem</strong></span> <span class='ocrx_word' id='word_1_627' title='bbox 2577 2199 2754 2255; x_wconf 88' lang='lat' dir='ltr'><strong>verbis</strong></span> <span class='ocrx_word' id='word_1_628' title='bbox 2799 2201 2982 2268; x_wconf 87' lang='lat' dir='ltr'><strong>utitur,</strong></span> <span class='ocrx_word' id='word_1_629' title='bbox 3025 2203 3215 2273; x_wconf 91' lang='lat' dir='ltr'><strong>quibus</strong></span> <span class='ocrx_word' id='word_1_630' title='bbox 3250 2204 3326 2260; x_wconf 91' lang='lat' dir='ltr'><strong>uti</strong></span> 
     </span>
    </p>
   </div>
   <div class='ocr_carea' id='block_1_82' title="bbox 1741 2290 2328 2362">
    <p class='ocr_par' dir='ltr' id='par_1_82' title="bbox 1741 2290 2328 2362">
     <span class='ocr_line' id='line_1_82' title="bbox 1741 2290 2328 2362; baseline 0.002 -17"><span class='ocrx_word' id='word_1_631' title='bbox 1741 2290 1900 2345; x_wconf 89' lang='lat' dir='ltr'><strong>etiam</strong></span> <span class='ocrx_word' id='word_1_632' title='bbox 1931 2291 2103 2345; x_wconf 89' lang='lat' dir='ltr'><strong>sciens</strong></span> <span class='ocrx_word' id='word_1_633' title='bbox 2131 2300 2328 2362; x_wconf 85' lang='lat' dir='ltr'><strong>posset.</strong></span> 
     </span>
    </p>
   </div>
   <div class='ocr_carea' id='block_1_83' title="bbox 1813 2384 3326 2456">
    <p class='ocr_par' dir='ltr' id='par_1_83' title="bbox 1813 2384 3326 2456">
     <span class='ocr_line' id='line_1_83' title="bbox 1813 2384 3326 2456; baseline 0.005 -18"><span class='ocrx_word' id='word_1_634' title='bbox 1813 2384 1900 2438; x_wconf 70' lang='grc'><strong>42.</strong></span> <span class='ocrx_word' id='word_1_635' title='bbox 1925 2385 2098 2452; x_wconf 89' lang='lat' dir='ltr'><strong>Quare</strong></span> <span class='ocrx_word' id='word_1_636' title='bbox 2120 2385 2228 2454; x_wconf 86' lang='lat' dir='ltr'><strong>jam</strong></span> <span class='ocrx_word' id='word_1_637' title='bbox 2256 2402 2321 2440; x_wconf 92' lang='lat' dir='ltr'><strong>ne</strong></span> <span class='ocrx_word' id='word_1_638' title='bbox 2352 2385 2451 2440; x_wconf 89' lang='lat' dir='ltr'><strong>hoc</strong></span> <span class='ocrx_word' id='word_1_639' title='bbox 2475 2385 2688 2456; x_wconf 92' lang='lat' dir='ltr'><strong>quidem</strong></span> <span class='ocrx_word' id='word_1_640' title='bbox 2716 2386 3028 2456; x_wconf 90' lang='lat' dir='ltr'><strong>relinquitur</strong></span> <span class='ocrx_word' id='word_1_641' title='bbox 3048 2388 3241 2453; x_wconf 91' lang='lat' dir='ltr'><strong>verbis,</strong></span> <span class='ocrx_word' id='word_1_642' title='bbox 3266 2400 3326 2446; x_wconf 86' lang='lat' dir='ltr'><strong>ut</strong></span> 
     </span>
    </p>
   </div>
   <div class='ocr_carea' id='block_1_84' title="bbox 1744 2478 3327 2552">
    <p class='ocr_par' dir='ltr' id='par_1_84' title="bbox 1744 2478 3327 2552">
     <span class='ocr_line' id='line_1_84' title="bbox 1744 2478 3327 2552; baseline 0.004 -20"><span class='ocrx_word' id='word_1_643' title='bbox 1744 2478 1829 2533; x_wconf 79' lang='lat' dir='ltr'><strong>liis</strong></span> <span class='ocrx_word' id='word_1_644' title='bbox 1865 2480 2049 2533; x_wconf 89' lang='lat' dir='ltr'><strong>saltem</strong></span> <span class='ocrx_word' id='word_1_645' title='bbox 2086 2480 2352 2549; x_wconf 87' lang='lat' dir='ltr'><strong>loquentis</strong></span> <span class='ocrx_word' id='word_1_646' title='bbox 2373 2482 2580 2537; x_wconf 87' lang='lat' dir='ltr'><strong>animus</strong></span> <span class='ocrx_word' id='word_1_647' title='bbox 2611 2483 2899 2547; x_wconf 89' lang='lat' dir='ltr'><strong>indicetur;</strong></span> <span class='ocrx_word' id='word_1_648' title='bbox 2934 2483 2976 2538; x_wconf 90' lang='lat' dir='ltr'><strong>si</strong></span> <span class='ocrx_word' id='word_1_649' title='bbox 3001 2483 3211 2552; x_wconf 88' lang='lat' dir='ltr'><strong>quidem</strong></span> <span class='ocrx_word' id='word_1_650' title='bbox 3241 2485 3327 2539; x_wconf 86' lang='lat' dir='ltr'><strong>in-</strong></span> 
     </span>
    </p>
   </div>
   <div class='ocr_carea' id='block_1_85' title="bbox 1745 2573 3334 2643">
    <p class='ocr_par' dir='ltr' id='par_1_85' title="bbox 1745 2573 3334 2643">
     <span class='ocr_line' id='line_1_85' title="bbox 1745 2573 3334 2643; baseline 0.004 -19"><span class='ocrx_word' id='word_1_651' title='bbox 1745 2580 1948 2625; x_wconf 87' lang='lat' dir='ltr'><strong>certum</strong></span> <span class='ocrx_word' id='word_1_652' title='bbox 1979 2579 2061 2626; x_wconf 88' lang='lat' dir='ltr'><strong>est</strong></span> <span class='ocrx_word' id='word_1_653' title='bbox 2087 2581 2260 2625; x_wconf 91' lang='lat' dir='ltr'><strong>utrum</strong></span> <span class='ocrx_word' id='word_1_654' title='bbox 2289 2587 2348 2627; x_wconf 90' lang='lat' dir='ltr'><strong>ea</strong></span> <span class='ocrx_word' id='word_1_655' title='bbox 2379 2588 2497 2642; x_wconf 79' lang='lat' dir='ltr'><strong>qua:</strong></span> <span class='ocrx_word' id='word_1_656' title='bbox 2533 2573 2788 2643; x_wconf 90' lang='lat' dir='ltr'><strong>loquitur,</strong></span> <span class='ocrx_word' id='word_1_657' title='bbox 2826 2574 2980 2630; x_wconf 91' lang='lat' dir='ltr'><strong>sciat.</strong></span> <span class='ocrx_word' id='word_1_658' title='bbox 3012 2575 3160 2628; x_wconf 80' lang='lat' dir='ltr'><strong>Adde</strong></span> <span class='ocrx_word' id='word_1_659' title='bbox 3181 2591 3334 2635; x_wconf 86' lang='lat' dir='ltr'><strong>men-</strong></span> 
     </span>
    </p>
   </div>
   <div class='ocr_carea' id='block_1_86' title="bbox 1746 2662 3325 2735">
    <p class='ocr_par' dir='ltr' id='par_1_86' title="bbox 1746 2662 3325 2735">
     <span class='ocr_line' id='line_1_86' title="bbox 1746 2662 3325 2735; baseline 0.003 -19"><span class='ocrx_word' id='word_1_660' title='bbox 1746 2662 1938 2716; x_wconf 88' lang='lat' dir='ltr'><strong>tientes</strong></span> <span class='ocrx_word' id='word_1_661' title='bbox 1967 2670 2124 2732; x_wconf 89' lang='lat' dir='ltr'><strong>atque</strong></span> <span class='ocrx_word' id='word_1_662' title='bbox 2150 2662 2413 2729; x_wconf 87' lang='lat' dir='ltr'><strong>fallentes,</strong></span> <span class='ocrx_word' id='word_1_663' title='bbox 2439 2679 2533 2733; x_wconf 90' lang='lat' dir='ltr'><strong>per</strong></span> <span class='ocrx_word' id='word_1_664' title='bbox 2561 2678 2696 2733; x_wconf 92' lang='lat' dir='ltr'><strong>quos</strong></span> <span class='ocrx_word' id='word_1_665' title='bbox 2737 2663 2887 2719; x_wconf 85' lang='lat' dir='ltr'><strong>facile</strong></span> <span class='ocrx_word' id='word_1_666' title='bbox 2918 2664 3178 2735; x_wconf 85' lang='lat' dir='ltr'><strong>intelligas</strong></span> <span class='ocrx_word' id='word_1_667' title='bbox 3219 2682 3325 2720; x_wconf 93' lang='lat' dir='ltr'><strong>non</strong></span> 
     </span>
    </p>
   </div>
   <div class='ocr_carea' id='block_1_87' title="bbox 1747 2755 3330 2825">
    <p class='ocr_par' dir='ltr' id='par_1_87' title="bbox 1747 2755 3330 2825">
     <span class='ocr_line' id='line_1_87' title="bbox 1747 2755 3330 2825; baseline 0.003 -16"><span class='ocrx_word' id='word_1_668' title='bbox 1747 2755 1906 2809; x_wconf 90' lang='lat' dir='ltr'><strong>modo</strong></span> <span class='ocrx_word' id='word_1_669' title='bbox 1929 2770 2036 2808; x_wconf 93' lang='lat' dir='ltr'><strong>non</strong></span> <span class='ocrx_word' id='word_1_670' title='bbox 2057 2756 2266 2825; x_wconf 89' lang='lat' dir='ltr'><strong>aperiri,</strong></span> <span class='ocrx_word' id='word_1_671' title='bbox 2291 2772 2472 2811; x_wconf 90' lang='lat' dir='ltr'><strong>verum</strong></span> <span class='ocrx_word' id='word_1_672' title='bbox 2490 2757 2649 2810; x_wconf 88' lang='lat' dir='ltr'><strong>etiam</strong></span> <span class='ocrx_word' id='word_1_673' title='bbox 2672 2757 2925 2812; x_wconf 88' lang='lat' dir='ltr'><strong>occultari</strong></span> <span class='ocrx_word' id='word_1_674' title='bbox 2947 2759 3180 2813; x_wconf 89' lang='lat' dir='ltr'><strong>animum</strong></span> <span class='ocrx_word' id='word_1_675' title='bbox 3209 2776 3330 2814; x_wconf 88' lang='lat' dir='ltr'><strong>ver-</strong></span> 
     </span>
    </p>
   </div>
   <div class='ocr_carea' id='block_1_88' title="bbox 1747 2847 3330 2919">
    <p class='ocr_par' dir='ltr' id='par_1_88' title="bbox 1747 2847 3330 2919">
     <span class='ocr_line' id='line_1_88' title="bbox 1747 2847 3330 2919; baseline 0.004 -18"><span class='ocrx_word' id='word_1_676' title='bbox 1747 2847 1848 2903; x_wconf 91' lang='lat' dir='ltr'><strong>bis.</strong></span> <span class='ocrx_word' id='word_1_677' title='bbox 1880 2849 2009 2903; x_wconf 88' lang='lat' dir='ltr'><strong>Nam</strong></span> <span class='ocrx_word' id='word_1_678' title='bbox 2047 2849 2194 2903; x_wconf 88' lang='lat' dir='ltr'><strong>nullo</strong></span> <span class='ocrx_word' id='word_1_679' title='bbox 2224 2849 2383 2903; x_wconf 91' lang='lat' dir='ltr'><strong>modo</strong></span> <span class='ocrx_word' id='word_1_680' title='bbox 2409 2849 2619 2919; x_wconf 89' lang='lat' dir='ltr'><strong>ambigo</strong></span> <span class='ocrx_word' id='word_1_681' title='bbox 2663 2850 2716 2904; x_wconf 91' lang='lat' dir='ltr'><strong>id</strong></span> <span class='ocrx_word' id='word_1_682' title='bbox 2760 2850 2940 2904; x_wconf 90' lang='lat' dir='ltr'><strong>conari</strong></span> <span class='ocrx_word' id='word_1_683' title='bbox 2966 2852 3123 2906; x_wconf 87' lang='lat' dir='ltr'><strong>verba</strong></span> <span class='ocrx_word' id='word_1_684' title='bbox 3171 2868 3330 2907; x_wconf 87' lang='lat' dir='ltr'><strong>vera-</strong></span> 
     </span>
    </p>
   </div>
   <div class='ocr_carea' id='block_1_89' title="bbox 1747 2940 3333 3012">
    <p class='ocr_par' dir='ltr' id='par_1_89' title="bbox 1747 2940 3333 3012">
     <span class='ocr_line' id='line_1_89' title="bbox 1747 2940 3333 3012; baseline 0.003 -18"><span class='ocrx_word' id='word_1_685' title='bbox 1747 2940 1908 3004; x_wconf 91' lang='lat' dir='ltr'><strong>cinm,</strong></span> <span class='ocrx_word' id='word_1_686' title='bbox 1936 2951 1991 2994; x_wconf 91' lang='lat' dir='ltr'><strong>et</strong></span> <span class='ocrx_word' id='word_1_687' title='bbox 2011 2940 2404 3010; x_wconf 84' lang='lat' dir='ltr'><strong>quodammodo</strong></span> <span class='ocrx_word' id='word_1_688' title='bbox 2436 2941 2692 3009; x_wconf 84' lang='lat' dir='ltr'><strong>profiteri,</strong></span> <span class='ocrx_word' id='word_1_689' title='bbox 2733 2951 2791 2995; x_wconf 91' lang='lat' dir='ltr'><strong>ut</strong></span> <span class='ocrx_word' id='word_1_690' title='bbox 2827 2942 3033 2996; x_wconf 87' lang='lat' dir='ltr'><strong>animus</strong></span> <span class='ocrx_word' id='word_1_691' title='bbox 3067 2943 3333 3012; x_wconf 88' lang='lat' dir='ltr'><strong>loquentis</strong></span> 
     </span>
    </p>
   </div>
   <div class='ocr_carea' id='block_1_90' title="bbox 1747 3031 3332 3103">
    <p class='ocr_par' dir='ltr' id='par_1_90' title="bbox 1747 3031 3332 3103">
     <span class='ocr_line' id='line_1_90' title="bbox 1747 3031 3332 3103; baseline 0.006 -20"><span class='ocrx_word' id='word_1_692' title='bbox 1747 3040 1993 3100; x_wconf 86' lang='lat' dir='ltr'><strong>appareat</strong></span> <span class='ocrx_word' id='word_1_693' title='bbox 2022 3048 2034 3095; x_wconf 92' lang='lat'>;</span> <span class='ocrx_word' id='word_1_694' title='bbox 2067 3031 2210 3101; x_wconf 91' lang='lat' dir='ltr'><strong>quod</strong></span> <span class='ocrx_word' id='word_1_695' title='bbox 2232 3031 2532 3087; x_wconf 91' lang='lat' dir='ltr'><strong>obtinerent</strong></span> <span class='ocrx_word' id='word_1_696' title='bbox 2557 3032 2804 3086; x_wconf 91' lang='lat' dir='ltr'><strong>omnibus</strong></span> <span class='ocrx_word' id='word_1_697' title='bbox 2830 3033 3262 3103; x_wconf 89' lang='lat' dir='ltr'><strong>concedentibus,</strong></span> <span class='ocrx_word' id='word_1_698' title='bbox 3285 3038 3332 3092; x_wconf 89' lang='lat' dir='ltr'><strong>si</strong></span> 
     </span>
    </p>
   </div>
   <div class='ocr_carea' id='block_1_91' title="bbox 1747 3123 3330 3198">
    <p class='ocr_par' dir='ltr' id='par_1_91' title="bbox 1747 3123 3330 3198">
     <span class='ocr_line' id='line_1_91' title="bbox 1747 3123 3330 3198; baseline 0.006 -22"><span class='ocrx_word' id='word_1_699' title='bbox 1747 3123 1888 3193; x_wconf 90' lang='lat' dir='ltr'><strong>loqui</strong></span> <span class='ocrx_word' id='word_1_700' title='bbox 1920 3124 2296 3179; x_wconf 89' lang='lat' dir='ltr'><strong>mentientibus</strong></span> <span class='ocrx_word' id='word_1_701' title='bbox 2326 3139 2429 3179; x_wconf 92' lang='lat' dir='ltr'><strong>non</strong></span> <span class='ocrx_word' id='word_1_702' title='bbox 2466 3125 2670 3180; x_wconf 91' lang='lat' dir='ltr'><strong>liceret.</strong></span> <span class='ocrx_word' id='word_1_703' title='bbox 2698 3125 3006 3196; x_wconf 88' lang='lat' dir='ltr'><strong>Quanquam</strong></span> <span class='ocrx_word' id='word_1_704' title='bbox 3044 3143 3187 3198; x_wconf 59' lang='lat' dir='ltr'><strong>sarpe</strong></span> <span class='ocrx_word' id='word_1_705' title='bbox 3229 3145 3330 3185; x_wconf 73' lang='lat' dir='ltr'><strong>ex-</strong></span> 
     </span>
    </p>
   </div>
   <div class='ocr_carea' id='block_1_92' title="bbox 1748 3213 3334 3284">
    <p class='ocr_par' dir='ltr' id='par_1_92' title="bbox 1748 3213 3334 3284">
     <span class='ocr_line' id='line_1_92' title="bbox 1748 3213 3334 3284; baseline 0.006 -18"><span class='ocrx_word' id='word_1_706' title='bbox 1748 3215 1881 3284; x_wconf 82' lang='lat' dir='ltr'><strong>perti</strong></span> <span class='ocrx_word' id='word_1_707' title='bbox 1912 3213 2184 3280; x_wconf 88' lang='lat' dir='ltr'><strong>fuerimus,</strong></span> <span class='ocrx_word' id='word_1_708' title='bbox 2213 3223 2266 3270; x_wconf 92' lang='lat' dir='ltr'><strong>et</strong></span> <span class='ocrx_word' id='word_1_709' title='bbox 2296 3215 2346 3268; x_wconf 94' lang='lat' dir='ltr'><strong>in</strong></span> <span class='ocrx_word' id='word_1_710' title='bbox 2375 3215 2526 3269; x_wconf 91' lang='lat' dir='ltr'><strong>nobis</strong></span> <span class='ocrx_word' id='word_1_711' title='bbox 2555 3225 2608 3270; x_wconf 90' lang='lat' dir='ltr'><strong>et</strong></span> <span class='ocrx_word' id='word_1_712' title='bbox 2647 3216 2698 3270; x_wconf 91' lang='lat' dir='ltr'><strong>in</strong></span> <span class='ocrx_word' id='word_1_713' title='bbox 2727 3216 2865 3280; x_wconf 91' lang='lat' dir='ltr'><strong>aliis,</strong></span> <span class='ocrx_word' id='word_1_714' title='bbox 2889 3231 2994 3270; x_wconf 92' lang='lat' dir='ltr'><strong>non</strong></span> <span class='ocrx_word' id='word_1_715' title='bbox 3031 3233 3214 3274; x_wconf 86' lang='lat' dir='ltr'><strong>earum</strong></span> <span class='ocrx_word' id='word_1_716' title='bbox 3245 3236 3334 3275; x_wconf 89' lang='lat' dir='ltr'><strong>re-</strong></span> 
     </span>
    </p>
   </div>
   <div class='ocr_carea' id='block_1_93' title="bbox 1747 3309 3336 3389">
    <p class='ocr_par' dir='ltr' id='par_1_93' title="bbox 1747 3309 3336 3389">
     <span class='ocr_line' id='line_1_93' title="bbox 1747 3309 3336 3389; baseline 0.005 -28"><span class='ocrx_word' id='word_1_717' title='bbox 1747 3321 1866 3362; x_wconf 90' lang='lat' dir='ltr'><strong>rum</strong></span> <span class='ocrx_word' id='word_1_718' title='bbox 1897 3324 2014 3377; x_wconf 59' lang='lat' dir='ltr'><strong>quae</strong></span> <span class='ocrx_word' id='word_1_719' title='bbox 2061 3310 2384 3380; x_wconf 88' lang='lat' dir='ltr'><strong>cogitantur,</strong></span> <span class='ocrx_word' id='word_1_720' title='bbox 2431 3309 2592 3386; x_wconf 85' lang='lat' dir='ltr'><strong>verba</strong></span> <span class='ocrx_word' id='word_1_721' title='bbox 2642 3310 2902 3389; x_wconf 76' lang='lat' dir='ltr'><strong>proferri:</strong></span> <span class='ocrx_word' id='word_1_722' title='bbox 2943 3311 3082 3381; x_wconf 92' lang='lat' dir='ltr'><strong>quod</strong></span> <span class='ocrx_word' id='word_1_723' title='bbox 3127 3312 3336 3370; x_wconf 91' lang='lat' dir='ltr'><strong>duobus</strong></span> 
     </span>
    </p>
   </div>
   <div class='ocr_carea' id='block_1_94' title="bbox 1746 3398 3337 3469">
    <p class='ocr_par' dir='ltr' id='par_1_94' title="bbox 1746 3398 3337 3469">
     <span class='ocr_line' id='line_1_94' title="bbox 1746 3398 3337 3469; baseline 0.006 -18"><span class='ocrx_word' id='word_1_724' title='bbox 1746 3398 1918 3454; x_wconf 89' lang='lat' dir='ltr'><strong>modis</strong></span> <span class='ocrx_word' id='word_1_725' title='bbox 1944 3414 2098 3469; x_wconf 90' lang='lat' dir='ltr'><strong>posse</strong></span> <span class='ocrx_word' id='word_1_726' title='bbox 2125 3400 2363 3455; x_wconf 88' lang='lat' dir='ltr'><strong>accidere</strong></span> <span class='ocrx_word' id='word_1_727' title='bbox 2388 3401 2561 3465; x_wconf 88' lang='lat' dir='ltr'><strong>video,</strong></span> <span class='ocrx_word' id='word_1_728' title='bbox 2601 3417 2721 3456; x_wconf 92' lang='lat' dir='ltr'><strong>cum</strong></span> <span class='ocrx_word' id='word_1_729' title='bbox 2749 3410 2839 3456; x_wconf 86' lang='lat' dir='ltr'><strong>aut</strong></span> <span class='ocrx_word' id='word_1_730' title='bbox 2859 3418 3034 3458; x_wconf 88' lang='lat' dir='ltr'><strong>sermo</strong></span> <span class='ocrx_word' id='word_1_731' title='bbox 3064 3407 3337 3461; x_wconf 61' lang='lat' dir='ltr'><strong>memorias</strong></span> 
     </span>
    </p>
   </div>
   <div class='ocr_carea' id='block_1_95' title="bbox 1749 3491 3337 3564">
    <p class='ocr_par' dir='ltr' id='par_1_95' title="bbox 1749 3491 3337 3564">
     <span class='ocr_line' id='line_1_95' title="bbox 1749 3491 3337 3564; baseline 0.006 -21"><span class='ocrx_word' id='word_1_732' title='bbox 1749 3491 2028 3546; x_wconf 86' lang='lat' dir='ltr'><strong>mandatus</strong></span> <span class='ocrx_word' id='word_1_733' title='bbox 2059 3501 2112 3546; x_wconf 89' lang='lat' dir='ltr'><strong>et</strong></span> <span class='ocrx_word' id='word_1_734' title='bbox 2153 3507 2293 3561; x_wconf 64' lang='lat' dir='ltr'><strong>saepe</strong></span> <span class='ocrx_word' id='word_1_735' title='bbox 2319 3493 2594 3557; x_wconf 90' lang='lat' dir='ltr'><strong>decursus,</strong></span> <span class='ocrx_word' id='word_1_736' title='bbox 2624 3495 2722 3547; x_wconf 88' lang='lat' dir='ltr'><strong>alia</strong></span> <span class='ocrx_word' id='word_1_737' title='bbox 2761 3495 3054 3564; x_wconf 58' lang='lat' dir='ltr'><strong>cogimndis</strong></span> <span class='ocrx_word' id='word_1_738' title='bbox 3084 3511 3176 3552; x_wconf 92' lang='lat' dir='ltr'><strong>ore</strong></span> <span class='ocrx_word' id='word_1_739' title='bbox 3215 3497 3337 3552; x_wconf 76' lang='lat' dir='ltr'><strong>fun-</strong></span> 
     </span>
    </p>
   </div>
   <div class='ocr_carea' id='block_1_96' title="bbox 1748 3583 3342 3657">
    <p class='ocr_par' dir='ltr' id='par_1_96' title="bbox 1748 3583 3342 3657">
     <span class='ocr_line' id='line_1_96' title="bbox 1748 3583 3342 3657; baseline 0.004 -20"><span class='ocrx_word' id='word_1_740' title='bbox 1748 3583 1918 3650; x_wconf 88' lang='lat' dir='ltr'><strong>ditur;</strong></span> <span class='ocrx_word' id='word_1_741' title='bbox 1949 3587 2085 3654; x_wconf 88' lang='lat' dir='ltr'><strong>quod</strong></span> <span class='ocrx_word' id='word_1_742' title='bbox 2130 3586 2281 3640; x_wconf 87' lang='lat' dir='ltr'><strong>nobis</strong></span> <span class='ocrx_word' id='word_1_743' title='bbox 2317 3600 2435 3639; x_wconf 89' lang='lat' dir='ltr'><strong>cum</strong></span> <span class='ocrx_word' id='word_1_744' title='bbox 2481 3586 2734 3657; x_wconf 84' lang='lat' dir='ltr'><strong>hymnum</strong></span> <span class='ocrx_word' id='word_1_745' title='bbox 2775 3588 3012 3642; x_wconf 86' lang='lat' dir='ltr'><strong>cauimus</strong></span> <span class='ocrx_word' id='word_1_746' title='bbox 3041 3604 3184 3657; x_wconf 52' lang='lat' dir='ltr'><strong>sape</strong></span> <span class='ocrx_word' id='word_1_747' title='bbox 3210 3605 3342 3644; x_wconf 86' lang='lat' dir='ltr'><strong>con-</strong></span> 
     </span>
    </p>
   </div>
   <div class='ocr_carea' id='block_1_97' title="bbox 1750 3675 3332 3748">
    <p class='ocr_par' dir='ltr' id='par_1_97' title="bbox 1750 3675 3332 3748">
     <span class='ocr_line' id='line_1_97' title="bbox 1750 3675 3332 3748; baseline 0.004 -20"><span class='ocrx_word' id='word_1_748' title='bbox 1750 3675 1902 3744; x_wconf 86' lang='lat' dir='ltr'><strong>tingit</strong></span> <span class='ocrx_word' id='word_1_749' title='bbox 1932 3694 1943 3727; x_wconf 90' lang='lat'><strong>:</strong></span> <span class='ocrx_word' id='word_1_750' title='bbox 1975 3685 2063 3729; x_wconf 89' lang='lat' dir='ltr'><strong>aut</strong></span> <span class='ocrx_word' id='word_1_751' title='bbox 2103 3693 2221 3730; x_wconf 89' lang='lat' dir='ltr'><strong>cum</strong></span> <span class='ocrx_word' id='word_1_752' title='bbox 2254 3677 2355 3730; x_wconf 91' lang='lat' dir='ltr'><strong>alia</strong></span> <span class='ocrx_word' id='word_1_753' title='bbox 2394 3693 2488 3746; x_wconf 92' lang='lat' dir='ltr'><strong>pro</strong></span> <span class='ocrx_word' id='word_1_754' title='bbox 2515 3678 2632 3732; x_wconf 89' lang='lat' dir='ltr'><strong>aliis</strong></span> <span class='ocrx_word' id='word_1_755' title='bbox 2664 3679 2822 3732; x_wconf 88' lang='lat' dir='ltr'><strong>verba</strong></span> <span class='ocrx_word' id='word_1_756' title='bbox 2867 3689 3061 3748; x_wconf 85' lang='lat' dir='ltr'><strong>praeter</strong></span> <span class='ocrx_word' id='word_1_757' title='bbox 3090 3681 3332 3736; x_wconf 87' lang='lat' dir='ltr'><strong>volunta-</strong></span> 
     </span>
    </p>
   </div>
   <div class='ocr_carea' id='block_1_98' title="bbox 1750 3769 3334 3840">
    <p class='ocr_par' dir='ltr' id='par_1_98' title="bbox 1750 3769 3334 3840">
     <span class='ocr_line' id='line_1_98' title="bbox 1750 3769 3334 3840; baseline 0.004 -18"><span class='ocrx_word' id='word_1_758' title='bbox 1750 3777 1854 3824; x_wconf 92' lang='lat' dir='ltr'><strong>tem</strong></span> <span class='ocrx_word' id='word_1_759' title='bbox 1885 3778 2121 3825; x_wconf 89' lang='lat' dir='ltr'><strong>nostram</strong></span> <span class='ocrx_word' id='word_1_760' title='bbox 2144 3769 2336 3840; x_wconf 78' lang='lat' dir='ltr'><strong>lingua:</strong></span> <span class='ocrx_word' id='word_1_761' title='bbox 2359 3771 2525 3840; x_wconf 85' lang='lat' dir='ltr'><strong>ipsius</strong></span> <span class='ocrx_word' id='word_1_762' title='bbox 2553 3786 2735 3826; x_wconf 91' lang='lat' dir='ltr'><strong>errore</strong></span> <span class='ocrx_word' id='word_1_763' title='bbox 2757 3773 3071 3840; x_wconf 89' lang='lat' dir='ltr'><strong>prosiliunt;</strong></span> <span class='ocrx_word' id='word_1_764' title='bbox 3098 3788 3217 3826; x_wconf 90' lang='lat' dir='ltr'><strong>nam</strong></span> <span class='ocrx_word' id='word_1_765' title='bbox 3248 3773 3334 3828; x_wconf 85' lang='lat' dir='ltr'><strong>hic</strong></span> 
     </span>
    </p>
   </div>
   <div class='ocr_carea' id='block_1_99' title="bbox 1749 3862 3332 3931">
    <p class='ocr_par' dir='ltr' id='par_1_99' title="bbox 1749 3862 3332 3931">
     <span class='ocr_line' id='line_1_99' title="bbox 1749 3862 3332 3931; baseline 0.001 -17"><span class='ocrx_word' id='word_1_766' title='bbox 1749 3876 1960 3931; x_wconf 87' lang='lat' dir='ltr'><strong>quoque</strong></span> <span class='ocrx_word' id='word_1_767' title='bbox 1990 3876 2094 3915; x_wconf 91' lang='lat' dir='ltr'><strong>non</strong></span> <span class='ocrx_word' id='word_1_768' title='bbox 2125 3876 2304 3916; x_wconf 88' lang='lat' dir='ltr'><strong>earum</strong></span> <span class='ocrx_word' id='word_1_769' title='bbox 2330 3877 2505 3916; x_wconf 91' lang='lat' dir='ltr'><strong>rerum</strong></span> <span class='ocrx_word' id='word_1_770' title='bbox 2533 3862 2680 3930; x_wconf 88' lang='lat' dir='ltr'><strong>signa</strong></span> <span class='ocrx_word' id='word_1_771' title='bbox 2719 3877 2849 3931; x_wconf 90' lang='lat' dir='ltr'><strong>quas</strong></span> <span class='ocrx_word' id='word_1_772' title='bbox 2877 3863 2929 3916; x_wconf 91' lang='lat' dir='ltr'><strong>in</strong></span> <span class='ocrx_word' id='word_1_773' title='bbox 2957 3863 3136 3916; x_wconf 87' lang='lat' dir='ltr'><strong>animo</strong></span> <span class='ocrx_word' id='word_1_774' title='bbox 3167 3862 3332 3916; x_wconf 86' lang='lat' dir='ltr'><strong>babe-</strong></span> 
     </span>
    </p>
   </div>
   <div class='ocr_carea' id='block_1_100' title="bbox 1751 3951 3341 4022">
    <p class='ocr_par' dir='ltr' id='par_1_100' title="bbox 1751 3951 3341 4022">
     <span class='ocr_line' id='line_1_100' title="bbox 1751 3951 3341 4022; baseline 0.001 -16"><span class='ocrx_word' id='word_1_775' title='bbox 1751 3967 1888 4017; x_wconf 90' lang='lat' dir='ltr'><strong>mus,</strong></span> <span class='ocrx_word' id='word_1_776' title='bbox 1936 3952 2238 4006; x_wconf 87' lang='lat' dir='ltr'><strong>audiuntur.</strong></span> <span class='ocrx_word' id='word_1_777' title='bbox 2295 3951 2426 4005; x_wconf 78' lang='lat' dir='ltr'><strong>Nam</strong></span> <span class='ocrx_word' id='word_1_778' title='bbox 2465 3953 2785 4006; x_wconf 88' lang='lat' dir='ltr'><strong>mentientes</strong></span> <span class='ocrx_word' id='word_1_779' title='bbox 2838 3952 3052 4021; x_wconf 91' lang='lat' dir='ltr'><strong>quidem</strong></span> <span class='ocrx_word' id='word_1_780' title='bbox 3103 3952 3341 4022; x_wconf 83' lang='lat' dir='ltr'><strong>cogitant</strong></span> 
     </span>
    </p>
   </div>
   <div class='ocr_carea' id='block_1_101' title="bbox 1751 4043 3338 4112">
    <p class='ocr_par' dir='ltr' id='par_1_101' title="bbox 1751 4043 3338 4112">
     <span class='ocr_line' id='line_1_101' title="bbox 1751 4043 3338 4112; baseline 0 -13"><span class='ocrx_word' id='word_1_781' title='bbox 1751 4046 1909 4099; x_wconf 89' lang='lat' dir='ltr'><strong>etiam</strong></span> <span class='ocrx_word' id='word_1_782' title='bbox 1939 4045 2004 4100; x_wconf 88' lang='lat' dir='ltr'><strong>de</strong></span> <span class='ocrx_word' id='word_1_783' title='bbox 2051 4045 2116 4098; x_wconf 90' lang='lat' dir='ltr'><strong>iis</strong></span> <span class='ocrx_word' id='word_1_784' title='bbox 2159 4043 2318 4098; x_wconf 87' lang='lat' dir='ltr'><strong>rebus</strong></span> <span class='ocrx_word' id='word_1_785' title='bbox 2361 4059 2490 4112; x_wconf 89' lang='lat' dir='ltr'><strong>quas</strong></span> <span class='ocrx_word' id='word_1_786' title='bbox 2537 4043 2844 4112; x_wconf 89' lang='lat' dir='ltr'><strong>loquuntur,</strong></span> <span class='ocrx_word' id='word_1_787' title='bbox 2883 4051 2941 4096; x_wconf 91' lang='lat' dir='ltr'><strong>ut</strong></span> <span class='ocrx_word' id='word_1_788' title='bbox 2976 4043 3183 4098; x_wconf 90' lang='lat' dir='ltr'><strong>tametsi</strong></span> <span class='ocrx_word' id='word_1_789' title='bbox 3239 4059 3338 4099; x_wconf 81' lang='lat' dir='ltr'><strong>ne-</strong></span> 
     </span>
    </p>
   </div>
   <div class='ocr_carea' id='block_1_102' title="bbox 1750 4134 3338 4198">
    <p class='ocr_par' dir='ltr' id='par_1_102' title="bbox 1750 4134 3338 4198">
     <span class='ocr_line' id='line_1_102' title="bbox 1750 4134 3338 4198; baseline 0 -8"><span class='ocrx_word' id='word_1_790' title='bbox 1750 4136 1983 4190; x_wconf 84' lang='lat' dir='ltr'><strong>sciamus</strong></span> <span class='ocrx_word' id='word_1_791' title='bbox 2002 4151 2067 4189; x_wconf 91' lang='lat' dir='ltr'><strong>an</strong></span> <span class='ocrx_word' id='word_1_792' title='bbox 2093 4151 2275 4189; x_wconf 90' lang='lat' dir='ltr'><strong>verum</strong></span> <span class='ocrx_word' id='word_1_793' title='bbox 2297 4134 2494 4198; x_wconf 92' lang='lat' dir='ltr'><strong>dicant,</strong></span> <span class='ocrx_word' id='word_1_794' title='bbox 2514 4135 2743 4188; x_wconf 88' lang='lat' dir='ltr'><strong>sciamus</strong></span> <span class='ocrx_word' id='word_1_795' title='bbox 2769 4142 2944 4188; x_wconf 89' lang='lat' dir='ltr'><strong>tamen</strong></span> <span class='ocrx_word' id='word_1_796' title='bbox 2967 4148 3060 4189; x_wconf 92' lang='lat' dir='ltr'><strong>eos</strong></span> <span class='ocrx_word' id='word_1_797' title='bbox 3080 4135 3132 4188; x_wconf 92' lang='lat' dir='ltr'><strong>in</strong></span> <span class='ocrx_word' id='word_1_798' title='bbox 3157 4134 3338 4190; x_wconf 80' lang='lat' dir='ltr'><strong>animo</strong></span> 
     </span>
    </p>
   </div>
   <div class='ocr_carea' id='block_1_103' title="bbox 1751 4225 3337 4300">
    <p class='ocr_par' dir='ltr' id='par_1_103' title="bbox 1751 4225 3337 4300">
     <span class='ocr_line' id='line_1_103' title="bbox 1751 4225 3337 4300; baseline -0.003 -13"><span class='ocrx_word' id='word_1_799' title='bbox 1751 4231 1948 4287; x_wconf 88' lang='lat' dir='ltr'><strong>habere</strong></span> <span class='ocrx_word' id='word_1_800' title='bbox 1974 4228 2116 4300; x_wconf 92' lang='lat' dir='ltr'><strong>quod</strong></span> <span class='ocrx_word' id='word_1_801' title='bbox 2159 4228 2358 4293; x_wconf 91' lang='lat' dir='ltr'><strong>dicunt,</strong></span> <span class='ocrx_word' id='word_1_802' title='bbox 2389 4227 2433 4282; x_wconf 91' lang='lat' dir='ltr'><strong>si</strong></span> <span class='ocrx_word' id='word_1_803' title='bbox 2470 4241 2572 4281; x_wconf 95' lang='lat' dir='ltr'><strong>non</strong></span> <span class='ocrx_word' id='word_1_804' title='bbox 2604 4226 2680 4280; x_wconf 91' lang='lat' dir='ltr'><strong>eis</strong></span> <span class='ocrx_word' id='word_1_805' title='bbox 2717 4225 2916 4297; x_wconf 90' lang='lat' dir='ltr'><strong>aliquid</strong></span> <span class='ocrx_word' id='word_1_806' title='bbox 2958 4226 3181 4282; x_wconf 90' lang='lat' dir='ltr'><strong>duorum</strong></span> <span class='ocrx_word' id='word_1_807' title='bbox 3216 4242 3337 4298; x_wconf 67' lang='lat' dir='ltr'><strong>quae</strong></span> 
     </span>
    </p>
   </div>
   <div class='ocr_carea' id='block_1_104' title="bbox 1750 4316 3341 4389">
    <p class='ocr_par' dir='ltr' id='par_1_104' title="bbox 1750 4316 3341 4389">
     <span class='ocr_line' id='line_1_104' title="bbox 1750 4316 3341 4389; baseline -0.003 -13"><span class='ocrx_word' id='word_1_808' title='bbox 1750 4321 1856 4376; x_wconf 90' lang='lat' dir='ltr'><strong>dixi</strong></span> <span class='ocrx_word' id='word_1_809' title='bbox 1881 4320 2085 4377; x_wconf 84' lang='lat' dir='ltr'><strong>accidat</strong></span> <span class='ocrx_word' id='word_1_810' title='bbox 2115 4337 2127 4372; x_wconf 87' lang='lat'><strong>:</strong></span> <span class='ocrx_word' id='word_1_811' title='bbox 2148 4334 2264 4389; x_wconf 81' lang='lat' dir='ltr'><strong>quae</strong></span> <span class='ocrx_word' id='word_1_812' title='bbox 2286 4317 2332 4373; x_wconf 92' lang='lat' dir='ltr'><strong>si</strong></span> <span class='ocrx_word' id='word_1_813' title='bbox 2353 4318 2470 4388; x_wconf 92' lang='lat' dir='ltr'><strong>quis</strong></span> <span class='ocrx_word' id='word_1_814' title='bbox 2490 4326 2543 4372; x_wconf 90' lang='lat' dir='ltr'><strong>et</strong></span> <span class='ocrx_word' id='word_1_815' title='bbox 2572 4316 2836 4372; x_wconf 88' lang='lat' dir='ltr'><strong>interdum</strong></span> <span class='ocrx_word' id='word_1_816' title='bbox 2858 4316 3097 4372; x_wconf 89' lang='lat' dir='ltr'><strong>accidere</strong></span> <span class='ocrx_word' id='word_1_817' title='bbox 3118 4326 3341 4371; x_wconf 87' lang='lat' dir='ltr'><strong>conten-</strong></span> 
     </span>
    </p>
   </div>
   <div class='ocr_carea' id='block_1_105' title="bbox 1750 4411 3337 4482">
    <p class='ocr_par' dir='ltr' id='par_1_105' title="bbox 1750 4411 3337 4482">
     <span class='ocr_line' id='line_1_105' title="bbox 1750 4411 3337 4482; baseline -0.002 -13"><span class='ocrx_word' id='word_1_818' title='bbox 1750 4414 1848 4481; x_wconf 91' lang='lat' dir='ltr'><strong>dit,</strong></span> <span class='ocrx_word' id='word_1_819' title='bbox 1877 4422 2072 4469; x_wconf 90' lang='lat' dir='ltr'><strong>etcum</strong></span> <span class='ocrx_word' id='word_1_820' title='bbox 2099 4411 2290 4468; x_wconf 90' lang='lat' dir='ltr'><strong>accidit</strong></span> <span class='ocrx_word' id='word_1_821' title='bbox 2320 4426 2595 4482; x_wconf 88' lang='lat' dir='ltr'><strong>apparere,</strong></span> <span class='ocrx_word' id='word_1_822' title='bbox 2636 4425 2937 4482; x_wconf 87' lang='lat' dir='ltr'><strong>quanquam</strong></span> <span class='ocrx_word' id='word_1_823' title='bbox 2979 4426 3121 4481; x_wconf 85' lang='lat' dir='ltr'><strong>saepe</strong></span> <span class='ocrx_word' id='word_1_824' title='bbox 3155 4411 3337 4466; x_wconf 85' lang='lat' dir='ltr'><strong>occul-</strong></span> 
     </span>
    </p>
   </div>
   <div class='ocr_carea' id='block_1_106' title="bbox 1753 4501 3298 4575">
    <p class='ocr_par' dir='ltr' id='par_1_106' title="bbox 1753 4501 3298 4575">
     <span class='ocr_line' id='line_1_106' title="bbox 1753 4501 3298 4575; baseline -0.003 -15"><span class='ocrx_word' id='word_1_825' title='bbox 1753 4514 1863 4561; x_wconf 93' lang='lat' dir='ltr'><strong>tum</strong></span> <span class='ocrx_word' id='word_1_826' title='bbox 1893 4515 1993 4571; x_wconf 88' lang='lat' dir='ltr'><strong>est,</strong></span> <span class='ocrx_word' id='word_1_827' title='bbox 2034 4515 2087 4561; x_wconf 90' lang='lat' dir='ltr'><strong>et</strong></span> <span class='ocrx_word' id='word_1_828' title='bbox 2109 4519 2250 4575; x_wconf 68' lang='lat' dir='ltr'><strong>saepe</strong></span> <span class='ocrx_word' id='word_1_829' title='bbox 2272 4519 2360 4558; x_wconf 90' lang='lat' dir='ltr'><strong>me</strong></span> <span class='ocrx_word' id='word_1_830' title='bbox 2385 4502 2575 4559; x_wconf 90' lang='lat' dir='ltr'><strong>fefellit</strong></span> <span class='ocrx_word' id='word_1_831' title='bbox 2599 4501 2924 4567; x_wconf 91' lang='lat' dir='ltr'><strong>audientem,</strong></span> <span class='ocrx_word' id='word_1_832' title='bbox 2950 4517 3054 4557; x_wconf 91' lang='lat' dir='ltr'><strong>non</strong></span> <span class='ocrx_word' id='word_1_833' title='bbox 3085 4503 3298 4559; x_wconf 89' lang='lat' dir='ltr'><strong>resisto.</strong></span> 
     </span>
    </p>
   </div>
   <div class='ocr_carea' id='block_1_107' title="bbox 1822 4592 3337 4663">
    <p class='ocr_par' dir='ltr' id='par_1_107' title="bbox 1822 4592 3337 4663">
     <span class='ocr_line' id='line_1_107' title="bbox 1822 4592 3337 4663; baseline -0.002 -11"><span class='ocrx_word' id='word_1_834' title='bbox 1822 4597 1911 4652; x_wconf 71' lang='grc'><strong>45.</strong></span> <span class='ocrx_word' id='word_1_835' title='bbox 1941 4595 2046 4650; x_wconf 89' lang='lat' dir='ltr'><strong>Sed</strong></span> <span class='ocrx_word' id='word_1_836' title='bbox 2081 4594 2161 4650; x_wconf 90' lang='lat' dir='ltr'><strong>his</strong></span> <span class='ocrx_word' id='word_1_837' title='bbox 2201 4593 2392 4648; x_wconf 91' lang='lat' dir='ltr'><strong>accidit</strong></span> <span class='ocrx_word' id='word_1_838' title='bbox 2419 4593 2559 4647; x_wconf 92' lang='lat' dir='ltr'><strong>aliud</strong></span> <span class='ocrx_word' id='word_1_839' title='bbox 2589 4607 2754 4663; x_wconf 89' lang='lat' dir='ltr'><strong>genus</strong></span> <span class='ocrx_word' id='word_1_840' title='bbox 2776 4633 2790 4658; x_wconf 89' lang='lat'><strong>,</strong></span> <span class='ocrx_word' id='word_1_841' title='bbox 2824 4607 2954 4647; x_wconf 90' lang='lat' dir='ltr'><strong>sane</strong></span> <span class='ocrx_word' id='word_1_842' title='bbox 2982 4592 3086 4648; x_wconf 88' lang='lat' dir='ltr'><strong>late</strong></span> <span class='ocrx_word' id='word_1_843' title='bbox 3112 4603 3300 4663; x_wconf 89' lang='lat' dir='ltr'><strong>patens</strong></span> <span class='ocrx_word' id='word_1_844' title='bbox 3320 4637 3337 4663; x_wconf 94' lang='lat'><strong>,</strong></span> 
     </span>
    </p>
   </div>
   <div class='ocr_carea' id='block_1_108' title="bbox 1753 4685 3343 4756">
    <p class='ocr_par' dir='ltr' id='par_1_108' title="bbox 1753 4685 3343 4756">
     <span class='ocr_line' id='line_1_108' title="bbox 1753 4685 3343 4756; baseline 0 -13"><span class='ocrx_word' id='word_1_845' title='bbox 1753 4697 1803 4742; x_wconf 91' lang='lat' dir='ltr'><strong>et</strong></span> <span class='ocrx_word' id='word_1_846' title='bbox 1836 4702 2018 4743; x_wconf 91' lang='lat' dir='ltr'><strong>semen</strong></span> <span class='ocrx_word' id='word_1_847' title='bbox 2042 4685 2510 4741; x_wconf 88' lang='lat' dir='ltr'><strong>innumerabilium</strong></span> <span class='ocrx_word' id='word_1_848' title='bbox 2558 4685 2949 4739; x_wconf 83' lang='lat' dir='ltr'><strong>dissensionum</strong></span> <span class='ocrx_word' id='word_1_849' title='bbox 2980 4695 3138 4756; x_wconf 85' lang='lat' dir='ltr'><strong>atque</strong></span> <span class='ocrx_word' id='word_1_850' title='bbox 3163 4697 3343 4744; x_wconf 88' lang='lat' dir='ltr'><strong>certa-</strong></span> 
     </span>
    </p>
   </div>
   <div class='ocr_carea' id='block_1_109' title="bbox 1752 4776 3342 4852">
    <p class='ocr_par' dir='ltr' id='par_1_109' title="bbox 1752 4776 3342 4852">
     <span class='ocr_line' id='line_1_109' title="bbox 1752 4776 3342 4852; baseline 0.001 -17"><span class='ocrx_word' id='word_1_851' title='bbox 1752 4781 1954 4835; x_wconf 89' lang='lat' dir='ltr'><strong>minum</strong></span> <span class='ocrx_word' id='word_1_852' title='bbox 1989 4797 2001 4832; x_wconf 91' lang='lat'><strong>:</strong></span> <span class='ocrx_word' id='word_1_853' title='bbox 2029 4795 2150 4834; x_wconf 89' lang='lat' dir='ltr'><strong>cum</strong></span> <span class='ocrx_word' id='word_1_854' title='bbox 2188 4779 2280 4834; x_wconf 90' lang='lat' dir='ltr'><strong>ille</strong></span> <span class='ocrx_word' id='word_1_855' title='bbox 2308 4778 2398 4850; x_wconf 92' lang='lat' dir='ltr'><strong>qui</strong></span> <span class='ocrx_word' id='word_1_856' title='bbox 2430 4777 2683 4847; x_wconf 89' lang='lat' dir='ltr'><strong>loquitur,</strong></span> <span class='ocrx_word' id='word_1_857' title='bbox 2718 4776 2902 4832; x_wconf 90' lang='lat' dir='ltr'><strong>eadem</strong></span> <span class='ocrx_word' id='word_1_858' title='bbox 2929 4778 3144 4849; x_wconf 90' lang='lat' dir='ltr'><strong>quidem</strong></span> <span class='ocrx_word' id='word_1_859' title='bbox 3176 4780 3342 4852; x_wconf 86' lang='lat' dir='ltr'><strong>signi-</strong></span> 
     </span>
    </p>
   </div>
   <div class='ocr_carea' id='block_1_110' title="bbox 1753 4869 3414 4946">
    <p class='ocr_par' dir='ltr' id='par_1_110' title="bbox 1753 4869 3414 4946">
     <span class='ocr_line' id='line_1_110' title="bbox 1753 4869 3414 4946; baseline -0.001 -18"><span class='ocrx_word' id='word_1_860' title='bbox 1753 4873 1879 4928; x_wconf 88' lang='lat' dir='ltr'><strong>ﬁcat</strong></span> <span class='ocrx_word' id='word_1_861' title='bbox 1907 4887 2024 4942; x_wconf 67' lang='lat' dir='ltr'><strong>qua:</strong></span> <span class='ocrx_word' id='word_1_862' title='bbox 2048 4870 2280 4941; x_wconf 91' lang='lat' dir='ltr'><strong>cogitat,</strong></span> <span class='ocrx_word' id='word_1_863' title='bbox 2312 4870 2407 4926; x_wconf 91' lang='lat' dir='ltr'><strong>sed</strong></span> <span class='ocrx_word' id='word_1_864' title='bbox 2438 4869 2748 4939; x_wconf 89' lang='lat' dir='ltr'><strong>plerumque</strong></span> <span class='ocrx_word' id='word_1_865' title='bbox 2775 4877 2980 4924; x_wconf 87' lang='lat' dir='ltr'><strong>tantum</strong></span> <span class='ocrx_word' id='word_1_866' title='bbox 3007 4871 3110 4926; x_wconf 89' lang='lat' dir='ltr'><strong>sibi</strong></span> <span class='ocrx_word' id='word_1_867' title='bbox 3134 4880 3190 4927; x_wconf 93' lang='lat' dir='ltr'><strong>et</strong></span> <span class='ocrx_word' id='word_1_868' title='bbox 3225 4873 3344 4927; x_wconf 92' lang='lat' dir='ltr'><strong>aliis</strong></span> <span class='ocrx_word' id='word_1_869' title='bbox 3397 4923 3414 4946; x_wconf 70' lang='lat'><strong>,</strong></span> 
     </span>
    </p>
   </div>
   <div class='ocr_carea' id='block_1_111' title="bbox 1753 4962 3340 5036">
    <p class='ocr_par' dir='ltr' id='par_1_111' title="bbox 1753 4962 3340 5036">
     <span class='ocr_line' id='line_1_111' title="bbox 1753 4962 3340 5036; baseline 0 -17"><span class='ocrx_word' id='word_1_870' title='bbox 1753 4963 2107 5036; x_wconf 89' lang='lat' dir='ltr'><strong>quibusdam;</strong></span> <span class='ocrx_word' id='word_1_871' title='bbox 2154 4962 2202 5018; x_wconf 91' lang='lat' dir='ltr'><strong>ei</strong></span> <span class='ocrx_word' id='word_1_872' title='bbox 2230 4977 2357 5018; x_wconf 90' lang='lat' dir='ltr'><strong>vero</strong></span> <span class='ocrx_word' id='word_1_873' title='bbox 2385 4962 2470 5017; x_wconf 92' lang='lat' dir='ltr'><strong>cui</strong></span> <span class='ocrx_word' id='word_1_874' title='bbox 2510 4962 2742 5032; x_wconf 89' lang='lat' dir='ltr'><strong>loquitur</strong></span> <span class='ocrx_word' id='word_1_875' title='bbox 2785 4970 2840 5017; x_wconf 90' lang='lat' dir='ltr'><strong>et</strong></span> <span class='ocrx_word' id='word_1_876' title='bbox 2889 4963 3014 5018; x_wconf 92' lang='lat' dir='ltr'><strong>item</strong></span> <span class='ocrx_word' id='word_1_877' title='bbox 3059 4963 3177 5019; x_wconf 90' lang='lat' dir='ltr'><strong>aliis</strong></span> <span class='ocrx_word' id='word_1_878' title='bbox 3205 4980 3340 5019; x_wconf 90' lang='lat' dir='ltr'><strong>non-</strong></span> 
     </span>
    </p>
   </div>
   <div class='ocr_carea' id='block_1_112' title="bbox 1755 5053 3337 5125">
    <p class='ocr_par' dir='ltr' id='par_1_112' title="bbox 1755 5053 3337 5125">
     <span class='ocr_line' id='line_1_112' title="bbox 1755 5053 3337 5125; baseline -0.002 -13"><span class='ocrx_word' id='word_1_879' title='bbox 1755 5057 1916 5113; x_wconf 91' lang='lat' dir='ltr'><strong>nullis</strong></span> <span class='ocrx_word' id='word_1_880' title='bbox 1940 5099 1954 5124; x_wconf 95' lang='lat'><strong>,</strong></span> <span class='ocrx_word' id='word_1_881' title='bbox 1991 5070 2095 5110; x_wconf 93' lang='lat' dir='ltr'><strong>non</strong></span> <span class='ocrx_word' id='word_1_882' title='bbox 2128 5055 2269 5110; x_wconf 92' lang='lat' dir='ltr'><strong>idem</strong></span> <span class='ocrx_word' id='word_1_883' title='bbox 2301 5053 2583 5125; x_wconf 83' lang='lat' dir='ltr'><strong>significat.</strong></span> <span class='ocrx_word' id='word_1_884' title='bbox 2619 5053 2821 5109; x_wconf 82' lang='lat' dir='ltr'><strong>Dixerit</strong></span> <span class='ocrx_word' id='word_1_885' title='bbox 2848 5055 2990 5110; x_wconf 89' lang='lat' dir='ltr'><strong>enim</strong></span> <span class='ocrx_word' id='word_1_886' title='bbox 3019 5056 3209 5125; x_wconf 90' lang='lat' dir='ltr'><strong>aliquis</strong></span> <span class='ocrx_word' id='word_1_887' title='bbox 3238 5070 3337 5109; x_wconf 83' lang='lat' dir='ltr'><strong>au-</strong></span> 
     </span>
    </p>
   </div>
   <div class='ocr_carea' id='block_1_113' title="bbox 1753 5146 3337 5217">
    <p class='ocr_par' dir='ltr' id='par_1_113' title="bbox 1753 5146 3337 5217">
     <span class='ocr_line' id='line_1_113' title="bbox 1753 5146 3337 5217; baseline -0.002 -13"><span class='ocrx_word' id='word_1_888' title='bbox 1753 5149 2021 5206; x_wconf 90' lang='lat' dir='ltr'><strong>dientibus</strong></span> <span class='ocrx_word' id='word_1_889' title='bbox 2046 5146 2220 5213; x_wconf 90' lang='lat' dir='ltr'><strong>nobis,</strong></span> <span class='ocrx_word' id='word_1_890' title='bbox 2253 5146 2322 5202; x_wconf 89' lang='lat' dir='ltr'><strong>ab</strong></span> <span class='ocrx_word' id='word_1_891' title='bbox 2346 5146 2610 5217; x_wconf 88' lang='lat' dir='ltr'><strong>aliquibus</strong></span> <span class='ocrx_word' id='word_1_892' title='bbox 2635 5146 2826 5202; x_wconf 91' lang='lat' dir='ltr'><strong>belluis</strong></span> <span class='ocrx_word' id='word_1_893' title='bbox 2854 5146 3120 5202; x_wconf 89' lang='lat' dir='ltr'><strong>hominem</strong></span> <span class='ocrx_word' id='word_1_894' title='bbox 3143 5146 3337 5201; x_wconf 88' lang='lat' dir='ltr'><strong>virtute</strong></span> 
     </span>
    </p>
   </div>
   <div class='ocr_carea' id='block_1_114' title="bbox 1754 5235 3335 5311">
    <p class='ocr_par' dir='ltr' id='par_1_114' title="bbox 1754 5235 3335 5311">
     <span class='ocr_line' id='line_1_114' title="bbox 1754 5235 3335 5311; baseline -0.001 -15"><span class='ocrx_word' id='word_1_895' title='bbox 1754 5240 2023 5311; x_wconf 89' lang='lat' dir='ltr'><strong>superari;</strong></span> <span class='ocrx_word' id='word_1_896' title='bbox 2057 5255 2154 5295; x_wconf 94' lang='lat' dir='ltr'><strong>nos</strong></span> <span class='ocrx_word' id='word_1_897' title='bbox 2182 5238 2322 5294; x_wconf 91' lang='lat' dir='ltr'><strong>illico</strong></span> <span class='ocrx_word' id='word_1_898' title='bbox 2349 5238 2487 5294; x_wconf 89' lang='lat' dir='ltr'><strong>ferre</strong></span> <span class='ocrx_word' id='word_1_899' title='bbox 2513 5253 2620 5293; x_wconf 89' lang='lat' dir='ltr'><strong>non</strong></span> <span class='ocrx_word' id='word_1_900' title='bbox 2648 5253 2950 5309; x_wconf 89' lang='lat' dir='ltr'><strong>possumus,</strong></span> <span class='ocrx_word' id='word_1_901' title='bbox 2983 5245 3036 5292; x_wconf 89' lang='lat' dir='ltr'><strong>et</strong></span> <span class='ocrx_word' id='word_1_902' title='bbox 3062 5235 3197 5290; x_wconf 86' lang='lat' dir='ltr'><strong>hanc</strong></span> <span class='ocrx_word' id='word_1_903' title='bbox 3225 5245 3335 5294; x_wconf 89' lang='lat' dir='ltr'><strong>tam</strong></span> 
     </span>
    </p>
   </div>
   <div class='ocr_carea' id='block_1_115' title="bbox 1754 5329 3342 5405">
    <p class='ocr_par' dir='ltr' id='par_1_115' title="bbox 1754 5329 3342 5405">
     <span class='ocr_line' id='line_1_115' title="bbox 1754 5329 3342 5405; baseline -0.002 -17"><span class='ocrx_word' id='word_1_904' title='bbox 1754 5334 1943 5390; x_wconf 85' lang='lat' dir='ltr'><strong>falsam</strong></span> <span class='ocrx_word' id='word_1_905' title='bbox 1998 5331 2419 5405; x_wconf 89' lang='lat' dir='ltr'><strong>pestiferamque</strong></span> <span class='ocrx_word' id='word_1_906' title='bbox 2447 5331 2765 5388; x_wconf 89' lang='lat' dir='ltr'><strong>sententiam</strong></span> <span class='ocrx_word' id='word_1_907' title='bbox 2811 5345 2997 5400; x_wconf 87' lang='lat' dir='ltr'><strong>magna</strong></span> <span class='ocrx_word' id='word_1_908' title='bbox 3044 5329 3342 5386; x_wconf 90' lang='lat' dir='ltr'><strong>intentione</strong></span> 
     </span>
    </p>
   </div>
   <div class='ocr_carea' id='block_1_116' title="bbox 1754 5419 3341 5491">
    <p class='ocr_par' dir='ltr' id='par_1_116' title="bbox 1754 5419 3341 5491">
     <span class='ocr_line' id='line_1_116' title="bbox 1754 5419 3341 5491; baseline -0.003 -9"><span class='ocrx_word' id='word_1_909' title='bbox 1754 5426 2046 5482; x_wconf 87' lang='lat' dir='ltr'><strong>refellimus</strong></span> <span class='ocrx_word' id='word_1_910' title='bbox 2078 5443 2090 5479; x_wconf 89' lang='lat'><strong>:</strong></span> <span class='ocrx_word' id='word_1_911' title='bbox 2125 5439 2247 5480; x_wconf 90' lang='lat' dir='ltr'><strong>cum</strong></span> <span class='ocrx_word' id='word_1_912' title='bbox 2277 5425 2368 5480; x_wconf 91' lang='lat' dir='ltr'><strong>ille</strong></span> <span class='ocrx_word' id='word_1_913' title='bbox 2393 5423 2620 5479; x_wconf 87' lang='lat' dir='ltr'><strong>fortasse</strong></span> <span class='ocrx_word' id='word_1_914' title='bbox 2646 5422 2915 5485; x_wconf 88' lang='lat' dir='ltr'><strong>virtutem,</strong></span> <span class='ocrx_word' id='word_1_915' title='bbox 2936 5419 3075 5476; x_wconf 89' lang='lat' dir='ltr'><strong>vires</strong></span> <span class='ocrx_word' id='word_1_916' title='bbox 3098 5423 3341 5491; x_wconf 85' lang='lat' dir='ltr'><strong>corporis</strong></span> 
     </span>
    </p>
   </div>
   <div class='ocr_carea' id='block_1_117' title="bbox 1754 5511 3342 5585">
    <p class='ocr_par' dir='ltr' id='par_1_117' title="bbox 1754 5511 3342 5585">
     <span class='ocr_line' id='line_1_117' title="bbox 1754 5511 3342 5585; baseline -0.003 -11"><span class='ocrx_word' id='word_1_917' title='bbox 1754 5527 1939 5585; x_wconf 90' lang='lat' dir='ltr'><strong>vocet,</strong></span> <span class='ocrx_word' id='word_1_918' title='bbox 1973 5530 2026 5574; x_wconf 89' lang='lat' dir='ltr'><strong>et</strong></span> <span class='ocrx_word' id='word_1_919' title='bbox 2054 5517 2157 5574; x_wconf 88' lang='lat' dir='ltr'><strong>hoc</strong></span> <span class='ocrx_word' id='word_1_920' title='bbox 2176 5517 2391 5573; x_wconf 90' lang='lat' dir='ltr'><strong>nomine</strong></span> <span class='ocrx_word' id='word_1_921' title='bbox 2415 5515 2466 5571; x_wconf 92' lang='lat' dir='ltr'><strong>id</strong></span> <span class='ocrx_word' id='word_1_922' title='bbox 2491 5512 2631 5585; x_wconf 89' lang='lat' dir='ltr'><strong>quod</strong></span> <span class='ocrx_word' id='word_1_923' title='bbox 2663 5513 2912 5584; x_wconf 88' lang='lat' dir='ltr'><strong>cogitavit</strong></span> <span class='ocrx_word' id='word_1_924' title='bbox 2930 5511 3202 5581; x_wconf 91' lang='lat' dir='ltr'><strong>enuntiet,</strong></span> <span class='ocrx_word' id='word_1_925' title='bbox 3241 5529 3342 5570; x_wconf 91' lang='lat' dir='ltr'><strong>nec</strong></span> 
     </span>
    </p>
   </div>
   <div class='ocr_carea' id='block_1_118' title="bbox 1755 5602 3341 5678">
    <p class='ocr_par' dir='ltr' id='par_1_118' title="bbox 1755 5602 3341 5678">
     <span class='ocr_line' id='line_1_118' title="bbox 1755 5602 3341 5678; baseline -0.004 -10"><span class='ocrx_word' id='word_1_926' title='bbox 1755 5613 2065 5678; x_wconf 88' lang='lat' dir='ltr'><strong>mentiatur,</strong></span> <span class='ocrx_word' id='word_1_927' title='bbox 2088 5625 2191 5666; x_wconf 91' lang='lat' dir='ltr'><strong>nec</strong></span> <span class='ocrx_word' id='word_1_928' title='bbox 2219 5617 2365 5666; x_wconf 91' lang='lat' dir='ltr'><strong>erret</strong></span> <span class='ocrx_word' id='word_1_929' title='bbox 2397 5609 2450 5662; x_wconf 88' lang='lat' dir='ltr'><strong>iu</strong></span> <span class='ocrx_word' id='word_1_930' title='bbox 2477 5607 2638 5662; x_wconf 84' lang='lat' dir='ltr'><strong>rebus</strong></span> <span class='ocrx_word' id='word_1_931' title='bbox 2661 5645 2676 5672; x_wconf 90' lang='lat'><strong>,</strong></span> <span class='ocrx_word' id='word_1_932' title='bbox 2705 5618 2805 5660; x_wconf 91' lang='lat' dir='ltr'><strong>nec</strong></span> <span class='ocrx_word' id='word_1_933' title='bbox 2837 5602 2978 5660; x_wconf 89' lang='lat' dir='ltr'><strong>aliud</strong></span> <span class='ocrx_word' id='word_1_934' title='bbox 3003 5603 3199 5674; x_wconf 90' lang='lat' dir='ltr'><strong>aliquid</strong></span> <span class='ocrx_word' id='word_1_935' title='bbox 3226 5605 3341 5661; x_wconf 86' lang='lat' dir='ltr'><strong>vol-</strong></span> 
     </span>
    </p>
   </div>
   <div class='ocr_carea' id='block_1_119' title="bbox 1754 5693 3340 5769">
    <p class='ocr_par' dir='ltr' id='par_1_119' title="bbox 1754 5693 3340 5769">
     <span class='ocr_line' id='line_1_119' title="bbox 1754 5693 3340 5769; baseline -0.004 -11"><span class='ocrx_word' id='word_1_936' title='bbox 1754 5717 1888 5758; x_wconf 90' lang='lat' dir='ltr'><strong>vens</strong></span> <span class='ocrx_word' id='word_1_937' title='bbox 1920 5703 2130 5769; x_wconf 91' lang='lat' dir='ltr'><strong>animo,</strong></span> <span class='ocrx_word' id='word_1_938' title='bbox 2159 5699 2408 5754; x_wconf 87' lang='lat' dir='ltr'><strong>mandata</strong></span> <span class='ocrx_word' id='word_1_939' title='bbox 2438 5693 2710 5750; x_wconf 80' lang='lat' dir='ltr'><strong>memoriae</strong></span> <span class='ocrx_word' id='word_1_940' title='bbox 2737 5693 2897 5750; x_wconf 90' lang='lat' dir='ltr'><strong>verba</strong></span> <span class='ocrx_word' id='word_1_941' title='bbox 2939 5693 3206 5761; x_wconf 81' lang='lat' dir='ltr'><strong>contexit,</strong></span> <span class='ocrx_word' id='word_1_942' title='bbox 3238 5711 3340 5752; x_wconf 88' lang='lat' dir='ltr'><strong>nec</strong></span> 
     </span>
    </p>
   </div>
   <div class='ocr_carea' id='block_1_120' title="bbox 1754 5786 3340 5870">
    <p class='ocr_par' dir='ltr' id='par_1_120' title="bbox 1754 5786 3340 5870">
     <span class='ocr_line' id='line_1_120' title="bbox 1754 5786 3340 5870; baseline -0.006 -15"><span class='ocrx_word' id='word_1_943' title='bbox 1754 5799 1950 5870; x_wconf 71' lang='lat' dir='ltr'><strong>lingua:</strong></span> <span class='ocrx_word' id='word_1_944' title='bbox 1977 5798 2127 5866; x_wconf 89' lang='lat' dir='ltr'><strong>lapsu</strong></span> <span class='ocrx_word' id='word_1_945' title='bbox 2152 5793 2295 5848; x_wconf 92' lang='lat' dir='ltr'><strong>aliud</strong></span> <span class='ocrx_word' id='word_1_946' title='bbox 2323 5805 2478 5862; x_wconf 91' lang='lat' dir='ltr'><strong>quam</strong></span> <span class='ocrx_word' id='word_1_947' title='bbox 2499 5787 2745 5846; x_wconf 88' lang='lat' dir='ltr'><strong>volvebat</strong></span> <span class='ocrx_word' id='word_1_948' title='bbox 2767 5797 2955 5855; x_wconf 88' lang='lat' dir='ltr'><strong>sonet;</strong></span> <span class='ocrx_word' id='word_1_949' title='bbox 2984 5786 3084 5843; x_wconf 85' lang='lat' dir='ltr'><strong>sed</strong></span> <span class='ocrx_word' id='word_1_950' title='bbox 3116 5795 3340 5845; x_wconf 82' lang='lat' dir='ltr'><strong>tantum-</strong></span> 
     </span>
    </p>
   </div>
   <div class='ocr_carea' id='block_1_121' title="bbox 1757 5878 3342 5958">
    <p class='ocr_par' dir='ltr' id='par_1_121' title="bbox 1757 5878 3342 5958">
     <span class='ocr_line' id='line_1_121' title="bbox 1757 5878 3342 5958; baseline -0.011 -7"><span class='ocrx_word' id='word_1_951' title='bbox 1757 5891 1921 5951; x_wconf 87' lang='lat' dir='ltr'><strong>modo</strong></span> <span class='ocrx_word' id='word_1_952' title='bbox 1966 5903 2081 5945; x_wconf 90' lang='lat' dir='ltr'><strong>rem</strong></span> <span class='ocrx_word' id='word_1_953' title='bbox 2122 5899 2281 5958; x_wconf 90' lang='lat' dir='ltr'><strong>quam</strong></span> <span class='ocrx_word' id='word_1_954' title='bbox 2309 5881 2539 5955; x_wconf 87' lang='lat' dir='ltr'><strong>cogitat,</strong></span> <span class='ocrx_word' id='word_1_955' title='bbox 2569 5880 2674 5938; x_wconf 90' lang='lat' dir='ltr'><strong>alio</strong></span> <span class='ocrx_word' id='word_1_956' title='bbox 2698 5895 2855 5953; x_wconf 91' lang='lat' dir='ltr'><strong>quam</strong></span> <span class='ocrx_word' id='word_1_957' title='bbox 2882 5895 2981 5939; x_wconf 89' lang='lat' dir='ltr'><strong>nos</strong></span> <span class='ocrx_word' id='word_1_958' title='bbox 3008 5878 3221 5938; x_wconf 86' lang='lat' dir='ltr'><strong>nomine</strong></span> <span class='ocrx_word' id='word_1_959' title='bbox 3245 5895 3342 5958; x_wconf 63' lang='lat' dir='ltr'><strong>ap.</strong></span> 
     </span>
    </p>
   </div>
  </div>
