3822 6464
447 447 588 504 1219
921 444 1292 504 ΔῡΜΟΝΙΤΙΟ
1329 446 1418 504 DE
1448 440 1920 514 SEQUENTIBUS
1957 443 2028 505 ΤΕ

2234 437 2455 504 LIBRIS
2489 447 2578 502 DE
2616 442 2865 503 LIBERO
2893 439 3228 504 ARBITBIO.

446 563 608 634 pellat
636 580 648 616 :
671 561 739 618 de
766 576 866 636 qua
895 561 969 616 illi
992 563 1168 618 statim
1195 561 1593 628 assentiremur,
1611 560 1656 616 si
1681 559 1797 632 ejus
1824 559 2028 632 cogita-

457 654 658 709 tionem
683 665 966 724 possemus
1001 651 1296 723 inspicere,
1327 665 1485 724 quam
1521 651 1698 711 verbis
1716 650 1827 722 jam
1855 651 2030 721 prola-

455 745 526 802 tis
545 747 909 816 explicataque
935 734 1197 801 sententia
1216 760 1333 814 sua,
1357 745 1593 802 nondum
1623 738 1777 800 nobis
1794 741 2030 830 pandere

454 839 636 894 valuit.
669 839 800 894 Huic
821 839 990 894 errori
1017 837 1380 893 deﬁnitionem
1402 837 1607 896 mederi
1638 852 1793 908 posse
1820 836 2024 908 dicunt,

447 940 504 993 ut
533 931 582 984 in
611 929 708 984 hac
748 929 1039 1000 quaestione
1064 929 1108 984 si
1147 928 1395 984 deﬁniret
1422 927 1549 999 quid
1577 928 1646 982 sit
1690 928 1886 994 virtus;
1914 927 2032 984 elu-

445 1031 624 1086 ceret,
654 1020 820 1082 aiunt,
849 1035 954 1075 non
977 1020 1045 1076 de
1074 1036 1152 1087 re,
1180 1019 1274 1075 sed
1297 1020 1364 1074 de
1389 1019 1554 1075 verbo
1573 1034 1692 1074 esse
1717 1029 2028 1076 controver-

3579 441 3759 516 i299

2136 559 2211 614 illi
2236 559 2324 630 qui
2349 560 2590 632 discipuli
2611 569 2889 631 vocantur,
2911 569 3084 617 utrum
3103 579 3221 619 vera
3241 563 3384 620 dicta
3415 563 3548 628 sint,
3579 559 3763 642 apud

2137 651 2455 722 semetipsos
2477 651 2846 724 considerant,
2875 652 3178 718 interiorem
3205 649 3415 710 scilicet
3460 651 3614 714 illam
3639 670 3763 709 ve-

2139 741 2348 797 ritatem
2377 758 2476 818 pro
2502 731 2704 798 viribus
2729 743 3013 801 intuentes.
3043 744 3192 820 'Tunc
3215 759 3348 820 ergo
3384 726 3612 820 discunt
3637 765 3650 799 :
3689 749 3763 799 el:

2137 849 2259 889 cum
2309 850 2437 890 vera
2463 833 2602 890 dicta
2635 851 2760 892 esse.
2789 837 2933 911 intus
2977 819 3304 902 invenerint,
3338 819 3602 905 laudant,
3631 853 3758 892 ne-

2137 925 2366 981 Scientes
2387 941 2494 983 non
2514 943 2572 982 se
2595 925 2841 984 doctores
2867 929 3043 1004 potius
3068 913 3472 1001 laudare‘quam
3501 929 3709 987 doctos
3733 946 3753 996 ;

2139 1018 2184 1072 si
2213 1027 2387 1074 tamen
2417 1029 2472 1078 et
2501 1019 2572 1074 illi
2601 1021 2740 1092 quod
2777 1021 3066 1094 loquuntur
3098 1013 3293 1079 sciunt.
3325 1019 3615 1093 Falluntur
3637 1038 3757 1077 au-

439 1110 577 1166 siam
613 1109 794 1180 :quod
845 1119 906 1165 ut
950 1109 1238 1166 concedam
1280 1112 1349 1165 ita
1405 1127 1559 1176 esse,
1613 1112 2029 1191 quotusquisque

443 1201 616 1258 bonus
641 1202 892 1256 deﬁnitur
937 1201 1162 1256 inveniri
1200 1202 1410 1272 potest?
1454 1213 1508 1256 et
1547 1211 1720 1256 tamen
1772 1201 2029 1258 adversus

443 1293 774 1363 disciplinam
803 1289 1088 1349 deﬁniendi
1113 1296 1278 1348 multa
1302 1294 1565 1364 disputata
1589 1301 1744 1362 sunt;
1785 1311 1900 1368 quae
1929 1311 2028 1351 ne-

441 1403 548 1458 que
574 1385 676 1443 hoc
706 1387 826 1443 loco
847 1397 1076 1442 tractare
1100 1397 1458 1459 opportunum
1489 1397 1590 1458 est,
1621 1403 1720 1444 nec
1740 1405 2032 1464 usquequa-

447 1482 553 1548 Que
582 1492 612 1532 a
639 1491 725 1532 me
755 1478 1063 1547 probantur.

518 1569 606 1624 ﬂ.
635 1571 834 1624 Omitto
854 1570 995 1639 quod
1021 1571 1186 1625 multa
1210 1587 1312 1626 non
1334 1571 1470 1627 bene
1498 1573 1742 1626 audimus
1759 1615 1774 1640 ,
1797 1582 1851 1628 et
1879 1567 2031 1644 quasi

447 1659 515 1715 dc
545 1659 738 1714 auditis
767 1659 858 1714 diu
888 1663 1220 1732 multumque
1245 1664 1612 1720 contendimus
1637 1680 1650 1728 ;
1680 1664 1826 1718 velut
1850 1674 1901 1716 tu
1931 1681 2028 1720 nu-

445 1764 544 1819 per
567 1749 732 1803 verbo
771 1749 1001 1818 quedam
1052 1752 1244 1824 punico
1274 1795 1287 1818 ,
1324 1767 1443 1807 cum
1476 1768 1574 1822 ego
1615 1753 2029 1809 misericordiam

448 1838 738 1907 dixissem,
785 1841 1033 1911 pietatem
1077 1843 1360 1912 signiﬁcari
1392 1852 1442 1898 te
1475 1843 1690 1899 audisse
1719 1843 1935 1899 dicebas
1963 1845 2032 1900 ab

443 1933 528 1986 eis
569 1931 764 2001 quibus
803 1934 918 1990 haec
952 1936 1125 2006 lingua
1154 1937 1320 2006 magis
1346 1945 1468 1990 nota
1515 1943 1661 1991 esset
1686 1955 1698 1990 :
1727 1952 1825 2006 ego
1851 1948 2028 1991 autem

447 2023 740 2093 resistens,
786 2026 912 2098 quid
956 2029 1224 2098 acceperis
1267 2029 1359 2082 tibi
1386 2029 1603 2083 omnino
1631 2029 1896 2085 excidisse
1938 2045 2030 2084 as-

451 2115 694 2175 seruit-am
717 2137 732 2185 ;
759 2119 913 2175 visus
933 2119 1074 2172 enim
1098 2118 1226 2172 mihi
1253 2133 1372 2172 eras
1402 2134 1504 2172 non
1535 2119 1782 2188 pietatem
1809 2119 2028 2188 dixisse,

447 2210 540 2266 sed
571 2209 729 2267 ﬁdem
754 2253 769 2278 ,
803 2223 924 2266 cum
957 2217 1009 2262 et
1059 2209 1522 2277 conjunctissimus
1565 2210 1697 2264 mihi
1727 2210 2029 2278 assideres,

445 2310 500 2356 et
531 2302 674 2356 nullo
715 2303 876 2358 modo
900 2299 1020 2358 hanc
1045 2299 1149 2355 duo
1169 2302 1382 2356 nomina
1411 2301 1754 2357 similitudine
1792 2304 1906 2358 soni
1933 2320 2032 2358 au-

443 2409 556 2448 rem
587 2394 872 2464 decipiant.
911 2397 1006 2450 Diu
1061 2403 1111 2450 te
1144 2403 1318 2448 tamen
1359 2395 1643 2450 arbitratus
1674 2409 1789 2448 sum
1826 2395 2032 2452 nescire

443 2484 570 2554 quid
595 2485 686 2539 tibi
711 2486 909 2542 dictum
941 2490 1042 2552 sit,
1075 2501 1195 2544 cum
1221 2500 1323 2558 ego
1350 2486 1612 2540 nescirem
1641 2486 1766 2556 quid
1789 2486 1988 2542 dixeris
2015 2505 2028 2542 :

443 2589 568 2628 nam
595 2577 642 2630 si
681 2585 736 2630 te
767 2577 899 2632 bene
925 2577 1212 2645 audissem,
1239 2591 1575 2649 nequaquam
1601 2575 1733 2629 mihi
1763 2575 2034 2631 videretur

442 2666 730 2722 absurdum
777 2667 1026 2738 pietatem
1066 2679 1120 2724 et
1159 2669 1579 2725 misericordiam
1620 2681 1729 2725 uno
1771 2667 2032 2724 vocabulo

444 2757 636 2826 punice
665 2759 865 2812 vocari.
901 2759 1024 2814 Haec
1049 2759 1360 2830 plerumque
1387 2761 1670 2827 accidunt;
1715 2759 1810 2816 sed
1862 2773 1941 2824 ea,
1975 2768 2032 2814 ut

445 2850 588 2917 dixi,
621 2851 930 2907 omittamus
955 2893 968 2915 ,
1003 2869 1069 2907 ne
1109 2854 1425 2908 calumniam
1466 2855 1643 2908 verbis
1669 2853 1737 2908 de
1767 2851 2032 2909 audientis

443 2942 797 3012 negligentia,
839 2943 927 2998 vel
955 2945 1116 2999 etiam
1147 2943 1215 2999 de
1251 2945 1509 3000 surditate
1534 2943 1810 3000 hominum
1841 2945 2030 3000 videar

441 3045 784 3089 conticvere
817 3051 828 3086 :
861 3033 948 3088 illa
978 3035 1145 3105 magis
1174 3045 1370 3106 angunt
1403 3051 1519 3106 quae
1541 3035 1786 3106 superius
1809 3049 2029 3090 enume-

441 3124 554 3178 ηινὶ
579 3165 594 3189 ,
625 3124 716 3180 ubi
760 3125 938 3181 verbis
976 3125 1334 3196 liquidissimc
1379 3141 1508 3182 aure
1557 3129 1820 3198 perceptis
1853 3134 1906 3183 et
1951 3127 2030 3182 la—

441 3217 570 3272 tinis
599 3233 702 3272 non
733 3221 972 3275 valemus
997 3263 1011 3286 ,
1041 3235 1162 3276 cum
1204 3221 1440 3291 ejusdem
1471 3220 1662 3291 lingua:
1709 3222 1874 3278 simus
1893 3265 1909 3291 ,
1945 3222 2028 3278 lo-

443 3309 720 3377 quentium
753 3311 982 3379 cogitata
1009 3325 1350 3379 cognoscere.

515 3401 603 3454 45.
637 3400 746 3454 Sed
773 3415 899 3456 ecce
939 3401 1047 3470 jam
1081 3403 1298 3456 remitto
1325 3412 1379 3458 et
1403 3406 1640 3460 concedo
1661 3449 1673 3470 ,
1707 3421 1827 3461 cum
1863 3405 2030 3460 verba

442 3491 558 3560 ejus
595 3490 784 3550 auditu
804 3493 888 3545 cui
938 3499 1063 3546 nota
1103 3500 1260 3557 sunt,
1315 3504 1531 3564 accepta
1576 3493 1813 3564 fuerint,
1867 3511 2030 3567 posse

443 3580 518 3634 illi
548 3595 668 3636 esse
699 3590 880 3635 notum
916 3581 982 3636 de
1009 3582 1072 3636 iis
1104 3583 1262 3637 rebus
1287 3601 1417 3655 quas
1447 3586 1777 3656 signiﬁcant,
1807 3589 2030 3658 loquen-

444 3681 551 3727 tem
589 3673 946 3743 cogitavisse:
973 3675 1263 3732 num.ideo
1303 3679 1462 3732 etiam
1497 3679 1637 3750 quod
1668 3696 1808 3735 nunc
1833 3681 2028 3751 quaeri-

444 3771 546 3826 tur,
581 3773 760 3818 utrum
785 3779 906 3820 vera
936 3766 1145 3831 dixerit,
1180 3766 1373 3822 discit?

445 3855 674 3912 CAPUT
703 3855 1152 3913 XlV.—-Cltrisms
1187 3859 1325 3913 intus
1353 3861 1512 3927 docet,
1547 3861 1696 3917 homo
1721 3863 1879 3918 verbis
1905 3865 2030 3935 foris

1103 3953 1358 4008 admonet.

511 4043 646 4098 Num
667 4043 770 4098 hoc
797 4044 1035 4114 magistri
1079 4043 1414 4114 proﬁtentur,
1449 4055 1509 4102 ut
1545 4048 1775 4118 cogitata
1798 4065 1984 4106 eorum
2009 4095 2026 4119 ,

441 4148 504 4190 ac
541 4149 645 4188 non
679 4135 806 4206 ipsze
832 4134 1128 4206 disciplinae
1155 4152 1285 4206 quas
1311 4137 1577 4207 loquendo
1604 4155 1663 4196 se
1694 4141 1904 4198 tradere
1925 4159 2028 4214 pu-

437 4236 591 4296 tant,
641 4227 1002 4299 percipiantur
1053 4235 1210 4298 atque
1256 4229 1569 4284 teneantur?
1598 4231 1728 4287 Nam
1755 4234 1875 4304 quis
1920 4243 2026 4289 tam

437 4321 599 4376 stulte
622 4321 872 4376 curiosus
899 4327 982 4374 est
1003 4361 1016 4384 ,
1051 4319 1138 4390 qui
1183 4319 1348 4374 ﬁlium
1377 4337 1533 4378 suum
1571 4324 1746 4378 mittat
1795 4325 1847 4380 in
1874 4325 2032 4381 sebo-

436 4411 562 4478 lam,
596 4421 654 4467 ut
689 4413 813 4483 quid
842 4411 1096 4484 magister
1123 4413 1318 4482 cogitet
1339 4413 1546 4468 discat?
1581 4419 1652 4470 At
1682 4417 1812 4472 istas
1839 4432 2029 4472 omnes

436 4501 741 4572 disciplinas
779 4514 912 4574 quas
938 4519 996 4558 se
1021 4503 1216 4558 docere
1242 4505 1578 4573 proﬁtentur,
1603 4507 1877 4578 ipsiusque
1917 4510 2028 4564 vir-

436 4595 562 4648 tutis
589 4603 748 4665 atque
766 4595 1040 4665 sapienticc
1061 4639 1075 4663 ,
1099 4610 1221 4651 cum
1245 4596 1422 4652 verbis
1457 4598 1880 4668 explicaverint;
1914 4607 2029 4656 tum

937 4715 1141 4723 ——-.—.——___

1225 4718 1620 4727 ———___.__‘

2139 1117 2247 1167 tem
2289 1112 2566 1182 homines,
2603 1123 2661 1168 ut
2681 1129 2774 1170 eos
2799 1113 2887 1185 qui
2915 1131 3019 1170 non
3055 1123 3178 1170 sunt
3201 1115 3490 1191 magistros
3512 1125 3748 1184 vocent,

2137 1203 2260 1282 quia
2286 1205 2597 1284 plerumque
2622 1206 2760 1265 inter
2781 1216 2986 1280 tempus
3007 1205 3290 1264 locutionis
3316 1217 3370 1264 et
3401 1217 3619 1281 tempus
3643 1223 3750 1263 co-

2139 1295 2391 1366 gnitionis
2411 1339 2425 1364 ,
2467 1295 2606 1354 nulla
2635 1314 2784 1353 mora
2811 1299 3202 1369 interponitur;
3231 1309 3286 1355 et
3319 1303 3584 1370 quoniam
3615 1309 3754 1372 post

2139 1385 2556 1448 admonitionem
2581 1389 2984 1444 sermocinantis
3016 1392 3124 1444 cito
3149 1390 3292 1444 intus
3331 1389 3566 1468 discunt,
3599 1388 3748 1445 foris

2139 1493 2197 1532 se
2227 1477 2294 1533 ab
2321 1494 2388 1536 eo
2425 1480 2511 1552 qui
2537 1480 2810 1534 admonuut
2829 1522 2844 1547 ,
2871 1480 3122 1536 didicisse
3141 1481 3487 1536 arbitrantur.

2216 1569 2306 1625 46.
2339 1569 2444 1626 Sed
2483 1570 2550 1626 de
2580 1581 2688 1626 tota
2731 1571 2954 1627 utilitate
2995 1572 3318 1640 verborum,
3355 1589 3475 1644 qua:
3515 1573 3561 1628 si
3589 1573 3754 1628 bene

2139 1660 2508 1716 consideretur
2536 1678 2640 1716 non
2687 1677 2846 1734 parva
2874 1669 2953 1718 est
2977 1703 2994 1729 ,
3031 1662 3161 1716 alias
3185 1705 3199 1730 ,
3230 1663 3274 1717 si
3310 1663 3449 1717 Deus
3495 1665 3692 1718 siverit
3723 1706 3743 1730 ,

2139 1743 2495 1825 requiremus.
2538 1753 2689 1809 Nunc
2737 1755 2876 1810 enim
2917 1771 2982 1811 ne
3025 1755 3143 1826 plus
3195 1755 3273 1810 eis
3313 1771 3473 1826 quam
3515 1763 3750 1826 oportet

2141 1847 2521 1910 tribueremus,
2554 1845 2804 1902 admonui
2847 1854 2932 1912 te;
2980 1853 3036 1899 ut
3065 1846 3177 1916 jam
3237 1861 3344 1900 non
3386 1845 3747 1901 crederemus

2139 1943 2342 1992 tantum
2365 1979 2377 2000 ,
2411 1935 2504 1992 sed
2526 1938 2684 1990 etiam
2710 1937 3003 2007 intelligere
3023 1935 3386 2008 inciperemus
3414 1951 3570 2006 quam
3596 1951 3743 1992 vere

2139 2027 2395 2098 scriptum
2424 2027 2492 2082 sit
2521 2028 2834 2084 auctoritate
2859 2028 3035 2082 divina
3055 2069 3068 2093 ,
3122 2042 3188 2082 ne
3216 2017 3370 2082 nobis
3399 2042 3740 2099 quemquam

2139 2119 2451 2188 magistrum
2504 2119 2744 2174 dicamus
2781 2117 2837 2174 in
2893 2120 3051 2174 terris
3075 2159 3092 2186 ,
3123 2117 3268 2188 quod
3309 2133 3449 2173 unus
3487 2120 3741 2174 omnium

2140 2209 2395 2279 magister
2435 2210 2486 2264 in
2519 2211 2671 2266 caelis
2698 2211 2767 2265 sit
2797 2209 3008 2279 (Matth.
3060 2225 3212 2274 nm,
3255 2208 3437 2282 8-l0).
3479 2209 3618 2275 Quid
3657 2209 3740 2264 sit

2132 2294 2314 2355 autem
2358 2303 2410 2356 in
2440 2302 2620 2370 coelis',
2681 2301 2893 2360 docebit
2941 2302 3054 2374 ipse
3084 2317 3114 2355 a
3153 2317 3256 2372 quo
3297 2303 3457 2356 etiam
3493 2317 3592 2372 per
3622 2301 3730 2356 bo-

2140 2395 2310 2450 mines
2350 2395 2514 2468 signis
2554 2395 2904 2449 admonemur
2939 2405 2992 2449 et
3019 2391 3148 2448 foris
3172 2435 3185 2458 ,
3229 2397 3286 2447 ut
3329 2393 3396 2447 ad
3432 2409 3552 2448 eum
3585 2393 3736 2449 intro

2137 2487 2384 2541 conversi
2415 2487 2758 2542 erudiamur:
2791 2501 2949 2555 quem
2997 2483 3221 2554 diligere
3263 2500 3324 2538 ac
3357 2499 3513 2540 nosse
3562 2484 3739 2539 beata

2139 2579 2242 2632 vita
2271 2587 2350 2634 est
2369 2620 2383 2644 ,
2412 2594 2567 2650 quam
2595 2593 2653 2632 se
2685 2592 2872 2632 omnes
2895 2575 3128 2630 clamant
3153 2589 3409 2645 quaerere,
3439 2575 3596 2645 pauci
3619 2589 3735 2628 au-

2141 2679 2246 2725 tem
2279 2678 2403 2724 sunt
2428 2669 2516 2739 qui
2538 2683 2656 2724 eam
2680 2683 2804 2725 vere
2828 2682 2886 2722 se
2909 2667 3177 2722 invenisse
3199 2661 3447 2720 laetentur.
3469 2665 3576 2719 Sed
3601 2665 3729 2733 jam

2139 2761 2267 2815 mihi
2305 2760 2450 2815 dicas
2489 2760 2690 2826 velim,
2733 2757 2859 2829 quid
2911 2757 2978 2813 de
3020 2759 3122 2812 hoc
3166 2766 3276 2811 toto
3317 2769 3432 2810 meo
3471 2753 3736 2811 sermone

2139 2852 2357 2908 sentias.
2389 2851 2443 2906 Si
2465 2851 2602 2906 enim
2625 2865 2748 2905 vera
2775 2864 2894 2904 esse
2916 2864 3035 2920 qua:
3061 2847 3202 2902 dicta
3222 2853 3347 2902 sunt
3371 2848 3531 2912 nosti,
3563 2847 3726 2900 etiam

2139 2945 2206 2999 de
2229 2945 2451 3015 singulis
2469 2943 2746 2998 sententiis
2773 2933 3125 3011 interrogatus
3145 2955 3205 2996 ea
3229 2951 3281 2995 te
3306 2941 3447 2994 scire
3463 2938 3690 2992 dixisses
3714 2955 3730 2992 :

2137 3036 2288 3096 vides
2315 3052 2440 3106 ergo
2464 3053 2492 3088 a
2521 3051 2625 3105 quo
2647 3036 2743 3089 iSta
2772 3033 3058 3099 didiceris;
3103 3045 3274 3103 neque
3296 3032 3440 3086 enim
3465 3045 3494 3086 a
3517 3045 3624 3098 me,
3643 3028 3735 3085 eui

2136 3125 2343 3202 roganti
2388 3126 2564 3178 omnia
2597 3121 2969 3194 responderes.
3007 3122 3066 3178 Si
3099 3131 3276 3176 autem
3300 3135 3428 3175 vera
3463 3135 3584 3176 esse
3623 3134 3736 3176 non

2137 3220 2306 3285 nesti,
2364 3231 2462 3274 nec
2509 3229 2606 3284 ego
2649 3229 2746 3269 nec
2790 3213 2878 3288 ille
2918 3222 2973 3268 te
3008 3211 3188 3268 docuit
3233 3230 3246 3265 :
3293 3211 3390 3267 sed
3440 3226 3572 3280 ego,
3602 3209 3734 3280 quia

2139 3325 2406 3383 nunquam
2439 3324 2656 3382 possunt
2707 3307 2934 3372 docere;
2967 3307 3095 3374 ille,
3144 3305 3265 3376 quia
3315 3315 3371 3359 tu
3421 3305 3739 3360 adhucnon

2138 3414 2290 3476 potes
2319 3403 2544 3460 discere.
2584 3404 2686 3457 Ad.
2720 3399 2832 3471 Ego
2861 3413 2986 3453 vero
3015 3397 3176 3452 didici
3217 3397 3586 3452 admonitione
3609 3409 3739 3450 ver-

2138 3498 2328 3554 borum
2351 3509 2559 3552 tuorum
2577 3537 2591 3562 ,
2622 3496 2751 3550 nihil
2776 3492 2920 3548 aliud
2945 3491 3118 3546 verbis
3145 3505 3302 3560 quam
3331 3487 3740 3544 admoneriho—

2141 3591 2336 3646 minem
2371 3597 2428 3644 tit
2477 3589 2678 3655 discat,
2721 3597 2773 3642 et
2812 3597 3098 3657 perparum
3129 3595 3246 3636 esse
3275 3580 3417 3650 quod
3458 3595 3558 3649 per
3586 3578 3744 3633 locu-

2143 3681 2341 3736 tionem
2371 3679 2634 3750 aliquanta
2666 3678 2916 3748 cogitatio
2943 3672 3217 3745 loquentis
3257 3679 3482 3742 apparet
3510 3679 3744 3724 :utrum

2142 3782 2320 3828 autem
2347 3785 2469 3826 vera
2490 3770 2754 3836 dicantur,
2779 3783 2901 3824 eum
2928 3768 3123 3822 docere
3149 3763 3344 3828 solum,
3379 3763 3474 3831 qui
3503 3775 3564 3816 se
3591 3759 3743 3814 intus

2138 3864 2417 3928 habitare,
2479 3877 2596 3917 cum
2645 3861 2773 3915 forts
2812 3860 3157 3930 loqueretur,
3216 3853 3540 3918 adntrmuit:
3575 3866 3742 3922 quem

2135 3956 2246 4028 jam
2271 3998 2285 4023 ,
2327 3955 2538 4008 favente
2585 3952 2701 4022 ipso
2724 3994 2738 4017 ,
2769 3958 2918 4005 tanto
2947 3949 3218 4004 ardentius
3241 3945 3457 4018 diligam
3479 3983 3496 4014 ,
3529 3949 3744 4015 quanto

2141 4063 2236 4104 ero
2291 4046 2344 4100 in
2383 4043 2635 4101 discendo
2672 4041 2998 4113 provectior.
3040 4037 3418 4096 Verumtamen
3441 4037 3563 4090 huic
3591 4047 3732 4086 ora-

2142 4139 2271 4194 tioni
2325 4147 2462 4204 tum,
2506 4151 2608 4206 qua
2663 4141 2919 4206 perpetua
2969 4145 3101 4187 usus
3151 4145 3253 4198 es,
3303 4129 3371 4186 ob
3401 4127 3502 4182 hoc
3543 4122 3729 4180 habeo

2141 4233 2370 4286 maxime
2393 4229 2614 4300 gratiam
2632 4269 2646 4291 ,
2678 4225 2818 4296 quod
2842 4223 3022 4280 omnia
3049 4239 3166 4294 qua:
3187 4220 3548 4278 contradicere
3569 4233 3741 4288 para-

2140 4333 2226 4378 tus
2277 4335 2424 4378 eram
2450 4362 2464 4387 ,
2517 4315 2909 4390 praeoccupavit
2955 4324 3115 4386 atque
3156 4313 3429 4376 dissolvit;
3487 4309 3746 4380 nihilque

2143 4416 2364 4472 omnino
2391 4413 2488 4469 abs
2513 4422 2570 4468 te
2607 4404 2918 4468 derelictum
2963 4416 3076 4472 est,
3112 4405 3254 4479 quod
3281 4422 3369 4462 me
3411 4403 3646 4460 dubium
3680 4404 3748 4458 fa-

2139 4509 2350 4575 ciebat,
2395 4505 2464 4562 de
2505 4519 2610 4576 quo
2656 4519 2760 4558 non
2788 4503 2858 4557 ita
2903 4497 3035 4556 mihi
3063 4499 3413 4570 responderet
3459 4505 3748 4554 secretum

2140 4599 2269 4656 illud
2297 4598 2570 4654 oraculum
2592 4637 2607 4663 ,
2650 4604 2710 4650 ut
2747 4595 2851 4650 tuis
2897 4591 3076 4648 verbis
3120 4589 3483 4646 assercbatur.

3417 4707 3700 4715 —-————-———

3078 4711 3292 4718 ρ...-

2717 4712 2985 4722 ...--.--

2717 4712 3066 4722 _.—________,_-
3078 4711 3292 4718 ρ...-
3298 4709 3399 4716 —.~
3417 4707 3700 4715 ——————-———

1943 4761 2086 4763 —
2101 4761 2128 4763 ,κ
2159 4759 2214 4763 Α

1519 4827 2592 4948 Δυκοιπιτιο

947 5022 1051 5084 DE
1085 5021 1626 5097 SEQUENTIBUS
1671 5023 1954 5088 TRIBUS
1996 5023 2254 5090 LIBRIS
2295 5023 2403 5086 DE
2443 5021 2737 5084 LIBEBO
2777 5019 3178 5082 ARBITRIO.

511 5148 593 5204 Ex
624 5146 860 5217 Reliquis
881 5148 1098 5217 hujusce
1129 5149 1254 5202 tomi
1273 5149 1417 5204 libris
1445 5151 1534 5220 qui
1559 5148 1626 5203 ad
1643 5149 1996 5206 confutandos
2023 5147 2438 5206 Manichaeorum
2469 5157 2682 5202 errores
2700 5151 2960 5215 spectant,
2993 5143 3223 5213 primum
3245 5139 3350 5207 hic,
3383 5147 3442 5195 ut
3465 5141 3522 5196 in
3545 5141 3768 5222 itacte-,

443 5253 542 5296 nus
569 5240 800 5302 excusis.
831 5239 1111 5295 exhibetur
1137 5256 1270 5310 opus
1299 5242 1380 5296 cui
1413 5241 1478 5296 de
1511 5241 1708 5297 Libero
1733 5241 1967 5298 Arbitrio
1991 5242 2176 5298 titulus
2211 5249 2294 5296 est
2320 5259 2332 5294 :
2361 5238 2502 5310 quod
2529 5237 2740 5310 quidem
2782 5251 2924 5292 anno
2943 5233 3149 5290 Christi
3177 5233 3555 5289 trecentesimo
3585 5241 3750 5291 octo-

443 5333 645 5406 gesimo
671 5343 862 5389 octavo
890 5333 1070 5388 Romae
1097 5329 1286 5404 agente
1309 5333 1601 5404 Augustino
1623 5333 1950 5402 inchoatum,
1976 5334 2278 5390 absolutum
2301 5345 2431 5388 vero
2455 5329 2780 5386 arbitramur
2799 5343 2940 5384 anno
2970 5325 3348 5383 trecentesimo
3385 5327 3751 5396 nonagesimo

443 5429 646 5498 quinto.
673 5427 791 5484 Non
819 5429 959 5484 enim
988 5425 1281 5498 perfectum
1309 5427 1375 5480 ab
1403 5427 1518 5496 ipso
1542 5425 1642 5482 fuit
1675 5435 1794 5498 post
1821 5427 2060 5499 elapsum
2108 5427 2249 5483 hunc
2274 5441 2475 5482 annum
2502 5441 2605 5496 quo
2631 5421 2995 5494 episcopatum
3025 5421 3250 5492 adeptus
3277 5430 3378 5486 est,
3419 5433 3547 5474 cum
3597 5421 3749 5478 illit-

444 5521 731 5576 sccundnm
753 5522 1074 5591 tertiumque
1112 5519 1304 5574 librum
1331 5517 1632 5589 presbyter.
1669 5527 1730 5572 ut
1774 5519 1863 5583 ait,
1908 5517 2185 5574 ordinatus
2215 5519 2579 5574 terminaverit
2609 5507 2868 5590 (Retinet.
2899 5513 2986 5569 tib.
3013 5515 3082 5581 1,·
3102 5527 3218 5588 cap.
3241 5511 3300 5577 9,
3329 5529 3389 5566 ιι.
3425 5511 3452 5566 1
3479 5511 3521 5584 ).
3552 5509 3747 5583 Neque

445 5614 601 5668 etiam
624 5621 744 5668 ante
773 5627 971 5668 annum
998 5611 1270 5676 eumdem,
1297 5625 1416 5664 cum
1441 5609 1765 5680 Augustinus
1793 5609 2105 5682 in'Epistola
2128 5601 2308 5678 27,1).
2336 5611 2390 5680 4,
2421 5607 2640 5666 Paulino
2669 5597 2894 5663 'Nolensi
2922 5597 3174 5677 episcopo
3210 5603 3406 5660 scribat
3439 5605 3660 5660 nescire
3682 5619 3744 5660 se

447 5703 658 5776 aliquod
683 5706 986 5776 scriptionis
1013 5719 1183 5777 gemis
1211 5701 1440 5759 edidisse
1463 5703 1607 5774 quod
1631 5703 1996 5759 Romaniauus
2017 5701 2140 5778 (qui
2158 5703 2402 5760 videlicet
2425 5703 2478 5759 in
2503 5700 2704 5776 Italiam
2726 5699 2827 5756 sub
2846 5697 2998 5754 istius
3021 5699 3144 5753 anni
3165 5693 3442 5754 exordium
3462 5695 3742 5766 prouectu:

452 5797 597 5867 erat)
623 5792 790 5866 penes
820 5813 878 5852 se
901 5813 1006 5852 non
1027 5796 1282 5862 haberet;
1307 5803 1491 5866 postea
1517 5811 1667 5861 vero,
1695 5795 1932 5864 Epistula
1957 5795 2048 5864 3t,
2079 5812 2135 5852 ιι.
2177 5795 2230 5859 7,
2280 5793 2383 5851 hoc
2431 5809 2566 5866 opus
2613 5784 2833 5848 Paulino
2877 5789 2975 5860 ipsi
3013 5788 3200 5844 otl'erat
3249 5787 3349 5843 sub
3392 5785 3478 5842 his
3506 5787 3738 5859 verbis:

458 5884 834 5954 t'l‘rcslibros,
853 5899 1008 5958 atque
1038 5887 1237 5944 utinam
1261 5898 1365 5946 tam
1377 5887 1592 5958 grandis
1603 5889 1909 5960 qumstionis
1932 5889 2008 5946 ita
2035 5888 2390 5961 explicatores
2411 5897 2471 5945 ut
2493 5886 2740 5960 grandes,
2771 5881 2892 5941 misi
2910 5881 3186 5972 Sanctitati
3209 5887 3266 5939 et
3291 5877 3556 5944 Ghaﬁtati
3577 5887 3690 5939 tuae
3712 5898 3733 5949 ε
