3824 6296
544 432 684 495 1225

539 552 612 608 ita
652 549 907 620 supplicia
947 546 1101 603 malis
1131 545 1342 610 tribuit;
1373 559 1488 615 quae
1521 545 1700 613 utique
1737 543 1991 611 supplicia
2034 554 2126 610 pa-

539 642 794 698 tientibus
819 639 956 694 mala
977 647 1116 693 sunt.
1148 635 1502 704 Quamobrem
1535 635 1580 688 si
1612 650 1767 704 nemo
1795 633 1987 703 injuste
2017 647 2129 701 poe-

539 751 636 790 nas
668 734 796 800 luit,
827 731 966 802 quod
1006 744 1224 786 necesse
1253 736 1334 783 est
1361 727 1668 793 credamus,
1697 724 2124 796 quandoquidem

541 825 716 883 divina
741 824 1065 896 providentia
1091 823 1191 878 hoc
1210 822 1513 877 universum
1543 821 1652 890 regi
1675 819 1958 885 credimus,
1983 817 2126 874 illius

538 920 695 991 primi
723 919 932 987 generis
960 916 1217 971 malorum
1255 915 1400 970 nullo
1425 911 1582 968 modo
1605 955 1618 978 ,
1654 912 1807 981 hujus
1837 921 2009 965 autem
2042 925 2125 964 se-

538 1010 696 1066 cundi
731 1018 914 1065 auctor
939 1018 1022 1064 est
1047 1009 1207 1062 Deus.
1245 1006 1305 1060 E.
1332 1007 1425 1061 Est
1449 1020 1576 1076 ergo
1604 1005 1738 1058 alius
1766 1013 1952 1060 auctor
1986 1004 2122 1059 illius

537 1102 693 1167 mali,
729 1101 879 1169 cujus
915 1101 1080 1155 Deum
1118 1115 1225 1153 non
1263 1112 1380 1152 esse
1421 1105 1752 1166 compertum
1787 1097 1905 1151 est?
1933 1097 1996 1150 A.
2030 1097 2123 1150 Est

533 1205 679 1248 certe
709 1211 722 1247 :
751 1208 856 1247 non
888 1191 1031 1247 enim
1058 1191 1204 1245 nullo
1233 1197 1449 1244 auctore
1479 1188 1592 1243 ﬁeri
1631 1197 1828 1258 posset.
1862 1186 1915 1243 Si
1944 1197 2117 1242 autem

533 1285 729 1356 quzeris
756 1285 1002 1354 quisnam
1031 1283 1129 1337 iste
1168 1281 1260 1346 sit,
1293 1281 1396 1335 dici
1437 1294 1541 1333 non
1584 1288 1757 1349 potest
1789 1297 1802 1332 :
1835 1294 1938 1334 non
1975 1279 2118 1333 enim

533 1393 669 1432 unus
719 1375 910 1446 aliquis
957 1383 1066 1440 est,
1104 1371 1204 1443 sed
1248 1372 1470 1441 quisque
1511 1371 1683 1425 malus
1730 1370 1808 1425 sui
1853 1369 2118 1425 malefacti

529 1480 718 1524 auctor
753 1478 854 1524 est.
895 1467 1045 1522 Unde
1078 1467 1120 1521 si
1147 1465 1372 1530 dubitas,
1402 1463 1527 1518 illud
1554 1463 1766 1519 attende
1792 1464 1931 1534 quod
1958 1451 2116 1534 supra

530 1564 730 1618 dictum
757 1570 858 1632 est,
889 1559 1164 1614 malefacta
1187 1560 1388 1628 justitia
1412 1558 1504 1611 Dei
1534 1556 1809 1613 vindicari.
1837 1557 1950 1612 Non
1972 1557 2114 1612 enim

527 1655 668 1725 juslc
701 1653 1089 1707 vindicarentur
1109 1694 1121 1714 ,
1155 1651 1252 1704 nisi
1297 1649 1483 1703 ﬁerent
1512 1650 1782 1704 voluntate
1811 1648 1912 1718 (a).

601 1748 651 1799 2.
697 1745 761 1799 Ε.
791 1745 980 1799 Nescio
1010 1753 1184 1798 utrum
1216 1748 1489 1813 quisquam
1523 1751 1736 1812 peccet,
1769 1743 1860 1813 qui
1898 1759 2002 1798 non
2032 1742 2111 1798 di-

530 1837 719 1892 dicerit
751 1855 762 1889 :
797 1836 936 1906 quod
981 1837 1025 1892 si
1073 1852 1253 1890 verum
1299 1844 1410 1901 est,
1461 1837 1702 1905 quisnam
1739 1838 1806 1891 sit
1837 1837 1923 1891 ille
1954 1853 1982 1890 a
2009 1851 2114 1907 quo

528 1945 754 2000 peccare
781 1928 1118 1983 didicerimus
1139 1969 1152 1990 ,
1180 1926 1407 1996 inquiro.
1439 1927 1498 1979 Α.
1526 1927 1733 1996 Aliquid
1769 1928 1892 1982 boni
1932 1927 2113 1982 existi-

529 2036 645 2076 mas
673 2037 792 2076 esse
821 2018 1188 2086 disciplinam?
1231 2016 1296 2070 E.
1325 2018 1454 2086 Quis
1483 2018 1674 2072 audeat
1707 2017 1884 2072 dicere
1915 2019 2111 2073 malum

529 2128 648 2167 esse
671 2110 1042 2181 disciplinam?
1072 2110 1133 2163 Α.
1163 2109 1296 2177 Quid
1315 2151 1328 2174 ,
1363 2109 1406 2163 si
1435 2125 1532 2164 nec
1563 2110 1757 2164 bonum
1786 2125 1884 2165 nec
1915 2111 2111 2164 malum

527 2203 646 2258 est?
675 2201 740 2256 E.
769 2201 890 2256 Mihi
921 2201 1116 2255 bonum
1147 2199 1373 2254 videtur.
1407 2199 1468 2251 A.
1494 2199 1636 2254 Bene
1661 2214 1821 2263 sane;
1849 2199 2108 2269 siquidem

523 2294 742 2350 scientia
773 2309 866 2362 per
895 2291 1040 2347 illam
1077 2291 1230 2346 datur
1257 2299 1345 2343 aut
1371 2290 1633 2345 excitatur
1653 2331 1667 2354 ,
1701 2306 1798 2344 nec
1831 2292 2107 2361 quisquam

521 2386 623 2440 nisi
652 2401 746 2455 per
769 2383 1099 2453 disciplinam
1127 2381 1324 2452 aliquid
1353 2381 1506 2435 discit
1535 2399 1546 2435 :
1578 2396 1643 2435 an
1673 2391 1725 2434 tu
1752 2381 1904 2435 aliter
1927 2383 2109 2450 putas?

521 2477 589 2533 E.
616 2477 728 2546 Ego
755 2491 849 2546 per
874 2474 1203 2544 disciplinam
1236 2489 1339 2527 non
1372 2472 1471 2526 nisi
1511 2472 1646 2526 bona
1686 2471 1817 2526 disci
1857 2473 2105 2527 arbitror.

522 2571 589 2625 Α.
615 2570 746 2624 Vide
770 2584 898 2639 ergo
926 2584 994 2622 ne
1020 2581 1124 2622 non
1150 2566 1421 2620 discantur
1452 2565 1586 2618 mala
1616 2583 1627 2618 :
1659 2580 1780 2618 nam
1809 2565 2106 2635 disciplina,

521 2663 625 2718 nisi
653 2679 680 2715 a
709 2661 962 2716 discendo
992 2675 1094 2714 non
1123 2658 1263 2714 dicta
1293 2667 1392 2712 est.
1441 2656 1506 2711 E.
1546 2657 1695 2713 Unde
1738 2673 1865 2728 ergo
1905 2656 1972 2711 ab
2014 2657 2109 2713 ho-

522 2754 668 2809 nine
698 2753 828 2806 liunt
861 2751 905 2808 si
941 2766 1044 2805 non
1076 2749 1387 2804 discuntur?
1427 2749 1488 2802 A.
1519 2748 1600 2804 Eo
1631 2748 1850 2804 fortasse
1880 2750 2018 2821 quod
2049 2767 2109 2806 se

521 2859 552 2898 a
578 2844 854 2913 disciplina
875 2886 889 2910 ,
920 2841 970 2896 id
997 2851 1074 2896 est
1097 2855 1125 2894 a
1147 2841 1401 2896 discendo
1421 2842 1612 2895 avertit
1633 2853 1792 2912 atque
1812 2842 2106 2898 abalienat:

519 2935 616 2990 sed
645 2936 756 2989 sive
783 2934 911 3001 hoc,
943 2934 1051 2986 sive
1077 2932 1216 2986 aliud
1245 2932 1438 3001 aliquid
1467 2933 1569 2998 sit,
1601 2933 1726 2987 illud
1760 2943 1906 2990 certe
1934 2935 2108 2989 mani-

519 3025 712 3082 festum
739 3035 847 3094 est,
880 3026 1128 3096 quoniam
1158 3025 1433 3093 disciplina
1475 3025 1669 3079 bonum
1709 3036 1816 3091 est,
1866 3035 1919 3080 et
1956 3041 1984 3079 a
2025 3027 2107 3081 di-

521 3119 722 3175 scendo
765 3119 903 3173 dicta
948 3129 1027 3172 est
1066 3117 1371 3185 disciplina,
1413 3119 1550 3172 mala
1579 3119 1707 3173 disci
1738 3120 1957 3174 omnino
2002 3136 2106 3175 non

519 3226 699 3282 posse.
725 3210 780 3265 Si
802 3211 942 3265 enim
964 3208 1259 3274 discuntur,
1281 3208 1555 3277 disciplina
1577 3210 1932 3277 continentur,
1952 3221 2108 3282 atque

521 3303 594 3358 ita
622 3301 899 3370 disciplina
929 3314 1033 3353 non
1060 3300 1162 3353 erit
1190 3299 1420 3361 bonum;
1463 3299 1659 3353 bonum
1697 3310 1778 3355 est
1804 3309 1980 3356 autem
2003 3343 2016 3367 ,
2052 3310 2109 3356 ut

521 3394 639 3462 ipse
664 3390 914 3447 concedis
944 3409 957 3443 :
993 3405 1098 3444 non
1129 3390 1286 3459 igitur
1315 3389 1589 3444 discuntur
1626 3392 1793 3456 mala,
1827 3401 1878 3445 et
1910 3391 2107 3447 frustra

521 3484 673 3540 illum
711 3499 742 3538 a
780 3498 882 3554 quo
929 3483 1067 3538 male
1110 3481 1286 3538 facere
1328 3482 1613 3550 discimus,
1656 3485 1881 3554 qumris;
1928 3496 2018 3540 aut
2059 3487 2106 3542 si

521 3576 798 3632 discuntur
828 3575 964 3629 mala
985 3616 999 3641 ,
1032 3574 1239 3629 vitanda
1279 3591 1382 3630 non
1424 3575 1662 3631 facienda
1690 3577 1980 3632 discuntur.
2018 3577 2101 3633 Ex

521 3685 627 3741 quo
653 3669 790 3724 male
817 3668 990 3724 facere
1017 3668 1148 3722 nihil
1177 3679 1278 3735 est,
1310 3669 1408 3722 nisi
1438 3685 1466 3721 a
1495 3669 1769 3739 disciplina
1799 3671 2029 3725 deviare.

594 3762 645 3816 5.
676 3760 742 3814 E.
769 3760 992 3815 Prorsus
1013 3774 1112 3828 ego
1131 3759 1262 3813 duas
1286 3759 1592 3830 disciplinas
1617 3776 1734 3816 esse
1760 3772 1918 3831 puto;
1945 3779 2105 3818 unam

519 3869 616 3924 per
645 3868 801 3922 quam
827 3851 964 3907 bene
994 3851 1167 3907 facere
1187 3893 1201 3918 ,
1249 3852 1404 3906 aliam
1449 3867 1546 3922 per
1578 3868 1733 3922 quam
1766 3854 1902 3910 male
1928 3854 2106 3913 facere

517 3947 789 4002 discimus.
820 3945 926 4001 Sed
951 3960 1071 4000 cum
1098 3961 1366 4017 qumrercs
1394 3954 1570 4001 utrum
1595 3946 1868 4017 disciplina
1907 3948 2104 4004 bonum

517 4049 682 4108 esset,
715 4040 878 4110 ipsius
903 4039 1026 4094 boni
1056 4055 1207 4093 amor
1232 4040 1578 4094 intentionem
1608 4056 1780 4095 meam
1811 4041 2005 4112 rapuit,
2049 4049 2105 4095 ut

517 4133 665 4188 illam
695 4131 1026 4201 disciplinam
1052 4131 1304 4197 intuerer,
1335 4145 1452 4201 quae
1482 4132 1616 4186 bene
1647 4130 1870 4186 faciendi
1898 4140 2007 4196 est,
2037 4147 2102 4187 ex

515 4241 622 4296 quo
664 4225 862 4280 bonum
905 4239 1025 4281 esse
1074 4223 1323 4294 respondi
1357 4243 1367 4278 :
1412 4239 1553 4279 nunc
1596 4234 1770 4280 autem
1813 4226 2104 4282 admoneor

513 4333 635 4375 esse
657 4318 837 4386 aliam,
868 4333 1027 4389 quam
1056 4317 1239 4388 procul
1265 4316 1425 4372 dubio
1452 4318 1649 4372 malum
1678 4333 1797 4374 esse
1821 4320 2100 4388 conﬁrmo,

513 4423 569 4468 et
593 4413 745 4483 cujus
781 4420 1054 4468 auctorem
1088 4411 1320 4482 requiro.
1364 4412 1427 4466 Α.
1457 4411 1657 4467 Saltem
1702 4411 2102 4482 intelligentiam

513 4521 621 4562 non
644 4505 745 4561 nisi
767 4504 965 4560 bonum
986 4505 1172 4576 putas?
1197 4504 1261 4559 E.
1288 4505 1446 4559 Istam
1471 4505 1623 4575 plane
1646 4504 1715 4559 ita
1737 4505 1930 4560 bonam
1951 4516 2098 4576 puto,

514 4607 574 4655 ut
599 4614 702 4654 non
726 4599 935 4655 videam
969 4598 1098 4670 quid
1138 4599 1192 4653 in
1225 4597 1441 4653 homine
1481 4598 1648 4668 possit
1685 4613 1804 4654 esse
1848 4607 2101 4669 praestan-

515 4692 654 4758 tius;
686 4706 785 4748 nec
827 4692 932 4747 ullo
974 4691 1133 4746 modo
1170 4691 1393 4747 dixerim
1431 4691 1663 4761 aliquam
1701 4691 2098 4763 intelligentiam

517 4781 715 4838 malam
743 4797 861 4838 esse
886 4796 1062 4852 posse.
1096 4783 1158 4835 Α.
1187 4781 1358 4849 Quid?
1383 4799 1505 4838 cum
1531 4783 1755 4838 docetur
1776 4784 2027 4856 quisque,
2054 4785 2100 4840 si

517 4889 626 4930 non
655 4873 936 4943 intelligat,
968 4874 1229 4943 poteritne
1256 4874 1348 4930 tibi
1375 4874 1560 4930 doctus
1588 4875 1792 4930 videri?
1821 4875 1890 4930 E.
1913 4875 2096 4931 Omni-

517 4981 589 5022 no
624 4980 728 5020 non
763 4965 976 5036 poterit.
1012 4967 1075 5020 A.
1103 4966 1156 5023 Si
1195 4982 1321 5038 ergo
1361 4968 1534 5022 omnis
1575 4968 1919 5040 intelligentia
1961 4971 2098 5027 bona

512 5067 626 5125 est,
661 5072 762 5114 nec
789 5057 1063 5129 quisquam
1102 5059 1191 5129 qui
1235 5073 1340 5113 non
1387 5059 1662 5131 intelligit,
1708 5061 1897 5128 discit;
1925 5063 2100 5118 omnis

512 5152 604 5222 qui
629 5150 807 5216 discit,
836 5149 970 5206 bene
996 5150 1120 5206 facit
1149 5169 1161 5204 :
1191 5151 1366 5246 omnis
1389 5152 1531 5208 enim
1560 5153 1649 5223 qui
1675 5152 1867 5222 discit,
1897 5154 2097 5210 intelli-

512 5246 584 5317 git
608 5262 622 5312 ;
652 5254 706 5300 et
729 5244 904 5300 omnis
928 5245 1020 5314 qui
1045 5244 1310 5317 intelligit,
1339 5246 1474 5302 bene
1500 5246 1621 5302 facit
1645 5265 1657 5302 :
1683 5250 1919 5320 quisquis
1943 5250 2100 5321 igitur

514 5337 704 5407 quaerit
738 5345 1038 5405 auctorem,
1073 5351 1168 5406 per
1195 5352 1352 5406 quem
1382 5337 1577 5407 aliquid
1604 5339 1857 5398 discimus
1875 5383 1889 5407 ,
1917 5352 2100 5398 aucto-

514 5445 628 5484 rem
659 5428 893 5499 profecto
923 5443 1018 5498 per
1044 5442 1203 5498 quem
1240 5427 1378 5484 bene
1412 5427 1665 5497 facimus,
1705 5433 1915 5502 quierit.
1953 5434 2097 5502 Qua-

514 5531 734 5595 propter
769 5522 956 5578 desine
990 5521 1128 5577 velle
1165 5521 1484 5593 investigare
1512 5523 1693 5579 nescio
1717 5540 1875 5594 quem
1901 5525 2100 5583 malum

514 5613 808 5670 doctorem.
840 5612 897 5669 Si
922 5611 1062 5668 enim
1093 5613 1267 5669 malus
1302 5620 1385 5670 est
1403 5654 1419 5682 ,
1445 5611 1631 5671 doctor
1650 5630 1758 5672 non
1781 5625 1864 5674 est
1890 5633 1904 5674 :
1934 5617 1980 5674 si
2004 5618 2100 5676 do-

515 5715 631 5762 ctor
656 5714 757 5771 est,
788 5704 958 5760 malus
989 5720 1092 5762 non
1121 5716 1221 5763 est.

582 5880 652 5941 tu)
678 5879 778 5927 \‘id.
800 5885 1004 5932 Retract.
1032 5883 1114 5934 lib.
1141 5885 1190 5945 l,
1215 5899 1319 5949 cap.
1345 5885 1395 5949 9,
1418 5900 1467 5936 n.
1494 5888 1540 5937 5.

1558 430 1646 486 DE
1688 425 1936 485 LlBERO
1974 416 2317 486 ARBITRIO,
2359 422 2414 477 S.
2450 417 2810 478 AUGUSTINI
3689 433 3789 494 ,ἤδη

2237 533 2461 590 CAPUT
2503 535 2565 590 ll.
2609 566 2678 576 --
2721 536 2919 590 Malunt
2967 539 3101 593 unde
3146 540 3446 610 priusquam
3490 541 3777 618 disquiratar,

2678 631 2799 700 quid
2827 631 2889 684 de
2917 630 3024 685 Deo
3049 633 3375 687 credendum.

2307 721 2360 774 4.
2392 719 2455 773 Ε.
2481 721 2590 792 Age
2611 720 2740 790 jam,
2776 721 3026 791 quoniam
3063 725 3191 778 satis
3229 725 3379 795 cogis
3417 735 3478 781 ut
3517 726 3676 786 fatear
3704 749 3777 792 non

2234 826 2332 867 nos
2361 813 2567 868 discere
2596 815 2734 870 male
2764 815 2971 882 facere,
3020 815 3104 872 dic
3143 816 3272 872 mihi
3314 818 3458 874 unde
3497 822 3636 876 male
3660 823 3777 880 facia-

2234 917 2372 957 mus.
2405 904 2467 956 Α.
2497 904 2627 958 Eam
2653 906 3000 975 qumstionem
3028 922 3213 964 moves
3231 951 3246 975 ,
3276 925 3398 980 quas
3423 925 3511 966 me
3543 912 3789 974 admodum

2232 993 2625 1050 adolescentem
2656 996 3002 1054 vehementer
3032 1001 3310 1067 exercuit,
3357 1012 3412 1057 et
3456 1002 3706 1074 fatigatum
3741 1011 3774 1068 in

2231 1084 2510 1141 haereticos
2555 1087 2793 1158 impulit,
2837 1097 2997 1159 atque
3027 1089 3240 1159 dejecit.
3285 1092 3406 1158 Quo
3439 1108 3574 1148 casu
3600 1096 3659 1150 ita
3690 1095 3789 1156 sum1

2229 1172 2477 1241 amictus,
2501 1185 2555 1232 et
2575 1181 2736 1232 tantis
2759 1178 2980 1235 obrutus
3003 1181 3213 1235 acervis
3241 1181 3478 1236 inanium
3506 1184 3768 1257 fabularum,

2229 1276 2286 1320 ut
2314 1267 2415 1322 nisi
2451 1267 2581 1322 mihi
2625 1284 2778 1324 amor
2814 1271 3117 1327 inveniendi
3144 1273 3254 1328 veri
3283 1289 3443 1344 opem
3467 1276 3681 1333 divinam
3704 1285 3771 1338 im-

2227 1361 2562 1431 petravisset,
2595 1377 2869 1433 emergere
2895 1364 3050 1431 inde,
3081 1375 3240 1436 atque
3286 1368 3340 1422 in
3388 1370 3558 1439 ipsam
3595 1376 3770 1442 primam

2226 1450 2496 1520 quaerendi
2527 1452 2825 1508 libertatem
2857 1455 3120 1524 respirare
3157 1472 3264 1512 non
3305 1474 3542 1528 possem.
3580 1461 3633 1518 Et
3664 1482 3770 1535 quo-

2227 1543 2368 1597 niam
2399 1558 2605 1598 mecum
2634 1545 2819 1601 sedulo
2845 1555 3022 1602 actum
3050 1557 3160 1617 est,
3189 1560 3249 1605 ut
3290 1551 3391 1606 ista
3430 1555 3691 1623 quaestione
3719 1561 3772 1614 li-

2227 1636 2464 1702 berarer,
2494 1652 2560 1693 eo
2587 1646 2759 1694 tecum
2789 1655 2942 1710 agam
2971 1642 3159 1696 ordine
3199 1659 3362 1713 quem
3403 1655 3610 1701 secutus
3641 1653 3768 1706 evasi.

2225 1729 2410 1784 Aderit
2433 1730 2575 1785 enim
2598 1731 2760 1798 Deus,
2788 1743 2842 1786 et
2863 1747 2961 1787 nos
2987 1733 3282 1803 intelligere
3305 1737 3453 1806 quod
3476 1738 3770 1808 credidimus,

2225 1821 2402 1878 faciet.
2430 1823 2806 1895 Prazscriptum
2833 1825 2973 1881 enim
3001 1842 3094 1896 per
3118 1827 3438 1897 prophetam
3465 1831 3681 1900 gradum,
3702 1837 3770 1904 qui

2224 1915 2299 1968 ait
2334 1955 2349 1980 ,
2382 1912 2502 1968 Nisi
2525 1916 2869 1982 credideritis,
2899 1933 3000 1971 non
3034 1919 3325 1990 intelligetis
3352 1919 3506 1991 (Isai.
3524 1939 3610 1990 vn,
3625 1924 3670 1989 9,
3691 1943 3767 1980 rec.

2223 2006 2608 2080 LXX),tenere
2637 2009 2896 2076 nos,bene
2914 1994 3070 2067 nobis
3099 2013 3297 2068 conscii
3314 2029 3520 2071 sumus.
3540 2016 3768 2076 Credimus

2220 2111 2397 2157 autem
2420 2117 2486 2158 ex
2505 2118 2612 2158 uno
2634 2103 2746 2159 Deo
2765 2106 2941 2159 omnia
2961 2121 3081 2162 esse
3097 2123 3215 2177 quae
3240 2118 3368 2164 sunt
3388 2127 3401 2174 ;
3432 2120 3485 2166 et
3512 2121 3669 2168 tamen
3688 2130 3767 2168 non

2221 2211 2341 2251 esse
2379 2207 2711 2266 peccatorum
2751 2207 3022 2254 auctorem
3060 2201 3245 2256 Deum.
3276 2202 3460 2260 Movet
3478 2214 3640 2261 autem
3676 2208 3764 2260 ani-

2228 2302 2397 2354 mum,
2425 2289 2469 2342 si
2499 2293 2718 2359 peccata
2743 2305 2809 2344 ex
2831 2292 2894 2344 iis
2915 2292 3194 2347 animabus
3216 2304 3342 2348 sunt
3362 2311 3494 2365 quas
3511 2297 3637 2352 Deus
3653 2313 3768 2352 crea-

2219 2377 2315 2444 vit,
2362 2378 2466 2435 illa:
2496 2391 2672 2434 autem
2717 2381 2910 2436 animae
2940 2398 3007 2437 ex
3046 2383 3157 2438 Deo
3177 2426 3192 2450 ,
3221 2387 3487 2455 quomodo
3510 2402 3606 2444 non
3633 2404 3765 2460 parvo

2220 2471 2502 2527 intervallo
2529 2480 2742 2543 peccata
2768 2474 3064 2530 referantur
3091 2476 3145 2530 in
3173 2476 3355 2532 Deum.

2290 2563 2343 2617 5.
2385 2561 2454 2618 Ε.
2492 2563 2546 2618 ld
2583 2580 2724 2618 nunc
2764 2566 2920 2634 plane
2952 2566 3046 2622 abs
3081 2575 3136 2622 te
3163 2568 3349 2624 dictum
3374 2579 3483 2634 est,
3525 2571 3652 2641 quod
3686 2587 3767 2627 me

2219 2652 2538 2723 cogitantem
2578 2657 2706 2710 satis
2733 2659 3034 2724 excruciat,
3068 2668 3122 2714 et
3148 2659 3291 2729 quod
3314 2661 3377 2715 ad
3399 2662 3542 2717 istam
3561 2663 3765 2733 inquisi-

2221 2749 2418 2806 tionem
2446 2753 2619 2822 coegit
2644 2761 2698 2807 et
2721 2753 2901 2807 traxit.
2933 2752 2998 2806 Α.
3025 2753 3175 2809 Virili
3201 2757 3380 2813 animo
3405 2766 3534 2825 esto,
3560 2768 3606 2813 et
3626 2759 3760 2814 crede

2220 2844 2364 2914 quod
2411 2845 2588 2900 credis
2631 2863 2642 2898 :
2691 2846 2821 2900 nihil
2867 2847 3008 2901 enim
3053 2847 3288 2904 creditur
3331 2849 3551 2914 melius,
3586 2850 3758 2906 etiamsi

2219 2951 2377 2990 causa
2406 2924 2569 2992 lateat
2591 2953 2686 2992 cur
2705 2938 2775 2993 ita
2801 2938 2890 2994 sit.
2919 2938 3128 3009 Optime
3155 2955 3389 3011 namque
3411 2940 3477 2996 de
3498 2941 3591 2996 Deo
3610 2942 3761 2996 existi-

2220 3043 2369 3083 mare
2391 3030 2725 3084 verissimum
2747 3040 2828 3085 est
2845 3031 3056 3101 pietatis
3075 3033 3356 3088 exordium
3379 3050 3394 3097 ;
3417 3049 3513 3089 nec
3527 3034 3761 3104 quisquam

2218 3120 2285 3175 dc
2307 3122 2396 3175 illo
2417 3123 2615 3192 Optime
2640 3124 2914 3179 existimat
2931 3167 2944 3191 ,
2975 3123 3064 3195 qui
3091 3140 3197 3180 non
3223 3140 3346 3181 eum
3368 3126 3761 3196 omnipotentem,

2218 3220 2375 3280 atque
2404 3227 2468 3266 ex
2499 3214 2638 3266 nulla
2668 3214 2924 3282 particula
2953 3216 3386 3271 commutabilem
3415 3217 3600 3281 credit;
3622 3215 3767 3272 bono-

2216 3316 2333 3355 rum
2370 3303 2526 3356 etiam
2563 3305 2800 3359 omnium
2827 3313 3151 3372 creatorem,
3189 3307 3381 3376 quibus
3413 3317 3494 3363 est
3523 3309 3620 3378 ipse
3651 3324 3766 3378 pra:-

2217 3394 2440 3449 stantior
2457 3411 2471 3460 ;
2491 3404 2754 3450 rectorem
2771 3412 2980 3466 quoque
2992 3398 3350 3466 justissimum
3367 3414 3544 3456 eorum
3563 3401 3763 3455 omnium

2216 3499 2334 3554 quae
2373 3487 2608 3551 creavit;
2641 3502 2740 3542 nec
2769 3488 2873 3543 ulla
2903 3488 3144 3558 adjutum
3175 3505 3296 3546 esse
3325 3499 3507 3546 natura
3535 3493 3582 3546 in
3605 3507 3766 3547 crean-

2216 3574 2319 3642 do,
2348 3578 2498 3646 quasi
2533 3577 2623 3647 qui
2665 3594 2769 3633 non
2811 3579 2911 3634 sibi
2951 3579 3241 3636 sufﬁceret.
3286 3581 3364 3637 Ex
3401 3598 3504 3654 quo
3538 3582 3590 3638 ﬁt
3625 3593 3673 3637 nt
3709 3583 3765 3637 de

2217 3667 2380 3721 nihilo
2414 3670 2677 3725 creaverit
2712 3671 2925 3737 omnia;
2971 3672 3039 3728 de
3073 3687 3133 3728 se
3167 3683 3346 3730 autem
3386 3692 3489 3732 non
3515 3677 3759 3744 creaverit,

2216 3762 2309 3817 sed
2351 3765 2589 3833 genuerit
2633 3766 2772 3835 quod
2812 3767 2912 3822 sibi
2952 3782 3047 3837 par
3079 3780 3252 3837 esset,
3284 3784 3438 3840 quem
3475 3768 3641 3824 Filium
3679 3768 3764 3823 Dei

2215 3856 2429 3910 unicum
2473 3855 2699 3912 dicimus
2719 3899 2735 3925 ,
2774 3873 2932 3928 quem
2963 3874 3082 3914 cum
3109 3860 3324 3930 planius
3347 3862 3600 3917 enuntiare
3618 3875 3768 3915 cona-

2215 3965 2355 4016 mur,
2381 3949 2474 4005 Dci
2498 3950 2758 4005 Virtutem
2787 3961 2840 4006 et
2862 3952 2954 4007 Dei
2974 3953 3301 4023 Sapientiam
3327 3956 3642 4019 nominamus,
3669 3967 3762 4022 per

2215 4057 2373 4112 quam
2420 4042 2546 4097 fecit
2588 4043 2792 4109 omnia,
2825 4060 2945 4115 quae
2973 4044 3040 4100 de
3067 4044 3234 4100 nihilo
3272 4046 3397 4103 facta
3420 4053 3540 4100 sunt.
3568 4044 3760 4110 Quibus

2216 4133 2515 4189 conStitutis
2535 4176 2548 4200 ,
2581 4135 2646 4190 ad
2694 4135 3094 4207 intelligentiam
3125 4137 3243 4207 ejus
3275 4139 3350 4194 rei
3367 4152 3506 4210 quam
3530 4134 3755 4206 requiris,

2216 4225 2507 4295 opitulante
2535 4227 2672 4291 Deo,
2705 4227 2937 4282 nitamur
2961 4226 3065 4283 hoc
3090 4226 3272 4285 modo.

2436 4314 2663 4372 CAPUT
2691 4316 2775 4372 lll.
2799 4346 2870 4357 ——
2894 4317 3024 4372 Mali
3049 4327 3233 4374 natura
3263 4337 3325 4376 ex
3351 4320 3557 4375 libidine.

2285 4409 2338 4465 6.
2370 4408 2574 4477 Quaeris
2613 4419 2760 4466 certe
2797 4411 2938 4466 unde
2975 4411 3116 4466 male
3150 4411 3404 4468 faciamus
3439 4431 3451 4466 :
3483 4410 3614 4481 prius
3647 4421 3760 4479 ergo

2213 4499 2603 4556 discutiendum
2629 4510 2712 4558 est
2739 4502 2864 4572 quid
2892 4503 2959 4558 sit
2986 4503 3126 4559 male
3154 4502 3358 4570 facere;
3393 4518 3488 4575 qua
3514 4502 3575 4558 de
3596 4516 3647 4555 re
3671 4499 3764 4554 tibi

2215 4594 2338 4664 quid
2369 4593 2610 4650 videatur
2637 4611 2914 4667 exprome.
2945 4596 3097 4665 Quod
3135 4598 3182 4652 si
3220 4614 3331 4655 non
3362 4607 3502 4669 potes
3521 4605 3670 4651 totum
3695 4595 3763 4648 si-

2212 4687 2323 4741 mul
2351 4685 2585 4742 breviter
2611 4686 2790 4743 verbis
2826 4687 3312 4758 comprehendere,
3345 4690 3523 4745 saltem
3552 4686 3762 4757 particu-

2211 4775 2355 4830 latim
2410 4775 2687 4833 malefacta
2749 4777 2861 4848 ipsa
2922 4779 3419 4848 commemorando,
3473 4777 3789 4834 sententiam.

2211 4876 2353 4924 tuam
2385 4878 2562 4925 notam
2604 4870 2685 4924 fac
2714 4870 2866 4925 mihi.
2913 4869 2978 4925 E.
3015 4871 3287 4927 Adulteria
3327 4881 3384 4928 et
3419 4869 3672 4927 homicidia
3711 4876 3789 4921 et.

2210 4963 2512 5033 sacrilegia,
2544 4973 2600 5017 ut
2638 4963 2878 5019 omittam
2917 4972 3136 5029 caetera,
3184 4964 3376 5034 quibus
3416 4958 3789 5036 enumerandisq

2210 5055 2294 5110 vel
2324 5065 2534 5126 tempus
2558 5055 2644 5111 vel
2683 5055 2936 5111 memoria
2972 5071 3076 5110 non
3113 5055 3376 5125 suppetit,
3423 5056 3536 5126 quis
3573 5061 3644 5108 est
3678 5050 3789 5114 cui}

2211 5165 2316 5206 non
2359 5150 2497 5205 male
2537 5149 2674 5206 facta
2717 5149 3028 5205 videantur?
3066 5149 3130 5203 Α.
3170 5149 3266 5205 Dic
3296 5164 3425 5221 ergo
3468 5148 3633 5219 prius,
3671 5158 3789 5206 cur.

2209 5242 2526 5298 adulterium
2566 5241 2705 5297 male
2744 5241 2856 5296 ﬁeri
2895 5249 3079 5311 putes;
3125 5255 3194 5294 an
3235 5240 3360 5311 quia
3403 5239 3454 5294 id
3495 5239 3650 5293 facere
3681 5234 3789 5298 lex}

2209 5333 2389 5389 vetat?
2427 5331 2494 5386 E.
2535 5331 2650 5388 Non
2690 5345 2816 5387 sane
2855 5331 2975 5387 ideo
3015 5331 3213 5386 malum
3259 5339 3371 5397 est,
3417 5329 3534 5400 quia
3575 5333 3789 5384 velatur

2210 5424 2359 5495 lege;
2382 5423 2474 5479 sed
2496 5422 2616 5478 ideo
2641 5430 2848 5478 velatur
2871 5421 3007 5494 lege,
3035 5422 3156 5492 quia
3181 5420 3380 5476 malum
3404 5428 3502 5477 est.
3535 5418 3597 5473 A.
3619 5413 3754 5486 Quid.

2211 5518 2253 5572 si
2293 5515 2555 5588 quispiam
2599 5531 2699 5572 nos
2740 5517 2998 5588 exagitet,
3041 5530 3369 5587 exaggerans
3411 5513 3757 5571 delectationes

2210 5612 2477 5677 adulterii,
2505 5620 2557 5668 et
2583 5626 2830 5684 quierens
2855 5625 2886 5665 a
2913 5609 3068 5666 nobis
3089 5624 3185 5666 cur
3215 5608 3319 5666 hoc
3360 5609 3552 5665 malum
3591 5616 3638 5662 et
3670 5601 3758 5656 da-

2212 5705 2484 5762 mnatione
2529 5705 2743 5776 dignum
2780 5695 3109 5775 iudicemus;
3161 5717 3288 5758 num
3331 5701 3397 5757 ad
3419 5693 3789 5785 auctoritatem;

2212 5798 2348 5870 legis
2372 5793 2778 5896 confugiendum
2806 5811 2992 5896 censes
3032 5795 3364 5896 hominibus,
3392 5796 3499 5896 jam
3523 5809 3621 5850 non
3647 5783 3760 5844 um;
3787 5783 3789 5896 1

2215 5899 2328 5945 tum
2355 5889 2596 5959 credere,
2629 5889 2722 5947 sed
2760 5889 3048 5960 intelligere
3067 5887 3432 5960 cupientibus?
3456 5886 3579 5944 Nam
3599 5895 3648 5941 et
3664 5894 3760 5951 ego
