3824 6296
109 403 244 465 1225

111 616 177 674 lis
219 624 375 687 atque
417 613 664 686 gentibus
705 611 1026 669 credendum
1076 626 1194 668 esse
1237 611 1442 678 clamo,
1487 612 1686 668 malum

114 722 231 764 esse
253 706 568 763 adulterium
595 723 609 759 :
636 703 733 761 sed
759 719 901 760 nunc
926 703 1175 759 molimur
1201 703 1255 760 id
1284 703 1425 776 quod
1451 704 1502 759 in
1531 704 1687 760 fidem

121 892 319 948 simum.
345 888 632 946 Considera
659 888 835 960 itaque
866 897 1118 959 quantum
1152 898 1334 959 potes,
1365 896 1419 944 et
1444 889 1691 944 renuntia

127 985 265 1052 mihi,
292 997 514 1055 quanam
534 982 742 1037 ratione
769 980 1095 1052 adulterium.
1106 980 1304 1035 malum
1329 995 1448 1036 esse
1495 994 1688 1050 cogno-
1730 971 1750 989 ε

40 1065 88 1200 ὲ
128 1077 271 1133 veris.
297 1075 358 1129 E.
372 1074 486 1131 Hoc
510 1075 621 1130 scio
635 1074 832 1128 malum
857 1087 996 1142 esse,
1025 1072 1166 1142 quod
1193 1072 1292 1128 hoc
1319 1073 1431 1142 ipse
1450 1071 1504 1127 in
1525 1085 1689 1127 uxore

77 1183 97 1200 ,ι
132 1185 233 1200 ..ι-ι...
257 1167 354 1200 nol:
383 1168 580 1200 nn‘lnm
612 1184 625 1196 .
653 1165 888 1200 ηιιίαηιιῖα
913 1174 1088 1200 nullam
1111 1165 1260 1200 alim-3
1281 1164 1398 1200 f-mir
1429 1163 1566 1200 mam]
1589 1163 1686 1200 eihi

51 1163 97 1218 ἓξ·
132 1185 236 1227 mea
257 1167 355 1240 pati
383 1168 582 1222 nollem
612 1184 625 1220 :
653 1165 890 1237 quisquis
912 1174 1090 1221 autem
1111 1165 1263 1220 alteri
1280 1164 1404 1220 facit
1428 1163 1570 1236 quod
1588 1163 1689 1220 sibi

136 1263 230 1318 fieri
253 1277 348 1316 non
366 1261 494 1326 vult,
523 1261 665 1315 male
682 1261 864 1329 utique
880 1257 1022 1314 facit.
1050 1259 1115 1312 Α.
1139 1258 1296 1326 Quid,
1323 1261 1366 1314 si
1392 1259 1688 1329 cujuspiam

137 1353 276 1410 libido
293 1368 354 1408 ea
382 1352 483 1418 sit,
533 1360 593 1407 ut
617 1366 838 1406 uxorem
863 1366 1016 1406 suam
1042 1350 1279 1422 praebeat
1295 1350 1448 1408 alteri
1471 1392 1487 1418 ,
1519 1351 1688 1407 liben-

142 1454 295 1514 terque
306 1443 369 1498 ab
385 1458 450 1497 eo
468 1443 737 1514 corrumpi
765 1441 1014 1514 patiatur,
1039 1443 1092 1497 in
1118 1443 1270 1514 cujus
1290 1458 1509 1499 uxorem
1531 1442 1690 1498 vicis-

138 1536 219 1590 sim
244 1548 414 1604 parem
439 1534 584 1603 cupit
611 1533 809 1590 habere
824 1534 1090 1590 licentiam
1105 1534 1129 1586 ?
1145 1532 1346 1589 nihilne
1362 1533 1488 1588 mali
1514 1532 1692 1590 facere

139 1626 215 1681 tibi
245 1625 478 1680 videtur?
522 1624 589 1679 E.
621 1624 733 1680 lmo
774 1625 1076 1695 plurimum.
1121 1624 1186 1678 Α.
1218 1626 1287 1678 At
1329 1625 1427 1679 iste
1465 1639 1570 1679 non
1601 1624 1690 1678 illa

140 1717 295 1789 regula
338 1725 565 1788 peccat:
598 1732 706 1772 non
735 1717 875 1772 enim
927 1717 976 1771 id
1025 1716 1150 1771 facit
1195 1715 1336 1786 quod
1381 1716 1488 1786 pati
1535 1716 1686 1772 nolit.

138 1808 455 1877 Quamobrem
488 1808 627 1863 aliud
673 1809 764 1863 tibi
795 1806 1138 1879 quaerendum
1175 1816 1256 1863 cst
1279 1848 1293 1872 ,
1322 1806 1462 1863 unde
1493 1808 1690 1862 malum

137 1915 234 1958 esse
259 1899 565 1955 adulterium
593 1899 896 1954 convincas.

198 1994 244 2046 7.
269 1991 331 2046 Ε.
354 1991 430 2046 Εο
454 1991 586 2046 mihi
612 1990 821 2048 videtur
848 1991 1067 2057 malum,
1100 1989 1244 2061 quod
1273 1990 1430 2061 hujus
1454 1989 1690 2048 criminis

149 2085 362 2141 homines
382 2083 488 2139 vidi
518 2099 660 2154 saepe
705 2083 964 2138 damnari.
1019 2083 1080 2136 Α.
1109 2081 1265 2150 Quid,
1303 2091 1518 2155 propter
1545 2093 1689 2140 recte

139 2176 254 2232 facta
274 2191 445 2233 nonne
465 2176 706 2231 homines
725 2176 1035 2244 plerumque
1054 2174 1288 2230 damnati
1309 2175 1471 2230 sunt?
1492 2175 1690 2231 Reeen-

139 2283 187 2324 se
208 2267 487 2334 historiam,
518 2282 586 2322 ne
608 2276 663 2323 te
685 2264 753 2322 ad
774 2265 907 2322 alios
930 2265 1097 2321 libros
1131 2265 1358 2333 mittam,
1380 2280 1498 2321 eam
1521 2265 1688 2336 ipsam

139 2375 236 2430 qua
259 2359 427 2414 divina
457 2358 770 2414 auctoritate
810 2358 1098 2428 praecellit;
1123 2358 1231 2428 jam
1267 2359 1505 2414 invenies
1531 2375 1687 2430 quam

140 2450 259 2506 male
284 2449 348 2504 de
385 2449 655 2520 Apostolis
684 2457 740 2505 et
769 2449 837 2504 de
861 2448 1106 2504 omnibus
1136 2450 1460 2520 martyribus
1487 2451 1688 2506 sentia—

137 2555 255 2607 mus,
281 2541 323 2595 si
360 2541 530 2610 placet
564 2541 716 2596 nobis
761 2539 1154 2596 damnationem
1193 2550 1397 2596 certum
1437 2541 1689 2597 indicium

137 2645 238 2685 esse
261 2629 537 2696 malefacti,
565 2645 685 2685 cum
710 2630 786 2684 illi
814 2645 1000 2686 omnes
1025 2630 1364 2686 damnatione
1390 2630 1533 2702 digni
1561 2647 1688 2701 pro-

137 2730 238 2789 pter
262 2721 636 2776 confessionem
666 2735 816 2775 suam
850 2720 1066 2791 iudicati
1095 2722 1220 2777 sint.
1249 2722 1605 2788 Quamobrem
1637 2724 1686 2779 si

137 2813 360 2884 quidquid
385 2813 666 2868 damnatur
704 2813 904 2868 malum
927 2814 1024 2879 est’,
1060 2814 1255 2868 malum
1293 2822 1407 2869 erat
1433 2813 1526 2870 illo
1555 2824 1690 2871 tem-

138 2917 251 2972 pore
277 2903 489 2960 credere
507 2905 560 2959 in
596 2903 890 2972 Christum,
920 2913 979 2959 et
1017 2905 1186 2973 ipsam
1221 2903 1461 2959 confiteri
1489 2905 1684 2961 fidem:

138 2995 174 3048 si
191 3005 350 3052 autem
380 3012 485 3052 non
511 3012 668 3052 omne
694 2997 890 3051 malum
911 3005 991 3051 est
1019 2995 1159 3066 quod
1187 2996 1486 3062 damnatur,
1510 3013 1690 3068 quaere

140 3087 257 3143 aliud
284 3087 417 3144 unde
461 3087 779 3142 adulterium
823 3087 1019 3143 malum
1049 3101 1169 3144 esse
1205 3087 1418 3143 doceas.
1449 3087 1516 3142 E.
1549 3088 1687 3156 Quid

140 3178 216 3234 tibi
240 3179 581 3252 respondeam
608 3197 714 3236 non
741 3180 972 3236 invenio.

137 3287 142 3292 ‘
194 3272 244 3328 8.
271 3273 330 3327 Δ.
349 3273 612 3328 Fortassis
633 3287 760 3343 ergo
784 3272 946 3328 libido
968 3272 1021 3328 in
1051 3271 1311 3328 adulterio
1340 3275 1536 3328 malum
1563 3283 1685 3330 est:

144 3363 216 3420 sed
233 3365 348 3421 dum
383 3374 439 3421 tu
459 3365 590 3422 foris
605 3366 658 3420 in
685 3366 800 3436 ipso
826 3364 967 3420 facto
987 3364 1129 3436 quod
1168 3367 1277 3435 jam
1301 3365 1464 3420 videri
1491 3375 1685 3435 potest,

144 3457 310 3512 malum
349 3459 564 3530 quaeris,
593 3458 791 3528 pateris
834 3457 1124 3528 angustias.
1155 3457 1286 3512 Nam
1328 3466 1384 3512 ut
1426 3457 1688 3529 intelligas

147 3546 384 3605 libidinem
415 3550 469 3603 in
496 3548 758 3604 adulterio
781 3549 980 3603 malum
1011 3563 1149 3614 esse,
1199 3549 1244 3604 si
1282 3549 1366 3603 cui
1397 3549 1555 3603 etiam
1582 3565 1687 3604 non

147 3639 379 3710 contingat
402 3639 623 3695 facultas
649 3638 1036 3694 concumbendi
1061 3654 1182 3694 cum
1225 3640 1448 3710 conjuge
1488 3639 1681 3708 aliena,

147 3728 326 3797 planum
355 3739 529 3786 tamen
555 3729 731 3800 aliquo
760 3728 918 3784 modo
959 3729 1028 3784 sit
1071 3729 1123 3784 id
1158 3744 1280 3784 eum
1325 3745 1536 3798 cupere,
1567 3730 1687 3785 etsi

149 3829 348 3888 potestas
387 3822 541 3879 detur
589 3822 850 3877 facturum
890 3836 1029 3890 esse,
1081 3838 1185 3878 non
1235 3822 1408 3878 minus
1439 3838 1561 3877 reus
1584 3831 1684 3892 est,

148 3926 277 3981 quam
314 3917 357 3971 si
395 3916 448 3971 in
485 3916 602 3986 ipso
643 3913 784 3970 facto
821 3913 1322 3985 deprehenderetur.
1347 3914 1413 3967 E.
1442 3915 1583 3970 Nihil
1609 3923 1690 3971 est

149 4005 331 4060 omnino
349 4003 698 4072 manifestius,
730 4014 783 4061 et
805 4005 914 4075 jam
942 4006 1098 4061 video
1127 4021 1234 4061 non
1263 4021 1396 4075 opus
1424 4022 1543 4061 esse
1572 4007 1689 4061 lon-

145 4108 198 4163 ga
215 4097 656 4165 sermocinatione,
688 4106 746 4152 ut
772 4096 902 4152 mihi
927 4097 993 4152 de
1010 4097 1294 4152 homicidio
1310 4106 1363 4152 et
1390 4097 1684 4168 sacrilegio,

144 4200 202 4243 ac
220 4206 416 4261 prorsus
439 4193 507 4249 de
531 4192 776 4248 omnibus
801 4189 1034 4260 peccatis
1055 4191 1449 4260 persuadeatur.
1473 4189 1688 4246 Clarum

137 4291 218 4336 est
240 4287 368 4340 enim
393 4285 503 4357 jam
546 4284 681 4340 nihil
705 4282 845 4338 aliud
873 4297 1029 4354 quam
1058 4281 1328 4338 libidinem
1357 4282 1408 4336 in
1432 4289 1541 4338 toto
1571 4296 1687 4336 ma-

125 4367 389 4436 lefaciendi
409 4394 606 4452 genere
630 4375 908 4434 dominari.

141 4522 342 4592 CAPUT
378 4535 464 4592 Ν.
486 4565 559 4576 -
586 4533 811 4606 Objectio
836 4533 898 4587 de
923 4531 1194 4588 homicidio
1220 4540 1417 4603 patrato
1449 4547 1512 4588 ea:
1533 4540 1684 4589 metu.

499 4625 761 4698 Cupiditas
787 4625 1052 4695 culpabili:
1071 4625 1192 4696 quid
1215 4625 1299 4679 sit.

208 4742 253 4800 9.
275 4746 333 4801 Α.
360 4748 544 4806 Scisne
566 4748 723 4804 etiam
745 4747 900 4803 istam
930 4747 1204 4803 libidinem
1233 4746 1338 4800 alio
1354 4745 1568 4802 nomine
1589 4760 1690 4802 cu-

150 4827 400 4896 Pididatem
446 4839 669 4896 vocari?
697 4837 762 4893 E.
795 4838 937 4894 Scio.
969 4838 1031 4892 Α.
1070 4836 1246 4904 Quid?
1275 4836 1414 4892 inter
1457 4837 1596 4894 hanc
1635 4844 1691 4892 et

147 4930 320 4984 metum
364 4932 566 4988 nihilne
612 4931 891 4996 interesse,
936 4946 1000 4984 an
1027 4928 1229 5000 aliquid
1258 4928 1449 5000 putas?
1473 4927 1540 4983 Ε.
1578 4927 1690 4982 lmo

139 5008 397 5079 Plurimum
424 5024 541 5080 haec
569 5024 636 5078 ab
673 5023 897 5079 invicem
925 5021 1122 5078 distare
1146 5020 1392 5078 arbitror.
1420 5020 1484 5073 Α.
1514 5018 1689 5076 Credo

134 5103 172 5195 ις
195 5111 270 5165 ob
295 5111 388 5170 hoc
415 5114 682 5181 arbitrari,
709 5113 832 5184 quia
861 5112 1119 5183 cupiditas
1143 5113 1364 5183 appetit,
1405 5119 1580 5167 metus
1609 5111 1691 5167 fu-

123 5197 210 5252 8η-
257 5201 317 5256 Ε.
339 5205 432 5261 Est
450 5206 521 5260 ita
547 5213 606 5260 ut
643 5204 794 5260 dicis.
821 5204 882 5259 A.
909 5202 1044 5272 Quid
1073 5204 1118 5259 si
1151 5219 1275 5274 ergo
1299 5203 1559 5275 quispiam
1584 5219 1690 5260 non

116 5286 400 5351 cuDiditate
442 5295 800 5367 adipiscendae
838 5295 1061 5366 alicujus
1101 5296 1199 5360 rei,
1231 5294 1325 5350 sed
1352 5303 1595 5351 metuens
1623 5310 1692 5350 ue

107 5370 252 5464 (ξιξῖά
277 5385 323 5440 ei
347 5386 468 5441 mali
494 5387 720 5457 accidat,
746 5385 1015 5443 hominem
1045 5384 1328 5441 occiderit?
1359 5401 1483 5441 num
1509 5385 1687 5441 homi-

96 5458 246 5550 cida
265 5476 356 5534 iste
378 5495 484 5535 non
510 5479 655 5535 erit?
684 5479 752 5534 E.
803 5479 919 5535 Erit
945 5478 1179 5550 quidem,
1223 5477 1318 5532 sed
1344 5493 1450 5534 non
1471 5476 1590 5534 ideo
1609 5477 1690 5533 fa-

85 5549 265 5640 _°"~lm
305 5567 406 5625 hoc
443 5569 749 5640 cupiditatis
792 5549 1062 5626 dominatu
1087 5577 1268 5624 caret:
1299 5582 1426 5624 nam
1457 5570 1547 5640 qui
1571 5583 1688 5624 me-

78 5637 279 5733 ξυξηε
293 5637 562 5716 hominem
583 5659 792 5727 occidit,
816 5660 960 5733 cupit
979 5661 1156 5730 utique
1176 5659 1292 5713 sine
1320 5637 1687 5716 metu'vivere.

67 5719 123 5820 ‘4;
225 5747 282 5802 Et
325 5764 548 5820 parvum
574 5752 666 5808 tibi
705 5719 911 5808 videtur
937 5719 1134 5808 bonum
1163 5751 1282 5807 sine
1302 5759 1448 5806 metu
1476 5751 1690 5806 vivere?

92 5810 154 5876 Ea
225 5810 462 5915 Magnum
485 5844 682 5900 bonum
706 5852 808 5912 est,
835 5845 930 5901 sed
953 5843 1057 5904 hoc
1085 5844 1160 5902 illi
1188 5842 1466 5904 homicida:
1507 5857 1599 5911 per
1622 5841 1692 5898 fa-

357 5935 583 6000 Suc'r.
627 5939 902 6002 Anausr.
949 5939 998 6001 Ι.

1552 401 1754 460 LIBER
1792 401 2064 462 PRIMUS.

111 532 280 579 tecum
305 520 488 588 credo,
519 528 574 576 et
599 517 912 575 inconcusse
925 513 1107 585 credo,
1139 516 1490 588 omnibusque
1511 533 1682 598 popu-
1730 593 1737 602 ‘

3242 421 3264 474 ζ
3276 415 3380 479 9.9.6

1743 601 1745 603 ι
1799 518 1953 574 cinus
1994 535 2147 575 suum
2192 521 2474 593 provenire
2501 519 2648 579 nullo
2695 524 2857 580 modo
2903 536 3093 596 potest.
3144 532 3208 586 Α.
3262 535 3380 594 Non

1794 627 1978 683 quaero
2005 613 2133 684 quid
2156 613 2205 670 ei
2224 615 2508 685 provenire
2534 617 2724 687 possit,
2754 617 2848 674 sed
2869 621 2994 690 quid
3022 621 3134 693 ipse
3161 629 3336 698 cupiat
3362 649 3377 686 ι
3453 647 3460 671 ε

1795 712 1942 760 certe
1962 707 2104 760 enim
2142 705 2336 763 bonum
2381 708 2548 779 cupit,
2579 709 2670 780 qui
2711 711 2858 781 cupit
2883 714 3044 769 vitam
3074 727 3217 772 metu
3250 719 3384 775 lihe-

118 798 404 870 recepimus
423 839 439 863 ,
470 796 632 850 etiam
661 795 1002 866 intelligendo
1027 795 1166 851 scire
1196 810 1258 850 ac
1285 803 1469 852 tenere
1495 795 1688 850 firmis-
1730 806 1748 863 ξε

1795 811 1943 863 ram;
1967 806 2022 852 et
2040 795 2239 852 idcirco
2266 798 2366 854 ista
2390 799 2652 870 cupiditas
2679 803 2940 874 culpanda
2969 820 3075 861 non
3097 817 3215 874 est;
3253 810 3385 864 alio-

1796 891 1922 962 quin
1942 904 2130 946 omnes
2163 890 2493 963 culpabimus
2521 906 2788 954 amatores
2835 898 2982 954 boni.
3016 900 3248 959 Proinde
3289 920 3384 960 co-

1795 982 1970 1053 gimur
2003 981 2160 1038 fateri
2188 997 2308 1038 esse
2338 983 2696 1053 homicidium,
2741 989 2797 1043 in
2843 1006 2946 1061 quo
2975 1004 3204 1064 nequeat
3227 997 3384 1053 malae

1796 1073 1940 1128 illius
1967 1073 2271 1143 cupiditatis
2299 1074 2590 1133 dominatio
2627 1081 2891 1150 reperiri;
2931 1084 3227 1158 falsumque
3279 1091 3384 1146 erit

1796 1164 1924 1221 illud
1950 1206 1965 1232 ,
2012 1165 2154 1237 quod
2178 1167 2233 1221 in
2257 1167 2502 1225 omnibus
2529 1173 2759 1240 peccatis
2799 1183 2858 1229 ut
2893 1177 3030 1232 mala
3059 1180 3185 1248 sint,
3220 1181 3385 1238 libido

1795 1257 2100 1314 dominatur
2125 1278 2141 1327 ;
2171 1269 2264 1315 aut
2289 1261 2391 1317 erit
2421 1263 2635 1333 aliquod
2681 1265 3047 1339 homicidium,
3079 1275 3219 1342 quod
3254 1292 3382 1346 pos-

1796 1351 1866 1406 sit
1891 1365 2000 1407 non
2024 1367 2144 1408 esse
2171 1361 2447 1423 peccatum
2475 1355 2515 1407 ¹.
2534 1353 2600 1408 Ε.
2633 1355 2689 1410 Si
2721 1356 3061 1416 homicidium
3102 1374 3184 1421 est
3212 1365 3386 1422 homi-

1796 1458 1920 1499 nem
1941 1443 2206 1511 occidere,
2233 1452 2412 1516 potest
2434 1445 2678 1502 accidere
2697 1447 2980 1519 aliquando
2998 1454 3110 1510 sine
3132 1469 3347 1525 peccato
3369 1477 3384 1516 :

1796 1551 1920 1593 nam
1962 1547 2016 1593 et
2057 1537 2212 1594 miles
2237 1537 2468 1606 hostem,
2496 1547 2552 1594 et
2573 1539 2736 1610 judex
2775 1542 2860 1597 vel
2885 1545 3122 1601 minister
3148 1549 3260 1620 ejus
3289 1567 3388 1607 no-

1797 1639 2034 1697 centem,
2059 1637 2114 1686 et
2152 1631 2239 1685 cui
2267 1629 2406 1687 forte
2431 1631 2597 1687 invito
2641 1643 2802 1705 atque
2844 1635 3170 1708 imprudenti
3219 1644 3389 1701 telum

1797 1735 1957 1778 manu
1999 1721 2152 1793 fugit,
2190 1737 2300 1779 non
2340 1723 2470 1779 mihi
2499 1724 2745 1781 videntur
2775 1742 3022 1797 peccare,
3057 1747 3179 1788 cum
3210 1733 3385 1791 homi-

1796 1829 1922 1870 nem
1950 1813 2219 1872 oecidunt.
2241 1815 2306 1870 Δ.
2328 1816 2610 1873 Assentior
2628 1836 2641 1870 :
2659 1819 2752 1874 sed
2781 1819 3064 1878 homicida:
3094 1825 3180 1880 isti
3211 1831 3393 1898 appel-

1797 1905 1896 1961 lari
1921 1921 2027 1962 non
2051 1907 2245 1963 solent.
2269 1908 2553 1979 Responde
2578 1910 2777 1981 itaque,
2802 1920 2978 1967 utrum
3011 1914 3157 1971 illum
3181 1919 3269 1988 qui
3293 1918 3391 1975 do.

1796 1998 2001 2054 minum
2028 1999 2239 2067 occidit,
2271 2016 2302 2054 a
2332 2016 2439 2072 quo
2469 2002 2568 2056 sibi
2588 2005 2857 2060 metuebat
2886 2008 3154 2065 cruciatus
3179 2027 3388 2081 graves,

1797 2088 1852 2144 in
1875 2104 2062 2145 eorum
2084 2105 2310 2146 numero
2334 2090 2640 2148 habendum
2668 2095 2966 2164 existimes,
2996 2100 3182 2168 quisic
3212 2102 3389 2159 homi-

1757 2228 1774 2237 μ
1796 2195 1919 2236 nem
1949 2181 2236 2248 occidunt,
2271 2191 2330 2236 ut
2375 2198 2443 2237 ne
2473 2182 2856 2240 homicidarum
2910 2189 3121 2257 quidem
3174 2196 3394 2252 nomine

1795 2271 1942 2342 digni
1974 2272 2120 2328 sint?
2146 2274 2213 2327 E.
2236 2273 2418 2345 Longe
2443 2275 2510 2329 ab
2526 2275 2603 2331 eis
2629 2275 2788 2332 istum
2807 2276 3022 2335 differre
3045 2283 3196 2339 video
3227 2303 3240 2338 :
3264 2303 3388 2343 nam

1796 2362 1874 2417 illi
1900 2365 1984 2420 vel
2014 2381 2080 2421 ex
2127 2366 2330 2437 legibus
2355 2365 2573 2436 faciunt,
2604 2369 2688 2424 vel
2734 2385 2840 2426 non
2867 2381 3050 2428 contra
3077 2375 3256 2447 leges;
3293 2379 3390 2436 liu-

1792 2455 1886 2526 jus,
1906 2467 2081 2514 autem
2102 2457 2308 2514 facinus
2334 2460 2477 2516 nulla
2506 2461 2589 2517 lex
2610 2464 2889 2534 approbat.

1869 2549 1957 2604 10.
1990 2548 2056 2603 Α.
2088 2549 2291 2605 Rursus
2337 2566 2423 2606 me
2466 2551 2533 2607 ad
2575 2555 2947 2612 auctoritatem
2995 2575 3212 2618 revocas
3245 2583 3256 2618 :
3289 2565 3385 2622 sed

1795 2643 2106 2698 meminisse
2129 2651 2184 2698 te
2210 2651 2420 2714 oportet
2444 2643 2498 2700 id
2524 2660 2668 2702 nunc
2685 2662 2716 2702 a
2743 2648 2900 2704 nobis
2914 2665 3035 2708 esse
3054 2664 3380 2728 susceptum,

1795 2742 1854 2786 ut
1877 2733 2238 2805 intelligamus
2263 2735 2404 2807 quod
2438 2738 2747 2806 credimus;
2775 2741 2980 2813 legibus
3005 2755 3180 2802 autem
3211 2751 3386 2806 credi-

1795 2839 1950 2880 mus:
1975 2827 2284 2882 tentandum
2305 2827 2486 2900 itaque
2509 2837 2611 2896 est,
2639 2832 2684 2886 si
2712 2848 2819 2904 quo
2841 2835 3001 2892 modo
3027 2853 3310 2907 possumus
3333 2843 3382 2897 id

1795 2916 1968 2987 ipsum
1998 2918 2314 2990 intelligere,
2346 2929 2523 2977 utrum
2555 2923 2641 2978 lex
2693 2940 2811 2994 quae
2852 2928 3006 2996 punit
3037 2931 3138 2985 hoc
3162 2931 3380 2998 factum,

1794 3026 1901 3067 non
1944 3027 2226 3084 perperam
2253 3017 2459 3086 puniat.
2499 3015 2569 3072 E.
2618 3017 2774 3075 Nullo
2799 3021 2961 3078 modo
2987 3039 3264 3095 perperam
3290 3046 3387 3100 pu-

1795 3105 1892 3172 nit,
1917 3107 2348 3178 quandoquidem
2375 3109 2526 3180 punit
2549 3125 2671 3166 eum
2689 3113 2776 3182 qui
2798 3113 2987 3172 volens
3015 3125 3069 3171 ct
3098 3119 3271 3175 sciens
3290 3120 3387 3177 do-

1794 3199 2000 3254 minum
2027 3210 2201 3268 necat,
2221 3201 2363 3272 quod
2388 3203 2566 3259 nullus
2587 3205 2831 3261 istorum.
2863 3206 2927 3260 Α.
2956 3207 3181 3280 Ecquid,
3201 3228 3389 3271 recor-

1798 3289 1943 3345 daris
1989 3300 2041 3345 te
2092 3292 2251 3362 paulo
2298 3301 2422 3350 ante
2462 3293 2684 3364 dixisse,
2745 3296 2799 3352 in
2848 3299 2992 3353 omni
3042 3300 3181 3358 facto
3225 3306 3367 3362 man
3416 3341 3419 3344 -

1796 3379 2074 3435 libidinem
2119 3381 2420 3450 dominari,
2455 3391 2508 3439 et
2559 3399 2624 3440 eo
2679 3385 2796 3456 ipso
2846 3388 3044 3443 malum
3094 3395 3258 3448 esse?
3313 3396 3383 3451 E.

1794 3472 2069 3528 Recordor
2093 3487 2245 3529 sane.
2270 3471 2337 3528 Δ.
2364 3473 2539 3542 Quid?
2566 3474 2694 3530 illud
2714 3491 2894 3534 nonne
2913 3478 3052 3536 idem
3086 3491 3139 3537 tu
3159 3498 3386 3541 conces-

1797 3565 1934 3630 sisti,
1958 3580 2081 3621 eum
2110 3566 2198 3635 qui
2216 3565 2360 3636 cupit
2379 3566 2494 3621 sine
2511 3575 2656 3622 metu
2678 3568 2877 3638 vivere,
2909 3585 3015 3627 non
3045 3571 3245 3630 habere
3263 3590 3389 3631 ma-

1798 3657 1904 3711 lam
1933 3657 2315 3727 cupiditatem?
2343 3656 2410 3712 E.
2441 3658 2509 3713 Et
2547 3657 2648 3713 hoc
2690 3660 2963 3716 recordor.
2995 3661 3062 3718 Α.
3095 3664 3224 3719 Cum
3257 3682 3390 3738 ergo

1796 3748 1900 3802 ista
1943 3748 2232 3818 cupiditate
2253 3763 2281 3802 a
2325 3763 2480 3803 servo
2519 3749 2768 3804 dominus
2795 3751 3133 3820 interimitur,
3163 3771 3267 3811 non
3298 3758 3394 3819 illa

1797 3837 2047 3908 culpabili
2089 3837 2375 3910 cupiditate
2403 3839 2743 3894 interimitur.
2794 3839 3151 3907 Quamobrem
3182 3860 3280 3900 cur
3308 3849 3383 3902 sit

1800 3928 1900 3982 hoc
1936 3928 2142 3982 facinus
2171 3928 2390 3990 malum,
2433 3928 2666 3982 nondum
2713 3929 3088 3997 comperimus.
3123 3933 3388 3996 Convenit

1797 4020 1939 4076 enim
1972 4021 2110 4075 inter
2154 4033 2252 4073 nos
2298 4018 2478 4072 omnia
2520 4019 2796 4075 malefacta
2825 4035 2929 4075 non
2961 4022 3029 4076 ob
3065 4022 3209 4079 aliud
3236 4029 3384 4087 mala

1796 4127 1937 4179 esse,
1960 4112 2061 4166 nisi
2088 4110 2228 4182 quod
2251 4109 2486 4176 libidine,
2512 4109 2565 4165 id
2585 4120 2666 4166 est
2694 4111 3038 4182 improbanda
3065 4116 3377 4188 cupiditate,

1796 4204 1949 4259 fiunt.
1981 4202 2051 4258 E.
2076 4202 2194 4258 Jam
2223 4201 2354 4257 mihi
2370 4201 2578 4258 videtur
2594 4203 2786 4273 injuria
2815 4205 2914 4260 iste
2933 4205 3172 4264 damnari
3196 4229 3209 4265 :
3235 4217 3384 4284 quod
3475 4233 3477 4235 ί

1797 4293 2013 4366 quidem
2038 4308 2146 4350 non
2173 4292 2425 4348 auderem
2453 4293 2652 4362 dicere,
2693 4295 2737 4349 si
2761 4295 2903 4350 aliud
2949 4296 3200 4355 haberem
3228 4305 3383 4371 quod

1795 4385 2052 4443 dicerem.
2079 4384 2146 4440 A.
2179 4384 2326 4440 ltane
2352 4384 2500 4454 prius
2527 4384 2620 4439 tibi
2648 4385 2955 4455 persuasisti
2981 4395 3184 4444 tantum
3202 4392 3383 4450 scelus

1796 4477 2115 4550 impunitum
2154 4490 2274 4533 esse
2303 4485 2571 4547 oportere,
2603 4492 2762 4549 quam
2788 4477 3158 4536 considerares
3196 4492 3377 4540 utrum

1797 4569 1889 4625 ille
1909 4584 2095 4626 servus
2122 4576 2341 4640 pr0pter
2382 4567 2653 4624 satiandas
2682 4568 2926 4625 libidines
2951 4587 3074 4628 suas
3103 4583 3248 4630 metu
3273 4575 3377 4634 do-
3407 4619 3414 4627 .

1796 4662 1930 4718 mini
1954 4677 2139 4718 carere
2165 4660 2468 4732 cupiverit?
2496 4660 2703 4732 Cupere
2731 4676 2959 4733 namque
2979 4663 3094 4721 sine
3118 4676 3262 4723 metu
3290 4670 3377 4726 vi-

1799 4767 1947 4822 vere,
2001 4769 2109 4810 non
2163 4761 2367 4809 tantum
2413 4751 2709 4822 honorum,
2755 4751 2850 4809 sed
2900 4755 3059 4811 etiam
3112 4759 3378 4819 malorum

1799 4846 2035 4903 omnium
2066 4852 2182 4902 est:
2215 4859 2402 4902 verum
2432 4841 2536 4900 hoc
2579 4845 2820 4913 interest,
2866 4847 3008 4916 quod
3033 4846 3088 4903 id
3115 4849 3241 4906 boni
3279 4866 3379 4924 ap-

1799 4944 1989 5010 petunt
2011 4934 2300 4992 avertendo
2315 4949 2552 4991 amorem
2574 4935 2642 4989 ab
2663 4935 2726 4991 iis
2744 4935 2924 5002 rebus,
2947 4953 3067 5008 quae
3089 4940 3206 4996 sine
3225 4942 3381 4998 amit-

1799 5028 1946 5086 tendi
1995 5026 2232 5098 periculo
2281 5034 2550 5096 nequeunt
2578 5025 2792 5090 haberi;
2820 5026 2948 5081 mali
2991 5038 3170 5083 autem
3209 5039 3268 5084 ut
3294 5031 3383 5086 his

1799 5119 2038 5179 fruendis
2077 5135 2200 5175 cum
2228 5119 2513 5176 securitate
2555 5118 2824 5187 incubent,
2857 5135 3132 5178 removere
3159 5123 3380 5193 impedi-

1807 5224 1990 5274 menta
2016 5223 2301 5284 conantur,
2333 5223 2388 5271 et
2425 5223 2708 5286 propterea
2751 5214 3100 5271 facinorosam
3149 5215 3380 5272 scelera-

1863 5396 1880 5428 ι
1905 5402 1954 5445 tn
1970 5390 2677 5458 priusgeditishinterlocutores
2717 5386 3380 5458 persaepeinterserebantur

1796 5471 1926 5509 unus
1945 5448 2033 5520 p'ro
2053 5456 2166 5517 alio,
2177 5462 2230 5505 et
2251 5453 2367 5504 alibi
2388 5465 2533 5520 quam
2548 5448 2822 5514 Oportei-et;
2835 5448 2892 5501 ut'
2909 5448 3120 5520 hicloci,
3137 5451 3222 5499 ubi
3235 5453 3381 5501 omit.

1797 5516 2013 5580 tebatur,
2034 5526 2088 5568 ε.
2113 5530 2169 5569 ac
2205 5524 2372 5580 postea
2395 5516 2698 5580 ponebatur,
2719 5523 2775 5580 ιςἶ
2801 5516 3155 5580 assentior..."
3198 5524 3265 5580 Α.⁵
3293 5520 3378 5561 Ife-

1997 5574 2156 5643 itaque
2175 5574 2222 5643 ;Α’
2237 5591 2383 5641 quem
2395 5574 2624 5643 errorem
2651 5574 2813 5643 .Sieubi
2851 5575 3131 5643 juvantibus
3170 5574 3383 5636 antiquis

1797 5637 2045 5694 codicibus
2077 5637 2420 5703 "corrigemus,
2466 5637 2592 5703 haud
2617 5637 2804 5698 pigebit
2847 5637 3377 5703 suis‘__locis_monere.

1797 5706 2098 5766 nemovimus
2118 5697 2260 5766 porr'o
2302 5697 2789 5766 particulamtaiizen”,
2817 5697 3049 5766 qua:_illic
3069 5697 3221 5766 adest
3257 5699 3382 5766 apud

1796 5765 2052 5828 vulgatos,
2074 5756 2220 5830 pdtest
2260 5756 2417 5816 unum
2453 5756 2676 5809 accidere
2711 5756 2971 5822 aliquando
2997 5773 3016 5810 :
3038 5761 3180 5812 abest
3217 5765 3383 5810 autem

2593 5921 3116 6008 (Troum-neuti)
