3822 6418
436 394 578 458 ΒΞῚ

437 530 657 589 tamque
683 512 870 577 vitam,
895 519 1012 581 qua:
1033 516 1179 558 mors
1224 499 1416 555 melius
1442 504 1682 560 vocatur,
1712 499 1922 565 gerunt.
1951 485 2020 540 E.

439 612 738 685 Resipisco,
771 613 822 661 et
845 597 1132 656 admodum
1157 592 1365 668 gaudeo
1384 592 1493 663 jam
1522 589 1788 685 m‘e‘plane
1825 597 2025 685 cogno-

438 675 592 767 visae
611 701 739 779 quid
765 699 835 755 sit
857 695 1017 754 etiam
1045 690 1134 746 illa
1159 685 1440 758 culpabilis
1467 681 1747 755 cupiditas,
1781 675 2028 750 quzelibi-

441 803 513 860 do
541 803 864 856 nominatur.
904 803 1073 856 uuam
1099 803 1221 840 esse
1245 803 1352 854 jam
1376 803 1596 852 apparet
1633 803 1798 832 curuu

441 905 703 958 amorem,
726 899 856 959 quas
878 886 1053 954 potest
1071 873 1294 949 quisque
1320 873 1517 928 invitus
1535 870 1798 928 amittere.

449 1025 680 1087 CAPUT
717 1023 786 1078 V.
809 1049 881 1063 --
907 1016 1133 1089 Objectio
1149 1014 1311 1068 altera
1330 1011 1392 1067 de
1414 1009 1661 1066 occisione
1688 1006 1907 1064 hominis
1931 1007 2033 1061 vim

733 1112 994 1182 utramuis
1019 1125 1108 1180 per
1141 1110 1390 1163 humanas
1416 1106 1548 1176 leges

515 1234 606 1291 11.
633 1230 810 1298 Quare
853 1238 1014 1288 nunc,
1045 1235 1164 1292 age,
1209 1233 1531 1290 quaramus,
1561 1219 1606 1272 si
1631 1219 1820 1289 placet,
1856 1225 2034 1274 utrum

449 1328 609 1387 etiam
649 1323 704 1378 in
736 1316 1033 1388 sacrilegiis
1069 1313 1235 1368 libido
1270 1311 1596 1375 dominetur,
1628 1325 1749 1380 quae
1790 1309 2035 1366 videmus

444 1423 599 1494 plura
644 1411 1025 1487 superstitione
1067 1405 1350 1462 committi.
1380 1403 1444 1457 Α.
1484 1401 1616 1458 Vide
1643 1418 1711 1457 ne
1731 1413 2036 1473 pransi-ope-

445 1529 566 1573 rum
587 1511 692 1568 sit:
722 1507 870 1579 prius
893 1506 1033 1559 enim
1058 1498 1188 1555 mihi
1215 1496 1606 1553 discutiendum
1631 1495 1842 1551 videtur
1859 1506 2038 1550 utrum

447 1607 536 1665 vel
567 1593 737 1660 hostis
778 1599 1017 1660 irruens,
1059 1592 1142 1647 vel
1187 1589 1465 1646 insidiator
1502 1588 1759 1652 sicarius,
1790 1586 1901 1643 sive
1941 1601 2040 1654 pro

447 1700 578 1764 vita,
607 1695 723 1751 sive
747 1703 846 1762 pro
887 1689 1150 1750 libertate,
1197 1684 1310 1739 sive
1344 1698 1442 1754 pro
1491 1681 1760 1752 pudicitia,
1793 1681 1908 1736 sine
1935 1680 2040 1735 ulla

449 1786 799 1848 interficiatur
847 1778 1087 1835 libidine.
1114 1775 1180 1830 E.
1211 1773 1495 1842 Quomodo
1541 1787 1760 1843 possum
1792 1769 2040 1827 arbitrari

451 1895 639 1940 carere
667 1879 800 1932 istos
824 1871 1064 1936 libidine,
1095 1869 1187 1940 qui
1229 1881 1326 1938 pro
1358 1866 1424 1921 iis
1462 1867 1624 1922 rebus
1661 1863 2036 1936 digladiantur,

450 1987 586 2047 quas
632 1975 856 2042 possunt
907 1963 1153 2019 amittere
1206 1960 1517 2015 inviti:aut
1554 1959 1602 2014 si
1641 1973 1750 2014 non
1796 1967 2036 2028 possunt,

451 2066 578 2140 quid
611 2077 744 2134 opus
773 2066 854 2115 est
885 2072 984 2128 pro
1013 2054 1097 2109 his
1121 2067 1292 2123 usque
1317 2051 1385 2107 ad
1415 2051 1646 2106 hominis
1680 2065 1866 2106 necem
1911 2065 2041 2120 pro-

450 2156 636 2232 gredi?
659 2153 706 2210 A
730 2153 768 2206 ί.
800 2150 917 2207 Non
952 2163 1077 2219 ergo
1105 2147 1189 2202 lex
1213 2146 1356 2218 iusta
1381 2155 1484 2213 est,
1529 2159 1648 2217 quae
1674 2145 1764 2200 dat
1805 2152 2042 2215 potesta-

453 2261 560 2306 tem
583 2246 666 2302 vel
695 2242 884 2299 viatori
902 2249 959 2296 ut
986 2239 1273 2307 latronem,
1312 2254 1382 2295 ne
1415 2236 1484 2294 ab
1513 2251 1578 2292 eo
1605 2238 1718 2307 ipse
1747 2236 2040 2303 occidatur,

451 2337 693 2402 occidat;
731 2335 816 2390 vel
844 2333 1074 2402 cuipiam
1107 2333 1221 2387 viro
1248 2341 1337 2386 aut
1366 2329 1576 2386 femina:
1591 2339 1652 2384 ut
1675 2330 1939 2386 violenter
1967 2329 2040 2384 si-

449 2435 504 2489 bi
548 2437 907 2501 stupratorem
957 2425 1254 2482 irruentem
1291 2433 1416 2479 ante
1445 2424 1654 2478 illatum
1685 2433 1954 2493 stuprum,
1998 2422 2044 2477 si

449 2525 654 2598 possit,
697 2520 984 2575 interimat.
1016 2516 1152 2574 Nam
1181 2516 1334 2571 militi
1377 2518 1535 2571 etiam
1561 2515 1777 2585 jubetur
1813 2515 1928 2586 lege
1949 2559 1963 2583 ,
1988 2523 2048 2571 ut

450 2615 662 2672 hostem
692 2619 849 2665 necet
882 2626 894 2660 :
918 2623 950 2662 a
987 2623 1095 2681 qua
1118 2607 1264 2662 czede
1289 2606 1331 2660 si
1363 2605 1759 2676 temperaverit,
1788 2605 1856 2660 ab
1877 2607 2046 2676 impe-

450 2717 630 2764 ratore
659 2717 843 2776 ptenas
869 2703 988 2760 luit.
1016 2703 1298 2758 Numistas
1321 2701 1464 2771 leges
1495 2699 1738 2769 injustas,
1757 2700 1838 2754 vel
1870 2700 2046 2770 potius

455 2798 630 2854 nullas
644 2795 822 2851 dicere
845 2792 1204 2851 audebimus?
1227 2791 1359 2846 Nam
1389 2791 1520 2845 mihi
1551 2789 1634 2845 lex
1661 2804 1783 2845 esse
1817 2805 1925 2845 non
1959 2793 2043 2846 vi-

451 2891 628 2954 detur,
653 2903 773 2959 qua
796 2887 938 2958 inata
968 2903 1076 2944 non
1103 2885 1284 2942 fuerit.

523 2981 612 3046 12.
662 2979 729 3034 Ε.
767 2979 965 3054 Legem
1011 2979 1226 3052 quidem
1256 2977 1386 3033 satis
1423 2977 1578 3032 video
1625 2991 1745 3034 esse
1781 2978 2046 3034 munitam

453 3086 636 3146 contra
662 3073 1029 3146 huiuscemodi
1073 3072 1498 3137 accusationem,
1527 3085 1647 3140 qua:
1677 3069 1731 3124 in
1757 3085 1822 3126 eo
1848 3071 2045 3141 populo

449 3194 609 3253 quem
639 3171 794 3248 regit,
826 3166 1120 3224 minoribus
1149 3163 1441 3219 malefactis
1466 3177 1533 3218 ne
1562 3162 1765 3232 majora
1795 3161 2046 3218 commit-

451 3278 712 3332 terentur,
744 3259 892 3320 dedit
909 3254 1196 3313 licentiam.
1224 3253 1390 3309 Multo
1419 3261 1501 3308 est
1540 3253 1682 3308 enim
1713 3253 1897 3308 mitius
1923 3269 2044 3308 eum

453 3363 544 3434 qui
568 3360 756 3414 alienae
777 3356 904 3409 vita:
929 3348 1228 3410 insidiatur,
1271 3359 1430 3414 quam
1461 3360 1583 3400 eum
1621 3345 1709 3415 qui
1739 3359 1891 3401 suam
1923 3354 2043 3402 tuc-

453 3462 562 3518 tur,
595 3447 785 3505 occidi.
817 3445 888 3499 Et
911 3441 1082 3497 multo
1107 3448 1191 3493 est
1216 3437 1500 3492 immanius
1525 3438 1745 3492 invitum
1769 3437 2043 3496 hominem

453 3553 697 3612 stuprum
735 3533 966 3609 perpeti,
1008 3545 1167 3601 quam
1199 3543 1320 3585 eum
1359 3543 1389 3583 a
1415 3543 1523 3599 quo
1547 3530 1630 3584 vis
1674 3530 1760 3585 illa
1791 3531 2043 3600 infertur,

454 3634 526 3690 ab
552 3647 618 3690 eo
642 3631 728 3686 cui
747 3628 944 3683 inferre
964 3629 1206 3687 conatur,
1239 3620 1495 3676 interimi.
1517 3621 1631 3676 Jam
1661 3639 1785 3677 vero
1814 3625 1967 3680 miles
1992 3627 2046 3680 in

451 3725 610 3781 hoste
631 3715 1004 3778 interficiendo
1034 3714 1281 3770 minister
1309 3722 1392 3770 est
1422 3714 1589 3785 legis;
1623 3729 1787 3785 quare
1809 3715 2044 3771 officium

452 3831 610 3874 suum
637 3812 792 3869 facile
835 3809 981 3867 nulla
1007 3805 1226 3864 libidine
1262 3805 1521 3878 implevit.
1551 3807 1719 3862 Porro
1758 3810 1870 3876 ipsa
1922 3809 2005 3862 lex
2027 3850 2043 3876 ,

451 3926 573 3984 quae
600 3906 781 3964 tuendi
801 3903 981 3978 populi
1007 3911 1170 3959 causa
1193 3899 1299 3955 lata
1330 3908 1432 3968 est,
1460 3899 1658 3956 nullius
1693 3900 1929 3956 libidinis
1955 3917 2048 3956 ar-

451 4003 542 4076 gui
569 4005 765 4074 potest.
795 3993 1070 4067 Siquidem
1103 3993 1191 4049 ille
1221 3992 1309 4064 qui
1337 3991 1477 4059 tulit,
1511 3993 1556 4048 si
1589 3992 1684 4049 Dei
1713 3992 1866 4064 jussu
1903 3994 2044 4060 tulit,

454 4095 511 4152 id
538 4101 624 4150 est
647 4090 789 4164 quod
817 4088 1066 4159 praecepit
1101 4085 1546 4156 teternajustitia,
1587 4100 1781 4156 expers
1826 4087 2048 4143 omnino

450 4183 688 4243 libidinis
735 4179 787 4236 id
833 4194 990 4252 agere
1019 4178 1191 4249 potuit
1219 4193 1234 4230 :
1261 4175 1306 4231 si
1335 4182 1512 4231 autem
1561 4175 1651 4231 ille
1701 4191 1819 4231 cum
1866 4178 2047 4248 aliqua

453 4276 676 4335 libidine
704 4272 807 4329 hoc
845 4271 1049 4338 statuit,
1079 4284 1185 4325 non
1213 4283 1280 4325 ex
1301 4282 1367 4324 eo
1392 4267 1451 4323 fit
1478 4276 1538 4323 ut
1571 4268 1620 4324 ei
1651 4268 1895 4342 logicum
1926 4269 2048 4326 libi-

454 4367 968 4434 dineobtempcrare
997 4374 1215 4416 necesse
1240 4359 1338 4425 sit;
1370 4359 1492 4431 quia
1520 4359 1660 4416 bona
1702 4360 1787 4416 lex
1810 4369 1864 4415 et
1887 4375 1916 4416 a
1940 4375 2046 4418 non

458 4464 601 4520 bono
618 4459 746 4517 ferri
771 4464 966 4528 potest.
1011 4451 1124 4510 Non
1152 4453 1296 4509 enim
1327 4453 1371 4509 si
1401 4453 1542 4523 quis,
1568 4451 1718 4508 verbi
1748 4467 1926 4520 causa,
1959 4451 2053 4527 ty;

459 4555 732 4610 rannicam
759 4557 1078 4622 potestatem
1107 4553 1320 4612 nactus,
1364 4545 1433 4601 ab
1476 4547 1653 4618 aliquo
1678 4547 1762 4601 cui
1791 4546 1891 4603 hoc
1911 4562 2044 4602 con-

459 4645 625 4711 ducit,
655 4642 884 4716 pretium
917 4641 1160 4712 accipiat,
1183 4645 1242 4695 ut
1270 4645 1472 4696 statuat
1498 4637 1630 4695 nulli
1662 4639 1826 4697 licere
1868 4641 1952 4697 vel
1977 4641 2046 4698 ad

461 4736 766 4807 conjugium
793 4734 1046 4790 feminam
1077 4748 1286 4805 rapere,
1311 4740 1598 4805 propterea
1634 4737 1770 4789 mala
1801 4736 1888 4792 lex
1920 4735 2042 4804 erit,

458 4828 580 4900 quia
611 4827 700 4882 ille
750 4826 976 4898 injustus
1019 4837 1178 4899 atque
1206 4837 1488 4901 corruptus
1523 4827 1660 4886 hanc
1694 4829 1831 4885 tulit.
1864 4830 2047 4889 Potest

458 4931 586 4992 ergo
631 4917 704 4974 illi
745 4918 849 4988 legi
887 4935 1004 4988 quae
1056 4919 1371 4976 tuendorum
1401 4921 1596 4977 civium
1620 4937 1779 4978 causa
1807 4923 1916 4979 vim
1946 4923 2045 4981 ho-

461 5011 636 5068 stilem
667 5007 855 5066 eadem
879 5011 932 5063 vi
955 5011 1142 5080 repelli
1169 5011 1339 5082 jubet,
1372 5011 1488 5068 sine
1514 5011 1737 5070 libidine
1765 5015 2043 5090 obtempe-

454 5105 564 5161 rari
601 5124 611 5158 :
644 5102 788 5160 etde
817 5101 1062 5156 omnibus
1092 5104 1371 5175 ministris,
1409 5106 1500 5178 qui
1521 5107 1642 5180 jure
1670 5119 1829 5184 atque
1855 5113 2045 5173 ordine

457 5196 814 5270 potestatibus
855 5195 1152 5267 quibusque
1193 5198 1416 5269 subjecti
1449 5212 1593 5270 sunt,
1628 5203 1681 5260 id
1709 5207 1810 5261 dici
1843 5218 2040 5279 potest.

459 5289 564 5348 Sed
619 5289 696 5346 illi
729 5287 974 5346 homines
1015 5287 1133 5358 lege
1177 5287 1462 5359 inculpata,
1495 5293 1761 5364 quomodo
1789 5298 2043 5372 inculpati

459 5393 655 5455 queant
675 5395 815 5449 esse,
847 5395 955 5436 non
980 5379 1168 5436 video:
1193 5395 1297 5436 non
1325 5383 1465 5438 enim
1493 5386 1579 5441 lex
1611 5403 1705 5445 eos
1734 5391 1874 5464 cogit
1900 5395 2041 5452 occi-

456 5473 607 5541 dere,
647 5473 744 5531 sed
769 5472 1023 5544 relinquit
1047 5472 1100 5529 in
1129 5482 1415 5544 potestate.
1453 5475 1705 5536 Liberum
1741 5483 1820 5537 eis
1863 5483 2042 5556 itaque

457 5574 541 5621 est
569 5566 834 5622 neminem
873 5581 1067 5623 necare
1096 5581 1193 5639 pro
1218 5567 1282 5623 iis
1309 5567 1465 5625 rebus
1490 5587 1622 5642 quas
1645 5574 1795 5632 inviti
1819 5589 2042 5648 possunt

701 5725 1167 5806 5119999“!
1279 5736 1333 5781 οι
1355 5730 1475 5783 intra
1497 5746 1755 5806 revomet.
1782 5749 1834 5806 Α-
1875 5751 2042 5806 nam

1105 5791 1264 5843 ενοάίί
1286 5807 1418 5856 οδω»
1442 5785 1570 5848 ’
1593 5785 2040 5871 οἷὲἆξ

453 5852 556 5901 tum
577 5852 680 5898 Mss.
700 5852 989 5900 renuntiant.

1422 378 1512 434 DE
1552 374 1801 433 ΗΒΕΗο
1839 365 2185 438 ARBITRIO,
2226 369 2284 424 S.
2323 369 2688 428 AUGUSTIN!

3571 373 3771 439 1228i

2143 483 2418 553 amittere,
2449 495 2502 540 et
2530 488 2598 544 ob
2618 487 2718 542 hoc
2738 499 2919 544 amare
2949 499 3054 541 non
3080 485 3297 546 debent.
3335 486 3414 544 De
3436 485 3541 542 vita
3569 489 3703 544 enim

2134 576 2359 634 fortasse
2385 578 2613 648 cuipiam
2653 577 2724 635 sit
2749 577 2988 644 dubium,
3019 587 3197 635 utrum
3221 578 3417 640 anima:
3454 577 3593 636 nullo
3621 595 3705 653 pa-

2134 684 2221 730 cto
2248 686 2277 726 a
2295 673 2549 740 uferatur,
2579 673 2702 729 dum
2730 672 2832 730 hoc
2850 687 3044 746 corpus
3061 673 3418 734 interimitur:
3441 673 3535 730 sed
3551 672 3594 730 si
3621 689 3705 730 au-

578 763 864 855 ominatur.
904 787 1073 856 Quam
1099 797 1221 840 esse
1245 782 1352 854 jam
1376 783 1596 852 apparet
1633 789 1816 832 earum
1846 787 2028 828 rerum
2134 768 2261 826 ferri
2304 775 2494 840 potest,
2527 763 2916 822 contemnenda
2956 775 3074 833 est;
3107 767 3152 820 si
3205 781 3313 825 non
3357 775 3554 842 potest,
3588 766 3705 824 nihil

2137 861 2504 920 metuendum.
2539 860 2618 915 De
2646 859 2892 931 pudicitia
2918 873 3046 915 vero
3071 859 3192 930 quis
3227 858 3564 926 dubitaverit,
3591 861 3706 934 quin

2137 969 2200 1010 ea
2229 954 2296 1009 sit
2324 954 2378 1008 in
2403 953 2518 1024 ipso
2547 951 2729 1009 animo
2759 951 3067 1017 constituta,
3097 949 3528 1023 quandoquidem
3553 950 3707 1007 virtus

2139 1046 2266 1102 est?
2296 1044 2437 1100 unde
2467 1061 2498 1100 a
2524 1045 2757 1100 violento
2784 1053 3086 1116 stupratore
3110 1044 3245 1116 eripi
3267 1059 3367 1100 nec
3392 1043 3504 1117 ipsa
3527 1052 3704 1115 potest.

2139 1135 2407 1206 Quidquid
2461 1136 2623 1208 igitur
2669 1145 2948 1210 erepturus
2977 1145 3094 1192 erat
3122 1136 3212 1192 ille
3240 1135 3331 1210 qui
3376 1135 3640 1206 occiditur,
3660 1139 3706 1194 id

2142 1235 2311 1284 totum
2363 1229 2416 1282 in
2467 1235 2731 1298 potestate
2761 1238 2942 1284 nostra
2973 1245 3079 1284 non
3105 1237 3187 1285 est
3217 1247 3231 1284 :
3261 1243 3429 1301 quare
3472 1231 3704 1301 quemad-

2144 1319 2359 1374 modum
2389 1329 2627 1374 nostrum
2650 1319 3025 1391 appellandum
3054 1320 3145 1387 sit,
3170 1336 3277 1376 non
3305 1321 3554 1393 intelligo.
3575 1322 3706 1392 Qua-

2144 1421 2364 1484 propter
2417 1411 2588 1484 lcgem
2632 1411 2848 1484 quidem
2895 1429 3003 1472 non
3042 1411 3407 1486 reprehendo,
3440 1429 3548 1485 quae
3591 1414 3708 1470 tales

2146 1505 2404 1576 permittit
2425 1505 2679 1571 interfici;
2714 1505 2807 1562 sed
2836 1520 2942 1578 quo
2983 1515 3136 1578 pacto
3178 1505 3314 1562 istos
3339 1504 3605 1562 defendam
3625 1507 3708 1578 qui

2146 1600 2486 1667 interficiunt,
2510 1614 2614 1656 non
2646 1599 2878 1656 invenio.

2218 1693 2302 1748 l5.
2345 1691 2408 1747 Α.
2451 1693 2614 1747 ΜυΙιο
2662 1692 2839 1748 minus
2884 1694 2899 1724 ί
2937 1708 3039 1764 ego
3081 1693 3324 1749 invenire
3365 1708 3590 1766 possum,
3625 1710 3710 1750 cur

2147 1783 2450 1839 hominibus
2491 1781 2854 1840 defensionem
2885 1800 3114 1856 quaeras,
3143 1801 3280 1856 quos
3321 1801 3443 1842 reos
3481 1785 3609 1840 nulla
3636 1786 3712 1841 lex

2147 1885 2312 1932 tenet.
2355 1875 2421 1931 E.
2461 1875 2612 1931 Nulla
2643 1875 2886 1941 fortasse,
2917 1876 3009 1932 sed
3035 1892 3215 1932 earum
3240 1878 3416 1949 legum
3439 1893 3549 1950 quae
3570 1892 3715 1950 appa-

2147 1977 2285 2034 rent,
2310 1969 2449 2024 etab
2473 1968 2772 2024 hominibus
2794 1970 3038 2042 leguntur
3062 1988 3072 2024 :
3098 1985 3218 2024 nam
3237 1969 3419 2025 nescio
3435 1979 3599 2026 utrum
3617 1985 3711 2026 uon

2147 2061 2323 2134 aliqua
2353 2061 2750 2118 vehementiore
2782 2077 2846 2118 ac
2887 2063 3241 2118 secretissima
3283 2061 3397 2133 lege
3423 2072 3676 2120 teneantur
3697 2105 3711 2130 ,

2149 2157 2194 2211 si
2217 2155 2348 2211 nihil
2377 2171 2554 2211 rerum
2582 2165 2664 2211 cst
2689 2155 2830 2227 quod
2861 2171 2966 2210 non
2995 2155 3332 2212 administret
3360 2155 3530 2214 divina
3557 2158 3713 2229 provi-

2149 2247 2350 2303 dentia.
2391 2247 2668 2316 Quomodo
2707 2249 2850 2304 enim
2893 2247 3033 2319 apud
3079 2264 3197 2304 eam
3247 2257 3370 2304 sunt
3398 2249 3481 2306 isti
3518 2259 3714 2321 peccato

2148 2340 2321 2408 liberi,
2364 2343 2452 2414 qui
2497 2357 2594 2414 pro
2634 2342 2696 2398 iis
2725 2341 2885 2399 rebus
2920 2358 3054 2414 quas
3080 2345 3348 2399 contemni
3375 2352 3590 2414 oportet,
3630 2343 3714 2398 hu-

2152 2452 2308 2492 mana
2333 2436 2481 2494 Cilide
2520 2437 2703 2508 polluti
2727 2437 2891 2492 sunt?
2923 2435 3144 2493 Videtur
3181 2452 3306 2508 ergo
3329 2436 3455 2494 mihi
3482 2446 3533 2494 et
3559 2435 3715 2509 legem

2153 2531 2328 2597 iSIain,
2357 2546 2477 2601 quzc
2506 2531 2700 2601 populo
2740 2529 2973 2602 regendo
3015 2529 3281 2590 scribitur.
3317 2537 3457 2586 recte
3481 2529 3576 2584 ista
3597 2543 3714 2599 per-

2152 2624 2387 2690 mittere,
2415 2632 2468 2679 ct
2494 2623 2725 2679 divinam
2752 2622 3138 2694 providentiam
3169 2619 3442 2677 vindicare.
3479 2619 3711 2676 Eaenim

2152 2716 2465 2774 vindicanda
2491 2717 2590 2773 sibi
2619 2717 2733 2772 huic
2759 2715 2845 2772 lex
2872 2716 3052 2788 populi
3073 2715 3318 2783 assumit,
3342 2729 3454 2786 quae
3469 2717 3591 2772 satis
3611 2716 3714 2770 sint

2151 2811 2499 2868 concilianda:
2537 2812 2654 2882 paci
2682 2811 2986 2868 hominibus
3011 2809 3294 2881 imperitis,
3319 2819 3372 2866 et
3395 2819 3578 2882 quanta
3601 2824 3706 2880 pos-

2153 2914 2277 2960 sunt
2307 2920 2401 2975 per
2426 2903 2696 2959 hominem
2723 2905 2855 2976 regi.
2899 2903 3006 2958 Illa:
3046 2919 3171 2959 vero
3195 2903 3370 2974 culpa:
3403 2902 3530 2959 alias
3551 2917 3712 2973 poenas

2153 3007 2302 3068 aptas
2332 2997 2548 3064 habent,
2578 3014 2610 3053 a
2647 2997 2838 3068 quibus
2863 2997 2978 3053 sola
3013 2996 3142 3052 mihi
3170 2996 3381 3054 videtur
3419 3011 3569 3067 posse
3597 2995 3712 3051 libe-

2152 3108 2274 3149 rare
2315 3093 2592 3164 sapientia.
2632 3093 2698 3145 Α.
2739 3091 2922 3148 Laudo
2959 3100 3016 3148 et
3061 3091 3231 3162 probo
3271 3093 3460 3158 istam,
3499 3090 3712 3162 quateris

2153 3184 2456 3240 inchoatam
2500 3184 2786 3254 minusque
2834 3184 3145 3254 perfectam,
3187 3192 3366 3242 tamen
3394 3183 3632 3244 ﬁdentem
3667 3191 3714 3238 et

2152 3277 2397 3333 sublimia
2427 3277 2673 3348 quaedam
2717 3285 2984 3348 petentem
3026 3276 3425 3334 distinctiones:
3457 3286 3609 3332 tuam.
3640 3273 3714 3330 Vi-

2152 3369 2308 3427 detur
2351 3372 2494 3427 euim
2538 3370 2635 3426 tibi
2683 3371 2764 3426 lex
2811 3371 2944 3436 ista,
2989 3387 3110 3442 qua:
3152 3371 3402 3442 regendis
3443 3370 3714 3434 civitatibus

2154 3461 2341 3530 fertur,
2371 3463 2539 3518 multa
2567 3463 2867 3520 concedere
2912 3474 3073 3534 atque
3101 3466 3360 3535 impunita
3397 3466 3712 3536 rdinum.

2153 3572 2271 3627 quae
2301 3570 2399 3626 per
2425 3556 2659 3613 divinam
2689 3565 2860 3614 tamen
2889 3558 3278 3628 providentiam
3308 3559 3713 3622 vindicarimus!

2153 3658 2318 3704 recte.
2358 3648 2540 3722 Neque
2567 3651 2710 3706 enim
2757 3652 2879 3721 quia
2907 3665 3017 3710 non
3051 3654 3233 3709 omnia
3272 3653 3418 3722 facit,
3459 3652 3573 3710 ideo
3610 3665 3713 3721 quae

2152 3737 2277 3795 facit
2307 3741 2654 3811 improbanda
2681 3753 2825 3798 sunt.

2152 3873 2379 3931 CAPUT
2424 3874 2509 3931 Vl.
2547 3906 2617 3917 —
2653 3875 2762 3932 Lex
2806 3888 2993 3933 eterna
3033 3880 3347 3937 moderatrix
3386 3882 3708 3934 humanarum.

2673 3969 2906 4028 ίΕιει-ηιε
2931 3973 3054 4044 legis
3082 3974 3243 4028 notio.

2226 4083 2314 4138 M.
2353 4082 2456 4139 Sed
2478 4083 2819 4154 dispiciamus
2838 4085 3141 4158 diligenter,
3170 4087 3214 4142 si
3241 4088 3425 4160 placet,
3441 4100 3537 4158 quo
3551 4098 3703 4154 usque

2153 4187 2249 4244 per
2279 4174 2448 4246 legem
2472 4175 2624 4230 istam
2653 4192 2770 4248 quzc
2793 4177 3015 4248 populos
3039 4178 3095 4236 in
3121 4177 3221 4235 hac
3245 4179 3347 4236 vita
3372 4175 3589 4243 cohibet,
3603 4189 3707 4232 uia-

2152 4267 2340 4342 lefacta
2371 4268 2672 4324 ulciscenda
2713 4269 2819 4326 sint
2848 4288 2859 4324 :
2887 4268 3080 4328 deinde
3115 4272 3246 4342 quid
3263 4279 3450 4341 restet,
3473 4268 3603 4342 quod
3630 4283 3708 4338 per

2152 4359 2385 4415 divinam
2411 4360 2797 4432 providentiam
2826 4361 3186 4420 inevitabilius
3214 4373 3523 4434 secretoque
3550 4361 3708 4432 punia-

2155 4460 2257 4506 tur.
2304 4451 2366 4506 Ε.
2407 4452 2598 4524 Cupio,
2631 4454 2674 4508 si
2700 4453 2858 4508 modo
2888 4455 3153 4524 perveniri
3183 4455 3353 4526 possit
3377 4455 3442 4509 ad
3479 4463 3622 4508 tanta:
3647 4452 3710 4506 rei

2155 4546 2410 4606 terminos
2438 4563 2453 4599 :
2483 4561 2606 4602 nam
2646 4547 2748 4602 hoc
2769 4561 2875 4617 ego
2903 4545 3168 4606 infinitum
3211 4559 3365 4618 puto.
3401 4549 3467 4604 Δ.
3501 4545 3604 4604 [tuo
3621 4546 3710 4600 ad-

2153 4648 2270 4695 esto
2295 4641 2496 4708 animo,
2539 4651 2593 4697 et
2619 4641 2845 4697 rationis
2867 4641 2980 4696 vias
3007 4642 3205 4710 pietate
3243 4642 3413 4700 frenis
3441 4638 3707 4711 ingredere.

2152 4731 2293 4788 Nihil
2317 4741 2399 4788 est
2426 4733 2570 4788 enim
2611 4742 2716 4788 tam
2746 4733 2969 4789 arduum
2997 4741 3157 4806 atque
3186 4733 3422 4802 difficile,
3455 4731 3586 4803 quod
3621 4745 3710 4786 non

2151 4826 2260 4882 Deo
2316 4825 2598 4898 adjuvante
2649 4826 3016 4899 planissimum
3070 4837 3232 4900 atque
3282 4825 3710 4901 expeditissimum

2149 4921 2262 4977 ﬁat.
2304 4919 2360 4976 In
2399 4920 2570 4990 ipsum
2614 4921 2788 4991 itaque
2814 4921 3058 4990 suspensi
3086 4929 3245 4992 atque
3277 4921 3346 4978 ab
3383 4937 3450 4978 eo
3483 4917 3711 4976 auxilium

2149 5011 2516 5084 deprecantes,
2556 5011 2698 5083 quod
2736 5013 3080 5080 instituimus,
3111 5028 3437 5084 qumramus.
3480 5012 3544 5068 Et
3583 5009 3713 5080 prius

2148 5104 2413 5176 responde
2439 5105 2594 5173 mihi,
2617 5113 2792 5162 utrum
2822 5105 2922 5161 ista
2951 5106 3036 5162 lex
3067 5122 3185 5174 qurc
3209 5106 3405 5162 litteris
3433 5105 3711 5178 promulga.

2148 5205 2255 5268 tur,
2297 5196 2600 5255 hominibus
2625 5196 2764 5254 hanc
2789 5197 2950 5255 vitam
2979 5197 3283 5255 viventibus
3322 5197 3622 5273 opituletur.
3655 5192 3712 5247 Ε.

2147 5288 2482 5347 Manifestum
2510 5300 2592 5346 est
2625 5309 2640 5347 :
2671 5306 2794 5346 nam
2819 5307 2886 5346 ex
2911 5288 2994 5346 his
3019 5289 3326 5347 hominibus
3346 5291 3526 5361 utique
3547 5286 3712 5360 populi

2149 5382 2492 5454 civitatesque
2517 5383 2832 5440 consistunt.
2873 5383 2937 5438 Α.
2967 5381 3141 5451 Quid?
3167 5383 3270 5456 ipsi
3299 5381 3540 5440 homines
3559 5389 3710 5449 etpo-

2147 5476 2276 5548 puli,
2309 5475 2622 5548 ejusdemne
2643 5475 2854 5546 generis
2889 5489 3067 5532 rerum
3094 5484 3236 5539 sunt,
3266 5485 3325 5530 ut
3363 5473 3572 5530 intaire
3607 5485 3709 5528 mu.

2147 5573 2316 5628 tarive
2337 5585 2447 5628 non
2491 5570 2714 5643 possint,
2743 5570 3035 5643 aeternique
3073 5570 3294 5626 omnino
3333 5569 3476 5626 sint?
3499 5583 3567 5624 an
3597 5580 3710 5622 rem

2147 5661 2432 5719 mutabiles
2455 5659 2887 5733 temporibusque
2923 5658 3145 5732 subjecti
3183 5659 3345 5718 sunt?
3381 5656 3449 5714 E.
3479 5655 3732 5722 lucibile,

2210 5805 2225 5836 ι
2247 5811 2296 5854 ln
2333 5802 2567 5853 hactenus
2604 5801 2747 5852 editis
2778 5800 3010 5864 habetur,
3030 5805 3079 5864 ε.
3105 5795 3253 5850 Multo
3271 5795 3429 5864 urbm;
3451 5811 3470 5848 τ
3492 5804 3702 5864 noxque.

2147 5883 2203 5921 Α.
2226 5864 2368 5920 nulla
2388 5865 2588 5929 fortasse
2607 5878 2626 5919 :
2643 5873 2698 5919 et
2718 5864 2930 5926 ίιιίὴνε.
2955 5862 3151 5918 iidem
3173 5860 3442 5928 avom.
