3824 6296
160 498 299 583 ,ιω
334 496 489 567 atque
777 464 1208 583 obnox‘iumzhpc
1242 471 1559 583 genusaesse
1586 454 1705 583 quis

162 549 465 659 Elui
503 549 664 645 Ergo;
704 566 751 629 si
791 558 1019 642 populus
1140 555 1280 658 bene
1321 549 1625 609 moderatus
1652 554 1708 605 et

162 646 336 787 guns,
358 663 753 737 communisque
771 652 1013 716 utilitatis
1041 646 1474 723 diligentissimus
1502 648 1701 708 custos,

241 780 322 787 μμ-
356 755 713 787 “mmmam...
737 746 958 787 mium-ta
987 759 1099 787 mm
1130 740 1388 787 miratam
1417 747 1574 787 quam
1602 745 1701 787 Duo

164 740 329 845 atque
356 755 713 830 unusquisque
736 746 958 815 minoris
987 740 1388 845 remAprivatam
1417 747 1574 845 quam
1602 745 1702 834 pu:

620 820 797 907 nonne
817 847 965 903 recte
989 837 1077 897 lex
1100 832 1289 905 fertur,
1317 843 1421 900 qua
1455 825 1579 880 huic
1605 820 1705 894 ipsi

164 940 331 1039 r9”
360 928 531 1039 ποθοί-
551 952 746 1039 rem
762 928 1704 1039 .S‘i‘."."§‘?f'."§s'.}i‘if,‘i‘iiii1“

164 1014 253 1117 δ.
275 1041 421 1105 idest
445 1033 674 1111 publica,
712 1014 1238 1117 administreturifﬂ.
1270 1014 1435 1070 Recte
1462 1021 1700 1117 prorsus.

494 1122 750 1202 paulatim
787 1118 1105 1208 depravatus
1150 1108 1302 1208 idem.
1320 1103 1544 1208 populus
1588 1113 1702 1208 rem

533 1214 760 1297 publica:
795 1207 1063 1286 prreferat,
1094 1210 1251 1306 atque
1287 1195 1483 1253 haheat
1519 1190 1703 1247 venale

162 1289 456 1395 ieiunium,
496 1289 880 1384 corruptusque
909 1301 976 1355 ab
997 1297 1075 1357 eis
1103 1294 1192 1369 qui
1223 1290 1457 1349 honores
1480 1289 1700 1351 amant,

385 1379 449 1471 in?
475 1423 534 1469 se
560 1379 834 1477 ﬂagitiosis
867 1389 1346 1459 consceleratisque
1372 1379 1700 1446 committat;

163 1474 310 1573 Jac
333 1506 455 1563 item
492 1474 659 1567 recte,
688 1495 734 1551 si
774 1491 889 1565 quis
917 1498 1043 1545 tunc
1078 1479 1341 1540 exstiterit
1368 1476 1448 1531 vir
1491 1474 1662 1530 bonus
1683 1512 1700 1539 ,

254 1595 527 1672 plurimum
563 1584 754 1664 possit,
785 1583 984 1641 adimat
1018 1576 1143 1631 huic
1168 1570 1361 1647 populo
1389 1571 1705 1677 potestatem

316 1656 584 1753 honores;
611 1689 667 1737 et
707 1678 759 1736 in
788 1685 1076 1749 paucorum
1118 1667 1401 1732 bonorum,
1430 1658 1515 1716 vel
1542 1656 1703 1713 etiam

162 1784 290 1843 ruitis
310 1777 511 1851 redigat
531 1751 843 1832 arbitrium?
874 1764 939 1823 E.
969 1763 1035 1820 Et
1053 1759 1105 1818 id
1127 1767 1293 1815 recte.
1323 1753 1388 1810 A.
1416 1751 1549 1851 Cum
1575 1764 1704 1823 ergo

162 1874 382 1933 (imisue
418 1843 572 1941 leges
616 1864 686 1921 ita
721 1860 823 1920 sibi
853 1857 1130 1913 videantur
1154 1865 1274 1907 esse
1315 1843 1617 1919 contrarias,
1649 1848 1705 1894 ut

161 1983 244 2029 una
269 1977 442 2025 earum
470 1940 733 2018 honorum
762 1950 1058 2013 dandorum
1096 1944 1292 2018 populo
1319 1940 1515 1999 tribuat
1553 1944 1706 2029 pote-

160 2068 337 2125 statem,
358 2052 567 2113 auferat
585 2048 792 2115 altera;
818 2051 1007 2105 etcum
1025 2039 1125 2094 ista
1149 2033 1379 2092 secunda
1402 2031 1472 2086 ita
1486 2029 1594 2086 lata
1612 2028 1701 2090 sit,

163 2160 206 2209 ιι
225 2123 352 2207 nullo
387 2142 554 2204 modo
578 2139 753 2199 ambas
793 2136 849 2191 iu
878 2146 979 2191 una
1005 2129 1216 2186 civitate
1243 2123 1400 2181 simnl
1426 2136 1544 2177 esse
1582 2131 1706 2190 pos-

162 2244 272 2313 sint;
297 2255 421 2299 num
445 2236 686 2297 dicemus
712 2231 942 2300 aliquam
985 2238 1169 2285 earum
1209 2219 1457 2292 injustam
1481 2227 1621 2277 esse,
1652 2218 1706 2267 et

162 2302 270 2395 ferri,
297 2332 512 2391 minime
545 2320 828 2387 debuisse?
858 2318 924 2379 E.
955 2316 1111 2379 Nullo
1140 2310 1319 2371 modo.
1344 2308 1406 2363 Α.
1453 2302 1705 2378 Appelle-

162 2442 255 2486 nam
284 2437 406 2497 ergo
448 2422 609 2483 istam
644 2417 839 2492 legem,
875 2411 921 2468 si
954 2409 1150 2483 placet,
1190 2399 1557 2477 temporalem,
1588 2409 1706 2466 quae

162 2531 421 2594 quanquam
456 2515 602 2587 iusta
627 2511 717 2579 sit,
764 2501 1081 2563 commutari
1108 2508 1287 2573 tamen
1333 2510 1429 2567 per
1467 2501 1707 2561 tempora

157 2610 270 2681 iuste
285 2612 476 2685 potest.
503 2602 575 2662 E.
606 2598 971 2675 Appellemus.

212 2674 305 2761 t5:
322 2699 388 2760 Δ.
430 2695 606 2771 Quid?
633 2674 720 2750 illa
738 2692 827 2750 lex
842 2703 964 2762 quae
982 2697 1191 2747 summa
1214 2679 1353 2736 ratio
1379 2674 1703 2771 nominatur,

157 2796 227 2857 cli
263 2760 478 2867 semper
506 2760 976 2860 obtemperantium
1012 2787 1127 2845 est,
1171 2781 1227 2833 et
1251 2786 1346 2847 per
1380 2780 1538 2841 quam
1582 2760 1708 2867 mali

161 2857 396 2951 miseram:
425 2882 557 2943 boni
578 2857 785 2939 beatam
813 2877 977 2935 vitam
997 2876 1290 2934 merentur,
1316 2880 1411 2937 per
1438 2875 1595 2935 quam
1617 2857 1709 2911 de-

160 2980 288 3055 nique
305 2979 394 3036 illa
412 2990 573 3051 quam
600 2970 948 3047 temporalem
972 2960 1263 3023 vocandam
1292 2956 1543 3023 diximus,
1564 2956 1709 3007 recte

158 3044 313 3141 feriat,
330 3044 584 3141 recinens
605 3044 863 3132 mutatur,
882 3066 1128 3137 potestne
1148 3053 1374 3127 cuipiam
1397 3044 1710 3141 intelligenti

156 3178 242 3221 non
260 3134 705 3223 incommutabilis
737 3134 1038 3220 internaque
1065 3145 1270 3205 videri?
1300 3144 1380 3197 An
1411 3144 1587 3214 potest
1613 3134 1711 3191 ali-

152 3254 331 3331 quando
368 3254 618 3327 iniustum
634 3263 756 3310 esse
779 3254 837 3305 ut
859 3244 982 3305 mali
997 3240 1200 3310 miseri,
1228 3237 1355 3296 boni
1373 3243 1549 3291 autem
1569 3229 1709 3287 beati

154 3323 261 3415 sint;
284 3352 381 3405 aut
399 3323 455 3402 ut
480 3340 752 3400 modestus
774 3344 831 3393 et
860 3335 1034 3409 gravis
1067 3330 1294 3407 pupulas
1323 3327 1438 3400 ipse
1465 3323 1568 3380 sibi
1592 3336 1707 3375 ma-

155 3413 377 3506 gistratus
394 3442 557 3499 creet,
582 3429 869 3488 dissolutus
895 3438 1025 3482 vero
1052 3433 1105 3479 et
1125 3435 1351 3495 nequam
1376 3417 1479 3473 ista
1500 3413 1709 3470 licentia

157 3527 342 3585 careat!
368 3526 434 3584 E.
465 3522 634 3583 Video
656 3520 793 3581 hanc
813 3526 1066 3575 aeternam
1095 3528 1215 3571 esse
1237 3521 1394 3582 atque
1413 3507 1712 3566 incommu-

157 3618 344 3677 tabilem
373 3617 567 3689 legem.
591 3611 653 3671 Α.
702 3609 871 3679 Simul
900 3608 1059 3665 etiam
1088 3614 1140 3661 te
1174 3602 1355 3659 videre
1383 3599 1613 3659 arbitror
1652 3596 1708 3652 in

156 3710 229 3769 illa
249 3688 521 3783 temporali
539 3704 673 3766 nihil
696 3718 817 3763 esse
836 3703 1038 3775 justum
1058 3708 1216 3769 atque
1232 3694 1549 3769 legitimum,
1568 3688 1709 3764 quod

156 3817 241 3862 non
280 3819 346 3862 es
395 3802 495 3856 hac
546 3806 744 3855 interna
786 3793 886 3853 sibi
938 3790 1182 3847 homines
1219 3784 1509 3843 derivarint
1541 3801 1555 3838 :
1584 3797 1707 3836 nam

154 3897 191 3957 ti
241 3896 458 3971 populus
517 3893 607 3951 ille
683 3888 912 3964 quodam
976 3893 1214 3956 tempore
1274 3880 1418 3951 juste
1477 3876 1709 3931 honores

155 3967 278 4049 dedit
292 3967 325 4060 ,⁷
348 3988 577 4065 quodam
612 3998 799 4043 rursus
835 3981 978 4051 juste
1017 3992 1122 4035 non
1172 3973 1352 4039 dedit;
1389 3971 1506 4027 haec
1551 3967 1709 4023 vicis-

153 4082 309 4145 situdo
356 4060 663 4155 temporalis
698 4084 758 4133 ut
790 4074 933 4149 iusta
980 4078 1145 4136 esset,
1195 4082 1263 4127 ex
1289 4066 1376 4122 illa
1414 4060 1709 4120 aeternitate

153 4183 298 4236 tracta
325 4183 422 4242 est,
460 4151 567 4249 qua
602 4182 813 4241 semper
850 4165 1051 4239 justum
1088 4169 1170 4219 est
1207 4170 1422 4233 gravem
1455 4151 1710 4249 populum

154 4265 365 4329 honores
378 4241 526 4334 dare,
552 4264 727 4325 levem
747 4274 853 4318 non
873 4256 1001 4315 dare
1034 4272 1047 4310 :
1081 4268 1147 4309 an
1173 4249 1264 4307 tibi
1290 4248 1441 4305 aliter
1465 4241 1708 4299 videtur?

154 4357 211 4415 Ε.
239 4359 527 4419 Assentior.
555 4356 620 4413 Α.
652 4353 726 4414 Ut
760 4350 920 4426 igitur
947 4346 1180 4405 breviter
1205 4351 1418 4399 teternae
1455 4336 1584 4409 legis
1613 4348 1708 4426 no-

153 4449 354 4521 tionem,
380 4463 499 4523 quae
516 4445 775 4521 impressa
788 4424 955 4500 nobis
972 4445 1073 4505 est,
1096 4441 1347 4506 quantum
1364 4428 1514 4483 valeo
1534 4424 1709 4481 verbis

155 4518 414 4615 explicem,
438 4556 503 4600 ea
542 4518 629 4598 est
653 4552 756 4612 qua
779 4535 979 4609 justum
1005 4537 1089 4590 est
1115 4536 1173 4585 ut
1210 4523 1386 4583 omnia
1423 4522 1529 4580 sint
1560 4518 1708 4576 ordi-

433 4651 448 4689 :
476 4640 535 4691 tu
561 4630 611 4689 si
634 4610 788 4687 aliter
806 4624 1101 4691 existimas,
1122 4632 1327 4693 prome.
1356 4612 1422 4670 E.
1452 4610 1589 4682 Quid
1614 4610 1709 4666 tibi

153 4733 264 4783 Vera
280 4723 469 4782 dicenti
485 4719 845 4781 contradicam
863 4730 970 4775 non
994 4712 1184 4771 habeo.
1214 4708 1279 4764 Α.
1298 4705 1432 4766 Cum
1453 4718 1578 4779 ergo
1595 4701 1709 4758 haec

157 4814 223 4875 sit
240 4831 336 4875 una
361 4817 465 4886 lex,
482 4830 554 4875 ex
572 4827 675 4887 qua
692 4811 803 4870 illae
822 4821 1010 4868 omnes
1026 4800 1345 4877 temporales
1372 4797 1439 4855 ad
1465 4794 1710 4887 homines

156 4907 390 4980 legendos
409 4885 704 4973 variantur.
734 4916 861 4963 num
905 4898 1026 4957 ideo
1049 4897 1163 4968 ipsa
1189 4890 1381 4975 variari
1409 4888 1517 4946 ullo
1551 4885 1710 4942 modo

156 5000 350 5068 potasti
368 4999 437 5059 E.
465 4998 708 5069 intelligo
732 4994 952 5054 omnino
990 5007 1097 5051 non
1138 5003 1295 5063 posse
1324 5005 1336 5042 :
1365 5001 1539 5059 neque
1566 4983 1709 5043 enim

155 5091 361 5167 Hilaris,
386 5094 530 5159 ullus
554 5103 731 5157 casm,
752 5089 859 5147 ulla
882 5101 1060 5147 rerum
1086 5082 1232 5143 labes
1259 5095 1490 5156 unquam
1514 5078 1707 5137 effece-

155 5183 502 5260 ritmiustnm
527 5199 635 5245 non
663 5184 734 5243 sit
768 5182 947 5248 omnia
974 5194 1095 5239 esse
1120 5175 1529 5236 ordinatissima.

761 5313 987 5374 CAPUT
1021 5312 1133 5370 Ἧι.

163 5406 314 5494 homo
336 5454 396 5494 ea:
431 5446 620 5493 eterna
654 5432 761 5505 lege
798 5429 1048 5502 quomodo
1088 5424 1490 5482 ordinatissimus
1514 5421 1708 5489 disqui-

122 5588 140 5673 Ἰ
223 5532 444 5605 tendum,
474 5543 629 5603 eoque
654 5526 758 5607 ﬁne
782 5522 1058 5580 ostenditur
1073 5520 1204 5589 scire
1233 5517 1409 5572 melius
1434 5532 1538 5594 esse
1560 5529 1711 5585 quam

218 5621 388 5681 virm.

175 5773 185 5779 _
445 5715 556 5793 Age
581 5726 738 5782 nunc,
784 5708 1076 5774 videamus,
1108 5704 1266 5763 homo
1297 5702 1412 5773 ipse
1444 5699 1712 5772 quomodo

161 5799 214 5863 ιι
236 5806 402 5877 seipse
427 5806 497 5863 sit
524 5803 943 5863 ordinatissimus
976 5820 989 5857 ε
1016 5814 1135 5856 nam
1175 5792 1261 5854 ρκ’
1281 5796 1582 5883 hemiolios
1607 5812 1710 5855 una

1505 336 1710 407 LIBER
1744 333 2014 405 “illius.

3264 365 3401 440 i339

1813 450 1929 526 lege
1949 458 2181 528 sociatis,
2204 461 2430 534 populus
2454 473 2700 535 constat;
2730 483 2852 541 qua:
2867 469 2975 537 lex,
2998 480 3059 531 ut
3078 473 3272 535 dictum
3288 440 3383 541 est;

1814 549 2121 648 temporalis
2164 560 2285 648 est.—
2316 554 2382 610 Et
2424 556 2511 614 dic
2550 558 2683 614 mihi
2725 523 2901 618 utrum
2942 523 3425 629 certi.s—sir'ti-tinrisiiI

1812 635 2302 742 tibijiverent-e._E.
2330 642 2441 701 Hoc
2470 662 2597 704 vero
2622 649 2749 719 quid
2774 652 2973 709 certius
2992 650 3398 729 responderim?

1810 726 1878 834 11.:
1908 729 2081 834 Quid?
2109 732 2231 788 illud
2273 748 2492 834 potesne
2518 740 2848 813 dignoscere,
2875 745 3017 803 aliud
3038 726 3157 804 esse
3183 750 3359 810 vivere

1812 821 1955 878 aliud
1983 839 2139 926 nosse
2182 841 2240 881 se
2268 829 2480 886 vivere?
2507 831 2574 887 E.
2622 834 2745 892 Scio
2784 838 2997 909 quidem
3040 796 3396 903 neminem-se

1812 918 2197 1015 nosse-vivere,
2231 918 2330 973 nisi
2363 922 2658 1015 viventem;
2687 925 2779 981 sed
2807 936 2982 984 utrum
3011 931 3186 989 omnis
3212 933 3394 991 vivens

1810 1005 2019 1108 noverit
2046 1019 2105 1061 se
2132 1005 2330 1073 vivere,
2361 1007 2565 1081 ignoro.
2598 1014 2660 1066 A.
2692 1014 2858 1080 Quam
2889 1018 3078 1077 vellem
3099 1029 3159 1077 ut
3194 1024 3369 1079 credis

1922 1097 2081 1198 etiam
2126 1096 2291 1198 scires
2340 1114 2531 1170 pecora
2575 1118 2758 1160 carere
2802 1106 3035 1178 ratione;
3080 1114 3185 1168 cito
3211 1066 3396 1172 nostra

1810 1185 2096 1259 disputatio
2134 1188 2202 1244 ab
2230 1188 2330 1246 ista
2366 1193 2657 1262 qmestione
2693 1199 2939 1256 transiret
2968 1218 2979 1253 :
3009 1204 3103 1258 sed
3142 1205 3393 1273 quoniam

1809 1277 2016 1334 nescire
2068 1288 2120 1333 te
2170 1278 2336 1347 dicis,
2389 1279 2599 1354 longam
2648 1288 3142 1346 sermocinationem
3186 1309 3389 1350 moves.

1808 1369 1989 1442 Neque
2014 1371 2155 1426 enim
2183 1373 2304 1430 talis
2331 1387 2418 1428 res
2442 1381 2544 1441 est,
2577 1389 2678 1445 qua
2708 1381 3060 1447 praetermissa
3090 1398 3315 1456 pergere
3339 1386 3393 1440 in

1810 1474 1872 1518 ea
1897 1477 2014 1533 qua:
2040 1461 2382 1531 intendimus,
2418 1472 2561 1519 tanta
2588 1466 2919 1523 connexione
2940 1472 3175 1542 rationis,
3195 1486 3392 1547 quanta

1809 1564 1944 1656 opus
1960 1567 2090 1656 esse
2115 1553 2306 1656 sentio,
2332 1554 2589 1613 sinamur.
2620 1555 2717 1611 Dic
2741 1557 2918 1630 itaque
2946 1560 3093 1628 mihi,
3112 1578 3229 1618 cum
3252 1580 3393 1637 saepe

1809 1641 2097 1700 viderimus
2122 1644 2317 1725 bestias
2346 1646 2414 1701 ab
2457 1646 2764 1703 hominibus
2788 1649 3037 1719 domitas,
3078 1652 3130 1706 id
3158 1666 3258 1721 est,
3288 1674 3393 1712 non

1810 1748 2004 1808 corpus
2030 1735 2214 1793 bestiae
2240 1745 2462 1803 tantum,
2490 1738 2583 1794 sed
2609 1749 2663 1794 et
2691 1740 2921 1797 animam
2944 1742 3017 1797 ita
3045 1741 3247 1799 homini
3272 1747 3395 1802 sub-

1804 1824 2061 1897 jugatam,
2090 1834 2147 1883 ut
2170 1828 2427 1887 voluntati
2452 1828 2567 1899 ejus
2589 1845 2747 1886 sensu
2773 1832 3002 1903 quodam
3030 1843 3083 1889 et
3109 1847 3394 1895 consuetu-

1810 1916 1933 1973 dine
1956 1919 2180 1983 serviat;
2208 1928 2385 1979 ulrum
2407 1921 2498 1976 tibi
2518 1922 2623 1977 ullo
2641 1922 2800 1978 modo
2828 1924 2943 1980 ﬂeri
2962 1940 3118 1996 posse
3135 1926 3393 1990 videatur.

1810 2018 1869 2064 ut
1894 2008 2060 2065 bestia
2073 2009 2321 2083 quaslibet
2343 2012 2588 2067 immanis
2607 2014 2689 2067 vel
2710 2012 2918 2069 feritate
2936 2030 3020 2075 vel
3041 2038 3280 2096 corpore,
3312 2027 3397 2083 vel

1810 2102 1970 2158 etiam
1989 2117 2149 2159 sensu
2169 2102 2404 2174 quolibet
2443 2105 2719 2171 acerrima,
2740 2105 2855 2177 pari
2880 2111 2991 2167 vice
3011 2114 3110 2168 sibi
3129 2117 3398 2173 hominem

1811 2192 2093 2264 subjugare
2126 2204 2365 2262 conetur,
2403 2209 2524 2249 cum
2548 2209 2740 2266 corpus
2781 2200 2900 2269 ejus
2927 2217 3019 2257 seu
3057 2205 3107 2259 vi
3136 2221 3231 2262 seu
3260 2207 3398 2263 clam

1812 2284 1993 2340 multae
2028 2284 2328 2341 interimere
2354 2287 2578 2341 valeant.
2610 2285 2677 2340 E.
2724 2286 2885 2346 Nullo
2922 2293 3083 2350 modo
3120 2297 3256 2354 istuc
3282 2300 3401 2357 ﬁeri

1814 2388 1971 2447 posse
2014 2378 2307 2432 consentio.
2344 2377 2407 2431 A.
2440 2377 2580 2433 Bene
2625 2392 2758 2439 sane
2791 2402 2803 2437 :
2834 2384 2927 2438 sed
2957 2385 3082 2440 item
3110 2387 3195 2443 dic
3220 2389 3350 2446 mihi

1814 2481 1936 2524 cum
1960 2468 2298 2524 manifestum
2321 2469 2408 2538 sit,
2436 2469 2635 2524 viribus
2660 2454 2976 2546 ueterisque
3000 2476 3189 2534 officiis
3208 2434 3400 2554 corno:

1814 2559 1888 2616 ris
1918 2575 1947 2615 a
1976 2560 2219 2632 plurimis
2244 2560 2427 2616 bestiis
2460 2560 2729 2619 hominem
2763 2565 2914 2622 facile
2943 2570 3203 2641 superari,
3249 2587 3398 2646 qua:-

1814 2668 1937 2756 nam
1967 2668 2055 2709 res
2080 2653 2150 2710 sit
2175 2669 2277 2724 qua
2307 2653 2466 2708 homo
2491 2657 2726 2723 excellit,
2758 2668 2817 2713 ut
2844 2659 2986 2714 nulla
3010 2662 3059 2716 ei
3088 2663 3397 2735 bestiarum,

1814 2744 1930 2814 ipse
1958 2750 2134 2798 autem
2175 2744 2352 2799 multis
2393 2745 2655 2816 imperare
2682 2750 2886 2821 possit?
2911 2766 2981 2806 an
3014 2751 3152 2809 forte
3180 2754 3292 2827 ipsa
3320 2768 3402 2814 est

1815 2851 1935 2913 qua:
1961 2835 2097 2891 ratio
2125 2836 2204 2891 vel
2233 2836 2582 2907 intelligentia
2615 2840 2718 2903 dici
2748 2842 2924 2898 solet?
2952 2841 3017 2899 E.
3046 2843 3161 2900 Non
3189 2846 3401 2905 invenio

1816 2928 1977 2993 aliud,
2006 2927 2425 2999 quandoquidem
2466 2928 2519 2982 in
2546 2931 2724 2986 animo
2753 2943 2836 2989 est
2863 2934 2915 2988 id
2949 2951 3054 3006 quo
3082 2934 3271 2994 helluis
3299 2955 3397 2995 an-

1818 3019 2110 3075 tecellimus
2137 3037 2149 3071 :
2180 3035 2297 3090 qua:
2332 3019 2376 3072 si
2407 3021 2683 3078 exanimes
2711 3032 2911 3091 essent,
2938 3025 3171 3083 dicerem
3211 3046 3308 3086 nos
3334 3048 3403 3089 eo

1816 3117 2090 3180 praestare,
2117 3108 2257 3179 quod
2283 3110 2521 3167 animum
2564 3111 2845 3169 habemus.
2882 3114 3033 3173 Nunc
3059 3134 3185 3177 vero
3210 3134 3405 3181 cumet

1816 3202 1907 3258 illa
1932 3203 2039 3257 sint
2065 3202 2332 3269 animalia,
2357 3201 2409 3257 id
2446 3204 2590 3274 quod
2618 3221 2802 3261 eorum
2833 3208 3024 3264 animis
3046 3225 3152 3266 non
3181 3212 3316 3269 inest
3344 3226 3404 3271 ut

1816 3292 2109 3349 subdantur
2142 3292 2316 3359 nobis,
2347 3292 2487 3348 inest
2528 3304 2704 3350 autem
2734 3297 2930 3352 nostris
2968 3308 3025 3354 ut
3048 3303 3125 3355 eis
3153 3279 3403 3361 meliores

1815 3382 2004 3451 simus,
2047 3385 2296 3454 quoniam
2340 3400 2514 3458 neque
2550 3386 2701 3455 nihil,
2734 3403 2907 3459 neque
2945 3405 3167 3460 parvum
3205 3394 3404 3467 aliquid

1816 3492 1936 3534 esse
1963 3477 2130 3534 cuivis
2165 3487 2423 3550 apparet;
2467 3478 2593 3550 quid
2625 3480 2767 3536 aliud
2796 3484 3011 3553 rectius,
3055 3502 3211 3557 quam
3241 3488 3403 3545 ratio-

1816 3584 1942 3627 nem
1963 3570 2301 3627 vocaverim?
2329 3571 2394 3625 Α.
2429 3570 2561 3629 Vide
2600 3589 2759 3645 quam
2802 3574 2952 3631 facile
2982 3577 3072 3631 fiat
3101 3580 3209 3634 Deo
3249 3581 3405 3654 adju—

1817 3672 1995 3732 vanle,
2021 3663 2162 3734 quod
2193 3664 2433 3719 homines
2475 3662 2844 3721 difficillimum
2872 3676 3077 3741 putant.
3106 3671 3238 3727 Nam
3266 3690 3365 3748 ego
3383 3718 3400 3745 ,

1817 3752 1991 3857 fateor
2019 3754 2134 3823 tibi,
2161 3755 2511 3827 quaestionem
2538 3756 2714 3826 istam,
2746 3774 2885 3830 qum,
2916 3768 2976 3815 ut
3003 3762 3257 3837 intelligo,
3288 3774 3409 3825 εει-ι.

1816 3846 2016 3901 minata
2047 3854 2147 3912 est,
2179 3846 2376 3901 tamdiu
2402 3861 2501 3901 nos
2529 3856 2853 3905 retenturam
2883 3859 3211 3922 putaveram,
3240 3872 3399 3927 quam

1817 3938 2042 3993 fortasse
2070 3939 2245 3993 omnia
2271 3953 2392 4009 quze
2420 3939 2560 3994 dicta
2589 3948 2714 3995 sunt
2737 3940 2804 3995 ab
2831 3942 2946 4012 ipso
2988 3954 3185 4003 nostrae
3211 3947 3398 4021 dispu.

1818 4030 2033 4087 tationis
2060 4029 2297 4085 exordio.
2336 4029 2513 4100 Quare
2552 4031 2733 4103 accipe
2769 4031 2903 4104 jam,
2936 4042 2993 4090 ut
3030 4035 3225 4096 deinde
3262 4043 3400 4101 ratio

1818 4132 2165 4181 connectatur
2183 4140 2198 4176 :
2216 4138 2338 4179 nam
2365 4122 2526 4179 credo
2541 4139 2647 4180 non
2670 4133 2720 4180 te
2741 4125 3003 4197 ignorare,
3019 4128 3071 4185 id
3092 4130 3230 4202 quod
3259 4133 3401 4192 scire

1818 4218 2064 4286 dicimus,
2102 4215 2233 4273 nihil
2257 4231 2377 4273 esse
2409 4216 2549 4271 aliud
2580 4232 2738 4289 quam
2766 4218 2972 4276 ratione
2994 4220 3189 4281 habere
3207 4239 3395 4294 parce-

1818 4319 1988 4382 ptum.
2025 4307 2093 4364 Ε.
2115 4308 2189 4366 ita
2202 4316 2301 4365 est.
2322 4308 2385 4363 Α.
2407 4307 2645 4382 Quiergo
2659 4309 2828 4366 scitse
2845 4311 3045 4382 vivere,
3060 4315 3262 4371 ratione
3289 4334 3395 4376 non

1818 4411 1985 4459 caret.
2012 4401 2080 4457 E.
2108 4400 2452 4475 Consequens
2476 4410 2577 4458 est.
2608 4401 2672 4457 Α.
2706 4402 2899 4462 Vivunt
2916 4414 3092 4462 autem
3113 4407 3314 4478 bestiae,
3341 4421 3399 4467 et

1818 4497 1958 4556 sicut
1965 4497 2076 4568 jam
2087 4496 2319 4564 emicuit,
2334 4495 2555 4552 rationis
2571 4503 2815 4568 expertes
2828 4498 3045 4555 sunt.E.
3059 4499 3396 4561 Manifestum

1818 4595 1922 4645 est.
1944 4587 2009 4643 Α.
2042 4587 2180 4644 Ecce
2204 4585 2364 4659 igitur
2378 4586 2487 4658 jam
2512 4587 2819 4660 nosti,quod
2848 4598 2898 4645 te
2917 4589 3161 4662 ignorare
3176 4608 3398 4665 respon-

1820 4676 1999 4745 deras,
2021 4692 2126 4733 non
2139 4691 2297 4734 omne
2319 4675 2460 4749 quod
2480 4676 2610 4735 vivit
2625 4677 2763 4735 scire
2785 4694 2844 4735 se
2871 4679 3067 4750 vivere,
3092 4699 3395 4760 quanquam

1820 4783 1978 4826 omne
1997 4768 2135 4839 quod
2163 4782 2222 4825 se
2243 4768 2423 4825 vivere
2447 4767 2610 4838 sciat,
2628 4769 2769 4825 vivat
2789 4773 3088 4831 necessario
3192 4820 3195 4823 λ

1894 4858 1979 4913 l7.
2011 4857 2079 4912 E.
2106 4857 2225 4915 Non
2262 4858 2392 4915 mihi
2420 4866 2504 4915 est
2523 4860 2634 4930 jam
2676 4859 2927 4931 dubium;
2959 4879 3120 4939 perge
3166 4883 3271 4940 quo
3314 4886 3397 4927 tn-

1820 4952 2065 5010 tenderas
2092 4969 2106 5007 :
2135 4951 2276 5008 aliud
2303 4952 2444 5009 enim
2473 4966 2592 5009 esse
2628 4953 2827 5024 vivere,
2858 4956 3003 5013 aliud
3042 4961 3179 5017 scire
3215 4976 3275 5019 se
3312 4964 3394 5020 vi—

1817 5061 1965 5113 vere,
2004 5043 2133 5099 satis
2160 5043 2339 5101 didici.
2369 5044 2434 5098 A.
2476 5043 2614 5113 Quid
2656 5061 2782 5119 ergo
2822 5048 2912 5105 tibi
2942 5049 3130 5106 horum
3168 5051 3391 5109 duorum

1817 5138 2027 5195 videtur
2064 5152 2186 5194 esse
2212 5138 2585 5209 praestantius?
2624 5138 2691 5194 E.
2732 5140 2868 5209 Quid
2893 5151 3064 5214 putas,
3095 5145 3196 5199 nisi
3219 5143 3394 5203 scien-

1817 5233 1947 5307 tiam
1966 5232 2087 5288 vitae
2102 5231 2131 5286 ἳι
2154 5229 2221 5285 Α.
2247 5229 2500 5291 Meliorne
2517 5232 2608 5288 tibi
2628 5233 2836 5291 videtur
2851 5236 2971 5290 vita:
2993 5235 3211 5291 scientia
3232 5252 3394 5307 quam

1817 5327 1935 5402 ipsa
1963 5326 2111 5402 vita?
2134 5340 2204 5381 an
2232 5321 2368 5380 forte
2395 5323 2647 5397 intelligis
2674 5326 2997 5398 superiorem
3026 5327 3306 5396 quamdam
3337 5337 3392 5385 et

1817 5422 2163 5491 sinceriorem
2199 5419 2362 5479 vitam
2403 5435 2524 5479 esse
2564 5420 2855 5488 scientiam,
2885 5434 3041 5490 quam
3071 5422 3206 5479 scire
3233 5439 3394 5483 nemo

1818 5523 2018 5588 potest,
2045 5513 2149 5571 nisi
2176 5513 2266 5585 qui
2291 5510 2570 5584 intelligit?
2610 5511 2909 5582 intelligere
2934 5519 3113 5570 autem
3138 5514 3263 5586 quid
3286 5526 3390 5586 est,

1818 5608 1921 5667 nisi
1948 5606 2063 5680 ipsa
2090 5606 2207 5665 luce
2245 5606 2436 5664 tuentis
2463 5603 2715 5661 illustrius
2754 5603 3142 5679 perfectiusque
3176 5609 3393 5669 vivere?

1818 5699 1995 5771 Quare
2022 5707 2077 5757 tu
2101 5696 2251 5765 mihi,
2280 5696 2385 5757 nisi
2411 5695 2581 5759 fallor.
2609 5708 2715 5753 non
2740 5695 2862 5755 vita:
2887 5695 3030 5755 aliud
3053 5697 3269 5772 aliquid,
3298 5703 3397 5761 sed

1822 5792 2031 5853 cuidam
2073 5792 2192 5849 vitae
2217 5790 2490 5849 meliorem
2518 5787 2677 5846 vitam
2708 5790 3060 5865 praeposuisti.
3083 5790 3150 5851 Ε,
3184 5792 3396 5867 Optimo
