3822 6386
432 386 563 454 1231

430 509 650 572 omnino
672 513 728 562 et
751 500 1041 575 cognovisti
1069 508 1124 557 et
1158 499 1434 572 explicasti
1460 498 1777 555 sententiam
1805 512 1979 553 meam
2003 513 2018 552 :

429 608 476 666 si
499 616 678 662 tamen
709 598 930 657 scientia
950 597 1089 652 mala
1111 610 1232 650 esse
1256 608 1523 664 nunquam
1554 601 1746 662 potest.
1774 593 1837 646 Α.
1866 592 2022 649 Nullo

428 697 590 755 modo
616 695 868 758 arbitror,
893 689 996 745 nisi
1017 704 1137 745 cum
1166 686 1417 742 translato
1437 687 1602 741 verbo
1624 685 1900 740 scientiam
1924 700 2020 755 pro

431 787 759 862 experientia
777 785 1002 841 dicimus
1026 800 1038 835 :
1062 780 1288 851 experiri
1308 778 1448 834 enim
1468 794 1573 831 non
1592 793 1803 848 semper
1821 778 2020 833 bonum

427 892 546 949 est;
578 882 712 936 sicut
731 876 957 948 experiri
985 873 1241 942 supplicia
1268 891 1280 926 :
1304 871 1394 926 illa
1422 886 1547 926 vero
1573 886 1689 940 quae
1719 871 1932 940 proprie
1957 885 2018 926 ac

422 991 561 1048 pure
601 973 819 1029 scientia
849 969 1172 1030 nominatur,
1214 967 1336 1036 quia
1377 965 1581 1019 ratione
1618 974 1777 1034 atque
1818 962 2018 1019 intelli-

425 1067 602 1139 gentia
649 1071 885 1134 paratur,
936 1061 1074 1114 mala
1118 1073 1236 1113 esse
1277 1058 1364 1126 qui
1414 1056 1623 1126 potest?
1655 1055 1720 1109 E.
1750 1055 1931 1112 Teneo
1966 1064 2022 1111 et

425 1158 586 1215 istam
611 1153 963 1211 ditierentiam
995 1169 1008 1206 :
1033 1164 1354 1221 persequere
1376 1156 1589 1204 caetera.

425 1249 650 1308 CAPUT
687 1245 821 1302 Vlll.
849 1275 919 1287 ——
949 1243 1102 1300 Ratio
1135 1258 1235 1314 qua
1273 1239 1516 1312 prceceltit
1557 1240 1704 1294 homo
1734 1239 1902 1294 bestiis
1927 1239 2018 1293 de-

931 1339 1012 1392 bet
1039 1337 1092 1390 in
1118 1336 1229 1406 ipso
1249 1333 1521 1388 dominari.

421 1449 423 1451 ‘
498 1437 583 1493 18.
616 1435 678 1490 A.
725 1431 862 1490 lllud
904 1439 986 1486 est
1030 1427 1170 1499 quod
1216 1427 1335 1480 volo
1375 1425 1596 1481 dicere:
1635 1425 1739 1481 hoc
1765 1423 2018 1496 quidquid

423 1541 526 1596 cst,
549 1545 654 1600 quo
683 1525 964 1598 pecoribus
989 1521 1150 1576 homo
1176 1518 1520 1590 praeponitur,
1563 1517 1674 1573 sive
1700 1531 1872 1584 mens,
1905 1517 2021 1599 sive.

424 1622 662 1694 spiritus,
681 1619 792 1673 sive
810 1624 1093 1683 utrumque
1108 1610 1305 1666 rectius
1325 1609 1622 1680 appellatur
1644 1608 1801 1680 (nam
1820 1615 2018 1662 utrum-

424 1730 530 1788 que
561 1715 617 1768 in
655 1709 849 1766 divinis
875 1707 1049 1763 Libris
1076 1701 1429 1776 invenimus),
1459 1703 1505 1758 si
1529 1702 1832 1759 dominetur
1861 1713 2019 1774 atque

422 1807 653 1875 imperet
693 1801 904 1857 caeteris
947 1797 1370 1869 quibuscumque
1410 1795 1574 1851 homo
1617 1803 1844 1864 constat,
1892 1806 2019 1850 tunc

423 1911 545 1952 esse
569 1893 838 1950 hominem
866 1888 1337 1946 ordinatissimum.
1370 1885 1625 1941 Videmus
1651 1885 1792 1941 enim
1816 1885 2015 1941 habere

423 2007 526 2046 nos
550 2004 659 2044 non
689 1986 861 2042 solum
887 1999 1008 2039 cum
1050 1982 1351 2052 pecoribus,
1385 1979 1480 2034 sed
1506 1980 1665 2034 etiam
1695 1994 1814 2034 cum
1854 1979 2014 2033 arbu-

425 2085 523 2141 stis
546 2091 602 2138 et
628 2079 881 2148 stirpibus
907 2075 1075 2130 multa
1093 2072 1397 2129 communia
1421 2086 1683 2141 :namque
1704 2071 2016 2126 alimentum

425 2172 666 2244 corporis
692 2184 923 2234 sumere,
952 2179 1219 2231 crescere,
1243 2164 1481 2235 gignere,
1512 2161 1711 2232 vigere,
1735 2160 2016 2216 arboribus

423 2282 636 2339 quoque
675 2264 928 2319 tributum
967 2259 1227 2325 videmus,
1260 2271 1378 2326 qua:
1419 2256 1596 2308 intima
1638 2252 1866 2324 quadam
1908 2252 2016 2306 vita

422 2359 793 2420 continentur;
823 2351 1002 2407 videre
1030 2358 1207 2405 autem
1248 2356 1409 2418 atque
1435 2347 1641 2412 audire,
1683 2353 1739 2400 et
1773 2345 1967 2399 olfactu
1995 2385 2010 2412 ,

422 2458 600 2523 gustu,
622 2455 766 2501 tactu
788 2443 1082 2514 corporalia
1109 2439 1311 2496 sentire
1331 2454 1488 2510 posse
1514 2437 1736 2499 bestias.
1767 2446 1819 2490 ct
1839 2435 2016 2492 acrius

421 2542 706 2613 plerasque
729 2551 886 2607 quam
909 2548 1026 2601 nos,
1055 2531 1323 2588 cernimus
1340 2539 1394 2584 et
1420 2529 1665 2582 fatemur.
1696 2526 1846 2581 Adde
1872 2526 2015 2580 vires

425 2640 480 2688 et
523 2628 808 2684 valentiam
859 2624 1269 2691 ﬁrmitatemque
1314 2620 1695 2684 membrorum,
1744 2627 1797 2672 et
1830 2617 2016 2672 celeri-

422 2729 560 2776 tates
618 2716 1000 2782 facillimosque
1057 2711 1296 2780 corporis
1355 2719 1550 2774 motus,
1600 2709 1790 2778 quibus
1844 2706 2015 2761 omni-

421 2813 525 2869 bus
563 2806 815 2879 quasdam
854 2820 1038 2860 earum
1077 2817 1418 2872 superamus,
1467 2801 1777 2871 quibusdam
1835 2814 2014 2868 :equa-

423 2919 567 2969 mur,
594 2917 622 2955 a
651 2896 921 2956 nonnullis
941 2897 1101 2952 etiam
1125 2896 1404 2948 vincimur.
1438 2895 1617 2947 Genus
1645 2903 1818 2946 tamen
1842 2893 2013 2961 ipsum

423 3009 602 3053 rerum
642 3001 723 3047 est
772 2990 924 3044 nobis
969 2996 1112 3042 certe
1150 3001 1433 3040 commune
1473 3000 1593 3038 cum
1639 2983 1830 3036 bellnis
1862 2983 2010 3050 :jam

425 3101 560 3143 vero
579 3093 831 3154 appetere
851 3081 1149 3149 voluptates
1169 3079 1426 3149 corporis,
1453 3087 1505 3132 et
1526 3077 1692 3130 vitare
1719 3074 2011 3140 molestias,

425 3179 609 3234 ferime
639 3177 758 3230 vita:
787 3175 961 3228 omnis
990 3172 1127 3226 actio
1177 3179 1276 3225 est.
1320 3173 1453 3225 Sunt
1484 3171 1582 3223 alia
1609 3169 1873 3239 qn:edam,
1897 3183 2015 3238 qua:

421 3271 529 3342 jam
561 3269 751 3324 cadere
776 3267 831 3320 in
870 3265 1008 3319 feras
1037 3280 1142 3316 non
1182 3263 1444 3326 videntur,
1479 3277 1574 3314 nec
1607 3273 1778 3314 tamen
1823 3260 1873 3311 in
1921 3259 2017 3311 lto-

425 3361 572 3416 mine
597 3360 710 3426 ipso
739 3369 944 3409 summa
971 3364 1112 3414 sunt,
1146 3361 1201 3404 ut
1225 3352 1388 3419 jncari
1424 3360 1476 3403 et
1503 3351 1677 3404 ridere
1707 3370 1719 3403 :
1747 3349 1890 3420 quod
1915 3349 2015 3403 hu-

426 3463 643 3506 manum
664 3444 894 3514 quidem,
915 3443 1006 3497 sed
1026 3444 1262 3496 intimum
1287 3441 1516 3493 hominis
1533 3440 1752 3508 jutlicat,
1777 3441 2016 3512 quisquis

427 3539 497 3596 de
535 3547 719 3592 natura
766 3535 990 3589 humana
1033 3533 1326 3587 rectissime
1363 3531 1582 3599 judicat.
1635 3533 1836 3587 Deinde
1867 3553 2016 3591 amor

426 3629 602 3689 laudis
626 3639 680 3683 et
707 3627 909 3697 glorise.
940 3636 989 3679 et
1011 3625 1275 3679 affectatio
1302 3623 1630 3692 dominandi,
1660 3643 1777 3695 qum
1809 3629 2015 3682 tametsi

429 3721 724 3778 bestiarum
755 3732 857 3772 non
881 3728 1023 3776 sunt,
1049 3731 1153 3769 non
1184 3725 1357 3771 tamen
1383 3734 1562 3772 carum
1594 3734 1766 3771 rerum
1801 3718 2017 3773 libidine

427 3809 615 3869 bestiis
641 3809 890 3866 meliores
916 3822 1014 3864 nos
1034 3824 1152 3866 esse
1173 3808 1530 3861 arhitrandnm
1553 3819 1652 3862 est.
1685 3807 1812 3862 Nam
1836 3820 1888 3864 et
1919 3811 2017 3864 iste

428 3905 697 3978 appetitus
724 3919 844 3960 cum
874 3902 1062 3958 rationi
1086 3901 1324 3955 subditus
1354 3917 1458 3954 non
1490 3911 1590 3964 cst,
1623 3901 1848 3955 miseros
1869 3902 2009 3956 facit.

428 3997 598 4055 Nemo
622 4005 796 4051 autem
837 3995 1081 4064 cuiquam
1125 3991 1335 4045 miseria
1369 4009 1425 4044 se
1474 3991 1886 4060 pneponendum
1918 4009 2014 4060 pu-

426 4089 580 4145 tavit.
611 4087 766 4142 Hisce
798 4086 955 4156 igitur
982 4083 1211 4136 motibus
1239 4084 1430 4135 anima:
1460 4096 1578 4135 cum
1613 4082 1746 4134 ratio
1775 4081 2018 4134 domina~

431 4192 538 4251 tur,
585 4182 857 4237 ordinatus
905 4179 1064 4232 homo
1093 4176 1349 4231 dicendus
1393 4184 1493 4229 est.
1540 4173 1654 4228 Noa
1705 4175 1844 4228 enim
1885 4174 2016 4228 ordo

432 4286 632 4340 rectus,
660 4282 750 4328 aut
775 4271 906 4326 ordo
932 4269 1278 4339 appellandus
1300 4275 1379 4322 est
1402 4265 1639 4330 omnino,
1674 4266 1759 4319 ubi
1787 4266 2014 4320 deterio-

373 4432 377 4434 _
430 4371 580 4427 ribus
624 4367 842 4422 meliora
871 4363 1221 4434 subjiciuntur
1249 4379 1262 4415 :
1290 4376 1357 4414 an
1396 4359 1488 4413 tibi
1517 4375 1619 4413 non
1676 4358 1919 4413 videtur?
1946 4358 2012 4412 E.

433 4459 767 4516 Manifestum
794 4463 894 4512 est.
926 4453 990 4508 A.
1021 4452 1174 4506 Ratio
1196 4451 1294 4505 ista
1317 4466 1464 4520 ergo,
1493 4449 1578 4503 vel
1611 4465 1779 4514 mens,
1806 4450 1886 4503 vel
1909 4450 2017 4519 spi-

431 4551 566 4605 ritus
594 4565 712 4604 cum
757 4545 1090 4602 irrationalcs
1134 4542 1296 4597 animi
1325 4549 1502 4595 motus
1526 4541 1682 4610 regit,
1719 4540 1770 4593 id
1816 4540 2018 4594 scilicet

432 4640 734 4698 dominatur
759 4640 811 4694 in
835 4638 1072 4704 homine,
1101 4635 1185 4691 cui
1215 4634 1506 4690 dominatio
1547 4633 1661 4702 lege
1691 4631 1916 4687 debetur
1954 4649 2015 4688 ea

431 4750 592 4806 quam
609 4742 861 4787 aeternam
876 4745 995 4786 esse
1010 4725 1708 4799 comperimus.E.lntelligo
1722 4741 1781 4780 ac
1799 4741 2012 4795 sequor.

434 4822 661 4882 CAPUT
698 4821 790 4877 IX.
812 4821 1058 4877 —Stutti
1095 4831 1141 4875 et
1179 4820 1420 4891 sapientis
1446 4820 1711 4872 discrimen
1749 4834 1811 4871 ea:
1849 4819 2016 4872 domi-

419 4977 421 4984 :
876 4923 996 4968 natu
1021 4922 1107 4967 aut
1130 4913 1361 4967 servitute
1386 4912 1579 4966 mentis.

506 5010 596 5067 19.
647 5007 710 5062 Α.
740 5004 871 5060 Cum
897 5019 1022 5075 ergo
1051 5005 1123 5058 ita
1154 5003 1314 5060 homo
1343 5004 1660 5058 constitutus
1684 5010 1840 5071 atque
1868 5000 2014 5057 ordi-

433 5111 590 5161 natus
614 5109 729 5168 est,
755 5111 930 5153 nonne
961 5096 1052 5151 tibi
1075 5096 1285 5165 sapiens
1313 5095 1554 5151 videtur?
1576 5093 1641 5148 E.
1671 5094 1860 5150 Nescio
1879 5095 2016 5149 alius

435 5197 554 5268 quis
592 5193 720 5250 mihi
763 5189 975 5260 sapiens
1012 5187 1172 5242 homo
1201 5186 1366 5242 videri
1394 5187 1589 5258 possit,
1621 5188 1664 5241 si
1694 5187 1777 5242 hic
1802 5187 1907 5241 non
1938 5188 2016 5241 vi-

435 5288 609 5344 detur.
643 5286 700 5342 A.
729 5279 904 5338 Credo
932 5279 1092 5334 etiam
1120 5285 1171 5331 te
1198 5276 1326 5330 illud
1349 5278 1504 5346 scire,
1533 5278 1816 5348 plerosque
1843 5276 2013 5332 homi-

431 5395 532 5436 nes
557 5379 747 5434 stultos
783 5389 923 5430 esse.
963 5371 1028 5426 Ε.
1061 5369 1175 5426 Hoc
1199 5384 1411 5439 quoque
1439 5370 1567 5424 satis
1595 5379 1822 5426 constat.
1852 5371 1915 5424 Α.
1943 5373 2012 5427 At

429 5470 479 5524 si
509 5469 698 5524 stultus
727 5465 950 5536 sapienti
978 5469 1059 5518 est
1081 5459 1410 5524 contrarius,
1441 5461 1688 5529 quoniam
1718 5461 2013 5528 sapientem

432 5561 792 5631 comperimus
811 5599 825 5623 ,
857 5557 976 5628 quis
1000 5554 1160 5611 etiam
1191 5551 1381 5608 stultus
1408 5552 1512 5617 sit,
1538 5551 1775 5621 profecto
1796 5553 1904 5622 jam
1927 5553 2010 5609 in-

431 5653 646 5724 telligis.
676 5651 741 5706 E.
770 5651 865 5707 Cui
889 5666 994 5705 non
1024 5655 1277 5720 appareat
1301 5645 1442 5701 hunc
1469 5659 1617 5712 esse,
1648 5646 1700 5699 in
1728 5660 1834 5716 quo
1860 5661 2010 5702 mens

431 5758 694 5798 summam
734 5749 1048 5813 potestatem
1087 5755 1194 5796 non
1235 5736 1433 5794 habet?
1465 5737 1530 5792 Α.
1557 5736 1695 5804 Quid
1735 5736 1894 5808 igitur
1929 5736 2009 5792 di-

431 5831 681 5898 cendum,
711 5847 830 5888 cum
860 5832 1020 5889 homo
1049 5832 1117 5889 ita
1148 5840 1230 5890 est
1253 5829 1510 5888 allectus?
1538 5829 1725 5890 deesse
1753 5829 1826 5888 illi
1854 5845 2004 5887 men-

1446 378 1534 437 DE
1573 377 1820 436 LIBERO
1858 367 2201 449 ARBITRlO,
2241 381 2298 438 S.
2337 379 2700 443 AUGUSTINI

2133 506 2273 567 tem;
2313 515 2415 568 an,
2457 503 2698 572 quamvis
2741 503 2896 571 insit,
2925 518 3044 560 eam
3084 520 3271 564 carere
3311 509 3625 570 dominatu?
3649 517 3712 574 Ε.

2131 591 2242 649 lloc
2284 594 2459 663 potius
2499 596 2639 665 quod
2681 596 2925 651 ultimum
2966 598 3239 669 subjecisti
3268 601 3398 656 ¹.Δ.
3422 603 3709 668 Pervellem

2129 687 2226 743 abs
2255 696 2307 743 te
2333 687 2518 744 audire
2537 731 2551 755 ,
2581 689 2773 759 quibus
2795 689 3130 748 documentis
3154 705 3468 766 perceptum
3496 699 3706 771 habeas,

2127 788 2361 834 mentem
2389 780 2564 835 inesse
2601 779 2833 845 homini,
2864 798 2984 854 quae
3012 797 3167 839 suum
3193 801 3300 841 non
3330 799 3541 845 exserat
3570 793 3705 862 prin-

2126 872 2379 942 cipatum.
2427 871 2495 925 E.
2540 873 2752 929 Utinam
2783 883 2900 932 tuas
2929 876 3058 932 istas
3085 887 3266 949 partes
3300 877 3480 936 facere
3502 883 3700 941 velles:

2126 977 2249 1016 nam
2298 979 2403 1018 non
2445 963 2574 1018 mihi
2620 965 2770 1022 facile
2819 975 2901 1021 est
2947 969 3210 1026 sustinere
3233 971 3378 1041 quod
3403 973 3612 1044 ingeris.
3641 977 3698 1032 Α.

2130 1053 2259 1111 Illud
2288 1056 2477 1112 saltem
2511 1055 2662 1112 facile
2688 1066 2772 1113 est
2797 1059 2893 1113 tibi
2917 1061 3209 1128 recordari,
3238 1063 3383 1133 quod
3411 1066 3563 1135 paulo
3588 1077 3698 1126 ante

2126 1146 2377 1215 diximus,
2395 1149 2840 1219 quemadmodum
2856 1151 3038 1208 bestia:
3058 1155 3433 1211 mansuefacta:
3448 1156 3513 1212 ab
3534 1156 3696 1215 homi-

2127 1241 2282 1296 nibus
2326 1259 2388 1299 ac
2434 1243 2649 1299 domitae
2693 1245 2965 1301 serviant:
2993 1247 3134 1318 quod
3156 1248 3226 1304 ab
3251 1249 3330 1304 eis
3357 1250 3581 1306 vicissim
3611 1251 3694 1310 bo.

2126 1333 2298 1390 mines
2320 1377 2335 1402 ,
2367 1345 2424 1392 ut
2456 1336 2843 1392 demonstravit
2888 1339 3042 1406 ratio,
3075 1347 3387 1409 paterentur
3411 1342 3509 1396 nisi
3533 1343 3692 1415 aliquo

2124 1427 2469 1483 excellerent.
2499 1427 2557 1484 ld
2583 1439 2759 1485 autem
2786 1444 2892 1485 non
2935 1431 3337 1488 inveniebamus
3363 1433 3416 1487 in
3443 1449 3651 1505 corpore
3675 1455 3688 1490 :

2125 1522 2199 1577 ita
2232 1538 2352 1577 cum
2383 1524 2435 1577 in
2464 1524 2642 1577 animo
2672 1538 2792 1579 esse
2821 1533 3138 1594 appareret,
3183 1525 3310 1596 quid
3349 1525 3488 1581 aliud
3527 1530 3684 1599 appel-

2124 1615 2340 1668 landum
2389 1625 2532 1670 esset
2573 1629 2731 1686 quam
2780 1616 2949 1682 ratio,
2982 1632 3086 1672 non
3131 1619 3518 1688 comperimus;
3545 1636 3684 1690 quam

2125 1715 2308 1774 postea
2339 1714 2393 1761 et
2413 1715 2645 1762 mentem
2668 1715 2723 1762 et
2742 1707 2987 1778 spiritum
3014 1708 3191 1764 vocari
3219 1710 3482 1765 recordati
3499 1726 3684 1768 sumus.

2123 1799 2227 1855 Sed
2258 1800 2304 1854 si
2333 1799 2478 1854 aliud
2517 1801 2672 1867 ratio,
2704 1800 2844 1855 aliud
2884 1816 3068 1866 mens,
3091 1809 3302 1857 constat
3331 1813 3472 1858 certe
3495 1805 3683 1861 nonnisi

2122 1901 2355 1946 mentem
2399 1892 2472 1946 uti
2522 1907 2678 1961 posse
2724 1892 2954 1949 ratione.
2989 1893 3069 1948 Ex
3097 1909 3199 1964 quo
3241 1894 3368 1950 illud
3405 1895 3679 1962 coniicitur,

2122 2001 2244 2040 eum
2284 1985 2370 2055 qui
2417 1985 2677 2040 rationem
2710 1985 2902 2052 habet,
2931 1995 3108 2042 mente
3146 2002 3332 2043 carere
3374 2004 3476 2044 non
3521 2005 3678 2058 posse.

2122 2077 2186 2131 E.
2237 2077 2409 2132 Probe
2456 2077 2554 2132 ista
2593 2078 2906 2133 reminiscor
2950 2093 3012 2133 ac
3056 2087 3230 2134 teneo.
3277 2081 3340 2133 Α.
3373 2079 3681 2147 ρυίάῖἰίιιιά

2120 2168 2384 2233 credisne,
2411 2167 2702 2223 domitores
2725 2168 3019 2224 belluarum
3041 2169 3140 2223 nisi
3167 2169 3432 2239 sapientes
3454 2186 3566 2227 esse
3585 2186 3682 2227 non

2120 2263 2311 2331 posse?
2338 2262 2444 2316 Eos
2473 2260 2615 2315 enim
2646 2260 2910 2331 sapientes
2940 2276 3090 2326 voco,
3117 2277 3252 2332 quos
3292 2265 3484 2319 veritas
3517 2265 3681 2320 vocari

2114 2351 2294 2422 jubet,
2326 2352 2375 2406 id
2403 2361 2484 2406 est
2503 2395 2517 2421 ,
2546 2353 2635 2422 qui
2670 2367 2834 2422 regno
2873 2354 3067 2406 mentis
3091 2355 3235 2408 omni
3263 2354 3486 2409 libidinis
3511 2355 3680 2424 subju-

2119 2447 2330 2516 gatione
2375 2446 2545 2516 pacati
2585 2455 2726 2500 sunt.
2775 2445 2841 2498 E.
2873 2445 3169 2500 Ridiculum
3217 2455 3298 2501 est
3342 2449 3462 2502 tales
3503 2456 3676 2517 putare

2121 2538 2273 2603 istos,
2305 2554 2439 2608 quos
2463 2539 2618 2608 vulgo
2655 2537 3042 2593 mansuetarios
3069 2547 3392 2608 nuncupant,
3421 2538 3497 2592 vel
3517 2539 3668 2594 etiam

2123 2639 2365 2700 pastores
2409 2641 2499 2685 aut
2545 2630 2821 2697 bubulcos,
2854 2639 2942 2683 aut
2969 2630 3209 2699 aurigas,
3241 2631 3414 2699 quibus
3438 2629 3663 2685 omnibus

2123 2723 2377 2778 domitmn
2408 2739 2568 2793 pecus
2597 2723 2890 2792 subjectum
2919 2722 3188 2786 videmus,
3216 2730 3269 2775 et
3290 2736 3498 2791 quorum
3520 2720 3658 2776 indu-

2121 2815 2248 2869 stria
2276 2815 2588 2869 indomitum
2617 2814 2822 2882 subjici.
2857 2814 2916 2867 Α.
2942 2813 3019 2866 En
3046 2813 3202 2882 igitur
3225 2812 3386 2867 habes
3409 2811 3672 2868 documen-

2121 2915 2230 2961 tum
2263 2907 2635 2972 certissimum,
2663 2922 2768 2976 quo
2791 2904 3125 2959 manifestum
3158 2903 3248 2960 ﬁat
3275 2905 3445 2964 inesse
3463 2919 3672 2967 mentem

2121 2999 2321 3054 homini
2350 2999 2464 3054 sine
2490 2998 2781 3054 dominatu.
2815 2998 2908 3052 His
2946 2998 3138 3074 quippe
3167 2997 3332 3067 inest;
3371 3011 3525 3074 agunt
3546 3003 3674 3059 enim

2121 3094 2242 3147 talia
2264 3135 2278 3159 ,
2310 3109 2429 3162 quae
2459 3093 2540 3163 agi
2581 3093 2694 3152 sine
2733 3105 2908 3151 mente
2946 3111 3050 3150 non
3099 3103 3354 3164 possent:
3384 3111 3485 3151 non
3515 3105 3673 3151 tamen

2122 3197 2307 3256 regnat
2333 3187 2352 3217 ³
2375 3203 2388 3250 ;
2419 3201 2539 3244 nam
2567 3189 2712 3243 stulti
2742 3198 2861 3243 sunt
2883 3231 2896 3253 ,
2923 3204 3098 3258 neque
3122 3205 3341 3259 regnum
3368 3189 3551 3244 mentis
3586 3188 3674 3242 nisi

2121 3279 2435 3349 sapientium
2463 3295 2609 3346 esse,
2645 3282 3006 3351 percognitum
3033 3291 3133 3337 est.
3165 3281 3228 3334 E.
3263 3281 3449 3336 Mirum
3485 3281 3678 3336 esthoc

2116 3370 2226 3443 jam
2255 3372 2415 3426 fuisse
2441 3391 2468 3426 a
2499 3373 2649 3427 nobis
2677 3373 2728 3427 in
2759 3374 3124 3443 superioribus
3147 3373 3464 3436 confectum,
3491 3380 3540 3428 et
3562 3372 3676 3428 mihi

2121 3464 2243 3533 quid
2273 3465 2670 3532 responderem,
2701 3480 2804 3519 non
2838 3466 3070 3534 potuisse
3096 3466 3145 3518 in
3173 3474 3401 3520 mentem
3424 3467 3612 3520 venire.

2157 3555 2380 3611 CAPUT
2420 3554 2487 3609 Χ.
2511 3585 2580 3595 --
2603 3555 2748 3609 Mens
2777 3574 2808 3608 a
2833 3557 2972 3610 nullo
2997 3557 3189 3626 cogitur
3230 3558 3411 3610 servire
3445 3555 3644 3610 libidini.

2192 3647 2280 3702 9.0.
2324 3646 2428 3701 Sed
2477 3647 2574 3699 alia
2624 3655 2986 3700 contexamus.
3035 3646 3150 3701 Jam
3199 3647 3342 3702 enim
3386 3657 3439 3703 et
3477 3662 3676 3717 regnum

2122 3741 2312 3795 mentis
2357 3739 2600 3793 humanm
2644 3739 2926 3793 humanam
2969 3754 3085 3793 esse
3129 3739 3470 3808 sapientiam,
3500 3748 3547 3793 et
3572 3754 3676 3793 eam

2123 3848 2278 3902 posse
2302 3831 2460 3886 etiam
2489 3847 2592 3884 non
2616 3846 2838 3901 regnare
2857 3872 2871 3896 ,
2909 3838 3236 3900 compertum
3261 3840 3360 3885 est.
3383 3831 3442 3884 Α.
3473 3831 3676 3885 Putasne

2123 3925 2222 3980 ista
2250 3933 2448 3992 mente,
2476 3924 2559 3978 cui
2584 3939 2805 3994 regnum
2835 3923 2885 3977 in
2911 3923 3155 3979 libidines
3189 3931 3387 3978 aeterna
3417 3922 3521 3992 lege
3555 3937 3672 3976 con-

2123 4030 2334 4070 cessum
2383 4030 2501 4070 esse
2555 4014 2954 4084 cognoscimus,
3007 4014 3358 4084 potentiorem
3411 4026 3516 4066 esse
3557 4010 3666 4065 libi-

2126 4105 2338 4160 dinem?
2390 4121 2489 4176 ego
2537 4105 2677 4159 cnim
2736 4104 2880 4159 nullo
2928 4111 3080 4172 pacto
3139 4112 3288 4174 puto.
3338 4103 3502 4172 Neque
3541 4099 3667 4155 enim

2126 4205 2269 4252 esset
2315 4197 2767 4252 ordinatissimum
2808 4204 2866 4250 ut
2903 4195 3272 4265 impotentiora
3319 4192 3672 4266 potentioribus

2126 4291 2466 4359 imperarent.
2497 4288 2670 4355 Quare
2689 4287 2907 4344 necesse
2930 4287 3158 4342 arbitror
3178 4302 3297 4343 esse
3318 4295 3377 4342 ut
3399 4288 3507 4357 plus
3524 4283 3675 4358 possit

2126 4397 2276 4435 mens
2307 4395 2463 4451 quam
2493 4378 2752 4450 cupiditas
2776 4421 2791 4446 ,
2832 4394 2898 4434 eo
2941 4379 3056 4448 ipso
3095 4395 3199 4450 quo
3241 4378 3511 4449 cupiditati
3548 4388 3676 4434 recte

2118 4471 2368 4541 justeque
2410 4471 2729 4526 dominatur.
2775 4469 2841 4524 E.
2886 4471 2997 4540 Ego
3039 4485 3249 4540 quoque
3291 4470 3363 4525 ita
3404 4469 3584 4526 sentio.
3618 4467 3672 4521 Α.

2123 4567 2294 4635 Quid?
2320 4567 2566 4620 virtutem
2612 4579 2823 4621 omnem
2868 4580 2994 4619 num
3039 4563 3338 4619 dubitamus
3385 4563 3523 4620 omni
3565 4560 3673 4617 vitio

2124 4660 2200 4714 sic
2221 4668 2564 4728 anteponere,
2592 4667 2650 4712 ut
2674 4658 2842 4714 virtus
2869 4665 3066 4727 quanto
3107 4655 3296 4711 melior
3333 4666 3493 4726 atque
3530 4653 3675 4708 subli-

2125 4750 2280 4814 mior,
2319 4759 2462 4804 tanto
2492 4749 2695 4805 ﬁrmior
2735 4749 3080 4818 invictiorque
3103 4747 3210 4801 sit?
3239 4745 3304 4800 Ε.
3334 4746 3466 4814 Quis
3494 4745 3675 4801 dubita-

2123 4842 2300 4898 verit?
2338 4843 2401 4897 A.
2421 4841 2606 4896 Nullus
2633 4842 2791 4912 igitur
2813 4840 3034 4896 vitiosus
3060 4839 3266 4894 animus
3291 4839 3489 4895 virtute
3519 4851 3674 4894 arma-
3705 4889 3708 4904 ,

2121 4943 2232 4991 tum
2273 4935 2508 4990 animum
2552 4941 2786 5003 superat.
2838 4931 2901 4985 E.
2952 4931 3297 4987 Verissimum
3347 4940 3448 4986 est.
3493 4929 3676 4984 AJam

2121 5041 2348 5096 corpore
2388 5025 2532 5080 omni
2574 5022 2915 5095 qualemlibet
2937 5027 3171 5077 animum
3209 5022 3484 5079 meliorem
3513 5028 3677 5092 poten-

2124 5119 2420 5188 tioremque
2449 5132 2585 5182 csse,
2606 5132 2710 5171 non
2740 5124 2788 5170 te
2817 5115 3046 5170 arbitror
3073 5121 3406 5184 negaturum.
3435 5111 3503 5167 E.
3532 5111 3677 5166 Nemo

2121 5209 2173 5266 id
2205 5216 2388 5279 negat,
2420 5207 2508 5278 qui
2539 5205 2700 5279 (quod
2739 5205 2894 5260 facile
2917 5204 3020 5273 est)
3046 5203 3189 5258 videt
3229 5210 3322 5258 aut
3352 5201 3677 5259 substantiam

2124 5299 2392 5355 viventem
2423 5313 2528 5352 non
2551 5297 2781 5360 viventi,
2803 5304 2894 5351 aut
2917 5310 3034 5350 eam
3060 5309 3177 5365 quae
3206 5305 3371 5348 vntam
3397 5293 3487 5348 dat
3509 5293 3555 5348 ei
3572 5304 3676 5362 qua

2124 5390 2336 5460 accipit,
2366 5403 2485 5445 esse
2505 5384 2909 5459 praaferendam.
2933 5385 2996 5439 Α.
3023 5383 3187 5440 Multo
3210 5382 3389 5438 minus
3413 5382 3563 5453 igitur
3580 5393 3677 5436 cor-

2183 5592 2196 5622 ¹
2219 5597 2266 5638 tn
2286 5591 2422 5650 prius
2437 5585 2646 5650 vulgatis
2674 5582 2928 5650 deest‘hic,
2952 5590 3027 5641 1.,
3054 5591 3107 5632 et
3138 5589 3244 5644 post
3264 5593 3434 5650 vocem

2117 5655 2219 5718 tum
2241 5639 2310 5701 sie
2340 5639 2609 5718 reponit'ur,
2653 5658 2706 5718 Α.
2753 5639 2981 5707 Utinam;
3014 5639 3282 5706 rursusque
3315 5639 3541 5694 omittitur
3561 5639 3610 5690 Α.
3629 5639 3674 5688 in

2115 5709 2221 5763 loco
2243 5709 2462 5776 proxime
2478 5711 2722 5774 sequenti.

2169 5766 2346 5886 ,ἶσώῖη
2369 5786 2467 5886 no.2
2486 5766 2641 5824 tamen
2677 5777 2890 5836 regnant.
2915 5768 3004 5820 sed
3028 5766 3206 5822 melius
3227 5767 3307 5819 alii
3325 5766 3455 5829 cdd,
3487 5766 3670 5831 ream:

2169 5852 2182 5886 ι
2203 5849 2272 5886 rce
2315 5848 2396 5886 me

2113 5845 2299 5888 5011in
2315 5847 2467 5887 ωθιιε.
3669 5845 3686 5882 Ἰ
