3824 6296
135 619 253 678 pus,
274 600 660 673 qualecumque
694 594 751 653 id
793 593 895 663 sit,
938 591 1171 648 animum
1196 586 1391 643 virtute
1416 580 1695 678 praeditum

136 673 297 752 vincit.
316 690 383 746 E.
413 688 886 747 Evidentissimum
914 692 1017 740 est.
1053 683 1116 736 Α.
1143 679 1321 750 Quid?
1359 675 1567 732 animus
1604 673 1694 742 ju-

134 798 253 853 stus,
271 797 525 853 mensque
544 782 632 852 jus
657 778 928 850 proprium
947 774 1333 846 imperiumque
1368 766 1693 830 custodiens,

136 895 248 939 num
274 883 446 948 potest
482 873 641 930 aliam
683 878 918 927 mentem
961 868 1077 940 pari
1116 866 1363 937 aequitate
1399 877 1463 917 ac
1503 860 1697 915 virtute

136 975 439 1042 Win,
463 980 530 1021 ex
551 977 675 1019 arce
696 960 946 1032 dejicere,
968 967 1128 1029 atque
1146 954 1351 1011 libidini
1378 949 1696 1021 subjugare?

138 1060 197 1116 Ε.
217 1057 362 1115 Nullo
386 1055 580 1116 modo;
608 1067 714 1108 non
740 1051 914 1108 solum
935 1056 1154 1121 propter
1171 1044 1413 1103 eamdem
1453 1043 1507 1096 in
1546 1050 1694 1096 utra-

139 1166 225 1223 que
247 1146 634 1212 excellentiam,
664 1142 760 1199 sed
786 1143 947 1200 etiam
976 1139 1119 1212 quod
1147 1154 1174 1193 a
1201 1137 1405 1209 justitia
1430 1135 1577 1205 prior
1603 1133 1699 1188 de-

137 1241 275 1309 cidet,
300 1238 499 1310 ﬁetque
522 1236 713 1291 vitiosa
738 1250 912 1302 mens,
942 1249 1060 1305 quae
1086 1232 1245 1288 aliam
1269 1228 1445 1286 facere
1474 1225 1694 1283 conabi-

139 1346 225 1403 tur,
253 1347 418 1404 eoque
444 1333 562 1402 ipso
586 1330 689 1386 erit
713 1328 995 1385 inﬁrmior.

194 1426 276 1482 2i.
296 1425 359 1480 Α.
382 1424 527 1479 Bene
547 1421 836 1492 intelligis;
860 1435 1024 1491 quare
1052 1415 1178 1472 illud
1202 1422 1367 1471 restat
1390 1420 1449 1468 ut
1472 1426 1694 1482 respon-

139 1521 264 1583 deas,
285 1519 327 1574 si
353 1525 526 1589 potes,
544 1525 720 1571 utrum
741 1514 835 1569 tibi
858 1511 1100 1568 videatur
1122 1507 1365 1565 rationali
1393 1514 1448 1561 et
1472 1503 1697 1575 sapienti

139 1619 293 1669 mente
325 1609 613 1683 quidquam
662 1623 781 1664 esse
825 1603 1186 1677 prmstantius.
1220 1600 1285 1654 E.
1318 1598 1459 1654 Nihil
1502 1606 1697 1669 praeter

139 1703 282 1759 Deum
320 1700 570 1755 arbitror.
610 1698 675 1751 Α.
725 1698 793 1752 Et
836 1711 954 1750 mea
993 1694 1092 1748 ista
1135 1690 1397 1746 sententia
1441 1697 1544 1744 est.
1589 1685 1697 1742 Sed

140 1794 360 1866 quoniam
394 1806 486 1847 res
513 1789 678 1845 ardua
714 1797 829 1854 est,
857 1801 1032 1857 neque
1059 1798 1198 1839 nunc
1224 1789 1520 1866 opportune
1547 1793 1694 1848 quac-

141 1857 273 1949 ritur,
310 1891 368 1939 ut
405 1882 473 1937 ad
513 1880 912 1952 intelligentiam
956 1878 1163 1942 veniat,
1193 1857 1493 1947 quanquam
1531 1871 1694 1928 robu-

145 1974 345 2030 stissima
374 1983 624 2029 teneatur
654 1971 777 2036 ﬁde,
806 1971 1007 2042 integra
1046 1967 1201 2022 nobis
1238 1967 1308 2021 sit
1347 1964 1504 2035 hujus
1545 1977 1695 2034 qua:-

144 2066 322 2134 stionis,
346 2066 574 2137 diligens
599 2074 654 2120 et
680 2073 834 2118 cauta
865 2060 1127 2116 tractatio.

143 2193 338 2251 CAPUT
358 2193 454 2251 XI.
472 2224 545 2237 -—
560 2193 711 2249 lens
729 2208 792 2247 ea:
815 2192 972 2247 libera
989 2192 1245 2246 voluntate
1265 2186 1461 2243 libidini
1482 2186 1698 2243 serviens

713 2284 922 2356 punitur
938 2286 1093 2354 iuste.

202 2419 253 2475 In
275 2419 563 2491 praesentia
590 2419 731 2474 enim
762 2418 900 2473 scire
925 2430 1209 2488 possumus
1234 2426 1582 2485 qumcumque
1610 2410 1696 2465 illa

148 2518 302 2567 natura
325 2510 432 2579 sit,
456 2525 614 2582 quam
643 2508 805 2564 menti
847 2508 1040 2562 virtute
1069 2504 1285 2576 pollenti
1311 2504 1387 2557 fas
1413 2510 1493 2557 est
1519 2500 1698 2556 excel-

146 2598 252 2669 lere,
276 2603 524 2673 injustam
565 2616 685 2657 essc
726 2599 871 2654 nullo
900 2597 1058 2653 modo
1086 2611 1263 2668 posse.
1299 2595 1475 2663 Quare
1502 2607 1569 2647 ne
1598 2593 1699 2646 ista

148 2694 360 2764 quidem,
405 2694 617 2751 tametsi
662 2693 855 2749 habeat
889 2684 1239 2764 potestatem,
1270 2696 1423 2759 coget
1463 2695 1699 2742 mentem

148 2787 320 2843 servire
354 2785 583 2842 libidini.
619 2784 681 2839 Ε.
713 2783 858 2839 Istud
897 2797 1115 2855 prorsus
1144 2796 1300 2836 nemo
1342 2786 1425 2833 est
1461 2778 1550 2849 qui
1593 2793 1703 2832 non

150 2875 242 2931 sine
262 2878 359 2933 ulla
383 2876 723 2933 cunctatione
746 2874 995 2930 fateatur.
1024 2873 1089 2927 Α.
1132 2872 1271 2943 Ergo
1301 2870 1616 2940 relinquitur
1642 2876 1702 2922 ut

150 2971 364 3040 quoniam
390 2969 634 3041 regnanti
658 2969 823 3024 menti
843 2966 1180 3038 compotique
1202 2962 1428 3030 virtutis,
1446 2959 1701 3032 quidquid

150 3074 227 3134 par
247 3071 329 3117 aut
356 3063 638 3135 praelatum
666 3069 776 3127 est,
801 3074 906 3114 non
936 3072 1052 3113 eam
1078 3054 1206 3111 facit
1232 3069 1439 3110 servam
1467 3050 1701 3107 libidinis

151 3163 335 3224 prepter
362 3152 655 3225 justitiam;
685 3148 938 3222 quidquid
981 3155 1157 3204 autem
1205 3146 1426 3201 inferius
1453 3152 1564 3211 est,
1593 3159 1703 3198 non

152 3245 293 3313 possit
325 3246 428 3303 hoc
455 3246 631 3300 facere
658 3250 877 3314 propter
906 3240 1267 3295 infirmitatem
1289 3279 1305 3306 ,
1330 3236 1465 3291 sicut
1489 3250 1551 3290 ea
1581 3249 1702 3304 quae

152 3333 265 3392 inter
286 3355 382 3394 nos
408 3337 764 3393 constiterunt
790 3334 1017 3400 docent;
1048 3332 1190 3387 nulla
1224 3344 1311 3385 res
1338 3329 1438 3385 alia
1468 3335 1704 3383 mentem

154 3427 428 3496 cupiditatis
452 3428 703 3483 comitem
739 3423 921 3491 faciat,
951 3438 1107 3495 quam
1136 3421 1350 3494 propria
1378 3418 1620 3474 voluntas
1649 3425 1704 3473 et

156 3514 348 3575 liberum
386 3517 684 3574 arbitrium.
716 3513 785 3569 E.
815 3513 959 3570 Nihil
985 3522 1091 3568 tam
1114 3510 1476 3568 necessarium
1500 3516 1704 3565 restare

156 3605 301 3665 video.

208 3697 286 3756 22.
311 3701 380 3756 Δ.
409 3700 662 3772 Sequitur
702 3698 813 3769 jam
854 3704 915 3751 ut
958 3694 1054 3751 tibi
1095 3692 1338 3749 videatur
1375 3692 1515 3762 juste
1556 3691 1703 3747 illam

151 3803 229 3861 pro
265 3803 483 3866 peccato
529 3799 675 3848 tanto
720 3804 905 3863 poenas
940 3787 1191 3859 pendere.
1236 3784 1304 3839 E.
1350 3784 1554 3854 Negare
1596 3798 1704 3839 non

151 3893 367 3951 possum.
397 3885 459 3940 Α.
487 3882 627 3953 Quid
652 3880 844 3953 igitur?
870 3878 1009 3935 Num
1043 3878 1145 3933 ista
1186 3879 1300 3948 ipsa
1344 3890 1500 3946 poena
1545 3889 1703 3945 parva

152 3976 473 4034 exisdmanda
499 3983 616 4043 est,
655 3972 795 4045 quod
825 3971 875 4028 ei
900 3970 1065 4026 libido
1090 3970 1410 4035 dominatur,
1439 3968 1705 4038 exspolia«

154 4074 345 4142 tamque
377 4069 588 4125 virtutis
615 4066 881 4138 opulentia
900 4108 914 4133 ,
942 4050 1039 4135 per
1064 4063 1273 4118 diversa
1300 4062 1512 4131 inopem
1546 4068 1706 4131 atque

155 4156 453 4234 indigentem
471 4159 654 4227 trahit,
682 4172 824 4213 nunc
853 4157 980 4210 falsa
1011 4170 1105 4226 pro
1129 4155 1270 4208 veris
1300 4152 1701 4223 approbantem,

156 4264 275 4309 nunc
303 4255 455 4309 etiam
480 4250 887 4307 defensitantem
909 4287 924 4311 ,
972 4259 1113 4299 nunc
1158 4243 1546 4313 improbantem
1587 4257 1706 4312 qua:

156 4354 288 4402 antea
314 4346 654 4417 probavisset,
680 4350 735 4398 et
759 4339 1099 4396 nihilominus
1136 4337 1190 4391 in
1222 4335 1323 4391 alia
1350 4335 1477 4389 falsa
1506 4336 1709 4390 irruen-

158 4444 280 4507 tem;
308 4455 443 4496 nunc
464 4436 827 4494 assensionem
869 4429 1279 4502 suspendentem
1307 4442 1454 4481 suam
1475 4469 1489 4495 ,
1521 4435 1574 4483 et
1598 4427 1710 4497 ple-

159 4541 357 4601 rumque
375 4528 678 4602 perspicuas
696 4522 1127 4607 ratiocinationes
1147 4517 1516 4576 formidantem
1537 4532 1552 4583 ;
1571 4532 1711 4571 nunc

160 4618 503 4694 desperantem
532 4621 598 4675 de
622 4627 733 4673 tota
760 4614 1067 4671 inventione
1103 4609 1365 4675 veritatis,
1389 4619 1442 4664 ct
1471 4607 1710 4663 stultitia:

162 4715 371 4771 tenebris
401 4715 613 4786 penitus
644 4710 1023 4774 inhaerentem;
1051 4719 1190 4760 nunc
1214 4711 1496 4758 conantem
1534 4702 1587 4756 in
1624 4701 1711 4755 lu-

164 4817 264 4861 cem
302 4805 656 4879 intelligendi,
683 4816 972 4873 rursusque
998 4796 1304 4868 fatigatione
1329 4795 1662 4851 decidentem
1693 4811 1706 4848 :

164 4907 267 4952 cum
290 4899 482 4955 interea
506 4895 852 4967 cupiditatum
884 4891 1014 4949 illud
1040 4905 1260 4961 regnum
1297 4889 1571 4960 tyrannice
1608 4902 1711 4942 sae-

168 4988 283 5059 viat,
302 5002 354 5048 et
378 4992 537 5048 variis
566 4986 954 5057 contrariisque
992 4980 1395 5053 tempestatibus
1423 4989 1593 5035 totum
1618 4978 1715 5035 ho-

167 5080 303 5138 minis
326 5084 559 5137 animum
586 5080 854 5148 vitamque
878 5074 1183 5145 perturbet,
1208 5072 1332 5127 hinc
1353 5073 1560 5135 timore,
1589 5070 1715 5126 inde

167 5168 437 5239 desiderio;
466 5174 589 5229 hinc
616 5169 904 5235 anxietate,
932 5166 1056 5222 inde
1077 5165 1218 5220 inani
1240 5165 1475 5235 falsaque
1498 5164 1710 5230 ltetitia;

167 5256 273 5318 hinc
293 5265 521 5319 cruciatu
547 5262 622 5317 rei
644 5260 855 5316 amissa:
874 5273 992 5329 qua:
1012 5256 1346 5328 diligebatur,
1372 5255 1493 5311 inde
1523 5255 1714 5311 ardore

165 5351 491 5424 adipiscendae
507 5368 626 5425 qua:
642 5366 747 5406 non
766 5348 1090 5413 habebatur;
1114 5345 1236 5400 hinc
1257 5355 1488 5416 acceptae
1509 5344 1725 5415 injuria}

166 5441 442 5516 doloribus,
473 5447 597 5503 inde
639 5445 840 5500 facibus
879 5441 1244 5498 vindicandae:
1292 5455 1716 5512 quaquaversum

167 5546 320 5604 potcst
343 5550 611 5596 coarctare
639 5536 858 5592 avaritia
885 5534 1147 5604 dissipare
1184 5533 1387 5587 luxuria
1408 5574 1423 5599 ,
1471 5533 1719 5588 addicere

168 5627 394 5698 ambitio,
438 5629 624 5685 inﬂare
658 5626 905 5701 superbia
927 5667 942 5693 ,
984 5633 1232 5694 torquere
1257 5622 1488 5690 invidia,
1516 5622 1718 5679 desidia

169 5720 392 5788 sepelire,
418 5719 709 5791 pervicacia
742 5714 1029 5782 concitare,
1058 5712 1313 5768 afﬂictare
1342 5712 1598 5781 subjectio
1618 5755 1631 5777 ,
1667 5721 1722 5768 et

171 5822 494 5884 quaecumque
517 5811 620 5867 alia
642 5807 1050 5866 innumerabilia
1071 5820 1296 5878 regnum
1323 5804 1465 5859 illius
1490 5804 1721 5861 libidinis

174 5897 490 5990 lrequentaut
515 5911 570 5962 et
590 5900 873 5961 exercent?
901 5913 1253 5973 possumusne
1281 5896 1494 5971 tandem
1525 5896 1720 5969 nullam

1488 461 1692 520 LIBER
1727 458 2003 521 PRIMUS.

3242 462 3380 523 “SS

1801 575 1960 633 istam
1989 592 2200 649 poenam
2240 587 2461 653 putare,
2502 595 2695 653 quam,
2734 588 2794 638 ut
2819 582 3030 651 cernis,
3068 596 3253 641 omnes
3288 584 3381 656 qui

1800 683 1908 723 non
1932 668 2197 727 inhaerent
2220 673 2514 744 sapientiae,
2537 686 2757 729 necesse
2784 681 2866 729 est
2890 674 3135 744 perpeti?

1870 758 1962 815 25.
2006 757 2073 814 E.
2118 760 2358 831 Magnam
2409 763 2622 834 quidem
2670 763 2825 820 istam
2869 778 3081 834 poenam
3128 779 3247 820 esse
3290 766 3380 836 ju-

1800 849 1922 905 dico
1944 892 1959 915 ,
2000 859 2055 906 ct
2094 854 2313 909 omnino
2330 854 2529 926 justam
2551 898 2566 923 ,
2596 856 2640 911 si
2682 856 2802 926 quis
2825 855 2934 926 jam
2965 855 3019 910 in
3057 855 3382 911 sublimitate

1800 942 2074 1012 sapientiae
2101 944 2408 1012 collocatus,
2437 946 2560 1003 inde
2587 947 2912 1004 descendere
2941 962 3005 1002 ac
3033 946 3236 1003 libidini
3266 962 3382 1003 scr-

1800 1034 1914 1109 vire
1941 1034 2197 1106 delegerit
2221 1054 2236 1088 :
2264 1035 2357 1092 sed
2384 1046 2555 1091 utrum
2579 1052 2697 1092 esse
2718 1038 2996 1108 quisquam
3021 1037 3191 1108 possit
3210 1039 3383 1094 inccro

1802 1137 1912 1183 tum
1940 1139 2039 1195 est,
2067 1130 2157 1200 qui
2187 1128 2302 1185 haec
2328 1136 2418 1183 aut
2444 1130 2665 1184 voluerit
2693 1130 2884 1199 facere,
2914 1140 3006 1185 aut
3033 1132 3176 1186 velit.
3201 1129 3381 1197 Quan-

1800 1236 1959 1292 quam
2009 1221 2151 1276 enim
2197 1222 2478 1276 credamus
2516 1219 2782 1277 hominem
2823 1230 2931 1277 tam
2971 1221 3201 1293 perfecte
3248 1238 3381 1278 con-

1802 1314 1972 1371 ditum
2024 1330 2052 1368 a
2099 1315 2231 1381 Deo,
2280 1323 2335 1369 et
2382 1315 2435 1368 in
2455 1313 2609 1368 beata
2658 1314 2762 1367 vita
2801 1315 3168 1376 constitutum.
3211 1323 3270 1369 ut
3314 1313 3384 1370 ad

1801 1420 2066 1461 aerumnas
2105 1405 2342 1461 mortalis
2382 1406 2507 1459 vitae
2553 1404 2666 1474 ipse
2710 1404 2832 1458 inde
2877 1406 3085 1474 propria
3111 1405 3381 1459 voluntate

1801 1495 2047 1566 delapsus
2076 1496 2175 1561 sit;
2217 1505 2389 1549 tamen
2422 1494 2525 1548 hoc
2545 1509 2666 1548 cum
2694 1491 2993 1547 firmissima
3024 1493 3124 1547 ﬁdo
3150 1504 3379 1559 teneam,

1802 1587 2146 1657 intelligentia
2184 1587 2419 1642 nondum
2462 1594 2738 1641 assecutus
2764 1599 2881 1639 sum
2911 1585 3098 1654 :cujus
3143 1586 3220 1639 rei
3262 1584 3383 1639 dili-

1800 1691 2011 1751 gentem
2042 1679 2459 1750 inquisitionem,
2492 1679 2537 1734 si
2565 1693 2704 1733 nunc
2729 1676 3070 1732 diil'erendam
3101 1686 3271 1746 putas,
3295 1690 3382 1732 me

1801 1773 1968 1827 invito
1996 1772 2144 1826 facis.

1800 1861 2027 1919 CAPUT
2075 1862 2188 1917 XII.
2215 1892 2284 1902 —
2305 1860 2541 1915 Mortalis
2577 1860 2691 1914 vita:
2727 1875 2899 1930 poenas
2927 1857 3010 1929 qui
3040 1856 3233 1913 libidini
3270 1873 3378 1912 ser-

1872 1957 2043 2020 viunt,
2075 1955 2250 2010 merito
2291 1956 2572 2026 patiuntur,
2594 1953 2790 2007 etiamsi
2834 1951 3083 2022 sapientes
3122 1967 3379 2021 nunquam

1872 2049 2077 2119 fuerint.

1872 2140 1960 2194 24.
1991 2139 2188 2195 Verum
2215 2137 2338 2194 illud
2366 2137 2507 2209 quod
2530 2150 2618 2192 me
2647 2135 2876 2191 maxime
2906 2142 3115 2201 movet,
3147 2148 3242 2188 cur
3278 2132 3380 2189 hu-

1796 2233 2092 2306 juscemodi
2120 2233 2489 2288 acerbissimas
2512 2243 2695 2301 pinnas
2717 2228 2977 2298 patiamur
2995 2241 3110 2287 nos,
3130 2226 3216 2296 qui
3239 2234 3383 2279 certe

1802 2325 1947 2380 stulti
1977 2339 2182 2389 sumus,
2204 2338 2302 2378 nec
2323 2323 2589 2392 sapientes
2616 2334 2845 2390 unquam
2873 2318 3085 2382 fuimus,
3113 2327 3169 2371 ut
3189 2317 3380 2371 merito

1804 2415 1919 2471 haec
1939 2416 2177 2471 dicamur
2201 2415 2399 2485 perpeti
2427 2421 2640 2484 propter
2659 2412 2924 2466 desertam
2946 2408 3151 2462 virtutis
3178 2422 3381 2471 arcem,

1804 2516 1859 2563 et
1887 2508 2109 2562 electam
2137 2505 2235 2560 sub
2263 2505 2479 2560 libidine
2521 2506 2856 2567 servitutem,
2886 2501 3011 2570 quin
3039 2499 3242 2568 aperias
3268 2497 3383 2551 dis-

1806 2599 2063 2669 putando,
2106 2597 2151 2653 si
2196 2597 2367 2663 vales,
2397 2596 2539 2649 nullo
2565 2594 2723 2649 modo
2754 2593 2847 2649 tibi
2873 2591 3217 2647 dill'erenduin
3261 2604 3382 2645 esse

1804 2688 2182 2746 concesserim.
2210 2688 2274 2741 Α.
2307 2687 2382 2742 Ita
2411 2687 2545 2741 istuc
2569 2685 2720 2751 dicis,
2748 2685 2896 2755 quasi
2922 2681 3118 2752 liquido
3142 2695 3385 2751 comper-

1806 2792 1917 2839 tum
1963 2783 2159 2838 habeas
2196 2795 2465 2852 nunquam
2493 2795 2589 2835 nos
2615 2777 2780 2833 fuisse
2822 2777 3124 2847 sapientes:
3150 2772 3379 2829 attendis

1806 2876 1949 2932 enim
1979 2884 2187 2945 tempus
2225 2888 2291 2928 ex
2325 2887 2428 2942 quo
2456 2872 2511 2925 in
2535 2870 2671 2925 hanc
2696 2869 2853 2923 vitam
2895 2868 3003 2925 nati
3045 2882 3246 2924 sumus.
3275 2866 3383 2924 Sed

1806 2983 1927 3025 cum
1970 2966 2229 3038 sapientia
2270 2966 2323 3019 in
2364 2963 2539 3019 animo
2576 2963 2676 3026 sit,
2705 2968 2879 3016 utrum
2909 2968 3031 3015 ante
3056 2960 3385 3015 consortium

1807 3059 1965 3130 hujus
1992 3058 2229 3128 corporis
2257 3056 2359 3111 alia
2387 3053 2614 3126 quadam
2639 3053 2746 3108 vita
2770 3051 2959 3106 vixerit
2981 3051 3208 3115 animus,
3238 3059 3292 3105 et
3313 3065 3384 3104 an

1807 3150 2087 3222 aliquando
2112 3149 2376 3220 sapienter
2403 3147 2622 3211 vixerit,
2650 3160 2838 3216 magna
2877 3144 3099 3215 quzestio
3124 3151 3239 3210 est,
3261 3158 3379 3198 ma-

1806 3258 1968 3314 gnum
1996 3248 2289 3306 secretum,
2316 3247 2371 3296 et
2406 3253 2504 3294 suo
2546 3234 2983 3294 considerandum
3022 3235 3138 3290 loco
3165 3252 3179 3287 :
3207 3249 3384 3305 neque

1807 3331 1929 3389 ideo
1954 3341 2129 3388 tamen
2170 3331 2273 3387 hoc
2306 3328 2449 3401 quod
2486 3343 2624 3384 nunc
2653 3327 2909 3383 habemus
2938 3328 2992 3381 in
3016 3326 3260 3382 manibus
3284 3326 3386 3380 im-

1807 3422 2033 3495 peditur,
2057 3421 2341 3493 quominus
2365 3420 2630 3490 aperiatur
2652 3427 2710 3473 ut
2733 3425 2924 3490 potest.

1877 3516 1969 3572 25.
2000 3516 2132 3571 Nam
2162 3530 2341 3586 quaero
2361 3512 2456 3568 abs
2481 3520 2553 3580 te,
2584 3511 2725 3566 sitne
2749 3510 2924 3581 aliqua
2950 3508 3101 3565 nobis
3115 3508 3382 3565 voluntas.

1809 3608 1881 3664 Ε.
1922 3607 2133 3666 Nescio.
2164 3609 2228 3663 Α.
2260 3609 2424 3664 Visne
2454 3607 2554 3662 hoc
2577 3605 2751 3662 scire?
2777 3605 2843 3659 E.
2872 3605 2938 3661 Et
2962 3604 3064 3660 hoc
3088 3603 3287 3660 nescio.
3315 3603 3384 3657 Α.

1810 3700 1950 3755 Nihil
1973 3715 2100 3770 ergo
2125 3699 2375 3769 deinceps
2399 3712 2485 3753 me
2505 3697 2819 3767 interroges.
2840 3694 2907 3749 E.
2936 3694 3150 3762 Quare?
3170 3694 3232 3747 Α.
3252 3692 3388 3760 Quia

1812 3792 2021 3864 roganti
2049 3792 2141 3847 tibi
2169 3789 2490 3860 respondere
2530 3804 2636 3844 non
2674 3787 2862 3853 debeo,
2896 3787 2999 3842 nisi
3022 3786 3219 3841 volenti
3249 3784 3389 3839 scire

1811 3884 1953 3955 quod
1973 3898 2148 3952 rogas.
2169 3882 2366 3937 Deinde
2390 3880 2490 3935 nisi
2510 3879 2639 3934 velis
2660 3877 2725 3933 ad
2746 3877 3055 3947 sapientiam
3079 3875 3382 3946 pervenire,

1812 3989 1991 4032 sermo
2029 3984 2198 4029 tecum
2219 3973 2285 4028 de
2313 3970 2614 4043 hujusmodi
2639 3970 2799 4026 rebus
2840 3984 2945 4023 non
2982 3977 3064 4022 est
3090 3965 3382 4025 habendus.

1810 4065 2089 4121 Postremo
2114 4079 2262 4119 meus
2287 4063 2486 4118 amicus
2513 4076 2632 4116 esse
2657 4075 2762 4116 non
2786 4059 3015 4130 poteris,
3047 4058 3145 4112 nisi
3169 4056 3300 4112 velis
3324 4066 3387 4112 ut

1810 4155 1947 4212 bene
1975 4155 2043 4209 sit
2066 4153 2214 4208 mihi.
2245 4152 2360 4208 .lam
2391 4166 2518 4207 vero
2546 4150 2613 4206 de
2643 4160 2693 4206 te
2718 4158 2773 4204 tu
2802 4150 2913 4220 ipse
2948 4147 3169 4213 videris,
3201 4153 3382 4203 utrum

1812 4247 1907 4303 tibi
1927 4246 2167 4301 voluntas
2196 4244 2337 4299 nulla
2366 4243 2437 4299 sit
2460 4242 2626 4296 beata:
2651 4241 2771 4296 vitae
2798 4249 2918 4294 tute.
2949 4237 3016 4293 E.
3046 4238 3257 4302 Fateor,
3282 4252 3377 4293 ne-

1811 4339 1923 4410 gari
1939 4352 2043 4393 non
2062 4345 2237 4407 potest
2252 4335 2447 4391 habere
2462 4349 2558 4389 nos
2582 4334 2902 4389 voluntatem
2930 4349 2943 4384 :
2970 4345 3129 4402 perge
3148 4331 3279 4401 jam,
3301 4331 3383 4385 vi-

1813 4428 2032 4484 deamus
2052 4426 2179 4497 quid
2202 4425 2325 4480 hinc
2345 4423 2611 4480 coniicias.
2636 4423 2696 4475 A.
2725 4420 2935 4476 Faciam
2960 4438 2973 4474 ε
2999 4420 3092 4475 sed
3114 4420 3196 4475 dic
3219 4420 3380 4475 etiam

1814 4522 1977 4593 prius,
2012 4528 2187 4574 utrum
2210 4526 2264 4574 et
2303 4517 2493 4575 bonam
2523 4516 2842 4570 voluntatem
2868 4523 2920 4570 te
2943 4513 3141 4569 habere
3166 4515 3387 4570 sentias.

1815 4612 1882 4667 E.
1901 4612 2035 4679 Quid
2063 4620 2138 4666 est
2166 4610 2299 4666 bona
2316 4609 2589 4663 voluntas?
2618 4607 2679 4660 Α.
2706 4606 2957 4661 Voluntas
2976 4606 3389 4676 quaappetimus

1817 4711 1962 4757 recte
1989 4701 2313 4769 honesteque
2345 4698 2553 4763 vivere,
2588 4706 2642 4750 et
2674 4695 2743 4750 ad
2771 4709 3032 4751 summam
3075 4695 3388 4767 sapientiam

1816 4792 2113 4863 pervenire.
2145 4790 2297 4846 Modo
2324 4798 2377 4843 tu
2404 4787 2525 4844 vide
2551 4796 2725 4843 utrum
2770 4796 2967 4842 rectam
3009 4786 3394 4859 honestumque

1819 4900 1925 4939 non
1952 4892 2168 4953 appetas
2195 4883 2351 4936 vitam
2373 4922 2386 4946 ,
2415 4889 2504 4935 aut
2530 4894 2650 4935 esse
2679 4878 2890 4949 sapiens
2915 4893 3022 4935 non
3046 4880 3392 4936 vehementer

1818 4975 1982 5040 velis,
2014 4982 2103 5029 aut
2143 4982 2287 5029 certe
2331 4987 2525 5043 negare
2564 4970 2793 5036 audeas,
2828 4985 2949 5025 cum
2975 4969 3091 5026 haec
3119 4971 3390 5033 volumus,

1819 5084 1919 5124 nos
1947 5067 2141 5122 habere
2162 5067 2485 5122 voluntatem
2505 5064 2722 5119 bonam.
2751 5060 2821 5116 E.
2844 5062 2985 5116 Nihil
3015 5061 3203 5117 horum
3233 5072 3389 5128 nego,

1820 5171 1872 5217 et
1917 5167 2194 5232 propterea
2235 5172 2321 5214 me
2361 5171 2466 5210 non
2511 5156 2681 5211 solum
2724 5154 3075 5217 voluntatem,
3103 5150 3197 5205 sed
3231 5149 3391 5203 etiam

1819 5252 2015 5308 bonam
2049 5249 2371 5304 voluntatem
2411 5247 2518 5313 jam
2563 5244 2760 5301 habere
2804 5241 3077 5297 conﬁteor.
3107 5239 3170 5291 Α.
3202 5236 3397 5303 Quanti

1822 5342 2026 5414 pendis,
2048 5356 2143 5396 oro
2173 5349 2246 5405 te,
2278 5338 2413 5393 hanc
2428 5335 2784 5393 voluntatem?
2808 5329 3191 5401 Numquidnam
3208 5330 3258 5384 ei
3288 5329 3395 5385 ulla

1823 5452 1888 5492 ex
1917 5443 2067 5506 parte
2093 5432 2331 5499 divitias,
2359 5438 2450 5485 aut
2476 5429 2705 5485 honores
2723 5469 2738 5494 ,
2763 5434 2854 5479 aut
2878 5423 3170 5491 voluptates
3206 5434 3396 5489 corpo-

1823 5529 1918 5595 ris,
1950 5536 2043 5582 aut
2082 5526 2196 5581 hmo
2236 5522 2394 5580 simul
2435 5521 2612 5576 omnia
2639 5513 2953 5573 conferenda
2984 5511 3295 5565 arbitraris?
3322 5508 3396 5565 E.

1824 5617 2088 5676 Averterit
2122 5618 2258 5671 Deus
2303 5615 2457 5668 istam
2486 5610 2795 5666 sceleratam
2831 5603 3173 5660 dementiam.
3202 5600 3265 5655 Α.
3298 5600 3401 5657 Pa-

1823 5724 2011 5769 rumne
2050 5724 2176 5781 ergo
2214 5703 2549 5779 gaudendum
2578 5710 2660 5757 est
2696 5698 2892 5753 habere
2931 5711 3029 5752 nos
3055 5696 3301 5767 quiddam
3342 5699 3396 5753 in

1769 5800 1777 5807 ’
1826 5804 2023 5866 animo,
2055 5801 2192 5855 hanc
2218 5801 2383 5869 ipsam
2408 5794 2528 5850 dico
2550 5793 2744 5848 bonam
2781 5790 3100 5845 voluntatem
3121 5830 3137 5855 ,
3164 5788 3217 5842 in
3247 5788 3401 5858 cujus

1828 5894 2225 5955 comparatione
2262 5886 2613 5965 abjectissima
2639 5883 2745 5941 sint
2771 5897 2832 5943 ea
2859 5896 2979 5973 quae
3013 5894 3402 5953 commemora.
