3822 6418
1982 409 2015 422 ,.,

1435 514 1519 571 DE
1552 513 1799 569 LlBEliO
1832 502 2177 577 ARBITRIO,
2215 504 2272 565 S.
2315 508 2675 567 AUGUSTINI

398 530 539 589 £235

396 632 589 709 vimus,
615 654 707 713 pro
732 636 922 711 quibus
944 626 1299 706 adipiscendis
1324 624 1712 685 multitudinem
1742 626 1982 681 videmus

396 738 674 807 hominum
701 730 877 788 nullos
902 724 1132 794 labores,
1160 720 1303 781 nulla
1335 718 1571 795 pericula
1603 719 1886 777 recusare?
1911 714 1976 775 Ε.

400 827 748 888 Gaudendum
776 836 923 891 vero,
945 832 1009 876 ac
1034 816 1342 891 plurimum.
1373 815 1440 871 Α.
1470 810 1646 883 Quid?
1668 813 1769 869 hoc
1789 812 1982 883 gaudio

401 924 490 998 qui
531 939 637 979 non
677 919 949 981 fruuntur,
996 926 1159 985 parvo
1201 912 1398 969 damno
1439 920 1535 965 eos
1572 905 1791 965 aﬂ’ectos
1828 914 1983 980 putas

403 1016 533 1071 tanti
564 1008 723 1070 boni?
746 1008 814 1063 E.
842 1008 954 1062 lmo
982 1000 1234 1060 maximo.

470 1105 561 1162 26.
592 1105 652 1159 Α.
687 1099 849 1157 Vides
868 1096 1026 1170 igitur
1051 1095 1158 1167 jam
1179 1136 1193 1162 ,
1222 1100 1281 1149 ut
1310 1088 1555 1148 existimo
1575 1132 1590 1156 ,
1626 1086 1679 1144 in
1716 1089 1986 1144 voluntate

405 1204 587 1255 nostra
627 1207 747 1250 esse
780 1189 1154 1254 constitutum,
1190 1191 1250 1240 ut
1277 1178 1381 1238 hoc
1405 1182 1489 1237 vel
1520 1178 1758 1238 fruamur
1783 1178 1867 1236 vel
1892 1194 1984 1235 ca-

405 1303 620 1349 reamus
648 1293 793 1342 tanto
813 1292 868 1341 et
893 1289 1001 1337 tam
1022 1292 1151 1336 vero
1170 1273 1333 1333 bono.
1357 1270 1495 1344 Quid
1520 1270 1659 1329 enim
1688 1281 1790 1328 tam
1814 1273 1866 1327 in
1891 1284 1987 1325 vo-

407 1387 627 1448 luntate,
649 1394 803 1452 quam
827 1375 939 1447 ipsa
960 1373 1204 1429 voluntas
1229 1368 1329 1425 sita
1354 1376 1437 1423 est
1453 1361 1556 1439 (a)?
1573 1362 1987 1452 Quamquisque

405 1492 523 1532 cum
546 1450 707 1527 habet
733 1470 947 1530 bonam,
968 1460 1021 1519 id
1040 1469 1185 1518 certe
1211 1454 1372 1513 habet
1395 1455 1537 1527 quod
1560 1450 1789 1511 terrenis
1815 1450 1989 1509 omni-

404 1569 507 1624 bus
544 1561 743 1635 regnis,
776 1552 1237 1625 voluptatibusque
1270 1547 1516 1604 omnibus
1548 1546 1789 1635 corporis
1831 1542 1987 1614 longe

410 1632 839 1722 anteponendum
867 1645 954 1701 sit.
984 1640 1233 1711 Quisquis
1263 1645 1436 1694 autem
1477 1650 1582 1692 non
1619 1632 1812 1699 habet,
1840 1639 1993 1688 caret

411 1746 650 1820 profecto
678 1741 763 1797 illa
791 1756 878 1804 re,
907 1750 1064 1809 quam
1097 1732 1515 1806 prmstantiorcm
1552 1726 1802 1820 omnibus
1817 1724 1997 1820 bonis

409 1814 464 1895 in
506 1842 766 1908 potestate
805 1837 985 1885 nostra
1013 1842 1119 1882 non
1150 1822 1478 1889 constitutis,
1509 1820 1621 1876 sola
1646 1814 1722 1908 illi
1747 1817 1992 1872 voluntas

411 1906 770 2000 per'seipsam
807 1918 975 1975 daret.
1004 1912 1183 1987 ltaque
1222 1926 1344 1969 cum
1378 1924 1438 1969 se
1477 1908 1590 1982 ipse
1634 1906 1991 1965 miserrimum

409 2016 637 2093 judicet,
670 2016 714 2070 si
743 2013 982 2070 amiserit
1008 2006 1291 2081 gloriosam
1318 2004 1515 2061 famam
1534 2047 1547 2069 ,
1576 2004 1814 2075 ingentes
1838 2015 1988 2093 opes,

413 2092 469 2169 et
505 2108 754 2181 qumlibet
792 2103 1028 2174 corporis
1056 2103 1229 2165 bona;
1263 2109 1316 2153 tu
1342 2113 1463 2153 eum
1497 2112 1603 2151 non
1634 2092 1993 2151 miserrimum

409 2198 707 2274 iudicabis,
741 2190 948 2251 etiamsi
987 2190 1176 2248 talibus
1205 2184 1435 2245 abundet
1468 2183 1745 2252 omnibus,
1776 2198 1897 2242 eum
1929 2186 1995 2243 iis

414 2294 641 2349 inhmret
660 2305 776 2362 qum
797 2289 1038 2344 amittere
1065 2282 1310 2341 facillime
1329 2289 1523 2354 potest,
1546 2294 1718 2352 neque
1736 2275 1862 2335 dum
1884 2280 2000 2336 vult

415 2384 608 2447 habet,
640 2386 783 2435 caret
809 2384 986 2434 autem
1016 2374 1149 2431 bona
1177 2374 1447 2430 voluntate
1464 2415 1478 2438 ,
1509 2384 1627 2443 quze
1652 2384 1752 2427 nec
1776 2382 1994 2439 compa-

416 2472 581 2530 randa
610 2480 692 2528 est
718 2484 838 2526 cum
872 2469 1017 2534 istis,
1040 2476 1093 2523 et
1111 2480 1230 2522 cum
1259 2462 1327 2520 sit
1356 2473 1463 2518 tam
1490 2474 1736 2532 magnum
1763 2460 1991 2528 bonum,

417 2567 555 2622 velle
577 2567 745 2621 solum
767 2577 901 2632 opus
921 2567 1021 2627 est,
1046 2568 1101 2615 ut
1124 2555 1415 2613 habeatur?
1437 2552 1499 2608 E.
1519 2552 1868 2610 Verissimum
1891 2554 1993 2607 est.

417 2656 483 2712 Α.
506 2638 633 2711 iure
664 2654 821 2722 igitur
846 2664 908 2706 ac
932 2649 1124 2705 merito
1153 2644 1298 2703 stulti
1328 2644 1592 2713 homines,
1618 2642 1826 2699 tametsi
1856 2656 2001 2697 nun-

417 2760 575 2818 quam
608 2744 817 2798 fuerunt
845 2738 1109 2811 sapientes
1130 2738 1253 2811 (hoc
1279 2738 1420 2792 enim
1446 2730 1665 2790 dubium
1685 2742 1738 2790 et
1752 2732 2000 2789 occultis-

418 2838 611 2893 simum
642 2832 779 2908 est),
808 2830 1169 2903 hujuscemodi
1204 2828 1506 2885 afﬁciuntur
1536 2820 1769 2883 miseria.
1799 2822 1863 2880 E.
1893 2826 1996 2880 As-

416 2929 635 2985 sentior.
982 2976 991 2980 -

417 3019 643 3077 CAPUT
689 3014 828 3074 Xlll.
859 3049 928 3059 —
962 3012 1232 3071 Voluntate
1273 3014 1427 3069 vitam
1469 3013 1696 3081 beatam,
1742 3012 2002 3069 uoluntate

947 3108 1179 3160 miseram
1221 3103 1467 3177 degimus.

486 3200 576 3256 27.
618 3199 681 3257 A.
727 3194 1016 3256 Considera
1056 3210 1198 3253 nunc
1238 3202 1415 3252 utrum
1464 3190 1559 3251 tibi
1596 3189 1839 3251 videatur
1878 3204 1999 3252 esse

418 3293 699 3364 prudentia
730 3291 1143 3363 appetendarum
1172 3296 1226 3345 ct
1250 3289 1581 3344 vitandorum
1618 3300 1795 3345 rerum
1827 3288 2003 3345 scien-

422 3385 512 3438 tia.
551 3378 617 3438 E.
654 3380 896 3438 Videtur.
937 3380 999 3435 A.
1045 3380 1218 3449 Quid?
1261 3376 1513 3435 fortitudo
1565 3394 1742 3436 nonne
1788 3378 1873 3436 illa
1917 3385 2001 3436 est

420 3475 612 3528 animae
641 3473 877 3539 all‘ectio,
906 3482 1006 3542 qua
1034 3471 1211 3525 omnia
1246 3469 1579 3526 incommoda
1605 3474 1660 3525 et
1682 3468 1874 3526 damna
1909 3482 2001 3528 re-

419 3576 537 3618 rum
563 3560 750 3619 nonin
776 3570 954 3617 nostra
984 3565 1245 3632 potestate
1270 3562 1673 3616 constitutorum
1701 3564 2000 3618 contemni-

420 3653 581 3711 mus?
610 3652 675 3709 E.
702 3650 777 3709 lta
808 3653 1073 3709 existimo.
1104 3650 1166 3707 A.
1196 3650 1363 3708 Porro
1407 3654 1750 3723 temperantia
1794 3661 1876 3710 est
1923 3655 2001 3709 af-

419 3747 579 3803 fectio
617 3756 870 3802 coercens
908 3753 962 3799 et
998 3742 1252 3800 cohibens
1296 3744 1584 3814 appetitum
1624 3744 1691 3800 ab
1736 3746 1799 3800 iis
1842 3746 2001 3801 rebus

419 3856 537 3914 quae
566 3838 791 3910 turpiter
816 3844 1136 3910 appetuntur
1164 3857 1177 3892 :
1206 3851 1271 3892 an
1307 3847 1359 3891 tu
1387 3837 1543 3892 aliter
1577 3838 1767 3908 putas?
1793 3836 1861 3893 E.
1889 3836 2001 3895 lmo

417 3937 490 3991 ita
513 3943 566 3991 ut
587 3932 719 3989 dicis
741 3930 931 3988 sentio.
953 3930 1013 3985 Α.
1033 3929 1148 3986 Jam
1172 3930 1426 4000 justitiam
1450 3930 1572 3999 quid
1599 3928 1834 3986 dicamus
1855 3944 1996 3996 esse,

416 4025 809 4082 nisi-virtutem
853 4038 954 4094 qua
999 4036 1093 4078 sua
1140 4020 1331 4091 cuique
1372 4018 1713 4075 tribuuntur?
1749 4019 1810 4076 E.
1850 4020 2000 4079 Nulla

419 4117 548 4174 mihi
586 4114 685 4172 alia
720 4110 938 4186 iustitia!
979 4114 1124 4169 notio
1155 4120 1255 4169 est.
1281 4111 1341 4167 Α.
1367 4110 1615 4184 Quisquis
1643 4126 1770 4185 ergo
1802 4115 1997 4172 bonam

416 4210 621 4265 habens
651 4207 1006 4273 voluntatem,
1037 4202 1104 4261 de
1132 4205 1284 4275 cujus
1313 4204 1624 4261 excellentia
1655 4205 1763 4275 jam
1793 4203 1880 4262 ditt
1915 4207 1998 4261 lo-

416 4300 650 4370 quimur,
678 4296 817 4353 hanc
841 4308 1002 4353 unam
1030 4295 1313 4351 dilectione
1341 4296 1694 4365 amplexetur,
1725 4310 1827 4367 qua
1858 4295 1997 4353 inte-

415 4391 518 4445 rim
544 4389 734 4446 melius
755 4388 887 4445 nihil
911 4387 1090 4455 habet,
1112 4384 1213 4443 hac
1232 4398 1350 4442 sese
1372 4384 1618 4454 oblectet,
1647 4385 1745 4443 hac
1768 4386 1999 4460 denique

413 4483 716 4552 perfruatur
752 4487 807 4537 et
845 4480 1103 4553 gaudeat,
1132 4478 1472 4537 considerans
1512 4492 1628 4536 eam
1664 4491 1717 4535 et
1753 4480 1998 4552 judicans

416 4585 612 4646 quanta
638 4576 736 4641 sit,
770 4586 1034 4646 quamque
1073 4575 1237 4630 invito
1276 4572 1349 4629 illi
1390 4574 1521 4644 eripi
1553 4573 1636 4630 vel
1670 4574 1866 4646 surripi
1903 4589 1996 4631 ne-

418 4674 610 4736 queat;
636 4676 763 4721 num
784 4658 1027 4721 dubitare
1050 4666 1343 4736 poterimus
1363 4664 1520 4721 istum
1546 4664 1813 4722 adversari
1839 4667 1997 4723 rebus

418 4756 665 4813 omnibus
684 4799 699 4823 ,
722 4752 846 4827 qua:
876 4758 1001 4814 huic
1029 4758 1118 4813 uni
1159 4759 1300 4815 bono
1343 4758 1572 4815 inimica:
1616 4761 1775 4815 sunt?
1801 4757 1866 4815 E.
1894 4760 1997 4816 Ne-

418 4859 573 4902 cesse
596 4853 677 4900 est
701 4847 918 4902 omnino
947 4858 1006 4902 ut
1032 4848 1362 4905 adversetur.
1388 4844 1451 4904 Α.
1472 4846 1693 4905 Nullane
1722 4849 1861 4905 hunc
1897 4865 1995 4920 pu-

418 4945 596 4992 tamus
620 4932 896 5005 prazditum
924 4949 1042 4992 esse
1063 4938 1358 5008 prudentia,
1382 4941 1469 5011 qui
1491 4938 1595 4995 hoc
1620 4938 1814 4996 bonum
1835 4953 1996 5010 appe-

418 5026 639 5084 tendum
661 5068 675 5093 ,
707 5034 761 5082 et
785 5025 997 5083 vitanda
1023 5043 1083 5084 ea
1114 5046 1230 5100 quae
1257 5029 1380 5087 huic
1415 5030 1626 5088 inimica
1666 5040 1789 5088 sunt
1819 5033 1995 5090 videt?

417 5118 489 5175 Ε.
514 5118 670 5174 Nullo
694 5115 856 5173 modo
878 5115 1009 5171 mihi
1038 5117 1245 5175 videtur
1268 5116 1369 5178 hoc
1393 5134 1549 5192 posse
1573 5120 1848 5195 quisquam
1879 5126 1995 5183 sine

414 5206 717 5281 prudentia.
748 5209 810 5264 Α.
844 5204 1008 5264 Recte
1038 5226 1050 5262 :
1080 5210 1173 5264 sed
1198 5226 1293 5265 cur
1316 5224 1420 5266 non
1449 5209 1571 5268 huic
1597 5212 1754 5269 etiam
1784 5214 1993 5272 fortitu-

417 5300 597 5357 dinem
625 5296 960 5356 tribuamus?
982 5297 1074 5354 llla
1099 5299 1293 5370 quippe
1318 5303 1493 5356 omnia
1518 5318 1634 5372 quae
1659 5305 1712 5359 in
1736 5314 1995 5376 potestate

415 5400 597 5449 nostra
624 5404 727 5447 non
760 5398 915 5456 sunt,
938 5400 1116 5446 amare
1141 5389 1240 5445 iste
1262 5404 1323 5445 ac
1350 5391 1559 5462 plurimi
1597 5394 1863 5452 testimare
1888 5414 1994 5454 non

416 5489 613 5554 potest.
641 5482 777 5553 Mala
816 5480 957 5537 enim
1003 5482 1272 5537 voluntate
1314 5488 1585 5551 amantur,
1618 5486 1702 5539 cui
1746 5495 1992 5558 tanquam

381 5570 645 5629 ‘inimica:
687 5571 1003 5629 charissimo
1050 5586 1147 5629 suo
1194 5566 1334 5628 bono
1380 5573 1592 5629 resistat
1638 5588 1854 5634 necesse
1890 5588 1990 5636 est.

418 5661 555 5718 Cum
604 5670 780 5717 autem
827 5670 935 5718 non
982 5672 1124 5718 amat
1166 5662 1314 5732 haec,
1353 5674 1458 5719 non
1499 5659 1642 5721 dolet
1681 5666 1909 5732 amissa,
1941 5676 1996 5726 et

419 5752 636 5808 omnino
664 5755 989 5821 contemnit;
1018 5752 1158 5826 quod
1192 5766 1325 5825 Opus
1359 5770 1477 5813 esse
1514 5754 1835 5815 fortitudinis
1857 5711 1994 5828 ,‘di-

421 5850 564 5898 ctum
592 5849 749 5912 atque
773 5858 1084 5902 concessum
1113 5858 1214 5903 est.
1248 5844 1312 5902 Ε.
1339 5844 1658 5908 'l'ribuamus
1684 5864 1812 5909 sane
1841 5872 1854 5908 :
1885 5866 1992 5910 non

459 5940 556 6012 ’(α)
578 5948 678 5999 vid.
700 5951 905 6002 iletract.
926 5950 1013 6004 lib.
1040 5955 1086 6018 l,
1109 5969 1213 6020 cap.
1237 5957 1287 6018 9,
1312 5973 1360 6007 n.
1384 5956 1432 6008 3.

3545 510 3683 572 ηπ

2093 624 2234 680 enim
2266 618 2503 694 intelligo
2527 634 2686 694 quem
2718 620 2910 680 fortem
2937 623 3116 681 verius
3140 624 3405 696 appellare
3431 629 3645 700 possim
3664 673 3682 701 ,

2092 730 2251 787 quam
2275 727 2402 772 eum
2431 714 2522 786 qui
2560 714 2723 771 rebus
2750 716 2815 772 iis
2841 726 2975 788 quas
2998 728 3172 788 neque
3209 724 3267 772 ut
3299 715 3683 790 adipiscamur,

2093 821 2268 880 neque
2308 817 2367 864 ut
2403 806 2739 864 obtineamus
2783 809 2836 865 in
2883 804 3038 865 nobis
3074 806 3237 865 situm
3273 818 3388 879 est,
3426 824 3594 884 aequo
3634 825 3686 873 et
3788 830 3789 849 ι

2092 900 2384 973 tranquillo
2409 900 2590 957 animo
2614 904 2795 969 caret;
2822 898 2963 973 quod
2994 901 3136 957 hunc
3167 902 3473 960 necessario
3508 902 3687 966 facere

2070 1000 2424 1066 compertum
2449 1002 2550 1049 εει.
2574 990 2638 1047 Α.
2666 990 2799 1049 Vide
2835 993 2943 1065 jam
2970 1004 3112 1050 nunc
3139 1003 3318 1051 utrum
3343 992 3409 1052 ab
3445 1010 3517 1055 eo
3557 1005 3683 1059 tem-

2093 1084 2389 1158 perantiam
2420 1082 2653 1140 alienare
2681 1081 2949 1159 possimus
2968 1128 2983 1153 ,
3010 1094 3130 1143 cum
3171 1098 3234 1142 ea
3273 1085 3344 1144 sit
3371 1089 3546 1146 virtus
3572 1108 3684 1165 quae

2094 1174 2342 1234 libidines
2382 1172 2615 1233 cohibet.
2648 1173 2786 1244 Quid
2826 1185 3001 1233 autem
3053 1182 3161 1233 tam
3206 1177 3485 1240 inimicum
3532 1181 3679 1243 bona
3788 1250 3789 1257 γ

2094 1268 2354 1324 voluntati
2388 1274 2470 1325 est
2506 1280 2664 1339 quam
2704 1264 2915 1323 libido?
2932 1266 3008 1323 Ex
3038 1281 3145 1341 quo
3170 1270 3408 1342 profecto
3438 1270 3681 1348 intelligis

2097 1361 2260 1416 istum
2292 1362 2447 1416 bonae
2473 1360 2760 1416 voluntatis
2789 1372 2900 1416 suae
2927 1367 3222 1417 amatorem
3260 1363 3520 1422 resistere
3544 1368 3678 1425 omni

2096 1450 2279 1520 modo,
2309 1461 2470 1522 atque
2498 1438 3106 1509 adversari‘libidinibus
3125 1496 3140 1520 ,
3168 1461 3225 1511 et
3252 1448 3371 1511 ideo
3396 1453 3519 1528 jure
3551 1466 3676 1516 tem-

2100 1552 2377 1615 parantem
2405 1541 2603 1599 vocari.
2631 1538 2700 1599 E.
2725 1542 2929 1616 Perge;
2959 1545 3243 1601 assentior.
3272 1545 3337 1600 Α.
3365 1542 3573 1605 iustitia
3594 1558 3673 1607 re-

2102 1645 2227 1705 stat,
2250 1649 2369 1708 qum
2392 1635 2661 1708 quomodo
2681 1634 2821 1693 desit
2844 1634 2967 1693 huic
2987 1637 3213 1705 homini,
3233 1650 3339 1694 non
3362 1652 3496 1696 sane
3515 1640 3673 1703 video.

2099 1726 2202 1796 Qui
2229 1728 2372 1784 enim
2400 1724 2561 1783 habet
2593 1728 2648 1783 et
2684 1725 2858 1799 diligit
2885 1726 3212 1785 voluntatem
3256 1729 3485 1799 bonam,
3511 1740 3564 1788 et
3584 1732 3672 1790 ob-

2099 1819 2242 1876 sistit
2270 1816 2369 1887 eis,
2392 1826 2450 1874 ut
2469 1814 2666 1874 dictum
2692 1826 2802 1885 est,
2833 1832 2952 1891 quae
2976 1818 3099 1876 huic
3125 1816 3338 1878 inimica
3364 1830 3522 1891 sunt,
3549 1824 3674 1881 male

2101 1911 2348 1985 cuiquam
2378 1909 2515 1967 velle
2540 1924 2647 1968 non
2669 1919 2862 1983 potest.
2887 1909 3141 1984 Sequitur
3164 1926 3294 1985 ergo
3319 1922 3378 1969 ut
3398 1915 3593 1972 nemihi
3605 1915 3673 1971 fa-

2101 2002 2210 2058 ciat
2250 2000 2532 2073 injuriam;
2565 2000 2708 2074 quod
2737 2003 2888 2059 nullo
2919 2012 3076 2076 pacto
3108 2014 3319 2075 potest,
3352 2000 3455 2062 nisi
3479 2006 3564 2078 qui
3589 2018 3673 2065 sea

2102 2096 2294 2165 cuique
2337 2094 2622 2151 tribuerit:
2654 2095 2757 2151 hoc
2793 2104 2970 2151 autem
3011 2094 3081 2152 ad
3116 2096 3378 2167 justitiam
3423 2100 3670 2168 pertinere

2103 2201 2226 2245 eum
2252 2187 2527 2257 dmum,
2556 2189 2883 2260 approbasse
2905 2198 2993 2257 te,
3018 2198 3250 2260 utpote,
3276 2190 3583 2247 mutuniati.
3608 2190 3670 2247 ε.

2104 2277 2219 2349 Ego
2242 2294 2370 2335 vero
2399 2280 2616 2335 memini
2643 2288 2701 2335 et
2724 2278 2899 2337 fateor
2928 2280 2985 2336 in
3021 2279 3123 2336 hoc
3151 2280 3397 2348 homine,
3424 2282 3511 2353 qui
3533 2297 3667 2337 suam

2105 2372 2297 2428 bonam
2337 2373 2663 2427 voluntatem
2712 2374 2886 2445 magni
2935 2372 3117 2446 pendit
3155 2382 3210 2429 et
3255 2372 3455 2446 diligit,
3495 2389 3668 2430 omnes

2105 2474 2332 2535 quatuor
2357 2463 2581 2521 virtutes
2607 2480 2728 2538 quae
2765 2465 2860 2522 abs
2900 2473 2953 2522 te
2990 2462 3148 2536 paulo
3184 2474 3339 2535 ante,
3373 2481 3455 2524 me
3491 2480 3665 2523 asseu-

2108 2557 2289 2626 tiente,
2312 2555 2593 2628 descriptae
2621 2564 2766 2626 sunt,
2788 2572 2909 2615 esse
2926 2567 3246 2629 compertas.

2175 2645 2265 2703 28.
2305 2646 2371 2703 Α.
2398 2646 2534 2717 Quid
2582 2648 2739 2721 igitur
2787 2644 3007 2719 impedit
3046 2664 3145 2704 cur
3188 2646 3337 2721 hujus
3371 2649 3516 2707 vitam
3555 2663 3653 2704 non

2107 2738 2463 2795 concedamus
2490 2754 2609 2795 esse
2636 2736 2999 2796 laudabilem?
3028 2732 3096 2794 Ε.
3126 2737 3269 2795 Nihil
3296 2754 3533 2810 prorsus;
3557 2738 3657 2795 imo

2108 2828 2390 2886 hortantur
2426 2831 2512 2887 vel
2565 2830 2722 2887 etiam
2766 2840 2960 2904 cogunt
3006 2830 3204 2889 omnia.
3235 2830 3302 2890 Α.
3330 2830 3662 2902 Quidlvitam

2107 2922 2359 2978 miseram
2388 2930 2611 2993 potesne
2635 2922 2748 2979 ullo
2772 2921 2931 2979 modo
2954 2940 3058 2980 non
3085 2922 3332 2997 judicare
3357 2918 3661 2998 fugiendam?

2107 3006 2175 3068 Ε.
2202 3010 2271 3069 Et
2293 3029 2613 3086 magnopere
2636 3012 2852 3087 quidem
2878 3012 3076 3087 judico,
3103 3014 3347 3089 nihilque
3371 3015 3503 3074 aliud
3523 3031 3663 3089 agen-

2106 3102 2234 3161 dum
2264 3102 2530 3161 existimo.
2560 3103 2625 3159 A.
2650 3105 2718 3161 At
2748 3105 3067 3163 laudabilem
3096 3123 3203 3163 non
3235 3105 3527 3183 fugiendam
3552 3125 3657 3180 pro-

2107 3192 2249 3253 fecto
2279 3208 2450 3268 putas.
2478 3194 2545 3252 E.
2568 3196 2705 3267 Quin
2731 3199 2893 3255 etiam
2919 3196 3267 3273 appetendam
3301 3198 3485 3259 sedulo
3506 3201 3660 3261 existi-

2107 3286 2307 3383 mo}.
2335 3286 2450 3383 Non
2479 3303 2606 3360 ergo
2643 3286 2837 3383 misera
2865 3298 3092 3383 estquae
3137 3288 3421 3347 laudabilis
3453 3291 3551 3383 vita
3573 3298 3697 3383 esg‘
3774 3336 3789 3383 η

2108 3372 2176 3431 Ε.
2196 3375 2304 3432 Hoc
2327 3378 2504 3449 utique
2525 3378 2784 3449 sequitur.
2800 3377 2864 3433 Α.
2884 3374 3024 3434 Nihil
3041 3379 3173 3451 jam,
3196 3391 3457 3452 quantum
3477 3372 3658 3453 opinor:

2108 3380 2176 3431 E.
2196 3380 2304 3432 Hoc
2327 3380 2504 3449 utique
2525 3380 2784 3449 sequitur.
2800 3380 2864 3433 Α.
2884 3380 3024 3434 Nihil
3041 3380 3173 3451 jam,
3196 3391 3457 3452 quantum
3477 3382 3658 3453 opinor,
3788 3380 3789 3383 “

2108 3466 2323 3526 difﬁcile
2366 3470 2459 3526 tibi
2510 3478 2567 3525 ut
2608 3470 2916 3528 assentiaris
2958 3472 3298 3544 relinquitur,
3330 3489 3446 3531 eam
3487 3380 3790 3611 scilicet

2108 3576 2228 3611 num
2270 3561 2461 3611 misera
2503 3577 2609 3611 non
2651 3572 2753 3611 est-
2782 3562 2990 3611 beatam
3020 3579 3139 3611 esse
3166 3562 3356 3611 vitam-
3390 3560 3447 3611 Ε-
3469 3560 3658 3611 Manife—
3788 3608 3789 3611 η

2108 3372 2176 3431 Ε.
2196 3375 2304 3432 Hoc
2327 3378 2504 3449 utique
2525 3357 2784 3449 sequitur.
2800 3377 2864 3433 Α.
2884 3357 3024 3434 Nihil
3041 3379 3173 3451 jam,
3196 3391 3457 3452 quantum
3477 3357 3790 3653 opino?

2108 3466 2323 3526 difﬁcile
2366 3470 2459 3526 tibi
2510 3478 2567 3525 ut
2608 3470 2916 3528 assentiaris
2958 3472 3298 3544 relinquitur,
3330 3489 3446 3531 eam
3487 3474 3663 3531 scilicet

2108 3576 2228 3632 quae
2269 3561 2461 3617 misera
2503 3577 2609 3617 non
2651 3572 2753 3631 est,
2782 3562 2990 3619 beatam
3020 3579 3139 3620 esse
3166 3562 3357 3622 vitam.
3386 3560 3447 3621 Ε.
3469 3560 3658 3653 Manife—
3724 3608 3790 3675 λ

2108 3653 2398 3709 stissimum
2421 3662 2524 3710 est.
2545 3653 2613 3708 Δ.
2638 3654 2819 3710 Placet
2842 3654 3005 3725 igitur
3032 3654 3245 3711 beatum
3272 3671 3401 3714 esse
3423 3657 3655 3713 hominem
3724 3653 3789 3713 ’Ἴ

2108 3740 2416 3799 dilectorem
2460 3744 2615 3800 bonae
2652 3745 2937 3802 voluntatis
2983 3761 3128 3814 suae,
3159 3757 3214 3807 ct
3244 3763 3361 3821 pra:
3396 3747 3475 3807 illa
3498 3759 3656 3804 conte-
3788 3746 3789 3793 ἶ

2108 3841 2377 3889 mncntem
2391 3834 2759 3906 quodcumque
2775 3833 2919 3891 aliud
2930 3835 3127 3893 bonum
3140 3836 3362 3909 dicitur,
3375 3840 3513 3910 cujus
3528 3834 3656 3893 amis.

2108 3923 2188 3979 sio
2205 3931 2379 3995 potest
2399 3922 2641 3980 accidere
2663 3924 2822 3981 etiam
2844 3940 2966 3982 cum
2980 3924 3228 3983 voluntas
3249 3928 3459 3987 tenendi
3482 3936 3660 3997 manet.

2108 4012 2176 4072 Ε.
2202 4016 2394 4086 Quidni
2424 4017 2659 4089 placeat,
2691 4033 2799 4090 quo
2834 4020 3108 4089 superiora
3137 4033 3256 4090 quas
3296 4021 3642 4085 concessimus,

2106 4110 2410 4166 necessario
2458 4110 2708 4167 trahunt?
2757 4111 2823 4167 A.
2870 4106 3014 4169 Bene
3064 4112 3326 4187 intelligis
3367 4133 3381 4170 :
3429 4109 3510 4170 sed
3548 4106 3644 4179 dic,

2106 4216 2308 4274 quaeso,
2353 4219 2529 4259 nonne
2579 4202 2773 4261 bonam
2805 4202 3127 4263 voluntatem
3166 4223 3327 4265 suam
3364 4206 3580 4279 diligere,
3606 4209 3661 4265 ei.

2105 4301 2213 4348 tam
2235 4295 2409 4365 magni
2432 4295 2697 4352 mstimare
2716 4311 2874 4370 quam
2890 4293 3089 4354 dictum
3109 4308 3213 4368 est,
3236 4301 3397 4356 etiam
3418 4298 3517 4372 ipsa
3536 4296 3650 4351 bona

2102 4384 2348 4440 voluntas
2373 4384 2488 4441 est?
2519 4382 2580 4440 Ε.
2605 4386 2799 4442 Verum
2828 4384 2979 4443 dicis.
3005 4386 3069 4442 Α.
3098 4388 3168 4445 At
3209 4391 3258 4446 si
3293 4391 3429 4447 hunc
3468 4382 3650 4444 beatum

2102 4484 2249 4531 recte
2269 4475 2588 4546 judicamus,
2618 4492 2793 4535 nonne
2818 4487 2963 4535 recte
2987 4477 3268 4551 miserum,
3293 4478 3380 4555 qui
3405 4478 3647 4536 contrariae

2102 4567 2389 4625 voluntatis
2413 4566 2533 4625 est?
2556 4564 2624 4624 E.
2649 4568 2980 4627 Rectissime.
3005 4566 3070 4627 Α.
3095 4568 3233 4643 Quid
3254 4588 3382 4646 ergo
3401 4580 3555 4629 causa
3577 4573 3649 4622 est

2101 4676 2197 4716 cur
2222 4656 2565 4717 dubitandum
2594 4668 2862 4734 putemus,
2889 4662 3097 4720 etiamsi
3124 4681 3392 4740 nunquam
3419 4671 3558 4719 antea
3573 4673 3649 4714 sa-

2100 4754 2308 4825 pientes
2346 4752 2575 4823 fuimus,
2607 4752 2878 4811 voluntate
2913 4770 3012 4811 nos
3056 4762 3230 4814 tamen
3274 4752 3570 4813 laudabilem
3605 4758 3651 4806 et

2097 4845 2309 4901 beatam
2338 4840 2500 4900 vitam
2521 4885 2537 4911 ,
2569 4842 2839 4902 voluntate
2867 4852 3071 4917 turpem
3101 4862 3166 4904 ac
3204 4848 3446 4904 miseram
3483 4839 3648 4900 mereri

2098 4952 2163 4994 ac
2186 4934 2381 5010 degere
2408 4935 2510 5013 (a)?
2529 4935 2597 4995 Ε.
2619 4935 2813 4994 Fateor
2836 4937 2943 4995 huc
2972 4938 3133 4996 certis
3158 4948 3213 4997 et
3236 4940 3449 4997 minime
3472 4948 3647 5007 negati.

2098 5029 2182 5089 dis
2205 5028 2366 5089 rebus
2392 5045 2512 5086 esse
2537 5036 2868 5102 pensatum.

2165 5119 2256 5178 l9.
2296 5118 2363 5176 Α.
2388 5115 2526 5176 Vide
2551 5121 2712 5177 etiam
2740 5120 2885 5179 aliud
2914 5140 2928 5176 :
2954 5135 3079 5178 nam
3125 5118 3284 5179 credo
3328 5133 3381 5183 te
3418 5113 3648 5176 memoria

2099 5220 2281 5267 tenere
2307 5226 2467 5282 quam
2492 5208 2783 5269 dixerimus
2805 5226 2925 5268 esse
2948 5211 3147 5269 bonam
3174 5212 3488 5269 voluntatem
3511 5226 3525 5262 :
3548 5205 3645 5278 opi-

2097 5316 2199 5359 nor
2226 5301 2390 5370 enim,
2420 5318 2485 5358 ea
2514 5301 2651 5358 dicta
2678 5308 2760 5359 est
2784 5318 2885 5377 qua
2912 5310 3054 5359 recte
3077 5308 3238 5378 atque
3258 5302 3471 5361 honeste
3489 5298 3645 5355 vivere

2097 5392 2416 5463 appetimus.
2438 5389 2506 5446 E.
2528 5389 2604 5447 ita
2629 5390 2865 5448 memini.
2888 5388 3120 5471 Agilone
3142 5395 3300 5468 igitur
3319 5390 3641 5455 voluntatem,
3694 5454 3703 5459 _

2097 5486 2142 5542 si
2184 5484 2323 5542 bona
2366 5485 2550 5542 itidem
2580 5484 2849 5544 voluntate
2887 5484 3167 5559 diligamus
3204 5498 3356 5561 atque
3382 5481 3644 5556 amplecta-

2097 5592 2237 5645 mur,
2269 5574 2534 5650 rebusque
2558 5576 2803 5633 omnibus
2822 5593 2956 5649 quas
2981 5574 3211 5637 retinere
3238 5594 3339 5635 non
3366 5575 3482 5648 quia
3505 5568 3640 5627 volu-

2097 5682 2217 5726 mus
2244 5681 2553 5742 pOssumus,
2580 5676 2999 5741 anteponamus;
3026 5678 3402 5744 consequenter
3423 5661 3521 5721 illa:
3543 5658 3638 5715 vir-

2098 5769 2260 5827 tutes,
2284 5769 2343 5816 ut
2363 5758 2498 5816 ratio
2518 5758 2718 5826 docuit,
2745 5761 2980 5819 animum
3011 5772 3242 5818 nostrum
3268 5754 3638 5823 inculcatam!

2097 5850 2297 5908 habere
2326 5850 2555 5921 idipsum
2585 5857 2667 5907 est
2694 5858 2845 5908 recte
2874 5849 3197 5927 honesteque
3224 5850 3419 5906 vivere:
3440 5838 3514 5909 ει
3539 5852 3633 5914 (ιω

2162 5961 2234 6026 (a)
2256 5963 2357 6013 vid.
2385 5970 2587 6016 netract.
2613 5962 2771 6024 lib.'l,
2794 5975 2899 6029 cap.
2924 5960 2973 6029 9,
2995 5979 3046 6016 n.
3068 5965 3115 6017 3.
