3822 6420
115 487 130 542 i
142 483 224 538 257

113 595 354 658 coniicitur
381 599 436 646 ut
456 583 698 658 quisquis
723 587 868 640 recte
891 578 1219 646 honesteque
1241 572 1356 629 volt
1377 572 1577 637 vivere,
1591 569 1638 623 si

117 695 157 750 id
177 705 228 746 se
247 685 373 744 velle
398 695 508 754 prae
535 677 806 749 fugacibus
831 673 984 728 bonis
1010 671 1158 736 velit,
1189 674 1501 737 asaequatur
1522 672 1642 718 tan-

118 796 202 840 tam
222 793 322 836 rem
347 784 485 832 tanta
510 769 787 832 facilitate.
813 775 874 822 ut
897 765 1027 822 nihil
1055 763 1197 819 aliud
1219 763 1270 818 el
1290 773 1449 832 quam
1475 760 1646 828 ipsum

119 874 229 929 velle
248 871 311 925 sit
333 865 526 924 habere
549 861 690 932 quod
714 859 882 915 voluit
899 859 999 928 (α).
1027 856 1094 911 E.
1119 855 1258 910 Vere
1279 852 1375 908 tibi
1402 851 1542 916 dico,
1559 845 1647 904 via

119 981 186 1024 me
224 960 456 1018 contineo
491 954 624 1026 quin
663 952 959 1008 etclamem
1001 948 1181 1004 laetitia
1201 986 1216 1012 ,
1259 951 1482 1014 repente
1518 937 1650 996 mihi

121 1058 274 1112 oborto
305 1060 407 1106 tam
444 1059 639 1118 uagam
657 1085 673 1112 ,
701 1052 758 1100 et
784 1051 896 1098 tam
923 1042 978 1098 in
1005 1039 1144 1096 facili
1168 1039 1457 1094 constituto
1485 1033 1647 1088 bono.

121 1143 324 1214 A.Atqui
350 1141 448 1198 hoc
476 1139 649 1208 ipsum
689 1118 934 1205 gaudium
956 1172 970 1196 ,
995 1129 1138 1201 quod
1175 1128 1332 1198 hujus
1371 1123 1496 1180 boni
1522 1121 1651 1177 ade-

105 1239 267 1310 ,ptione
299 1231 544 1303 gignitur.
572 1241 693 1284 etim
725 1223 1006 1293 tranquille
1031 1228 1088 1277 et
1112 1221 1292 1290 quiete
1326 1227 1486 1310 atque
1518 1227 1651 1270 con.

111 1307 286 1381 istanter
307 1321 457 1391 erigit
478 1318 739 1381 animum,
757 1314 911 1370 beata
932 1313 1038 1370 vita
1058 1311 1284 1366 dicitur:
1305 1307 1406 1362 nisi
1426 1314 1483 1360 tu
1499 1313 1655 1376 putas

123 1415 233 1470 aliud
266 1427 376 1470 esse
415 1411 573 1468 beate
601 1407 781 1464 vivere
799 1445 816 1474 ,
852 1417 1011 1474 quam
1037 1400 1186 1458 veris
1211 1398 1366 1454 bonis
1390 1396 1658 1463 certisque

126 1504 328 1576 gaudere.
353 1499 420 1556 E.
443 1499 518 1556 ita
544 1497 739 1556 sentio.

127 1593 307 1652 CAPUT
334 1590 468 1648 XIV.
498 1619 570 1632 —
593 1587 701 1644 Cur
738 1601 858 1658 ergo
903 1584 1054 1657 pauci
1094 1581 1309 1636 euadat!
1350 1577 1513 1644 tuti,
1543 1589 1660 1628 cum

615 1693 787 1734 eamea
814 1691 920 1732 om
941 1675 1110 1730 uelint.

179 1776 252 1833 50.
285 1775 344 1830 Δ.
371 1773 536 1830 Recte
566 1788 581 1828 :
609 1770 708 1827 sed
736 1782 996 1826 censesne
1029 1775 1348 1837 quamquam
1385 1759 1660 1820 hominum

131 1884 210 1924 non
233 1860 458 1924 omnibus
483 1864 662 1920 modis
682 1863 818 1918 velle
844 1870 1004 1931 atque
1029 1867 1213 1930 optare
1231 1857 1391 1910 vitam
1412 1850 1662 1910 beatam?

131 1960 176 2016 Ε.
195 1959 301 2028 Quis
327 1958 528 2014 dubitat
550 1969 768 2012 omnem
790 1952 1058 2008 hominem
1085 1947 1261 2004 velle?
1285 1945 1353 2000 Α.
1375 1944 1483 1999 Cur
1506 1943 1664 2014 igitur

131 2067 218 2106 eam
239 2066 332 2106 non
358 2049 728 2120 adipiscuntur
751 2044 975 2102 omnes?
1002 2043 1311 2098 Dixeramus
1335 2039 1476 2094 enim
1505 2046 1664 2108 atque

132 2151 394 2200 convenerat
415 2142 556 2196 inter
575 2154 698 2204 nos,
723 2139 994 2193 voluntate
1014 2134 1156 2190 illam
1179 2130 1374 2187 mereri
1393 2129 1659 2194 homines,

134 2235 350 2290 voluntate
368 2233 525 2290 etiam
547 2231 826 2295 miseram,
853 2236 909 2283 et
929 2228 1010 2285 sic
1035 2225 1232 2282 mereri
1261 2231 1321 2278 ιιι
1355 2220 1620 2289 accipiant
1645 2235 1659 2272 :

137 2341 240 2379 nunc
261 2339 376 2381 vero
398 2325 582 2381 existit
614 2322 796 2378 nescio
822 2335 942 2391 qua:
969 2317 1342 2388 repugnantia,
1371 2323 1425 2369 et
1452 2313 1553 2368 nisi
1579 2311 1666 2367 dl-

134 2414 311 2484 ligentet‘
345 2414 726 2484 dispiciamus,
761 2409 1072 2480 perturbare
1110 2407 1296 2461 nititur
1335 2404 1665 2475 superiorem

135 2515 210 2559 iam
232 2505 512 2576 evigilatam
550 2504 871 2572 ﬁrmamque
911 2501 1191 2556 rationem.
1219 2496 1497 2564 Quomodo
1522 2495 1664 2550 enim

136 2597 356 2652 voluntate
370 2598 601 2669 quisque
620 2595 866 2652 miseram
884 2593 1042 2648 vitam
1066 2591 1281 2660 patitur,
1298 2605 1418 2644 cum
1448 2589 1669 2642 omnino

134 2701 252 2742 nemo
287 2687 404 2744 velit
436 2687 642 2744 misere
678 2683 892 2742 vivere?
937 2683 1043 2739 Aut
1090 2680 1358 2751 quomodo
1400 2679 1668 2734 voluntate

135 2777 298 2833 beatam
321 2779 474 2838 vitam
505 2777 858 2847 consequitur
885 2775 1068 2840 homo,
1098 2788 1219 2828 cum
1250 2781 1355 2826 tam
1386 2773 1535 2826 multi
1563 2772 1667 2825 mi-

137 2868 213 2929 seri
243 2868 370 2934 sint,
400 2877 454 2926 et
480 2867 629 2924 beati
659 2881 846 2928 omnes
880 2879 999 2922 esse
1022 2863 1217 2918 velint?
1243 2864 1325 2916 An
1354 2877 1420 2916 eo
1455 2862 1665 2928 evenit,

136 2960 237 3026 quod
261 2959 389 3014 aliud
416 2969 502 3015 est
527 2958 674 3014 velle
704 2958 842 3014 bene
865 2964 958 3012 aut
982 2954 1142 3020 male,
1173 2952 1316 3007 aliud
1345 2953 1539 3007 mereri
1570 2953 1668 3006 ali-

136 3049 226 3117 quid
253 3065 336 3124 pcr
357 3049 552 3110 bonum
589 3048 675 3107 vel
706 3049 897 3106 malam
920 3045 1276 3102 voluntatem?
1301 3045 1434 3100 Nam
1472 3045 1544 3099 illi
1578 3045 1669 3114 qui

137 3136 238 3194 beati
262 3150 404 3205 sunt,
433 3155 570 3211 quos
605 3139 764 3194 etiam
795 3138 965 3194 bonos
991 3151 1112 3193 esse
1139 3145 1379 3205 oportet,
1409 3150 1513 3190 non
1542 3149 1670 3204 pro-

137 3239 271 3298 ptorea
306 3241 422 3288 sunt
451 3231 631 3296 beati,
667 3231 788 3300 quia
821 3229 974 3284 beate
1000 3229 1178 3282 vivere
1205 3227 1518 3291 voluerunt;
1549 3240 1669 3280 nam

137 3319 210 3376 hoc
231 3323 396 3379 volunt
419 3324 583 3378 etiam
611 3321 733 3376 ntali
765 3339 777 3376 :
805 3319 898 3374 sed
920 3319 1044 3389 quia
1070 3327 1234 3385 recte,
1259 3316 1398 3387 quod
1425 3317 1550 3370 ntali
1578 3332 1674 3370 no-

137 3409 236 3467 lunt.
260 3412 611 3480 Quamobrem
644 3410 776 3466 nihil
803 3411 994 3466 mirum
1019 3417 1100 3466 est
1120 3408 1262 3479 quod
1288 3409 1468 3466 miseri
1498 3407 1672 3461 homi-

139 3518 206 3558 nes
225 3522 316 3562 non
343 3507 714 3578 adipiscuntur
740 3503 880 3573 quod
909 3503 1114 3566 volunt,
1142 3501 1195 3556 id
1223 3512 1324 3567 est,
1357 3501 1568 3554 beatam
1594 3499 1675 3553 vi-

141 3601 232 3648 tam.
257 3595 376 3654 Illud
404 3597 547 3654 enim
583 3596 670 3651 cui
698 3609 880 3652 comes
907 3601 1020 3660 est,
1047 3601 1102 3647 et.
1133 3593 1246 3646 sine
1284 3606 1388 3661 quo
1425 3605 1487 3645 ea
1517 3605 1673 3644 nemo

139 3684 282 3756 dignus
306 3699 398 3756 est,
424 3703 700 3759 nemoque
727 3686 1046 3756 assequitur,
1073 3691 1219 3740 recte
1246 3683 1448 3738 scilicet
1471 3683 1671 3750 vivere,

138 3793 214 3833 non
238 3783 402 3838 itidem
431 3785 642 3838 volunt.
669 3780 778 3835 Hoc
803 3779 946 3835 enim
971 3786 1170 3832 interna
1199 3777 1280 3832 lex
1308 3777 1416 3841 illa,
1439 3775 1506 3830 ad
1524 3774 1675 3845 cujus

136 3874 569 3932 considerationem
602 3872 775 3930 redire
795 3872 904 3939 jam
935 3879 1144 3938 tempus
1179 3876 1288 3931 est,
1319 3868 1675 3922 incommuta-

139 3961 204 4016 bili
229 3967 498 4024 stabilitate
531 3965 801 4030 ﬁrmavit,
833 3971 889 4017 ut
920 3963 970 4016 in
998 3962 1267 4016 voluntate
1292 3961 1538 4014 meritum
1567 3960 1671 4026 sit;

138 4051 175 4105 in
198 4054 422 4114 beatitate
453 4068 637 4114 autem
667 4063 722 4110 et
747 4053 959 4110 miseria
987 4052 1259 4122 praemium
1286 4061 1444 4119 atque
1471 4051 1676 4120 suppli-

137 4147 244 4204 cium
269 4149 354 4224 (b).
379 4151 565 4223 Itaque
596 4163 715 4206 cum
745 4147 972 4201 dicimus
994 4145 1262 4200 voluntate
1288 4142 1533 4197 homines
1555 4155 1676 4196 esse

137 4239 320 4297 miseros
337 4285 350 4309 ,
380 4259 489 4300 non
520 4242 648 4300 ideo
674 4239 929 4304 dicimus,
960 4237 1102 4308 quod
1128 4235 1306 4291 miseri
1332 4249 1455 4290 esse
1478 4232 1674 4301 velint,

138 4331 207 4386 scd
227 4335 351 4404 quod
375 4335 428 4392 in
455 4351 518 4392 ea
546 4334 821 4390 voluntate
845 4338 1002 4394 sunt,
1024 4343 1182 4399 quam
1207 4328 1368 4382 etiam
1393 4327 1471 4381 eis
1500 4324 1678 4381 invitis

138 4421 311 4480 miseria
353 4435 610 4498 sequatur
653 4436 872 4480 necesse
909 4427 1010 4476 est.
1051 4418 1225 4487 Quare
1271 4422 1376 4471 non
1420 4425 1680 4486 repugnat

139 4518 362 4583 superiori
388 4517 607 4581 rationi,
635 4515 778 4586 quod
803 4514 987 4570 volunt
1017 4527 1205 4567 omnes
1230 4510 1366 4565 beati
1396 4525 1516 4564 esse
1535 4551 1549 4576 ,
1582 4522 1680 4563 nec

140 4617 357 4675 possunt;
386 4625 492 4670 non
540 4609 689 4666 enim
730 4606 912 4661 volunt
951 4617 1139 4659 omnes
1185 4608 1329 4656 recte
1362 4600 1562 4666 vivere,
1594 4600 1678 4653 cui

141 4698 210 4750 uni
229 4701 469 4758 voluntati
505 4701 616 4757 vita
655 4698 808 4754 beata
832 4696 1095 4752 debetur:
1118 4692 1220 4748 nisi
1244 4691 1369 4762 quid
1396 4690 1560 4746 habes
1582 4689 1679 4743 ad-

141 4799 290 4845 versus
310 4794 418 4849 inec
438 4792 638 4849 dicere.
663 4788 730 4843 E.
754 4788 866 4859 Ego
889 4801 1018 4841 vero
1044 4785 1193 4839 nihil.

139 4877 328 4940 CAPUT
365 4885 478 4941 XV.
505 4913 580 4926 —
604 4883 712 4938 Lex
733 4890 940 4944 ceterae,
979 4879 1060 4932 lex
1089 4873 1380 4947 temporalia
1405 4877 1456 4930 in
1482 4888 1605 4948 quos
1634 4881 1682 4928 et

649 4983 888 5045 quantum
907 4972 1123 5026 valeant.

193 5064 270 5119 δί.
305 5067 406 5123 Sed
431 5069 705 5123 videamus
722 5063 829 5136 jam
848 5063 1113 5135 quomodo
1137 5061 1251 5116 haec
1270 5060 1334 5115 ad
1355 5061 1677 5131 propositam

140 5150 256 5209 illam
301 5160 642 5228 quaestionem
689 5157 754 5212 de
782 5156 985 5212 duabus
1027 5153 1228 5224 legibus
1267 5151 1582 5208 referantur.
1615 5151 1678 5215 At

141 5239 262 5298 Fiat:
282 5248 370 5303 sed
395 5250 482 5304 dic
510 5249 639 5303 mihi
670 5247 834 5318 prius,
868 5256 1042 5300 utrutn
1076 5244 1162 5314 qui
1192 5252 1332 5298 recte
1358 5241 1536 5297 vivere
1560 5242 1681 5296 dili-

141 5331 216 5398 Βίι,
237 5349 396 5406 eoque
419 5337 492 5392 ita
515 5338 827 5404 delectatur,
859 5345 916 5392 ut
945 5350 1049 5390 non
1085 5335 1256 5394 solum
1282 5333 1330 5392 ei
1359 5342 1560 5390 rectum
1589 5334 1679 5403 sit,

141 5423 217 5476 sed
250 5428 402 5482 etiam
430 5429 582 5485 dulce
619 5437 778 5498 atque
815 5427 1124 5497 jucundum,
1157 5433 1296 5480 amet
1327 5425 1463 5479 hanc
1488 5427 1680 5496 legem,

141 5508 406 5588 habeatque
427 5522 812 5587 charissimam,
831 5535 930 5594 qua
947 5519 1088 5576 videt
1113 5511 1357 5574 tributam
1385 5534 1506 5576 esse
1532 5520 1685 5576 bonae

145 5601 368 5663 voluntati
407 5609 613 5665 beatam
662 5611 843 5675 vitam,
894 5609 1046 5664 malm
1091 5608 1371 5665 miseram?
1411 5609 1474 5664 E.
1527 5610 1683 5664 Amat

143 5697 332 5754 omnino
356 5715 418 5756 ac
442 5703 816 5759 vehementer:
846 5719 966 5758 nam
991 5705 1141 5759 istam
1173 5704 1338 5776 ipsam
1363 5715 1589 5773 sequens
1613 5702 1684 5760 ita
1704 5772 1718 5779 ι

192 5815 259 5940 ἱῗζ
396 5827 602 5930 ﬁght-aet.
627 5821 712 5873 lib.
741 5824 784 5883 i,
807 5836 911 5888 cap.
935 5825 985 5886 9,
1021 5837 1070 5875 ιι.
1095 5824 1142 5874 3.

1445 413 1656 512 uasti
1681 448 1954 514 minus.

3192 463 3330 524 1238

1749 569 1897 624 vivit.
1921 569 1983 625 Α.
2011 570 2182 639 Quid?
2203 575 2325 628 cum
2352 571 2490 629 hanc
2510 578 2672 640 amat,
2697 573 2950 633 mutabile
2972 573 3167 648 aliquid
3188 585 3332 644 amat

1751 673 1816 714 ac
1841 662 2151 731 temporale,
2192 675 2260 718 an
2289 663 2478 722 stabile
2502 675 2566 720 ac
2590 669 3010 737 sempiternum?
3038 665 3105 724 E.
3147 668 3330 728 Alter-

1752 765 1880 806 num
1921 766 2050 809 sane
2089 761 2248 825 atque
2285 755 2739 813 incommutabile.
2768 758 2831 814 A.
2879 757 3018 829 Quid
3057 757 3131 817 illi
3161 763 3250 834 qui
3274 763 3331 820 in

1754 845 1895 898 mala
1924 844 2198 900 voluntate
2224 859 2645 916 perseverantes,
2677 847 3024 906 nihilominus
3051 849 3189 908 beati
3215 861 3336 911 esse

1754 937 2006 1006 cupiunt?
2036 949 2324 1007 possentne
2349 953 2530 996 amare
2565 941 2722 996 istam
2762 938 2955 1014 legem,
2999 955 3102 1016 qua
3143 943 3334 1001 talibus

1756 1031 2062 1087 hominibus
2077 1030 2288 1086 miseria
2306 1033 2494 1088 merito
2509 1030 2850 1105 rependitur?
2880 1031 2942 1089 E.
2972 1030 3128 1091 Nullo
3153 1034 3336 1106 modo,

1758 1120 2004 1178 arbitror.
2035 1121 2100 1174 Α.
2128 1119 2337 1177 Nihilne
2364 1131 2542 1178 amant
2565 1119 2745 1180 aliud?
2772 1119 2839 1179 Ε.
2862 1120 2975 1181 lmo
2993 1122 3249 1197 plurima;
3272 1139 3340 1188 ea

1758 1210 1964 1269 scilicet
1987 1213 2040 1268 in
2064 1212 2256 1284 quibus
2283 1213 2634 1284 adipiscendis
2657 1215 2741 1271 vel
2762 1215 3052 1274 retinendis
3077 1217 3214 1274 maia
3242 1230 3337 1274 vo-

1760 1304 1937 1362 luntas
1959 1305 2046 1361 illa
2075 1307 2328 1377 persistit.
2369 1305 2434 1361 Α.
2475 1305 2676 1378 Opinor
2699 1317 2752 1364 te
2780 1307 2956 1366 dicere
2981 1307 3215 1378 divitias,
3243 1311 3344 1366 ho-

1761 1415 1942 1466 nores,
1972 1401 2289 1470 voluptates,
2319 1403 2377 1456 et
2413 1397 2856 1470 pulchritudinem
2886 1403 3143 1474 corporis,
3175 1411 3337 1460 cocto.

1764 1503 1929 1560 raque
1951 1491 2127 1544 omnia
2157 1504 2276 1560 quae
2299 1498 2523 1560 possunt
2547 1497 2602 1546 et
2627 1489 2864 1548 volentes
2890 1506 2995 1548 non
3020 1493 3260 1565 adipisci,
3288 1505 3343 1551 et

1765 1582 2008 1636 amittei'e
2035 1581 2205 1636 inviti.
2233 1580 2298 1635 E.
2323 1581 2423 1635 Ista
2448 1580 2562 1650 ipsa
2581 1589 2724 1636 sunt.
2753 1580 2816 1636 A.
2851 1578 2984 1636 Num
3011 1583 3123 1638 haec
3143 1594 3344 1640 aeterna

1765 1685 1887 1726 esse
1903 1683 2110 1737 censes,
2133 1686 2253 1726 cum
2279 1671 2532 1741 temporis
2553 1670 2866 1727 volubilitati
2888 1671 3066 1727 videas
3087 1673 3348 1728 obnoxia?

1767 1761 1835 1817 Ε.
1863 1762 1994 1830 Quis
2019 1763 2120 1818 hoc
2152 1763 2238 1819 vel
2259 1762 2689 1819 dementissimns
2718 1764 2980 1819 senserit?
3007 1763 3069 1818 Α.
3097 1762 3227 1820 Cum
3256 1764 3349 1837 igi-

1767 1861 1853 1908 tur
1866 1852 2203 1908 manifestum
2229 1855 2298 1908 sit
2322 1854 2454 1909 alios
2479 1868 2597 1909 esse
2624 1855 2866 1910 homines
2882 1864 3148 1911 amatores
3172 1870 3350 1912 rerum

1768 1955 2108 2012 seternarum,
2155 1947 2290 2001 alios
2325 1947 2716 2018 temporalium,
2763 1962 2990 2019 cumque
3037 1948 3168 2004 duas
3207 1947 3352 2020 leges

1767 2051 1888 2094 esse
1910 2038 2236 2105 convenerit,
2265 2051 2424 2093 unam
2455 2049 2728 2105 aeternam,
2771 2039 2926 2094 aliam
2969 2041 3349 2112 temporalem;

1768 2131 1816 2186 si
1847 2129 1972 2200 quid
1998 2131 2261 2200 aequitatis
2287 2131 2449 2200 sapis,
2480 2145 2612 2201 quos
2640 2131 2859 2185 istorum
2882 2130 3090 2201 judicas
3138 2141 3353 2189 acterna

1769 2223 1903 2294 legi,
1947 2236 2082 2293 quos
2128 2223 2408 2294 temporali
2457 2237 2577 2279 esse
2627 2221 2968 2279 subdendos?
3012 2223 3078 2279 E.
3123 2225 3256 2282 Puto
3299 2224 3356 2283 in

1769 2323 2017 2386 promptu
2045 2328 2167 2370 esse
2191 2314 2331 2385 quod
2357 2315 2583 2386 quieris:
2611 2330 2732 2370 nam
2755 2313 2940 2371 beatos
2966 2313 3085 2371 illos
3113 2318 3183 2372 ob
3205 2333 3354 2373 amo-

1771 2422 1888 2462 rem
1931 2407 2162 2477 ipsorum
2193 2413 2510 2461 aeternorum
2542 2405 2640 2461 sub
2669 2414 2863 2461 interna
2894 2405 3011 2477 lege
3039 2419 3199 2477 agere
3237 2407 3353 2464 cxi-

1771 2499 1965 2564 stimo;
1993 2500 2201 2555 miseris
2242 2511 2370 2554 vero
2405 2497 2713 2568 temporalis
2753 2497 3064 2568 imponitur.
3093 2499 3156 2552 Α.
3189 2497 3353 2555 Recte

1769 2591 1994 2660 iudicas,
2041 2590 2332 2646 dummodo
2378 2591 2505 2645 illud
2547 2591 2920 2646 inconcussum
2964 2599 3170 2659 teneas,
3211 2587 3358 2661 quod

1773 2681 2108 2751 apertissime
2127 2681 2239 2753 jam
2264 2682 2400 2737 ratio
2420 2681 2819 2748 demonstravit,
2845 2695 2936 2736 eos
2957 2681 3050 2752 qui
3074 2682 3357 2752 temporali

1774 2774 1875 2844 legi
1904 2775 2164 2840 serviunt,
2197 2786 2300 2828 non
2327 2788 2446 2829 esse
2467 2788 2624 2844 posse
2649 2772 2713 2829 ab
2741 2782 2935 2828 mterna
2958 2772 3185 2838 liberos;
3215 2771 3355 2828 unde

1774 2868 1951 2920 omnia
1982 2881 2099 2934 qua)
2131 2865 2272 2936 justa
2315 2871 2460 2933 sunt,
2504 2863 2749 2936 justeque
2798 2864 3087 2932 variantur,
3133 2864 3357 2936 erprimi

1776 2956 2005 3011 diximus
2030 2975 2042 3010 :
2069 2971 2161 3011 eos
2187 2972 2312 3012 vero
2342 2957 2429 3026 qui
2456 2957 2558 3027 legi
2585 2964 2797 3011 aeternae
2824 2971 2918 3027 pcr
2946 2957 3139 3012 bonam
3167 2955 3358 3015 volun-

1779 3055 1938 3102 tatem
1969 3048 2190 3113 haercnt,
2214 3047 2525 3118 temporalis
2553 3045 2683 3117 legis
2709 3062 2812 3101 non
2843 3045 3097 3120 indigere,
3128 3046 3276 3116 satis,
3301 3058 3359 3106 ut
3405 3045 3418 3055 ’

1777 3147 2015 3208 apparet,
2047 3138 2314 3208 intelligis.
2345 3136 2411 3192 E.
2441 3136 2621 3193 Teneo
2647 3138 2786 3208 quod
2812 3136 2962 3193 dicis.

1847 3232 1935 3286 3‘2.
1980 3233 2042 3285 A.
2082 3231 2239 3286 Jubet
2266 3231 2422 3302 igitur
2449 3240 2646 3286 acterna
2671 3231 2755 3286 lex
2788 3238 3027 3287 avertere
3064 3246 3303 3290 amorem
3329 3249 3360 3291 a

1778 3321 2179 3391 temporalibus,
2194 3329 2248 3376 et
2263 3336 2382 3376 eum
2399 3322 2710 3376 mundatum
2726 3325 3038 3378 convertere
3055 3322 3119 3378 ad
3136 3331 3361 3379 acterna.

1781 3413 1847 3468 Ε.
1881 3415 2037 3469 Jubet
2057 3427 2205 3469 vero.
2227 3417 2292 3467 Α.
2321 3413 2456 3479 Quid
2485 3413 2677 3468 deinde
2702 3426 2889 3470 censes
2910 3412 3258 3486 temporalem
3277 3415 3363 3489 ju-

1781 3505 1928 3569 bere,
1960 3504 2062 3559 nisi
2093 3513 2150 3559 ut
2178 3503 2293 3559 haec
2312 3519 2428 3574 qua:
2458 3504 2524 3558 ad
2555 3511 2764 3574 tempus
2787 3513 2964 3560 nostra
2992 3503 3094 3560 dici
3122 3518 3361 3581 possunt,

1780 3596 1993 3668 quando
2015 3597 2096 3652 eis
2122 3595 2362 3650 homines
2387 3593 2676 3665 cupiditate
2696 3591 2976 3663 inhaerent,
3005 3608 3070 3650 eo
3097 3596 3212 3667 jure
3235 3612 3360 3672 pos-

1781 3691 2011 3757 sideant,
2034 3705 2138 3761 quo
2161 3705 2259 3759 pax
2287 3698 2341 3744 et
2369 3689 2596 3743 societas
2625 3688 2857 3743 humana
2878 3698 3139 3757 servetur,
3171 3699 3364 3760 quanta

1783 3781 1836 3836 in
1868 3782 1953 3836 his
1980 3782 2140 3837 rebus
2164 3782 2363 3838 servari
2391 3780 2596 3851 potest?
2644 3779 2721 3834 Ea
2768 3790 2892 3835 sunt
2926 3786 3141 3835 autem:
3170 3780 3362 3851 primo,

1782 3872 1885 3928 hoc
1913 3888 2124 3942 corpus,
2174 3881 2227 3926 ct
2268 3872 2383 3942 ejus
2426 3887 2546 3944 quae
2590 3881 2843 3927 vocantur
2872 3873 3030 3937 bona,
3064 3880 3120 3925 ut
3161 3872 3363 3943 integra

1783 3962 2047 4028 valetudo,
2081 3978 2302 4018 acumen
2333 3978 2604 4027 sensuum,
2654 3962 2815 4029 vires,
2847 3961 3208 4032 pulchritudo,
3233 3971 3290 4017 et
3316 3963 3364 4020 si

1784 4069 1884 4125 qua
1908 4062 2262 4118 suntcaetera,
2294 4051 2486 4124 partim
2528 4051 2830 4107 necessaria
2868 4052 3022 4108 bonis
3057 4050 3280 4121 artibus,
3308 4062 3366 4112 et
3405 4087 3407 4090 έ

1784 4145 1905 4200 idco
1928 4145 2090 4214 pluris
2121 4143 2411 4216 pensanda,
2445 4142 2636 4214 partim
2663 4141 2869 4196 viliora.
2899 4141 3100 4206 Deinde
3119 4142 3363 4209 libertas,

1786 4256 1904 4310 qum
1945 4237 2159 4308 quidem
2204 4236 2344 4290 nulla
2389 4251 2512 4291 vera
2555 4243 2656 4303 est,
2708 4235 2810 4290 nisi
2851 4233 3150 4302 beatorum,
3180 4235 3366 4307 etlegi

1786 4340 1999 4386 acterna:
2023 4329 2440 4384 adhaerentium:
2471 4326 2564 4383 sed
2593 4342 2710 4384 eam
2733 4341 2873 4384 nunc
2893 4327 3190 4386 libantem
3211 4343 3362 4388 com-

1787 4438 2050 4490 memoro,
2081 4438 2184 4494 qua
2211 4438 2268 4478 se
2295 4421 2489 4477 liberos
2517 4429 2705 4492 putant
2733 4421 2821 4490 qui
2845 4419 3091 4477 dominos
3118 4419 3365 4479 homines

1787 4533 1892 4572 non
1924 4515 2138 4581 habent,
2175 4525 2228 4569 et
2253 4529 2406 4586 quatn
2439 4511 2737 4567 desideraui
2768 4512 2802 4564 ii
2828 4511 2918 4582 qui
2951 4527 2980 4567 a
3010 4510 3242 4570 dominis
3265 4512 3366 4568 lio-

1787 4608 2018 4663 minibus
2044 4604 2345 4660 manumitti
2373 4591 2576 4658 volunt.
2611 4601 2811 4660 Deinde
2841 4611 3108 4672 parentes,
3148 4603 3364 4672 fratres,

1788 4699 2006 4767 conjux,
2041 4697 2212 4764 libcri,
2252 4693 2555 4767 propinqui,
2583 4691 2788 4758 afﬁnes,
2815 4693 3127 4761 familiares,
3167 4704 3223 4752 et
3245 4697 3368 4767 qui-

1789 4806 2015 4862 cumque
2042 4789 2193 4844 nobis
2219 4789 2391 4857 aliqua
2424 4785 2811 4842 necessitudine
2833 4785 3068 4858 adjuncti
3087 4796 3230 4843 sunt.
3253 4787 3369 4858 Ipsa

1725 4950 1728 4952 γ
1789 4887 2015 4956 denique
2043 4883 2247 4948 civitas,
2281 4896 2397 4951 quae
2423 4879 2659 4949 parentis
2683 4879 2801 4934 loco
2831 4876 3014 4934 haberi
3058 4875 3224 4947 solet;
3270 4880 3370 4935 ho-

1791 4994 1947 5038 nores
1973 4977 2132 5032 etiam
2159 4984 2216 5030 et
2242 4974 2447 5038 laudes,
2471 4981 2526 5028 et
2551 4987 2615 5028 ea
2639 4988 2760 5042 qua:
2787 4972 2982 5028 dicitur
3003 4974 3170 5044 gloria
3199 4983 3368 5044 popu-

1791 5071 1939 5125 laris.
1977 5069 2057 5124 Ad
2089 5075 2382 5124 extremum
2413 5065 2653 5135 pecunia,
2685 5080 2790 5134 quo
2818 5080 2925 5120 uno
2954 5066 3170 5121 nomine
3193 5063 3367 5117 conti-

1791 5169 1983 5226 nentur
2012 5160 2186 5216 omnia
2215 5172 2438 5229 quorum
2460 5155 2580 5227 jure
2607 5157 2806 5212 domini
2834 5173 3036 5223 sumus,
3060 5167 3114 5212 et
3141 5169 3367 5225 quorum

1791 5256 2191 5312 vendendorum
2213 5261 2302 5306 aut
2325 5249 2692 5308 donandorum
2724 5251 2923 5306 habere
2943 5250 3260 5318 potestatem
3281 5245 3368 5299 νι-
3434 5249 3444 5261 ’

1794 5350 2004 5406 demur.
2037 5348 2234 5403 Horum
2279 5346 2516 5400 omnium
2559 5339 2999 5414 quemadmodum
3031 5336 3114 5394 lex
3158 5338 3242 5396 illa
3270 5352 3367 5393 sua

1792 5443 1985 5512 cuique
2007 5438 2309 5504 distribuat,
2335 5436 2546 5492 difﬁcile
2572 5444 2626 5491 et
2651 5435 2862 5503 longum
2893 5439 2974 5485 est
2997 5429 3280 5498 explicare,
3313 5438 3369 5483 et

1795 5536 1952 5606 plane
1972 5532 2039 5588 ad
2061 5532 2113 5588 id
2133 5529 2274 5602 quod
2299 5528 2676 5602 proposuimus
2698 5536 2806 5580 non
2825 5518 3202 5576 accusandum.
3228 5518 3372 5574 Satis

1797 5635 1878 5680 est
1906 5625 2045 5678 cnim
2074 5622 2252 5677 videre
2277 5636 2381 5674 non
2411 5620 2543 5672 ultra
2571 5613 2761 5684 porrigi
2795 5610 2944 5678 hujus
2974 5607 3103 5676 legis
3132 5615 3368 5676 potesta-

1803 5727 1907 5770 tem
1953 5715 2004 5768 in
2044 5709 2381 5773 vindicando,
2421 5720 2575 5776 quam
2604 5710 2662 5755 ut
2705 5701 2818 5753 lucc
2846 5698 2925 5752 vel
2955 5697 3150 5766 aliquid
3181 5697 3369 5752 horum

1795 5806 1996 5860 adimat
2032 5816 2192 5872 atque
2236 5799 2440 5855 auferat
2475 5796 2525 5849 ei
2564 5795 2722 5862 quem
2768 5790 2935 5857 punit.
2978 5787 3115 5843 Metti
3155 5791 3372 5844 coercet

1796 5909 1946 5966 ergo,
1973 5903 2028 5950 et
2055 5893 2122 5947 ad
2150 5892 2199 5947 id
2234 5889 2374 5962 quod
2402 5886 2530 5953 vult,
2573 5887 2780 5951 torquet
2806 5889 2870 5936 ac
2910 5883 3177 5950 retorquet
3204 5877 3369 5934 mise-
