3822 6452
441 456 581 514 1239

437 584 625 627 rerum
670 568 897 632 animos,
945 562 1134 634 quibus
1181 561 1426 632 regendis
1471 557 1869 615 accommodata
1912 563 2015 610 est.

437 664 575 720 Dum
603 662 745 717 enim
774 658 890 714 hmc
926 657 1172 713 amittere
1201 656 1405 722 timent,
1438 662 1619 709 tenent
1658 652 1713 707 in
1750 650 1834 706 his
1859 657 2018 704 uten-

439 755 524 810 dis
551 751 836 826 quemdam
877 751 1094 806 modum
1128 757 1309 819 aptum
1336 746 1546 802 vinculo
1574 744 1820 809 civitatis,
1847 741 2018 813 qualis

432 862 507 904 ex
535 843 902 916 hujuscemodi
933 841 1232 898 hominibus
1267 839 1516 896 constitui
1544 845 1737 908 potest.
1765 835 1880 891 Non
1920 849 2017 888 an-

437 946 550 994 tem
575 937 845 993 ulciscitur
884 941 1158 1005 peccatum
1196 947 1318 987 cum
1347 938 1591 986 amantur
1618 929 1738 993 ista,
1775 925 1870 981 sed
1897 940 2018 981 cum

436 1029 560 1084 aliis
587 1042 681 1100 per
717 1025 1108 1096 improbitatem
1137 1022 1467 1079 auferuntur.
1509 1018 1867 1088 Quamobrem
1895 1015 2019 1071 vide

438 1128 618 1175 utrum
635 1118 745 1188 jam
774 1123 1088 1187 perventum
1114 1115 1184 1170 sit
1207 1114 1276 1169 ad
1313 1113 1368 1168 id
1395 1112 1538 1184 quod
1575 1110 1836 1165 infinitum
1862 1114 2016 1178 puta-

433 1209 554 1265 bas.
595 1209 998 1264 lnstitueramus
1036 1206 1180 1261 enim
1219 1219 1479 1275 quaerere,
1525 1210 1784 1272 quatenus
1826 1198 2020 1254 habeat

432 1301 522 1372 jus
547 1300 840 1357 ulciscendi
867 1315 929 1356 ea
965 1300 1049 1354 lex
1087 1314 1188 1370 qua
1225 1299 1408 1370 populi
1448 1295 1645 1352 terreni
1671 1295 2018 1363 civitatesque

434 1391 815 1467 gubernantur.
840 1390 905 1445 E.
938 1389 1109 1446 Video
1138 1398 1469 1459 perventum.

508 1484 594 1539 35.
636 1482 700 1536 Α.
743 1481 903 1537 Vides
923 1495 1050 1550 ergo
1078 1480 1237 1535 etiam
1263 1478 1413 1546 illud,
1440 1477 1584 1548 quod
1615 1489 1770 1548 ptena
1795 1490 1901 1531 non
1926 1490 2016 1532 es-

435 1582 539 1638 set,
562 1573 672 1628 sive
701 1588 817 1643 quw
841 1586 938 1642 per
967 1571 1229 1641 injuriam,
1263 1571 1375 1626 sive
1398 1585 1517 1640 qua:
1540 1583 1634 1639 per
1652 1569 1812 1624 talem
1842 1568 2018 1623 vindi-

433 1675 576 1720 ctam
606 1664 828 1718 infertur
858 1663 1180 1729 hominibus,
1206 1663 1252 1719 si
1277 1677 1368 1718 eas
1385 1676 1475 1718 res
1493 1677 1612 1732 qua:
1640 1661 1804 1716 invito
1823 1661 2017 1716 auferri

431 1764 678 1827 possunt,
712 1771 816 1809 non
854 1755 1128 1809 amarent?
1157 1753 1222 1807 E.
1256 1754 1312 1809 ld
1334 1769 1544 1824 quoque
1569 1753 1745 1808 video.
1785 1753 1850 1806 A.
1882 1751 2017 1808 Cum

430 1849 592 1918 igitur
612 1847 815 1903 eisdem
841 1847 1000 1902 rebus
1021 1848 1155 1902 alius
1180 1849 1340 1912 male,
1373 1846 1509 1900 alius
1547 1847 1684 1901 bene
1725 1855 1932 1911 utatur;
1963 1855 2018 1900 et

428 1939 480 1993 is
514 1939 727 2010 quidem
757 1939 844 2009 qui
874 1940 1032 2006 male,
1061 1953 1242 1993 amore
1267 1938 1348 1992 his
1373 1938 1629 1992 inhaereat
1651 1946 1811 2007 atque
1836 1937 2018 2007 impli-

431 2039 602 2097 cetur,
635 2030 836 2085 scilicet
856 2028 1094 2088 subditus
1119 2029 1197 2085 eis
1225 2029 1384 2084 rebus
1407 2044 1538 2098 quas
1566 2029 1615 2083 ei
1638 2027 1878 2083 subditas
1897 2043 2018 2085 csse

430 2122 730 2192 oportebat,
774 2131 826 2177 et
852 2137 913 2178 ea
941 2123 1078 2177 bona
1109 2122 1210 2177 sibi
1251 2122 1595 2188 constituens,
1638 2119 1830 2193 quibus
1867 2123 2018 2178 ordi-

427 2212 621 2268 nandis
658 2211 898 2282 beneque
929 2212 1215 2267 tractandis
1253 2213 1367 2282 ipse
1412 2227 1532 2268 esse
1573 2213 1753 2284 utique
1799 2212 2019 2271 deberet

431 2303 666 2358 bonum:
690 2303 781 2357 ille
805 2309 980 2358 autem
1007 2304 1097 2374 qui
1123 2313 1268 2360 recte
1295 2303 1381 2358 his
1405 2305 1587 2372 utitur,
1624 2306 1869 2361 ostendat
1897 2307 2015 2376 qui-

427 2394 550 2451 dem
575 2396 714 2450 bona
743 2411 883 2461 esse,
920 2396 1014 2452 sed
1043 2412 1152 2452 non
1182 2398 1312 2464 sibi;
1341 2413 1445 2452 non
1475 2398 1618 2454 enim
1653 2414 1776 2454 eum
1816 2400 2016 2455 bonum

429 2487 772 2542 melioremve
813 2487 1036 2554 faciunt,
1067 2487 1160 2543 sed
1183 2488 1252 2543 ab
1279 2503 1344 2543 eo
1372 2489 1547 2558 potius
1577 2488 1712 2543 ﬁunt
1742 2507 1755 2542 :
1799 2497 1854 2544 et
1895 2491 2016 2547 ideo

422 2592 535 2632 non
564 2579 642 2633 eis
667 2593 849 2634 amore
875 2580 1248 2649 agglutinetur,
1279 2595 1451 2649 neque
1491 2580 1638 2636 velut
1665 2582 1902 2637 membra
1930 2585 2013 2639 sui

423 2669 592 2724 animi
622 2668 798 2735 faciat,
825 2669 965 2740 quod
994 2671 1051 2724 lit
1069 2670 1318 2736 amando,
1347 2686 1416 2726 ne
1439 2685 1559 2726 cum
1584 2673 1816 2728 resecari
1838 2689 2015 2745 cmpe-

422 2759 556 2827 rint,
587 2774 712 2814 eum
735 2760 968 2814 cruciatu
1007 2776 1070 2815 ac
1098 2760 1219 2816 tabe
1244 2761 1476 2825 fmdent;
1508 2762 1603 2818 sed
1631 2764 1710 2819 eis
1753 2773 1893 2820 totus
1917 2781 2012 2821 su-

423 2848 747 2920 perferatur,
776 2862 829 2906 et
853 2850 1047 2906 habere
1071 2851 1159 2906 illa
1194 2844 1358 2923 atque
1378 2869 1584 2923 regere,
1608 2870 1728 2910 cum
1754 2871 1890 2925 opus
1909 2867 2009 2925 est,

423 2950 661 3012 paratus,
681 2949 733 2995 et
757 2942 1000 2997 amittere
1016 2956 1077 2996 ac
1094 2957 1202 2996 non
1228 2943 1425 2998 habere
1451 2945 1715 3013 paratior:
1743 2961 1864 3000 cum
1886 2963 2013 3019 ergo

395 3029 543 3086 .haec
567 3031 638 3085 ita
659 3032 785 3097 sint,
813 3046 938 3086 num
959 3041 1050 3088 aut
1069 3041 1342 3103 argentum
1369 3043 1422 3088 et
1446 3049 1634 3089 aurum
1655 3047 1871 3106 propter
1889 3052 2012 3092 ava-

422 3134 518 3176 ros
541 3122 899 3178 accusandum
929 3133 1102 3193 putas,
1129 3134 1217 3179 aut
1247 3125 1395 3181 cibos
1415 3135 1632 3196 propter
1657 3144 1894 3193 voraces,
1923 3140 2014 3186 aut

423 3211 608 3266 vinum
639 3221 857 3283 propter
884 3214 1143 3281 ebriosos,
1193 3225 1283 3269 aut
1325 3216 1610 3272 muliebres
1641 3219 1837 3274 formas
1885 3236 2012 3290 pro-

422 3313 545 3374 pter
567 3314 888 3361 scortatores
913 3315 966 3361 et
990 3306 1278 3375 adulteros,
1306 3318 1464 3379 atque
1490 3312 1592 3367 hoc
1617 3313 1776 3367 modo
1795 3322 2008 3380 caetera,

423 3412 547 3452 cum
577 3400 872 3468 pressertim
897 3400 1080 3456 videas
1115 3411 1170 3455 et
1199 3403 1316 3472 igne
1354 3403 1490 3458 bene
1528 3407 1604 3459 uti
1631 3409 1914 3477 medicum,
1958 3421 2013 3467 ct

421 3503 564 3559 pane
592 3490 850 3545 scelerate
877 3491 1208 3547 veneﬁcum?
1251 3493 1318 3546 E.
1367 3493 1716 3552 Verissimum
1755 3512 1834 3556 est
1857 3545 1871 3570 ,
1904 3521 2009 3562 non

421 3594 516 3635 res
546 3579 708 3650 ipsas,
740 3581 832 3637 sed
864 3581 1107 3639 homines
1135 3584 1224 3655 qui
1253 3586 1333 3640 eis
1361 3587 1496 3642 male
1522 3595 1738 3644 utuntur
1761 3607 1880 3649 esse
1901 3596 2010 3650 cul-

417 3672 646 3745 pandos.

371 3810 383 3870 χ
533 3786 758 3846 CAPUT
800 3788 939 3845 XVI.
972 3820 1044 3831 —
1072 3791 1314 3863 Epilogus
1342 3802 1567 3850 tractata:
1591 3800 1901 3867 quaestionis.

499 3919 589 3975 54.
631 3920 696 3973 Α.
737 3920 936 3976 Recte:
964 3922 1058 3977 sed
1088 3926 1338 3994 quoniam
1366 3935 1419 3982 et
1461 3928 1587 3999 quid
1613 3931 1784 3986 valeat
1813 3942 2010 3989 :eterna

421 4011 530 4078 lex,
562 4019 621 4065 ut
643 4012 851 4082 opinor,
885 4013 1065 4069 videre
1099 4015 1210 4086 jam
1249 4020 1530 4089 coepimus,
1563 4031 1618 4076 et
1641 4034 1895 4092 quantum
1926 4027 2010 4082 lex

422 4103 734 4172 temporalis
780 4104 833 4157 in
875 4104 1194 4161 vindicando
1226 4110 1468 4180 progredi
1509 4114 1692 4181 possit,
1737 4115 2009 4172 inventum

424 4201 541 4260 est;
563 4202 616 4249 et
640 4209 817 4248 rerum
843 4194 950 4250 duo
971 4211 1186 4267 genera,
1205 4209 1523 4258 :eternarum
1545 4214 1597 4260 et
1618 4187 2007 4278 temporalium,

422 4283 636 4355 duoque
665 4301 853 4340 rursus
895 4287 1191 4356 hominum,
1234 4292 1459 4348 aliorum
1490 4305 1738 4365 aeternas,
1783 4301 2010 4358 aliorum

420 4378 744 4446 temporales
767 4381 1101 4449 sequentium
1120 4390 1180 4451 get
1204 4383 1552 4455 diligentinm,
1576 4392 1704 4446 satis
1725 4403 2012 4464 aperteque

423 4468 673 4524 distincta
701 4479 857 4525 sunt:
881 4471 1007 4541 quid
1035 4482 1213 4528 autem
1241 4477 1463 4548 quisque
1487 4482 1795 4537 sectandum
1821 4492 1876 4539 et
1898 4500 2012 4540 am-

419 4559 758 4629 plectendum
787 4561 963 4631 eligat,
998 4563 1051 4617 in
1079 4565 1351 4623 voluntate
1380 4583 1501 4625 esse
1542 4572 1778 4641 positum
1820 4580 2013 4634 consti-

420 4649 489 4703 tit
514 4648 590 4721 (a)
612 4669 624 4715 ;
649 4653 902 4723 nullaque
931 4669 990 4710 re
1019 4654 1083 4710 de
1110 4671 1234 4713 arce
1272 4657 1600 4729 dominandi,
1638 4677 1890 4737 rectoque
1917 4685 2009 4725 or-

422 4738 552 4796 dine
565 4754 798 4798 mentem
814 4745 1029 4815 deponi,
1048 4749 1149 4803 nisi
1167 4750 1439 4809 voluntate
1456 4763 1535 4810 :et
1551 4764 1632 4813 est
1647 4759 2006 4831 manifestum,

492 4873 567 4936 (a)
591 4873 693 4923 Vid.
718 4880 921 4926 Retract.
945 4876 1030 4928 lib.
1057 4881 1104 4942 1,
1127 4894 1232 4946 cap.
1255 4885 1305 4946 9,
1331 4899 1379 4935 n.
1402 4885 1450 4935 ‘5.

1447 445 1536 501 DE
1571 442 1824 500 LIBERO
1861 437 2214 509 ARBITRIO,
2253 440 2308 497 S.
2349 438 2714 498 AUGUSTINI

3589 454 3715 512 £240

2124 568 2234 610 non
2249 570 2360 611 rem
2379 556 2560 624 ullam,
2577 571 2701 612 cum
2721 570 2783 612 ea
2799 557 3023 630 quisque
3039 562 3178 618 male
3197 565 3393 632 utitur,
3424 565 3528 622 sed
3555 566 3714 639 ipsum

2123 647 2262 706 male
2280 656 2515 707 utentem
2539 664 2662 707 esse
2683 651 3012 721 arguendum
3033 673 3046 709 :
3069 655 3375 715 referamus
3396 676 3526 728 nos,
3550 664 3597 718 si
3613 664 3715 732 pla-

2123 749 2230 807 cet,
2259 741 2325 796 ad
2349 743 2698 812 quaestionem
2722 742 2774 798 in
2803 744 3026 800 exordio
3055 746 3209 816 hujus
3227 752 3510 806 sermonis
3535 767 3716 824 pr0po-

2125 830 2302 899 sitam,
2333 841 2387 887 et
2421 832 2694 888 videamus
2721 843 2898 890 utrum
2938 835 3109 890 soluta
3147 836 3247 902 sit;
3295 854 3437 894 nam
3485 857 3715 911 quaerere
3739 889 3754 916 ι

2126 922 2525 978 institueramus
2567 923 2695 992 quid
2743 924 2813 980 sit
2851 925 2991 982 male
3039 925 3234 994 facere,
3264 938 3323 985 et
3367 941 3598 1000 propter
3628 917 3761 992 hoc

2125 1015 2304 1070 omnia
2333 1031 2451 1086 qua:
2477 1016 2620 1072 dicta
2663 1027 2808 1087 sunt,
2843 1018 3095 1076 diximus.
3128 1020 3394 1089 Quocirca
3437 1026 3569 1080 licet
3590 1043 3715 1085 nunc

2125 1107 2547 1165 animadvertere
2585 1120 2642 1166 et
2679 1111 3018 1168 considerare
3040 1155 3055 1180 ,
3105 1124 3281 1171 utrum
3307 1117 3386 1172 sit
3415 1117 3564 1172 aliud
3591 1121 3714 1178 male

2126 1198 2338 1266 facere,
2380 1215 2538 1270 quam
2583 1203 2838 1272 neglectis
2879 1204 3040 1260 rebus
3085 1208 3335 1275 aeternis,
3387 1209 3589 1279 quibus
3631 1228 3713 1282 per

2125 1290 2355 1361 seipsam
2375 1307 2528 1346 mens
2559 1291 2770 1360 fruitur,
2793 1303 2846 1350 et
2871 1309 2967 1366 per
2987 1296 3216 1367 seipsam
3238 1300 3499 1370 percipit,
3523 1311 3575 1356 et
3595 1319 3712 1374 quas

2125 1395 2311 1436 amans
2351 1383 2598 1438 amittere
2642 1399 2752 1439 non
2803 1394 3010 1456 potest,
3053 1388 3366 1458 temporalia
3398 1399 3460 1446 et
3487 1407 3604 1462 quae
3626 1411 3712 1464 per

2124 1487 2319 1545 corpus
2339 1475 2569 1531 hominis
2590 1487 2797 1548 partem
2823 1479 3134 1536 vilissimam
3153 1483 3486 1550 sentiuntur,
3512 1496 3567 1541 et
3588 1504 3710 1542 nun-

2123 1579 2284 1636 quam
2309 1580 2429 1622 esse
2457 1577 2601 1623 certa
2646 1579 2882 1639 possunt,
2932 1573 3082 1641 quasi
3128 1588 3320 1644 magna
3367 1583 3429 1631 et
3474 1577 3702 1634 miranda

2125 1659 2338 1714 sectari.
2368 1659 2501 1715 Nam
2529 1660 2630 1716 hoc
2653 1675 2762 1716 uno
2787 1677 2984 1733 genere
3010 1665 3186 1719 omnia
3215 1664 3529 1734 malefacta,
3561 1669 3610 1723 id
3631 1681 3706 1726 est

2125 1757 2362 1818 peccata,
2401 1749 2534 1805 mihi
2559 1750 2808 1807 videntur
2846 1753 3064 1809 includi.
3101 1755 3218 1810 Tibi
3259 1766 3442 1814 autem
3472 1759 3595 1829 quid
3631 1762 3702 1816 vi-

2124 1837 2330 1907 deatur,
2363 1852 2616 1912 exspecto
2639 1858 2978 1916 cognoscere.

2196 1930 2284 1986 55.
2326 1929 2394 1985 Ε.
2434 1933 2529 1987 Est
2555 1934 2626 1988 ita
2649 1944 2706 1990 ut
2733 1935 2886 2004 dicis,
2908 1946 2963 1992 et
2981 1939 3273 2009 assentior,
3295 1941 3478 2000 omnia
3501 1955 3698 2015 peccata

2123 2017 2227 2075 hoc
2251 2035 2356 2076 uno
2374 2036 2571 2092 genere
2595 2025 2879 2094 contineri,
2905 2042 3027 2083 cum
3050 2029 3275 2100 quisque
3294 2036 3558 2091 avertitur
3575 2052 3604 2091 a
3622 2037 3696 2091 di-

2122 2110 2261 2165 vinis
2289 2127 2519 2184 vereque
2544 2117 2898 2182 manentibus,
2930 2127 2984 2173 et
3025 2119 3090 2173 ad
3133 2123 3404 2178 mutabilia
3435 2135 3597 2196 atque
3623 2127 3695 2182 in-

2124 2213 2270 2259 certa
2295 2207 2641 2263 convertitur.
2670 2209 2800 2277 Qua:
2825 2226 3126 2282 quanquam
3157 2214 3212 2268 in
3233 2215 3416 2273 ordine
3443 2232 3543 2273 suo
3562 2230 3696 2275 recte

2123 2293 2296 2350 locata
2337 2297 2477 2364 sint,
2512 2307 2566 2353 et
2610 2313 2760 2355 suam
2787 2302 3071 2372 quamdam
3103 2305 3542 2374 pulchritudinem
3576 2325 3691 2380 per-

2122 2394 2310 2454 agant;
2340 2390 2576 2457 perversi
2599 2399 2777 2447 tamen
2803 2393 2966 2448 animi
2992 2404 3075 2449 est
3097 2405 3153 2451 et
3178 2396 3473 2467 inordinati,
3505 2401 3584 2457 eis
3608 2417 3689 2457 se-

2122 2477 2348 2546 quendis
2375 2479 2586 2549 subjici,
2614 2483 2806 2550 quibus
2835 2483 2902 2538 ad
2927 2494 3113 2540 nulum
3139 2501 3294 2542 suum
3322 2489 3564 2546 ducendis
3589 2507 3688 2561 po-

2123 2567 2227 2621 tius
2252 2568 2432 2624 divino
2459 2571 2647 2627 ordine
2675 2587 2737 2628 ac
2761 2573 2882 2643 jure
2908 2576 3160 2646 proslatus
3189 2589 3289 2634 est.
3311 2582 3368 2637 Et
3386 2583 3503 2638 illud
3522 2584 3680 2638 simul

2121 2659 2253 2713 mihi
2285 2659 2464 2715 videre
2488 2661 2601 2730 jam
2622 2663 2806 2718 videor
2829 2665 3132 2724 absolutum
3165 2678 3317 2741 atque
3340 2682 3671 2744 compertum,

2121 2750 2264 2820 quod
2291 2760 2411 2822 post
2440 2753 2583 2807 illam
2624 2756 2995 2825 quaestionem,
3045 2761 3171 2830 quid
3218 2763 3288 2817 sit
3322 2765 3446 2820 male
3486 2766 3675 2831 facere,

2121 2840 2375 2912 deinceps
2398 2858 2640 2912 quaerere
2661 2846 3079 2918 institueramus,
3102 2853 3244 2908 unde
3266 2856 3396 2911 male
3415 2856 3672 2913 faciamus.

2119 2933 2230 2988 Nisi
2253 2935 2393 2989 enim
2423 2935 2596 3002 fallor,
2627 2946 2686 2991 ut
2710 2939 2845 2994 ratio
2878 2947 3102 2998 tractata
3128 2949 3454 3017 monstravit,
3484 2950 3534 3004 id
3563 2949 3676 3005 faci-

2118 3040 2239 3081 mus
2267 3043 2329 3081 ex
2359 3028 2526 3084 libero
2551 3030 2838 3086 voluntatis
2866 3034 3105 3093 arbitrio.
3163 3037 3268 3094 Sed
3308 3056 3479 3111 qurere
3513 3051 3678 3098 utrum

2120 3116 2296 3185 ipsum
2341 3117 2568 3174 liberum
2609 3121 2918 3188 arbitrium,
2961 3140 3067 3195 quo
3110 3131 3361 3198 peccandi
3399 3132 3675 3189 facultatem

2119 3205 2315 3262 habere
2340 3210 2721 3278 convincimur,
2755 3217 3047 3282 oportuerit
3092 3217 3245 3274 nobis
3283 3220 3398 3276 dari
3427 3223 3490 3278 ab
3513 3239 3574 3280 co
3593 3223 3675 3294 qui

2119 3313 2218 3354 nos
2241 3299 2384 3355 fecit.
2420 3300 2672 3358 Videmur
2699 3305 2843 3361 enim
2872 3323 2977 3362 non
3003 3307 3164 3366 fuisse
3189 3317 3482 3384 peccaturi,
3520 3318 3561 3372 si
3585 3317 3673 3372 isto

2119 3404 2420 3447 careremus
2437 3410 2454 3458 ;
2480 3401 2533 3448 et
2547 3396 2892 3452 metuendum
2906 3409 2990 3454 est
3005 3416 3074 3456 ne
3090 3401 3191 3457 hoc
3208 3405 3364 3460 modo
3386 3406 3515 3462 Deus
3529 3408 3670 3463 etiam

2119 3481 2516 3538 malefactorum
2541 3494 2848 3544 nostrorum
2873 3500 3059 3546 auctor
3082 3495 3426 3552 existimetur.
3450 3500 3510 3552 Α.
3531 3499 3670 3554 Nullo

2117 3574 2279 3630 modo
2321 3577 2456 3632 istuc
2484 3579 2755 3637 timueris:
2781 3583 2875 3638 sed
2921 3593 2980 3639 ut
3024 3585 3326 3658 diligentius
3374 3595 3666 3663 requiratur,

2117 3671 2260 3725 aliud
2291 3679 2494 3742 tempus
2523 3674 2839 3731 sumendum
2883 3687 2983 3733 est.
3027 3679 3159 3735 Nam
3185 3683 3298 3738 hazc
3325 3686 3669 3741 sermocinatio

2117 3762 2335 3818 modum
2366 3765 2754 3836 terminumque
2775 3768 2886 3837 jam
2915 3771 3216 3840 desiderat;
3260 3791 3362 3844 qua
3387 3777 3525 3831 velim
3550 3792 3667 3832 cre-

2119 3851 2215 3908 das
2242 3869 2549 3924 magnarum
2591 3856 2995 3930 abditarumque
3038 3877 3217 3918 rerum
3268 3865 3665 3936 inquirendarum

2118 3947 2269 4016 quasi
2299 3945 2440 4001 fores
2468 3962 2586 4003 esse
2615 3950 2869 4018 pulsatas.
2919 3951 2974 4006 In
3005 3969 3228 4024 quarum
3259 3960 3521 4028 penetralia
3546 3975 3661 4016 cum

2118 4035 2229 4091 Deo
2254 4036 2390 4092 duce
2417 4039 2600 4094 venire
2629 4042 2966 4110 coeperimus,
2992 4043 3257 4113 judicabis
3280 4049 3492 4117 profecto
3506 4064 3656 4120 quan-

2118 4136 2230 4182 tum
2258 4129 2396 4184 inter
2421 4129 2558 4183 hanc
2586 4130 3020 4200 disputationem,
3065 4144 3120 4190 et
3147 4152 3237 4192 eas
3263 4154 3379 4208 qua:
3405 4148 3656 4210 sequuntur

2119 4217 2348 4286 intersit,
2379 4227 2742 4290 quantumque
2773 4222 2876 4276 illa:
2906 4234 3163 4292 praistent
3189 4228 3230 4293 ⁸.,
3279 4244 3381 4284 non
3422 4229 3560 4284 modo
3585 4231 3662 4285 in-

2120 4310 2484 4380 vestigationis
2515 4312 2821 4381 sagacitate,
2854 4313 2948 4368 sed
2986 4316 3146 4370 etiam
3192 4319 3456 4388 majestate
3487 4336 3662 4388 rerum,

2119 4412 2175 4458 et
2212 4404 2502 4458 clarissima
2542 4405 2660 4460 luce
2692 4407 2965 4462 veritatis:
2998 4410 3167 4478 pietas
3210 4419 3406 4469 tantum
3443 4413 3576 4476 adsit,
3614 4425 3665 4467 ut

2119 4510 2218 4552 nos
2246 4495 2420 4552 divina
2448 4497 2779 4568 providentia
2803 4514 3015 4555 cursum
3057 4519 3213 4572 quem
3242 4504 3561 4573 instituimus,
3587 4514 3663 4561 tc-

2121 4602 2249 4643 nere
2273 4597 2327 4643 et
2352 4587 2609 4658 perlicere
2635 4590 2924 4659 permittat.
2955 4592 3023 4645 Ε.
3056 4593 3202 4648 Cedo
3222 4596 3470 4652 voluntati
3494 4607 3600 4664 tute,
3616 4607 3665 4651 et

2119 4681 2171 4736 ei
2196 4695 2367 4736 meam
2389 4680 2586 4752 judicio
2609 4690 2663 4737 et
2691 4694 2815 4738 voto
2841 4683 3190 4743 libentissime
3214 4688 3460 4761 adjungo.

2180 4840 2267 4948 ἕω
2290 4843 2360 4898 B.,
2385 4835 2734 4949 illigarme
2759 4845 2834 4888 Er.
2858 4841 3005 4904 Lugd.
3033 4849 3147 4892 Ven.
3174 4849 3286 4896 Lov.
3331 4845 3576 4898 lectionem
3608 4859 3668 4897 εε-

2201 4913 2420 4949 isumus.
2509 4941 2516 4949 .

2118 4912 2216 4950 οιιῑι
2237 4913 2420 4949 sumus.
2457 4912 2516 4949 Μ.

485 4999 3668 5051 Μ

346 5187 384 5215 κθ

362 5233 384 5270 δ

1335 5120 1813 5230 LIBER
1907 5126 2741 5235 SECUNDUS.

370 5281 382 5311 ‘-
413 5280 468 5327 ln
489 5285 605 5338 quo,
629 5271 912 5324 dimcultate
937 5284 1002 5322 ex
1025 5284 1088 5322 eo
1109 5276 1240 5350 quod
1262 5275 1587 5352 libertas,'qua
1611 5293 1852 5354 peccatur,
1878 5301 1905 5338 a
1929 5296 2028 5340 Deo
2041 5289 2153 5341 data
2174 5290 2237 5337 sit
2259 5294 2569 5360 emergente,
2592 5289 2684 5360 tria
2706 5288 2812 5340 haec
2832 5290 3163 5366 disquiruntur
3189 5309 3202 5346 :
3225 5303 3321 5406 (ius

724 5347 836 5386 esse
858 5333 1164 5386 manifestum
1184 5343 1275 5400 sit;
1300 5351 1361 5389 an
1383 5342 1446 5390 ab
1468 5353 1575 5403 quso
1596 5352 1692 5394 Sint
1713 5347 1840 5398 bona
1863 5363 2210 5406 (imumque;
2236 5357 2398 5399 utrum
2420 5363 2470 5399 in
2493 5351 2636 5400 bonis
2656 5352 2901 5404 censenda
2923 5363 2986 5405 snt
3005 5353 3161 5406 hbera
3185 5372 3247 5406 vo
3267 5372 3321 5406 un

505 5333 521 5338 -
591 5333 598 5337 ν
724 5347 836 5386 esse
858 5333 1164 5386 manifestum
1184 5338 1275 5400 sit;
1300 5351 1361 5389 an
1383 5342 1446 5390 ab
1468 5333 1575 5403 ipso
1596 5333 1693 5394 sim
1712 5333 3161 5416 non;(insessae:‘uiahan‘sahis‘aeﬁnmifiﬁéa
3185 5333 3416 5409 infami

3343 5298 3522 5348 ratione
3541 5305 3668 5347 Deum

1852 5447 2271 5481 —.——o.o.___..

2111 5534 2292 5606 utique
2320 5537 2365 5592 si
2387 5552 2492 5592 non
2532 5539 2841 5610 accepisset,
2873 5555 3094 5611 peccare
3121 5560 3229 5600 non
3255 5556 3453 5618 posset.
3483 5548 3543 5601 Α.
3567 5546 3661 5602 iam
3699 5585 3701 5588 ‹

2115 5627 2256 5681 enim
2299 5637 2502 5684 certum
2533 5630 2625 5685 tibi
2654 5643 2811 5701 atque
2847 5635 3113 5705 cognitum
3144 5645 3244 5703 est,
3289 5637 3452 5694 Deum
3479 5636 3660 5694 dedisse

2106 5717 2307 5774 homini
2335 5721 2453 5787 hoc,
2477 5723 2618 5793 quod
2648 5723 2761 5778 dari
2787 5723 3034 5781 debuisse
3058 5742 3161 5781 non
3195 5731 3390 5800 put-as?
3415 5729 3478 5784 E.
3505 5731 3658 5798 Quan-

2106 5816 2216 5863 tum
2245 5810 2299 5864 in
2333 5813 2592 5884 superiori
2636 5813 2770 5869 libro
2811 5815 3102 5887 intelligere
3129 5819 3259 5873 mihi
3289 5821 3429 5876 visus
3467 5835 3591 5887 sum,
3613 5828 3660 5875 et

2107 5901 2365 5960 habemus
2392 5905 2618 5963 liberum
2639 5909 2919 5967 voluntatis
2947 5911 3241 5984 arbitrium,
3270 5925 3323 5971 et
3359 5931 3459 5975 non
3486 5915 3576 5974 nisi
3597 5931 3649 5973 eo

377 5398 644 5623 imper
670 5547 1032 5607 PRIMUM.-—
1052 5547 1301 5618 Libertas,
1317 5566 1419 5622 qua
1445 5562 1700 5623 peccatur,
1721 5570 1812 5609 cur
1837 5537 1868 5608 a
1899 5553 2003 5610 Deo

380 5615 398 5644 ’ς

1162 5642 1300 5698 data.

381 5677 392 5724 ἐ
1162 5651 1300 5698 data.

490 5798 544 5853 l.
571 5797 639 5853 Ε.
669 5797 808 5868 iam,
836 5800 883 5855 si
905 5799 1018 5856 ﬁeri
1045 5808 1244 5872 potest,
1271 5801 1473 5874 explica
1496 5801 1628 5858 mibi
1654 5818 1820 5876 quare
1845 5803 1999 5861 dede-

413 5889 488 5949 rit
523 5890 664 5953 Dens
687 5892 886 5949 homini
923 5892 1150 5950 liberum
1171 5894 1462 5954 voluntatis
1501 5894 1778 5956 arbitrium
1813 5915 1825 5952 :
1857 5898 1998 5967 quod
