3824 6296
40 458 144 524 ,ω
469 478 493 491 ,σ
504 469 539 485 9a

39 582 308 653 parum.
354 565 415 621 Δ.
447 561 561 633 Ego
591 568 804 630 quoque
828 547 1048 609 memini
1080 546 1193 618 jam
1236 541 1391 647 nobis
1428 538 1483 594 id
1510 537 1592 593 fa-

45 635 164 729 ctum
186 675 304 721 esse
342 666 699 724 perspicuum.
734 647 841 704 Sed
883 658 1025 700 nunc
1066 635 1388 708 interrogavi
1414 641 1594 690 utrum

40 727 121 820 hoc
140 754 273 819 quod
290 762 388 808 nos
417 754 635 811 habere,
669 752 722 799 et
749 753 861 811 quo
886 751 984 792 nos
1007 745 1232 805 peccare
1249 727 1591 784 manifestum

41 860 121 917 est,
141 850 295 905 Deum
319 840 473 899 nobis
496 836 711 895 dedisse
734 839 891 889 scias.
923 827 988 884 E.
1016 826 1231 883 Nullum
1253 823 1416 878 alium
1436 827 1584 892 puto.

40 916 111 1004 Ab
126 943 232 1012 ipso
253 935 392 993 enim
435 944 652 994 sumus;
696 935 752 982 et
787 925 900 979 sive
944 927 1249 992 peccantes,
1296 916 1410 970 sive
1439 918 1592 968 recte

43 1003 257 1107 agentes,
303 1025 373 1080 ab
423 1023 516 1077 illo
564 1031 778 1090 prunam
829 1024 1100 1070 meremur
1152 1016 1245 1063 aut
1289 1003 1589 1077 praemium.

43 1096 97 1184 At.
125 1124 226 1183 Hoc
249 1129 458 1191 quoque
486 1121 664 1168 utrum
686 1106 884 1179 liquido
912 1103 1144 1167 noveris,
1181 1114 1249 1154 an
1271 1096 1595 1153 auctoritate

46 1186 306 1275 commotus
340 1186 570 1262 libenter
618 1202 793 1257 etiam,
817 1195 1144 1267 incognitum
1179 1189 1388 1254 credas,
1436 1186 1595 1257 cupio

46 1309 171 1365 scire.
194 1302 257 1358 E.
292 1294 612 1356 Auctoritati
644 1289 860 1363 quidem
888 1302 976 1342 me
1013 1284 1245 1356 primum
1291 1281 1361 1350 de
1401 1278 1501 1332 hac
1532 1291 1593 1332 re

47 1394 297 1456 credidisse
323 1387 602 1446 conﬁrmo.
630 1382 737 1440 Sed
761 1379 888 1453 quid
914 1378 1093 1433 verius
1112 1389 1274 1446 quam
1304 1386 1464 1427 omne
1488 1369 1589 1424 bo-

46 1504 145 1548 sum
158 1502 221 1543 ex
237 1486 348 1541 Deo
372 1494 515 1548 esse,
533 1485 588 1534 et
606 1488 766 1531 omne
779 1474 983 1545 justum
1007 1469 1206 1525 bonum
1227 1479 1368 1530 esse,
1395 1473 1450 1518 et
1467 1475 1594 1532 pec-

47 1579 247 1639 cantibus
282 1587 501 1646 ptenam
546 1575 796 1637 recteque
843 1560 1157 1618 facientibus
1196 1555 1475 1628 praemium
1510 1552 1595 1622 ju-

47 1684 157 1731 stum
179 1668 327 1726 esse?
361 1667 441 1722 Ex
474 1676 582 1734 quo
604 1657 884 1716 conﬁcitur
906 1669 938 1710 a
960 1655 1069 1709 Deo
1095 1649 1258 1718 aflici,
1283 1656 1338 1703 et
1366 1660 1594 1718 peccan-

45 1777 107 1821 tes
124 1759 343 1826 miseria,
377 1764 433 1813 et
456 1762 606 1810 recte
629 1749 885 1806 facientes
903 1743 1177 1800 beatitate.

99 1854 143 1907 2.
163 1849 220 1905 Α.
240 1846 386 1904 Nihil
412 1845 642 1901 resisto:
673 1839 768 1896 sed
810 1850 995 1908 quaero
1030 1832 1157 1888 illud
1185 1831 1433 1895 alterum,
1459 1842 1596 1898 quo-

50 1945 172 2002 modo
193 1940 404 1998 noveris
425 1950 526 1992 nos
540 1935 608 1991 ab
635 1934 753 2004 ipso
768 1944 908 1987 esse.
925 1927 1110 1999 Neque
1124 1925 1267 1981 enim
1295 1922 1400 1977 hoc
1420 1935 1563 1975 nunc
1578 1939 1596 1968 ι

28 2036 118 2093 .sed
148 2032 210 2087 ab
231 2032 365 2102 ,ipso
400 2042 500 2083 nos
532 2025 618 2081 vel
671 2036 905 2094 pinnam,
956 2018 1046 2074 vel
1086 2014 1363 2088 praemium
1405 2010 1600 2073 mereri

52 2124 297 2199 explicasti.
328 2120 403 2176 Ε.
432 2120 545 2175 Hoc
570 2130 780 2189 quoque
803 2129 912 2170 non
938 2109 1152 2167 aliunde
1170 2107 1326 2165 video
1347 2121 1468 2162 esse
1486 2120 1600 2160 ma-

54 2218 280 2284 nifestum,
311 2213 426 2270 nisi
446 2210 589 2283 quod
620 2211 731 2279 jam
765 2213 974 2263 constat
991 2205 1159 2259 Deum
1183 2200 1453 2257 vindicare
1484 2212 1604 2270 pec-

53 2320 156 2367 cata.
174 2306 445 2379 Siquidem
460 2301 644 2358 abillo
668 2308 750 2357 est
779 2298 953 2354 omnis
982 2294 1207 2366 justitia.
1234 2291 1351 2348 Non
1372 2290 1517 2346 enim
1542 2296 1601 2344 ut

52 2403 229 2473 alicujus
249 2408 340 2457 est
354 2396 605 2454 bonitatis
615 2389 801 2448 alienis
821 2397 1074 2462 praestare
1090 2384 1347 2442 beneficia
1366 2384 1437 2439 ita
1449 2381 1605 2453 justi—

56 2498 119 2551 tie
140 2493 398 2550 vindicare
418 2491 470 2546 in
493 2488 718 2544 alienos.
746 2482 898 2541 Unde
921 2479 1261 2536 manifestum
1289 2485 1372 2532 est
1396 2474 1464 2531 ad
1481 2489 1605 2531 eum

54 2603 127 2644 nos
146 2586 429 2659 pertinere,
448 2582 572 2653 quia
598 2594 705 2635 non
730 2578 903 2634 solum
929 2576 983 2630 in
1005 2588 1101 2629 nos
1119 2570 1407 2641 bcnignissi
1420 2582 1539 2624 mus
1549 2568 1605 2622 in

54 2677 350 2753 prastando,
402 2673 496 2731 sed
522 2672 680 2729 etiam
719 2666 1045 2739 justissimus
1073 2664 1127 2719 in
1160 2660 1475 2718 vindicando
1502 2668 1605 2715 est.

62 2771 226 2828 Deinde
238 2785 306 2827 ex
324 2783 395 2824 eo
423 2765 565 2839 quod
584 2779 684 2836 ego
704 2760 880 2833 posui,
906 2767 1069 2830 tuque
1095 2755 1427 2823 concessisti,
1450 2768 1609 2809 omne

54 2864 209 2921 bonum
221 2862 421 2920 exDeo
435 2874 578 2926 esse,
589 2856 747 2913 etiam
763 2852 1032 2909 hominem
1048 2866 1110 2906 ει
1128 2849 1236 2904 1)εο
1251 2862 1371 2903 esse
1388 2844 1610 2915 intelligi

55 2967 211 3029 potest.
229 2957 413 3013 Homo
436 2953 580 3010 enim
605 2949 789 3021 ipsein
809 2953 1063 3019 quantum
1086 2943 1247 2998 homo
1267 2950 1366 3006 est,
1397 2935 1610 3009 aliquod

54 3028 215 3104 bonum
236 3054 357 3113 est;
377 3044 502 3116 quia
529 3049 676 3098 recte
700 3039 879 3094 vivere
897 3078 912 3104 ,
954 3049 1076 3091 cum
1104 3033 1248 3099 vult,
1295 3038 1470 3102 potest
1507 3028 1607 3100 (α).

109 3143 153 3198 3.
174 3140 233 3197 Α.
251 3140 426 3197 Plane
446 3137 492 3192 si
509 3136 624 3191 haec
649 3134 725 3189 ita
742 3138 889 3199 sunt,
916 3128 1088 3184 soluta
1107 3125 1329 3197 quaestio
1349 3135 1430 3179 est
1450 3135 1612 3193 quam

58 3232 365 3307 proposuisti.
394 3230 453 3287 Si
474 3230 618 3284 enim
643 3226 807 3280 homo
828 3220 1040 3293 aliquod
1068 3219 1266 3275 bonum
1286 3224 1391 3283 est,
1422 3224 1476 3270 et
1503 3228 1612 3269 non

60 3304 222 3397 posset,
263 3322 379 3379 nisi
423 3335 545 3375 cum
573 3317 750 3384 vellet,
791 3321 938 3370 recte
966 3311 1158 3376 facere,
1186 3308 1372 3364 debuit
1416 3304 1615 3360 habere

61 3416 243 3472 liberam
266 3414 627 3479 voluntatem,
648 3410 764 3465 sine
782 3421 885 3479 qua
898 3412 1044 3461 recte
1064 3404 1236 3458 facere
1266 3415 1375 3456 non
1406 3404 1609 3470 posset.

63 3508 152 3564 Non
170 3509 315 3565 enim
340 3506 462 3578 quia
508 3519 605 3575 per
630 3502 775 3557 illam
804 3499 963 3555 etiam
987 3504 1257 3568 peccatur,
1279 3493 1346 3548 ad
1370 3491 1473 3547 hoc
1497 3505 1615 3546 eam

63 3600 195 3656 Deum
207 3599 426 3657 dedisse
451 3593 776 3653 credendum
796 3600 895 3648 est.
910 3589 1051 3646 Satis
1066 3601 1193 3659 ergo
1212 3599 1387 3641 causae
1408 3591 1493 3639 est
1521 3598 1617 3639 cur

64 3693 152 3749 dari
173 3692 441 3758 debuerit,
472 3687 722 3761 quoniam
764 3684 880 3740 sine
905 3683 994 3738 illa
1021 3682 1180 3736 homo
1217 3686 1365 3735 recte
1387 3692 1493 3733 non
1519 3691 1617 3747 po-

63 3796 145 3843 test
161 3789 356 3844 vivere.
380 3783 464 3841 Ad
493 3783 596 3838 hoc
623 3786 797 3836 autem
825 3777 1000 3832 datam
1019 3774 1105 3830 vel
1125 3774 1248 3828 hinc
1276 3770 1496 3842 intelligi
1521 3784 1620 3839 po-

65 3887 163 3947 test,
186 3858 312 3952 quia
340 3876 386 3931 si
421 3874 542 3945 quis
573 3886 635 3928 ea
661 3884 789 3925 usus
823 3867 980 3923 fuerit
1008 3865 1073 3920 ad
1105 3861 1451 3935 peccandum,
1480 3859 1619 3915 divi-

65 3972 179 4027 nitus
203 3972 253 4027 in
298 3984 423 4026 eum
462 3964 781 4022 vindicatur.
813 3960 965 4028 Quod
995 3958 1187 4028 injuste
1233 3957 1402 4023 fieret,
1441 3955 1486 4009 si
1512 3968 1620 4008 non

66 4065 210 4120 solum
253 4072 319 4119 ut
354 4069 501 4117 recte
531 4058 820 4123 viveretur,
868 4052 962 4108 sed
1011 4051 1171 4107 etiam
1195 4058 1255 4104 ut
1292 4055 1617 4119 peccaretur,

67 4155 202 4211 libera
228 4162 376 4212 esset
417 4150 663 4207 voluntas
690 4148 833 4203 data.
864 4142 1142 4212 Quomodo
1169 4141 1312 4197 enim
1341 4140 1479 4210 justc
1503 4138 1621 4193 vin-

60 4246 306 4303 dicaretur
329 4246 385 4299 in
410 4257 553 4307 eum,
585 4240 674 4311 qui
699 4237 764 4292 ad
784 4237 923 4291 hanc
963 4250 1074 4290 rem
1101 4246 1230 4287 usus
1256 4239 1399 4285 esset
1433 4228 1623 4283 volun-

64 4347 168 4405 tate,
197 4338 260 4394 ad
305 4351 467 4409 quam
505 4348 617 4390 rem
654 4331 776 4386 data
817 4330 933 4385 est?
966 4328 1119 4383 Nunc
1157 4339 1285 4380 vero
1323 4325 1459 4378 Deus
1502 4337 1625 4377 cum

60 4439 349 4500 peccantem
394 4426 566 4499 punit,
598 4422 722 4495 quid
750 4420 959 4476 videtur
981 4418 1075 4474 tibi
1108 4414 1250 4471 aliud
1278 4413 1461 4470 dicere
1498 4412 1620 4479 nisi,

62 4522 152 4578 Cur
200 4539 310 4580 non
353 4521 421 4576 ad
467 4533 584 4575 cam
622 4531 737 4573 rem
774 4529 903 4570 usus
940 4527 999 4568 es
1028 4510 1194 4566 libera
1225 4508 1515 4572 voluntate,
1560 4504 1627 4560 ad

63 4631 198 4685 quam
235 4615 331 4671 tibi
368 4628 487 4669 eam
516 4609 679 4676 dedi,
714 4607 814 4663 hoc
860 4612 941 4661 est
982 4603 1047 4659 ad
1092 4610 1237 4658 recte
1290 4597 1626 4655 faciendum?

65 4707 250 4763 Deinde
297 4705 426 4762 illud
460 4704 681 4769 bonum,
711 4713 818 4772 quo
858 4693 1258 4753 commendatur
1287 4692 1399 4762 ipsa
1426 4688 1627 4760 jnstitia

66 4797 111 4853 in
152 4797 466 4871 damnandis
516 4792 748 4866 peccatis
797 4797 1048 4859 recteque
1085 4785 1238 4839 factis
1268 4779 1626 4844 honorandis,

61 4890 312 4960 quomodo
335 4897 501 4958 esset,
539 4886 583 4941 si
611 4885 772 4940 homo
800 4888 1009 4938 careret
1036 4878 1204 4934 libero
1228 4873 1517 4960 voluntatis
1538 4886 1628 4926 ar-

63 4982 253 5039 bitrio?
277 4982 394 5038 Non
434 4946 577 5037 enim
605 4984 697 5032 aut
737 4982 1012 5046 peccatum
1043 4975 1207 5036 esset,
1242 4946 1353 5022 aut.
1378 4972 1524 5019 recte
1551 4962 1631 5017 fa-

60 5084 215 5139 ctum,
242 5073 380 5141 quod
405 5088 510 5128 non
548 5069 703 5124 ﬁeret
724 5066 1015 5122 voluntate.
1044 5062 1122 5117 Ac
1151 5074 1245 5130 per
1268 5057 1371 5113 hoc
1394 5064 1450 5113 et
1474 5069 1630 5126 ptena

65 5167 250 5236 injusta
277 5173 419 5239 esset
446 5175 500 5219 et
540 5159 839 5233 prtemium,
888 5156 933 5211 si
963 5154 1127 5209 homo
1163 5150 1490 5206 voluntatem
1517 5161 1623 5202 non

64 5257 275 5315 haberet
300 5258 551 5331 liberam.
579 5252 770 5310 Debuit
808 5257 985 5305 autem
1014 5255 1068 5302 et
1095 5245 1148 5300 in
1175 5241 1459 5314 supplicio,
1492 5249 1547 5296 et
1575 5239 1632 5295 in

64 5351 277 5420 prmmio
294 5364 413 5407 esse
427 5347 633 5421 justitia
653 5362 666 5413 ;
694 5343 942 5415 quoniam
964 5340 1068 5395 hoc
1083 5352 1246 5393 unum
1267 5343 1350 5391 est
1370 5335 1635 5391 bonorum

62 5416 177 5505 qua:
200 5444 410 5493 suntex
428 5416 564 5489 Deo.
597 5428 792 5486 Debuit
810 5426 968 5500 igitur
989 5425 1129 5505 Deus
1157 5421 1286 5476 dare
1325 5418 1532 5474 homini
1572 5416 1636 5471 li-

65 5526 246 5583 beram
264 5528 606 5586 voluntatem.

1332 425 1536 484 LIBER
1570 420 1944 483 SECUNDUS.

3132 419 3273 482 424$

1701 539 1795 595 tibi
1821 537 2047 608 videtur,
2073 553 2256 613 quaeso
2281 547 2355 610 te,
2385 540 2431 597 si
2449 537 2518 597 ad
2540 520 3011 597 recte'facieudum'
3021 540 3141 599 data
3165 550 3271 608 est,

1699 629 1842 701 quod
1862 643 1972 685 non
1985 628 2227 687 debuerit
2251 630 2319 688 ad
2346 630 2678 702 peccandum
2696 644 2856 702 posse
2878 631 3158 688 converti?
3183 634 3262 688 sic

1700 731 1760 778 ut
1802 722 1916 793 ipsa
1939 720 2143 792 iustitia
2172 737 2290 794 quae
2314 723 2434 780 data
2465 732 2550 780 est
2570 722 2775 779 homini
2828 723 2896 780 ad
2920 724 3058 780 bene
3080 723 3270 780 viven-

1700 816 1826 873 dum
1851 832 1865 870 :
1915 816 2173 888 numquid
2203 818 2347 873 enim
2376 826 2552 890 potest
2589 817 2851 889 quispiam
2884 832 2982 889 per
3015 816 3275 887 justitiam

1702 924 1850 966 suam
1879 911 2019 966 male
2045 910 2260 967 vivere?
2286 910 2377 967 Sic
2421 925 2579 968 nemo
2615 919 2798 983 posset
2833 924 2930 981 per
2951 910 3275 965 voluntatem

1702 1016 1949 1073 peccare,
1974 1002 2021 1056 si
2062 1001 2308 1057 voluntas
2343 1002 2464 1057 data
2509 1010 2652 1058 esset
2681 1001 2750 1057 ad
2782 1010 2928 1058 recte
2956 998 3274 1056 faciendum.

1702 1092 1766 1147 Δ.
1795 1093 2022 1148 Donabit
2041 1092 2253 1164 quidem
2283 1093 2442 1161 Deus,
2470 1102 2528 1148 ut
2551 1107 2730 1164 spero,
2761 1100 2821 1148 ut
2845 1092 2937 1148 tibi
2962 1092 3166 1148 valeam
3190 1105 3277 1148 re-

1702 1184 1985 1256 spondere,
2013 1184 2098 1241 vel
2122 1185 2299 1256 potius
2327 1192 2385 1239 ut
2421 1184 2532 1255 ipse
2561 1186 2654 1239 tibi
2677 1184 2886 1253 eadem,
2921 1200 3041 1255 quae
3068 1197 3275 1240 summa

1702 1276 1937 1331 omnium
1960 1276 2210 1347 magistra
2246 1284 2350 1343 est,
2370 1275 2592 1331 veritate
2628 1276 2769 1331 intus
2794 1275 3018 1332 docente
3054 1288 3279 1346 respon-

1701 1366 1848 1423 deas.
1874 1366 1982 1424 Sed
2007 1368 2276 1438 paulisper
2301 1366 2431 1423 mihi
2458 1366 2578 1423 volo
2595 1365 2762 1432 dicas,
2779 1366 2825 1422 si
2857 1366 2911 1422 id
2935 1365 3077 1438 quod
3105 1366 3200 1422 abs
3219 1374 3277 1422 te

1702 1459 2071 1528 quaesiveram,
2100 1467 2305 1514 certum
2333 1467 2389 1513 et
2412 1458 2682 1529 cognitum
2721 1466 2890 1523 tenes,
2922 1457 3089 1512 Deum
3117 1455 3273 1512 nobis

1702 1550 1913 1607 dedisse
1956 1552 2180 1608 liberam
2213 1551 2561 1617 voluntatem,
2610 1559 2786 1604 utrum
2828 1558 3069 1619 oporteat
3095 1548 3276 1604 dicere

1702 1641 1817 1697 dari
1868 1657 1974 1698 non
2016 1642 2284 1711 debuisse,
2317 1641 2456 1713 quod
2489 1640 2701 1719 dedisse
2739 1640 3055 1696 confitemur
3094 1640 3280 1694 Deum.

1706 1733 1763 1789 Si
1792 1736 1932 1790 enim
1962 1736 2221 1791 incertum
2250 1744 2334 1791 est
2352 1744 2530 1791 utrum
2557 1734 2787 1799 dederit,
2820 1741 2968 1789 recte
2995 1733 3281 1803 quaerimus

1707 1834 1885 1881 utrum
1912 1825 2050 1882 bene
2070 1827 2140 1882 sit
2167 1826 2309 1893 data,
2340 1835 2396 1880 ut
2419 1841 2541 1882 cum
2562 1825 2923 1881 invenerimus
2944 1824 3079 1879 bene
3103 1822 3282 1878 datam

1704 1932 1845 1984 esse,
1880 1917 2180 1973 inveniatur
2219 1918 2381 1972 etiam
2418 1917 2568 1972 illum
2614 1915 2846 1983 dedisse,
2877 1930 2906 1969 a
2934 1929 3040 1987 quo
3083 1911 3285 1969 homini

1706 2008 1830 2063 data
1871 2016 1998 2064 sunt
2019 2008 2193 2064 omnia
2229 2010 2367 2065 bona
2398 2011 2415 2041 ³
2446 2026 2459 2062 :
2491 2009 2535 2063 si
2578 2016 2758 2066 autalt
2792 2007 3150 2063 invenerimus
3175 2020 3281 2062 non

1704 2099 1841 2156 bene
1856 2100 2031 2155 datam
2053 2115 2192 2169 esse,
2217 2115 2321 2156 non
2343 2114 2463 2155 eum
2488 2099 2699 2155 dedisse
2721 2100 3096 2169 intelligamus,
3122 2113 3282 2170 quem

1707 2193 1921 2263 culpare
1949 2192 2099 2248 nefas
2123 2202 2223 2249 est.
2256 2193 2315 2249 Si
2342 2207 2469 2248 vero
2492 2202 2695 2250 certum
2723 2200 2804 2247 est
2821 2190 2963 2264 quod
2994 2193 3108 2263 ipse
3134 2191 3277 2247 illam

1708 2284 1931 2351 dederit,
1953 2294 2162 2357 oportet
2186 2285 2465 2354 fateamur,
2493 2300 2704 2357 quoquo
2729 2284 2887 2340 modo
2914 2284 3034 2340 data
3060 2294 3161 2349 est,
3187 2297 3283 2339 ne-

1709 2394 1813 2450 que
1832 2393 1937 2434 non
1976 2378 2112 2447 dari,
2139 2395 2313 2452 neque
2356 2380 2509 2435 aliter
2535 2379 2649 2434 dari
2685 2393 2803 2434 eam
2842 2376 3087 2433 debuisse
3123 2391 3283 2446 quam

1709 2468 1831 2524 data
1860 2476 1965 2527 est:
1995 2469 2085 2525 Ille
2111 2470 2253 2525 enim
2300 2470 2480 2535 dedit,
2510 2469 2661 2541 cujus
2700 2468 2893 2524 factum
2922 2477 3066 2524 recte
3103 2480 3283 2539 repre-

1711 2559 1868 2617 hendi
1894 2562 2038 2617 nullo
2065 2571 2220 2633 pacto
2245 2570 2439 2634 potest.

1785 2652 1835 2706 5.
1866 2653 1930 2708 E.
1970 2654 2284 2726 Quanquam
2314 2655 2426 2711 htec
2469 2654 2780 2711 inconcussa
2815 2653 2916 2710 fide
2955 2661 3184 2719 teneam,
3208 2659 3290 2708 ta-

1711 2760 1833 2802 men
1877 2746 1999 2818 quia
2046 2748 2347 2818 cognitione
2386 2749 2620 2805 nondum
2663 2758 2855 2817 teneo,
2890 2749 2961 2804 ita
2989 2762 3288 2820 qumramus

1712 2838 1863 2910 quasi
1888 2840 2062 2921 omnia
2086 2838 2286 2894 incerta
2310 2840 2433 2896 sint.
2462 2840 2629 2896 Video
2656 2841 2796 2895 enim
2822 2854 2887 2894 ex
2917 2838 3017 2895 hoc
3038 2837 3180 2910 quod
3207 2838 3288 2893 in-

1714 2937 1917 2986 certum
1944 2938 2047 2997 est,
2071 2937 2247 2986 utrum
2273 2930 2341 2987 ad
2368 2938 2514 2988 recte
2536 2930 2832 2988 faciendum
2860 2929 3103 2986 voluntas
3126 2930 3293 2987 libera

1714 3020 1836 3077 data
1867 3021 1956 3088 sit,
1986 3036 2107 3076 cum
2131 3037 2228 3094 per
2250 3022 2393 3077 illam
2422 3022 2580 3078 etiam
2621 3036 2844 3093 peccare
2868 3020 3151 3092 possimus,
3177 3018 3293 3076 ﬁeri

1717 3113 1875 3168 etiam
1902 3111 2029 3166 illud
2059 3111 2343 3181 incertum,
2387 3121 2566 3169 utrum
2593 3112 2709 3169 dari
2748 3111 3009 3169 debuerit.
3055 3110 3113 3167 Si
3152 3110 3295 3167 enim

1716 3202 1977 3258 incertum
2004 3210 2087 3257 est
2127 3202 2195 3258 ad
2239 3211 2385 3259 recte
2413 3202 2708 3259 faciendum
2738 3203 2918 3260 datam
2943 3217 3083 3265 esse,
3121 3202 3292 3256 incer-

1719 3304 1828 3350 tum
1854 3302 1935 3349 est
1960 3294 2117 3349 etiam
2144 3295 2260 3351 dari
2287 3296 2533 3351 debuisse
2562 3313 2576 3349 :
2603 3310 2667 3352 ac
2693 3310 2789 3366 per
2810 3294 2914 3351 hoc
2935 3293 3095 3351 etiam
3115 3300 3293 3347 utrum

1719 3406 1837 3450 eam
1865 3393 2013 3448 Deus
2074 3389 2320 3455 dederit,
2348 3388 2606 3443 incertttm
2637 3387 2769 3453 erit;
2798 3386 2921 3457 quia
2960 3385 3005 3439 si
3042 3384 3297 3439 incertum

1721 3494 1804 3543 est
1845 3485 1959 3541 dari
2003 3482 2252 3540 debuisse
2276 3521 2291 3548 ,
2336 3480 2594 3536 incertum
2635 3488 2718 3533 est
2751 3478 2819 3533 ab
2854 3492 2919 3532 eo
2944 3475 3119 3532 datam
3158 3488 3298 3541 esse,

1719 3594 1878 3652 quem
1906 3577 2054 3634 nefas
2081 3582 2164 3632 est
2190 3572 2409 3630 credere
2428 3572 2639 3628 dedisse
2666 3569 2864 3642 aliquid
2887 3568 3028 3640 quod
3056 3567 3170 3624 dari
3194 3580 3303 3623 non

1722 3670 1927 3726 debuit.
1971 3667 2036 3722 Α.
2070 3665 2204 3720 111ιι(1
2229 3665 2418 3721 saltem
2447 3663 2539 3719 tibi
2577 3671 2780 3719 certum
2824 3669 2928 3727 est,
2967 3660 3135 3716 Deum
3162 3673 3301 3715 esse.

1723 3760 1790 3816 E.
1819 3760 1991 3816 Etiam
2009 3756 2111 3813 hoc
2126 3770 2235 3811 non
2259 3751 2687 3824 contemplando,
2714 3751 2808 3807 sed
2836 3749 3103 3806 credendo
3126 3750 3305 3804 incon-

1724 3867 1939 3909 cussum
1973 3858 2149 3905 teneo.
2178 3847 2243 3901 A.
2270 3846 2327 3903 Si
2350 3846 2469 3917 quis
2507 3859 2637 3916 ergo
2681 3844 2890 3898 illorum
2924 3841 3303 3912 insipientium,

1725 3944 1793 4001 de
1819 3942 2008 4014 quibus
2051 3940 2306 4008 scriptum
2353 3944 2457 4002 est,
2492 3933 2634 3988 Dixit
2669 3933 2911 4002 insipiens
2936 3932 2987 3983 in
3014 3930 3164 3984 corde
3188 3945 3303 3993 suo,

1729 4037 1850 4091 Non
1874 4044 1944 4090 est
1970 4033 2109 4087 Deus
2131 4030 2301 4101 (Paul.
2332 4044 2423 4093 ιιι,
2449 4026 2501 4097 1)
2522 4067 2539 4094 ,
2567 4026 2666 4079 hoc
2690 4024 2783 4078 tibi
2807 4023 3041 4088 diceret,
3069 4034 3168 4075 nec
3190 4018 3305 4074 γει-

1726 4128 1797 4183 1ει
1825 4135 1999 4183 tecum
2028 4121 2246 4177 credere
2267 4117 2408 4189 quod
2433 4115 2630 4183 credis,
2660 4112 2754 4169 sed
2791 4125 3109 4184 cognoscere
3131 4118 3308 4165 utrum

1727 4232 1853 4273 vera
1894 4212 2218 4278 credideris;
2260 4210 2660 4281 relinqueresne
2706 4204 2997 4271 hominem,
3028 4217 3097 4259 an
3125 4201 3303 4272 aliquo

1730 4311 1909 4374 modo,
1937 4307 2076 4380 quod
2104 4307 2482 4361 inconcussum
2512 4310 2661 4357 tenes
2686 4341 2699 4365 ,
2731 4295 3157 4370 persuadendum
3186 4307 3309 4349 esse

1729 4402 2064 4461 arbitrareris
2080 4418 2095 4468 ;
2112 4398 2405 4471 praesertim
2435 4396 2481 4451 si
2498 4394 2585 4449 ille
2612 4399 2725 4449 non’
2741 4390 2995 4446 obluctari
3023 4386 3311 4460 pervicaci-

1722 4507 1832 4571 ter,
1878 4496 1971 4553 sed
2014 4493 2250 4550 studiose
2287 4491 2338 4546 id
2369 4489 2527 4545 vellet
2554 4484 2877 4558 agnoscere?
2908 4482 2972 4537 E.
3020 4483 3129 4536 ltoc
3169 4478 3313 4550 quod

1733 4593 1976 4648 ultimum
2007 4586 2252 4659 posuisti,
2298 4584 2430 4639 satis
2456 4597 2540 4636 mc
2567 4579 2817 4634 admonet
2845 4575 2970 4647 quid
2996 4575 3046 4630 ei
3090 4586 3315 4644 respon-

1733 4687 1861 4743 dere
1887 4684 2157 4741 deberem.
2189 4679 2344 4734 Certe
2368 4676 2510 4731 enim
2550 4670 2793 4745 quamvis
2830 4676 2972 4727 esset
2994 4664 3315 4723 absurdissi-

1735 4792 1875 4840 mus,
1921 4768 2240 4830 concederet
2277 4766 2439 4832 mihi,
2468 4778 2590 4818 cum
2620 4761 2806 4817 doloso
2848 4767 2903 4814 et
2936 4755 3200 4828 pervicaci
3245 4756 3316 4812 de

1734 4870 1879 4926 nulla
1903 4865 2120 4922 omnino
2147 4870 2200 4918 et
2224 4859 2451 4916 maxime
2475 4856 2541 4912 de
2565 4871 2625 4912 re
2653 4862 2798 4909 tanta
2823 4895 2837 4920 ,
2864 4867 2972 4908 non
3001 4866 3118 4906 esse
3146 4850 3316 4906 disse-

1735 4960 1978 5019 rendum.
2009 4957 2125 5024 Quo
2153 4965 2410 5009 concesso
2427 4994 2441 5016 ,
2473 4949 2622 5020 prior
2649 4960 2858 5002 mecum
2886 4951 3098 5016 ageret,
3127 4950 3187 4998 ut
3212 4941 3316 4998 sibi

1737 5056 2010 5112 crederem
2038 5052 2180 5107 bono
2208 5048 2387 5103 animo
2412 5059 2535 5099 eum
2562 5043 2699 5098 istuc
2727 5054 2985 5111 quaerere,
3017 5049 3188 5107 neque
3214 5033 3316 5088 ali—

1738 5148 1864 5221 quid
1895 5147 1947 5201 in
1972 5159 2051 5210 se,
2083 5139 2223 5211 quod
2249 5137 2317 5193 ad
2343 5151 2456 5192 rem
2484 5135 2621 5189 hanc
2646 5133 2874 5196 attinet,
2909 5129 3015 5184 doli
3044 5142 3106 5180 ac
3134 5122 3311 5199 pervi-

1739 5215 1901 5296 cacis:
1937 5235 2122 5291 latere.
2153 5231 2287 5286 Tum
2336 5242 2437 5299 ego
2479 5227 2903 5281 demonstrarem
2925 5262 2940 5286 ,
2967 5216 3107 5289 quod
3152 5215 3319 5270 cuivis

1739 5329 2044 5386 facillimum
2073 5330 2236 5395 puto,
2269 5327 2467 5391 quanto
2506 5324 2651 5374 esset
2695 5313 2929 5384 aequius.
2969 5320 3090 5362 cum
3126 5304 3224 5359 sibi
3251 5304 3319 5359 de

1742 5420 1964 5479 occultis
1979 5416 2142 5472 animi
2168 5414 2249 5468 sui
2270 5426 2390 5482 quia
2416 5411 2532 5480 ipse
2555 5413 2760 5469 nosset,
2776 5401 2933 5457 vellet
2951 5398 3174 5452 alterum
3202 5408 3320 5450 cre-

1744 5515 1873 5571 dere
1900 5511 1988 5582 qui
2009 5524 2118 5565 non
2145 5512 2350 5571 nosset,
2383 5510 2441 5556 ut
2466 5502 2629 5557 etiam
2656 5498 2767 5566 ipse
2797 5501 3062 5547 tantorum
3084 5488 3319 5542 virorum

65 5576 847 5686 ἑῐῆἳζ-ὶῐηζῄὸὺίεοιίοέ
879 5608 1119 5665 Liberum
1156 5603 1438 5668 arbitrium.
1482 5600 1526 5654 δί
1571 5598 1640 5653 ad
1748 5576 1941 5670 Libris,
1970 5600 2062 5672 qui
2083 5612 2140 5653 se
2166 5610 2290 5652 cum
2316 5593 2451 5648 Filio
2480 5589 2572 5644 Dei
2608 5585 2803 5641 vixisse
2831 5587 3078 5682 testatum
3107 5576 3322 5636 Litteris

203 5709 381 5765 bonum
405 5708 581 5763 datum
598 5713 693 5771 est,
720 5700 970 5775 quomodo
997 5698 1064 5753 ad
1087 5694 1279 5751 malum
1306 5691 1494 5764 ﬂexile.

1743 5668 2093 5767 reliquerunt,
2141 5703 2262 5744 esse
2311 5685 2474 5739 Deum
2517 5675 2792 5737 crederet;
2821 5670 2947 5743 quia
2975 5679 3028 5725 et
3056 5683 3119 5725 ea
3145 5682 3206 5724 se
3237 5668 3321 5723 vi-

128 5758 693 5859 4ο
725 5758 845 5850 eam
873 5792 1040 5848 Deum
1065 5758 1434 5846 dedisseesed
1464 5792 1641 5837 ηοηιὶθ
1746 5758 1890 5845 disse
1919 5784 2266 5853 scripserunt,
2307 5789 2425 5846 qua:
2470 5769 2619 5857 nullo
2660 5763 2817 5821 modo
2855 5761 2970 5818 ﬁeri
3001 5766 3248 5832 possent,
3277 5758 3327 5815 si

116 5919 196 5987 (α)
216 5921 323 5978 ιω.
351 5927 559 5985 ltetrpct.
584 5917 675 5974 lib.
699 5918 748 5989 1,
770 5926 874 5994 cap.
899 5913 951 5979 9,
974 5926 1022 5965 u.
1047 5910 1095 5967 3.

1814 5900 1831 5933 ι
1855 5891 2217 5965 mmor-decim
2247 5894 2416 5961 Mss.,a
2436 5894 2530 5950 quo
2548 5878 2721 5945 armis
2742 5876 2856 5929 data
2877 5878 2986 5927 sunt
3186 5874 3324 5941 horta.
