3822 6410
526 460 671 527 ista

516 597 627 642 non
650 586 792 638 esset
832 579 1007 646 Deus;
1037 585 1092 635 et
1125 574 1349 633 nimium
1391 571 1588 630 stultus
1623 582 1787 639 esset,
1819 572 1864 627 si
1901 584 1989 626 me
2015 584 2102 626 re-

517 669 876 745 prehenderet
913 667 1059 742 quod
1086 667 1191 724 illis
1231 664 1575 727 crediderim.
1600 663 1692 736 qui
1732 661 1835 719 sibi
1859 661 2017 718 vellet
2046 667 2104 717 ut

517 762 816 820 crederem.
845 756 963 819 iam
984 774 1113 816 vero
1130 754 1273 831 quod
1293 765 1440 814 recte
1453 754 1851 828 reprehendere
1877 766 1987 809 non
2009 766 2103 808 va-

517 858 673 925 leret,
700 856 850 913 nullo
890 853 1051 912 modo
1087 850 1353 924 reperiret
1384 852 1483 906 dur
1498 849 1658 905 etiam
1692 847 1859 903 nollet
1885 840 2099 901 imitari.

517 951 583 1006 Α.
609 948 667 1008 Si
693 962 824 1021 ergo
850 955 1028 1005 utrum
1053 945 1125 1003 sit
1150 946 1308 1011 Deus,
1335 942 1468 999 satis
1495 954 1616 998 esse
1635 939 1930 1005 existimas,
1958 936 2102 1009 quod

517 1056 627 1100 non
658 1049 860 1099 temere
886 1038 1048 1096 tantis
1074 1037 1207 1093 viris
1230 1033 1554 1093 credendum
1576 1046 1697 1090 esse
1714 1030 2100 1103 indicavimus;

519 1147 615 1189 cur
636 1146 768 1199 non,
797 1146 981 1203 quasso
1008 1138 1097 1196 te,
1125 1128 1195 1185 de
1233 1128 1301 1184 iis
1328 1139 1539 1198 quoque
1577 1123 1740 1181 rebus
1758 1166 1773 1192 ,
1805 1138 1937 1195 quas
1985 1128 2105 1177 tau-

515 1236 675 1296 quam
690 1224 922 1280 incertas
934 1229 989 1279 et
1003 1221 1163 1294 plane
1182 1220 1479 1291 incognitas
1497 1230 1739 1290 qurerere
1755 1217 2100 1282 instituimus,

516 1314 762 1373 similiter
783 1322 944 1387 putas
959 1311 1270 1370 eorumdem
1290 1312 1526 1367 virorum
1552 1306 1856 1366 auctoritati
1884 1307 1961 1363 sic
1983 1321 2104 1364 esse

516 1407 861 1475 credendum,
888 1416 948 1465 ιιι
984 1405 1053 1463 de
1080 1405 1484 1478 investigatione
1508 1419 1691 1460 earum
1718 1401 1851 1459 nihil
1878 1400 2105 1472 amplius

516 1498 859 1560 laboremus?
886 1500 955 1555 E.
985 1499 1091 1557 Sed
1127 1514 1225 1556 nos
1266 1498 1323 1556 id
1363 1498 1505 1571 quod
1531 1496 1801 1554 credimus
1824 1538 1838 1563 ,
1867 1509 2027 1551 nosse
2051 1496 2107 1550 et

518 1595 817 1670 intelligere
838 1594 1101 1666 cupimus.

589 1688 642 1744 6.
674 1686 733 1743 Α.
760 1685 925 1743 Recte
951 1684 1277 1752 meministi,
1308 1682 1450 1756 quod
1490 1682 1648 1740 etiam
1677 1682 1733 1738 in
1761 1672 1984 1738 exordio
2012 1695 2105 1736 su-

520 1778 749 1851 perioris
784 1777 1157 1850 disputationis
1197 1792 1229 1834 a
1270 1774 1423 1833 nobis
1466 1776 1694 1847 positum
1734 1789 1853 1830 esse
1889 1770 2024 1847 (Lib.
2050 1772 2103 1841 ι,

521 1888 636 1945 cap.
663 1870 721 1943 2)
747 1913 763 1940 ,
796 1887 989 1943 negare
1011 1886 1115 1926 non
1144 1884 1444 1942 possumus.
1486 1866 1596 1923 Nisi
1625 1866 1767 1923 enim
1794 1864 1938 1921 aliud
1966 1872 2108 1921 esset

520 1964 769 2034 credere,
800 1974 854 2021 et
877 1965 1019 2021 aliud
1047 1964 1362 2035 intelligere,
1391 1970 1445 2018 et
1470 1963 1642 2034 primo
1670 1960 1993 2017 credendum
2019 1974 2107 2016 es-

521 2069 623 2128 set,
646 2055 789 2131 quod
817 2064 1066 2126 magnum
1092 2058 1146 2110 et
1173 2053 1408 2110 divinum
1438 2053 1737 2121 intelligere
1765 2064 2106 2123 cuperemus,

520 2152 717 2210 frustra
744 2145 1003 2225 prepheta
1029 2144 1281 2210 dixisset,
1313 2143 1431 2199 Nisi
1454 2142 1764 2199 credideritis
1788 2185 1803 2211 ,
1835 2158 1934 2196 non
1961 2139 2110 2195 intel-

523 2244 689 2317 ligetis
717 2241 868 2317 (Isai.
900 2253 974 2293 vn
1002 2280 1016 2304 ,
1043 2237 1096 2303 9,
1127 2253 1227 2291 sec.
1256 2234 1446 2310 LXX).
1476 2236 1592 2306 ipse
1619 2248 1831 2306 quoque
1856 2234 2108 2291 Dominus

523 2344 710 2392 noster
732 2342 786 2392 et
811 2329 966 2390 dictis
992 2341 1047 2384 et
1080 2327 1232 2385 factis
1261 2329 1327 2384 ad
1370 2328 1693 2384 credendum
1723 2327 1896 2400 primo
1921 2324 2108 2382 horta-

524 2434 610 2484 tus
636 2436 752 2496 est,
781 2440 914 2498 quos
940 2422 1005 2481 ad
1036 2421 1257 2480 salutem
1288 2420 1515 2475 vocavit.
1548 2418 1651 2475 Sed
1685 2427 1865 2489 postea
1893 2434 2011 2475 cum
2042 2418 2108 2475 de

524 2521 643 2593 ipso
679 2520 819 2577 dono
842 2520 1164 2591 loqueretur,
1192 2514 1331 2586 quod
1359 2522 1471 2569 erat
1495 2513 1715 2568 daturus
1744 2511 2105 2581 credentibus,

525 2632 633 2672 non
662 2616 754 2681 ait,
786 2614 908 2669 Haec
932 2623 1015 2670 est
1038 2624 1215 2668 autem
1245 2613 1351 2666 vita
1381 2617 1579 2666 reterns
1608 2618 1667 2664 ut
1690 2605 1946 2673 credant;
1977 2605 2070 2662 sed
2090 2648 2105 2674 ,

529 2707 658 2764 Haec
684 2717 786 2774 est,
817 2708 1021 2779 inquit,
1056 2707 1157 2762 vita
1195 2714 1384 2761 (eterna
1407 2748 1420 2772 ,
1450 2712 1504 2759 ut
1545 2712 1847 2776 cognoscant
1875 2711 1920 2756 te
1946 2700 2110 2756 solum

523 2800 689 2857 Deum
713 2817 902 2871 verum,
944 2808 991 2855 et
1029 2815 1174 2871 quem
1206 2797 1385 2853 misisti
1407 2797 1585 2852 Iesum
1632 2794 1888 2852 Christum
1926 2791 2105 2863 (Ioan.

526 2910 679 2964 χιιι,
711 2893 790 2965 5).
832 2892 1033 2949 Deinde
1068 2891 1178 2964 jam
1223 2889 1565 2947 credentibus
1606 2886 1768 2954 dicit,
1813 2884 2035 2951 Qumrite
2060 2891 2110 2938 et

523 2985 780 3041 invenietis
813 2984 1022 3060 (Matth.
1055 2999 1124 3039 vn
1149 3027 1163 3051 ,
1194 2982 1248 3054 7)
1285 3003 1298 3039 :
1333 2998 1455 3037 nam
1491 2996 1663 3052 neque
1697 2979 1971 3035 inventum
2004 2974 2110 3032 dici

523 3084 724 3150 potest,
766 3074 906 3148 quod
951 3075 1273 3146 incognitum
1304 3073 1575 3138 creditur;
1618 3085 1790 3141 neque
1832 3068 2109 3139 quisquam

526 3169 846 3225 inveniendo
869 3168 976 3223 Deo
1001 3167 1058 3222 lit
1083 3166 1328 3235 idoneus,
1353 3166 1454 3221 nisi
1479 3172 1632 3220 antea
1661 3161 1944 3218 crediderit
1968 3158 2109 3231 quod

526 3267 611 3318 est
634 3268 816 3330 postea
846 3258 1173 3330 cogniturus.
1206 3257 1539 3327 QuaprOpter
1577 3253 1784 3309 Domini
1830 3251 2111 3325 praeceptis

528 3352 958 3421 obtemperantes
996 3363 1296 3419 quzeramus
1319 3346 1594 3401 instanter.
1622 3344 1773 3414 Quod
1814 3343 1953 3399 enim
1981 3343 2108 3397 hor-

528 3449 675 3496 tante
710 3440 826 3511 ipso
864 3437 1151 3510 quzerimus
1175 3480 1189 3504 ,
1231 3438 1417 3494 eodem
1458 3438 1573 3509 ipso
1602 3437 2003 3493 demonstrante
2029 3436 2111 3490 in-

527 3531 824 3599 veniemus,
853 3539 1105 3602 qnantum
1133 3528 1249 3587 haec
1276 3531 1326 3585 in
1349 3529 1448 3585 hac
1472 3532 1599 3596 vita,
1623 3536 1678 3584 et
1696 3544 1725 3582 a
1748 3529 1897 3584 nobis
1920 3528 2110 3584 talibus

529 3623 753 3681 inveniri
781 3630 980 3695 queunt
1010 3642 1022 3677 :
1053 3639 1173 3677 nam
1199 3632 1252 3678 et
1276 3639 1304 3676 a
1333 3621 1637 3677 melioribus
1665 3620 1823 3677 etiam
1861 3618 1988 3675 dum
2014 3618 2110 3675 has

528 3724 701 3772 terras
729 3714 999 3780 incolunt,
1029 3723 1081 3770 et
1103 3722 1246 3770 certe
1272 3730 1299 3769 a
1321 3712 1475 3770 bonis
1502 3719 1557 3767 et
1582 3713 1683 3784 piis
1709 3712 1953 3766 omnibus
1990 3718 2111 3783 post

529 3804 668 3864 hanc
696 3808 878 3871 vitam,
907 3806 1205 3863 evidentius
1233 3814 1390 3876 atque
1416 3803 1702 3876 perfectius
1722 3801 1821 3858 ista
1843 3801 1986 3858 cerni
2016 3802 2111 3857 ob-

533 3900 798 3974 tinerique
839 3898 1162 3957 credendum
1191 3910 1315 3967 est;
1354 3906 1408 3954 et
1438 3896 1590 3953 nobis
1635 3897 1706 3951 ita
1731 3895 1845 3951 fore
1886 3908 2107 3967 speran-

526 3991 653 4048 dum
696 3999 816 4058 est,
870 3999 920 4047 et
962 3991 1062 4048 ista
1106 3989 1425 4061 contemptis
1470 3987 1697 4044 terrenis
1733 3996 1787 4043 et
1822 3985 2103 4052 humanis,

529 4085 675 4140 omni
697 4084 856 4140 modo
878 4066 1229 4140 desideranda
1256 4089 1310 4141 et
1332 4078 1595 4153 diligenda
1626 4088 1768 4135 sunt.

525 4173 748 4232 CAPUT
788 4173 871 4230 ill.
900 4205 969 4215 -—
1000 4172 1165 4228 Deum
1205 4189 1310 4228 esse
1336 4181 1390 4227 ut
1416 4173 1735 4246 manifestum
1759 4170 1971 4237 evadat,
2004 4169 2109 4224 dis-

667 4267 881 4338 quiritur
917 4263 1040 4336 quid
1067 4263 1132 4320 sit
1161 4266 1213 4319 in
1239 4264 1440 4319 homine
1477 4264 1962 4337 prtestantissinmm.

597 4360 649 4415 7.
673 4358 985 4428 Quaeramus
1000 4364 1176 4413 autem
1204 4355 1303 4412 hoc
1324 4355 1529 4424 ordine,
1553 4356 1598 4411 si
1625 4355 1795 4426 placet
1817 4372 1830 4409 :
1852 4356 2105 4427 primum,

528 4450 800 4529 quomodo
823 4448 1161 4507 manifestum
1193 4455 1275 4503 est
1300 4446 1465 4503 Deum
1496 4461 1652 4512 esse;
1686 4445 1898 4514 deinde,
1931 4454 2107 4501 utrum

524 4550 593 4606 ab
645 4547 735 4602 illo
795 4545 902 4601 sint
947 4553 1293 4617 quaecumque
1347 4539 1400 4596 iu
1447 4545 1932 4612 quantumcumque
1986 4546 2109 4593 sunt

526 4641 700 4702 bona;
728 4646 995 4710 postremo
1020 4678 1035 4704 ,
1068 4644 1242 4691 utrum
1276 4633 1327 4689 in
1368 4632 1521 4688 bonis
1560 4629 1886 4687 numeranda
1921 4630 1991 4686 sit
2016 4645 2110 4685 vo-

529 4726 708 4787 luntas
740 4728 927 4787 libera.
971 4727 1171 4796 Quibus
1214 4726 1503 4797 compertis
1541 4722 1670 4781 satis
1712 4722 2018 4795 apparebit,
2051 4732 2109 4777 ιιι

532 4820 741 4891 opinor,
768 4828 945 4876 utrum
973 4829 1116 4876 recte
1145 4818 1346 4875 homini
1375 4818 1495 4874 data
1531 4818 1618 4873 sit.
1644 4816 1819 4884 Quare
1842 4817 1988 4887 prius
2013 4815 2108 4871 abs

532 4919 585 4966 te
613 4925 817 4980 quazro,
848 4920 906 4966 ut
929 4911 996 4967 de
1020 4909 1462 4966 manifestissimis
1490 4909 1761 4983 capiamus
1790 4908 2065 4965 exordium
2089 4927 2104 4976 ;

530 5010 709 5061 utrum
735 5006 790 5055 tu
820 5001 934 5070 ipse
975 5002 1068 5056 sis.
1115 5004 1196 5057 An
1228 5010 1286 5057 tu
1316 5000 1538 5057 fortasse
1571 5000 1764 5057 metuis
1787 5042 1803 5069 ,
1836 5016 1903 5057 ne
1931 5002 1983 5055 in
2012 4999 2110 5057 hac

532 5094 948 5167 interrogatione
973 5091 1169 5148 fallaris
1189 5134 1203 5158 ,
1231 5107 1349 5148 cum
1378 5093 1561 5165 utique
1585 5093 1629 5148 si
1655 5107 1761 5149 non
1787 5106 1933 5148 esses
1952 5136 1967 5160 ,
1998 5090 2107 5149 falli

531 5187 750 5247 omnino
779 5200 887 5241 non
927 5182 1153 5254 posses?
1179 5183 1246 5238 E.
1279 5181 1445 5255 Perge
1482 5183 1658 5254 potius
1690 5183 1755 5239 ad
1798 5192 2008 5240 caetera.
2042 5179 2103 5238 Ᾱ.

533 5281 677 5357 Ergo
701 5278 951 5353 quoniam
979 5274 1315 5331 manifestum
1346 5284 1571 5331 estesse
1597 5283 1668 5342 te,
1698 5289 1797 5330 nec
1836 5274 1930 5330 tibi
1957 5277 2109 5332 aliter

536 5371 870 5430 manifestum
898 5375 1059 5433 esset,
1092 5367 1191 5421 nisi
1213 5365 1441 5432 viveres,
1465 5365 1516 5420 id
1537 5381 1749 5436 quoque
1772 5367 2106 5423 manifestum

535 5471 618 5519 est
639 5505 654 5533 ,
686 5461 866 5521 vivere
905 5469 956 5516 te
985 5479 999 5514 :
1032 5455 1346 5528 intelligisne
1374 5456 1475 5511 ista
1510 5454 1616 5510 duo
1645 5469 1763 5511 esse
1800 5457 2108 5514 verissima?

536 5551 605 5611 E.
636 5554 859 5611 Prorsus
883 5550 1140 5623 intelligo.
1175 5548 1237 5604 Α.
1272 5548 1412 5619 Ergo
1438 5548 1594 5602 etiam
1631 5542 1732 5603 hoc
1757 5547 1968 5603 tertium
1999 5564 2109 5603 ma-

516 5640 783 5703 nifestum
822 5652 927 5711 est,
962 5640 1064 5698 hoc
1087 5649 1169 5697 est
1194 5639 1488 5711 intelligere
1534 5647 1603 5695 te.
1652 5638 1719 5695 E.
1747 5638 2106 5696 Manifestum.

534 5735 600 5793 Δ.
627 5734 764 5806 Quid
789 5735 842 5791 in
870 5735 952 5790 his
978 5735 1147 5792 tribus
1164 5732 1258 5791 tibi
1292 5732 1500 5789 videtur
1519 5730 1823 5788 excellere?
1850 5730 1917 5787 E.
1951 5731 2111 5788 Intel-

536 5827 771 5898 ligentia.
811 5826 878 5882 Α.
917 5826 1025 5882 Cur
1060 5826 1155 5883 tibi
1186 5828 1285 5883 hoc
1311 5825 1562 5883 videtur?
1590 5824 1655 5879 E.
1691 5825 1821 5893 Quia
1851 5840 1969 5879 cum
2010 5823 2110 5880 tria

541 5892 649 5973 sint
670 5918 817 5985 haec,
844 5932 994 5982 esse,
1034 5918 1211 5974 vivere
1233 5960 1248 5983 ,
1290 5919 1614 5988 intelligere;
1649 5892 1876 5986 etihpls
1912 5927 2028 5982 est,
2057 5892 2161 5972 et.

1512 455 1598 512 es
1635 455 1885 512 LIBERO
1920 451 2269 521 ARBleO,
2318 454 2375 509 ε.
2417 422 2785 515 ΑυευετῖΝι

3663 464 3789 529 Μ

2210 580 2373 639 pecus
2402 569 2548 637 vivit,
2581 585 2682 627 nec
2716 578 2895 628 tamen
2925 572 3154 646 lapidem
3184 586 3311 649 puto
3335 581 3557 651 vivere,
3580 590 3677 640 aut
3700 600 3787 658 pe.

2208 674 2307 717 eus
2334 661 2666 734 intelligere;
2704 664 2794 736 qui
2828 670 3009 724 autem
3048 669 3325 741 intelligit,
3353 688 3479 729 eum
3508 684 3565 731 et
3598 688 3718 734 esse
3740 690 3805 737 et

2209 754 2389 811 vivere
2424 757 2783 814 certissimum
2818 768 2901 816 est
2931 778 2947 815 :
2973 776 3139 832 quare
3162 763 3285 835 {non
3323 765 3515 824 dubito
3542 769 3598 825 id
3627 778 3805 830 exuet»

2211 845 2411 902 lentius
2433 847 2705 918 iudicare,
2736 852 2821 906 cui
2856 854 3034 908 omnia
3069 855 3168 910 tria
3196 854 3410 927 insunt,
3441 875 3603 932 quam
3637 862 3689 919 id
3714 870 3783 924 cui

2209 936 2319 994 duo
2342 940 2424 995 vel
2455 955 2616 996 unum
2655 941 2813 999 desit.
2843 943 2975 999 Nam
3014 947 3162 1017 quod
3205 948 3365 1018 vivit,
3397 952 3584 1023 utique
3608 962 3666 1011 et
3685 967 3781 1025 est,

2210 1028 2305 1085 sed
2341 1043 2448 1085 non
2487 1032 2726 1103 sequitur
2764 1043 2823 1090 ut
2862 1036 3021 1091 etiam
3055 1037 3359 1111 intelligat:
3388 1043 3605 1114 qualem
3636 1047 3782 1104 vitam

2210 1135 2331 1178 esse
2359 1123 2569 1193 pecoris
2609 1125 2858 1182 arbitror.
2889 1127 3041 1196 Quod
3084 1138 3263 1186 autem
3302 1141 3391 1188 est
3414 1174 3430 1200 ,
3476 1149 3584 1190 non
3619 1137 3781 1210 utique

2209 1230 2544 1289 consequens
2583 1230 2665 1277 est
2703 1228 2761 1276 ut
2786 1229 2842 1276 et
2880 1222 3021 1278 vivat
3062 1231 3120 1280 et
3160 1222 3467 1298 intelligat:
3506 1242 3631 1283 nam
3675 1244 3779 1286 esse

2208 1308 2464 1365 cadavera
2495 1324 2711 1381 possum
2741 1311 2895 1369 fateri
2923 1354 2935 1380 ,
2965 1313 3149 1372 vivere
3173 1324 3351 1371 autem
3380 1318 3557 1374 nullus
3583 1319 3775 1377 dixerit.

2209 1399 2456 1457 Jamvcro
2470 1402 2610 1473 quod
2635 1418 2739 1459 non
2759 1404 2886 1461 vivit
2906 1447 2920 1472 ,
2954 1407 3123 1462 multo
3139 1408 3317 1464 minus
3333 1410 3594 1483 intelligit.
3609 1413 3671 1468 Α.
3688 1413 3777 1470 τε·

2210 1506 2402 1550 nemus
2438 1496 2595 1567 igitur
2608 1497 2798 1553 horum
2833 1498 2990 1554 trium
3003 1499 3110 1556 duo
3147 1499 3335 1558 deesse
3349 1503 3612 1573 cadaveri,
3630 1521 3777 1563 unum

2219 1587 2431 1656 pecori,
2480 1587 2610 1644 nihil
2647 1588 2868 1645 homini.
2913 1589 2977 1645 Ε.
3026 1590 3222 1648 Verum
3265 1600 3367 1649 est.
3415 1595 3481 1651 Α.
3531 1596 3778 1656 Tenemus

2212 1677 2371 1732 etiam
2412 1678 2461 1734 id
2489 1694 2610 1736 esse
2633 1682 2688 1736 in
2728 1681 2810 1736 his
2849 1682 3019 1738 tribus
3055 1688 3399 1756 praestantius
3422 1731 3437 1757 ,
3469 1690 3605 1761 quod
3628 1691 3778 1748 homo

2211 1788 2332 1828 eum
2376 1774 2583 1831 duobus
2612 1779 2822 1834 casteris
2852 1776 3028 1851 habet,
3073 1779 3126 1835 id
3170 1788 3253 1837 est
3290 1780 3616 1857 intelligere,
3649 1784 3777 1858 quod

2213 1864 2494 1924 habentem
2514 1869 2752 1941 sequitur
2773 1878 2829 1926 et
2846 1885 2966 1927 esse
2987 1882 3040 1927 et
3055 1871 3252 1929 vivere.
3275 1872 3343 1931 Ε.
3367 1873 3627 1933 Tenemus
3643 1893 3776 1935 sane.

2284 1958 2337 2015 8.
2368 1961 2431 2014 Α.
2478 1960 2571 2016 Dic
2597 1961 2729 2018 mihi
2755 1962 2865 2033 jam
2887 1973 3061 2019 utrum
3095 1965 3214 2022 illos
3247 1968 3633 2039 vulgatissimos
3669 1986 3777 2027 coro

2214 2052 2360 2123 poris
2387 2066 2579 2110 sensus
2608 2054 2805 2113 habere
2833 2066 2886 2113 te
2910 2059 3145 2126 noveris,
3173 2059 3416 2130 videndi,
3449 2070 3502 2119 et
3528 2063 3773 2131 audiandi,

2214 2152 2268 2200 et
2295 2145 2574 2202 oiiacientli
2595 2191 2609 2215 ,
2639 2156 2692 2203 et
2730 2150 3012 2220 gustandi,
3041 2160 3093 2207 et
3126 2155 3395 2227 tangendi.
3441 2152 3508 2211 E.
3548 2155 3693 2212 Novi.
3719 2157 3772 2212 Α.

2213 2236 2349 2305 Quid
2380 2248 2534 2310 putas
2560 2242 2826 2313 pertinere
2854 2243 2920 2299 ad
2945 2244 3159 2301 videndi
3184 2261 3400 2303 sensum
3421 2249 3448 2303 ἲ
3472 2248 3521 2305 id
3543 2258 3641 2319 est,
3666 2251 3775 2321 quid

2212 2337 2369 2399 putas
2397 2346 2496 2387 nos
2527 2331 2753 2389 videndo
2785 2334 3025 2391 sentire?
3053 2333 3120 2391 E.
3166 2337 3521 2414 Quaecumque
3549 2357 3775 2414 carpem-

2212 2419 2303 2474 iia.
2332 2418 2395 2474 Α.
2429 2420 2563 2477 Num
2608 2425 2767 2479 etiam
2799 2425 2927 2479 dura
2957 2436 3012 2483 et
3039 2428 3218 2484 mollia
3246 2429 3474 2487 videndo
3497 2433 3775 2490 sentimus!

2215 2510 2281 2566 Ε.
2327 2512 2465 2569 Non.
2505 2514 2568 2569 Α.
2599 2516 2736 2584 Quid
2778 2533 2906 2590 ergo
2950 2522 3164 2591 proprie
3203 2521 3267 2577 ad
3311 2524 3484 2579 oculos
3522 2529 3773 2598 pertinet,

2212 2605 2352 2677 quod
2383 2623 2480 2679 per
2507 2624 2599 2665 eos
2624 2610 2929 2666 sentimus?
2960 2612 3023 2668 E.
3055 2610 3235 2670 Color.
3255 2614 3314 2667 Α.
3341 2615 3472 2683 Quid
3498 2615 3562 2671 ad
3587 2620 3778 2675 aures?

2218 2696 2280 2751 Ε.
2326 2698 2518 2756 Sonus.
2560 2701 2625 2755 Α.
2660 2702 2794 2771 Quid
2824 2703 2890 2758 ad
2920 2704 3217 2761 olt’aeunn?
3256 2705 3319 2760 Ε.
3359 2707 3514 2764 Odor.
3553 2710 3612 2764 A.
3641 2711 3773 2780 Quid
3804 2696 3805 2713 “

2213 2788 2279 2845 ad
2306 2800 2518 2862 gustum
2538 2792 2564 2847 ἲ
2588 2791 2653 2847 E.
2684 2793 2874 2864 Sapor.
2905 2795 2969 2849 Α.
3002 2796 3140 2864 Quid
3172 2796 3238 2853 ad
3271 2800 3508 2854 tactum?
3535 2796 3601 2854 E.
3629 2798 3773 2857 iloile

2217 2880 2300 2935 vel
2318 2879 2534 2947 durum,
2554 2883 2677 2940 lene
2694 2885 2779 2940 vel
2806 2900 3076 2956 asperum,
3106 2895 3160 2942 et
3185 2888 3348 2943 multa
3376 2888 3518 2944 talia.
3544 2888 3774 2958 Λωίδι

2214 2987 2495 3044 corporum
2527 2973 2758 3044 formas,
2795 2993 3044 3049 magnas,
3074 2979 3295 3047 breves,
3326 2982 3585 3053 quadras,
3613 2990 3771 3037 rotun-

2214 3062 2340 3131 das,
2368 3074 2422 3120 et
2450 3068 2495 3120 si
2523 3066 2649 3136 quid
2680 3066 2981 3136 huiusmodi
3017 3078 3134 3137 est,
3164 3086 3343 3127 nonne
3372 3080 3425 3128 et
3452 3072 3694 3145 tangendo
3726 3083 3770 3129 et

2213 3154 2444 3211 videndo
2472 3158 2730 3214 sentimus
2750 3200 2765 3228 ,
2799 3169 2853 3216 et
2879 3162 3000 3217 ideo
3029 3177 3127 3218 nec
3154 3164 3289 3219 visui
3318 3167 3556 3237 proprie,
3588 3183 3676 3223 nec
3702 3178 3765 3222 ta-

2214 3247 2321 3302 ctui
2349 3249 2508 3330 tribui
2536 3260 2792 3324 possunt,
2841 3253 2936 3308 sed
2966 3256 3210 3326 utrique?
3239 3254 3305 3311 E.
3336 3256 3590 3330 intelligo.
3619 3259 3675 3313 Α.
3700 3257 3767 3313 ln-

2215 3328 2409 3411 telligis
2438 3356 2565 3413 ergo
2590 3353 2641 3399 et
2667 3344 2907 3416 qumdam
2939 3348 3177 3420 singulos
3213 3365 3403 3407 sensus
3437 3328 3622 3409 habere
3664 3371 3763 3424 pro-
3788 3354 3805 3421 ,ξ

2212 3430 2349 3501 pria,
2398 3432 2469 3489 de
2513 3434 2705 3505 quibus
2754 3439 3100 3506 renuntient,
3152 3450 3205 3496 et
3247 3441 3492 3512 quaadam
3540 3445 3762 3518 quasdam
3804 3446 3805 3449 “

2215 3521 2411 3582 habere
2439 3530 2781 3585 communia?
2806 3529 2871 3586 E.
2900 3531 2967 3587 Et
2992 3532 3095 3588 hoe
3121 3534 3375 3607 intelligo.
3405 3538 3468 3592 Α.
3490 3537 3617 3607 Quid
3634 3539 3766 3609 igitur
3804 3540 3805 3543 “

2215 3616 2282 3672 ad
2308 3634 2571 3690 quemque
2612 3636 2826 3677 sensum
2860 3625 3160 3699 pertineat,
3210 3636 3261 3681 et
3296 3628 3421 3699 quid
3453 3631 3584 3686 inter
3617 3646 3670 3687 se
3695 3632 3761 3686 vel

2215 3722 2400 3766 omnes
2440 3713 2520 3767 vel
2555 3713 2768 3783 quidam
2796 3730 2979 3770 eorum
3011 3718 3365 3775 communiter
3394 3722 3628 3791 habeant,
3657 3738 3761 3778 num

2212 3815 2498 3871 possumus
2549 3804 2660 3860 ullo
2711 3820 2896 3861 eorum
2951 3822 3112 3863 sensu
3151 3808 3483 3879 dijudieare?
3526 3811 3586 3867 E.
3630 3812 3761 3869 Nullo
3804 3826 3805 3831 ‘

2215 3892 2396 3960 modo,
2421 3894 2514 3950 sed
2537 3896 2763 3968 quodam
2790 3897 3040 3955 interiore
3063 3899 3158 3954 ista
3180 3901 3545 3977 dijudicantur.
3564 3904 3623 3958 Δ.
3644 3905 3761 3960 Nam

2216 3988 2443 4045 fortasse
2490 3991 2601 4061 ipsa
2635 3999 2716 4047 est
2752 3994 2919 4059 ratio,
2953 4010 3051 4065 qua
3086 3994 3268 4051 bestia:
3299 3997 3506 4052 carent?
3530 4012 3671 4063 nam,
3710 4009 3760 4052 ut
3804 4014 3805 4017 ‘

2214 4079 2427 4149 opinor,
2456 4082 2661 4136 ratione
2690 4082 2789 4136 ista
2819 4084 3344 4154 comprehendimus,
3368 4094 3419 4141 et
3442 4087 3504 4141 ita
3533 4100 3638 4142 sese
3668 4086 3754 4141 ha-
3804 4108 3805 4121 π

2213 4171 2341 4227 bere
2367 4174 2753 4242 cognoscimus.
2782 4173 2844 4229 E.
2868 4174 3030 4247 Magis
3055 4193 3151 4233 nos
3177 4180 3408 4235 arbitror
3426 4180 3617 4236 ratione
3632 4194 3759 4235 com-
3804 4162 3805 4185 ξ

2213 4263 2549 4334 prehendere
2595 4281 2714 4322 esse
2755 4267 3063 4324 interiorem
3106 4272 3387 4340 quemdam
3430 4287 3666 4337 sensum,
3703 4271 3756 4327 ad

2217 4370 2374 4425 quem
2414 4355 2481 4411 ab
2510 4356 2625 4412 istis
2651 4359 2881 4433 quinque
2925 4360 3216 4415 notissimis
3250 4372 3436 4417 cuncta
3474 4365 3752 4419 referantur.

2212 4444 2451 4518 Namque
2475 4447 2617 4503 aliud
2645 4458 2726 4503 est
2751 4464 2854 4520 quo
2884 4449 3027 4506 videt
3046 4450 3237 4519 bestia,
3267 4452 3409 4507 aliud
3446 4469 3545 4523 quo
3575 4468 3630 4507 ea
3658 4466 3757 4523 quae

2211 4538 2443 4596 videndo
2467 4540 2647 4608 sentit,
2672 4541 2755 4598 vel
2784 4542 2913 4598 vitat
2936 4544 3020 4598 vel
3044 4545 3247 4615 appetit
3279 4563 3291 4598 :
3323 4545 3412 4601 ille
3439 4548 3571 4601 enim
3591 4559 3757 4601 sensus

2212 4632 2266 4687 in
2298 4634 2465 4688 oculis
2508 4642 2624 4700 est,
2669 4634 2761 4689 ille
2796 4643 2971 4691 autem
3014 4635 3154 4690 intus
3197 4636 3250 4690 in
3289 4638 3402 4707 ipsa
3443 4639 3635 4701 anima;
3672 4652 3755 4707 quo
3804 4622 3805 4685 ἶ

2213 4738 2318 4778 non
2346 4725 2515 4778 solum
2536 4740 2596 4780 ea
2624 4741 2741 4795 qum
2763 4725 3025 4793 vitientur,
3049 4726 3143 4781 sed
3168 4726 3327 4781 etiam
3349 4743 3467 4798 quae
3486 4728 3752 4791 audiuntur,
3804 4748 3805 4765 ι

2210 4830 2435 4889 qumque
2462 4818 2672 4873 caeteris
2698 4817 2978 4888 capiuntur
3007 4819 3246 4888 corporis
3271 4818 3541 4887 sensibus,
3574 4820 3648 4876 vel
3677 4833 3753 4890 ap-
3804 4814 3805 4821 “

2213 4914 2399 4976 petunt
2423 4906 2670 4974 animalia
2689 4908 2947 4963 delectata
2969 4917 3023 4964 et
3046 4921 3345 4977 assumunt,
3370 4911 3453 4967 vel
3472 4910 3659 4967 offensa
3682 4909 3755 4966 de-

2212 4997 2381 5052 vitant
2404 5006 2457 5052 et
2476 5006 2748 5069 reSpuunt.
2785 5000 2879 5054 llic
2907 5006 3083 5056 autem
3113 5016 3212 5056 nec
3236 5001 3401 5070 visus,
3437 5016 3533 5058 nec
3555 5003 3749 5069 auditus,
3804 4982 3805 5041 Ῑ

2213 5103 2313 5144 nec
2337 5088 2562 5144 oli‘actus
2584 5131 2599 5156 ,
2650 5104 2749 5146 nec
2789 5098 3058 5162 gustatus,
3101 5107 3200 5147 nec
3232 5101 3405 5148 tactus
3433 5091 3534 5149 diei
3574 5101 3750 5163 potest,

2213 5182 2307 5238 sed
2336 5182 2518 5238 nescio
2539 5180 2665 5253 quid
2692 5183 2832 5238 aliud
2857 5184 2998 5254 quod
3019 5183 3263 5239 omnibus
3285 5186 3631 5241 communiter
3652 5199 3751 5256 pm
3804 5180 3805 5255 ᾗ

2214 5275 2370 5331 sidet.
2406 5273 2558 5344 Quod
2598 5290 2718 5330 eum
2754 5279 2959 5330 ratione
2983 5275 3497 5346 comprehendamus
3520 5321 3533 5343 ,
3566 5286 3618 5332 ut
3637 5275 3726 5332 dixi
3738 5316 3747 5338 ,

2215 5367 2317 5423 hoc
2343 5369 2515 5439 ipsum
2550 5376 2722 5423 tamen
2750 5368 3004 5422 rationem
3033 5383 3223 5423 vocare
3243 5384 3349 5423 non
3380 5383 3619 5449 possunt;
3643 5382 3747 5439 quo-

2216 5460 2354 5513 niam
2386 5465 2441 5513 et
2465 5458 2646 5514 bestiis
2671 5460 2846 5514 inesse
2872 5456 3202 5513 manifestum
3230 5467 3328 5514 est.
3418 5464 3423 5473 ‘

2286 5551 2338 5606 9.
2368 5552 2432 5604 A.
2463 5553 2706 5622 Agnosco
2733 5552 2872 5607 istud
2903 5551 3156 5631 quidquid
3184 5560 3295 5620 est,
3324 5558 3376 5610 ει
3414 5569 3534 5637 eum
3564 5552 3747 5633 interio-

2216 5657 2327 5697 rem
2354 5657 2566 5698 sensum
2593 5644 2856 5715 appellare
2883 5656 2987 5700 nun
3014 5644 3217 5701 dubito.
3244 5644 3351 5703 Sed
3389 5647 3489 5703 nisi
3532 5657 3583 5704 et
3618 5647 3745 5704 istum

2219 5742 2478 5804 transeat,
2509 5737 2649 5806 quod
2687 5736 2750 5789 ad
2781 5752 2879 5791 nos
2907 5734 3136 5792 refertur
3168 5753 3197 5792 a
3238 5739 3481 5795 sensibus
3515 5737 3744 5811 corporis.

2220 5826 2494 5896 pervenire
2533 5828 2597 5881 ad
2645 5826 2918 5882 scientiam
2956 5842 3064 5883 non
3103 5836 3296 5898 potest.
3335 5824 3593 5901 Quidquid
3632 5825 3746 5885 enim

2218 5920 2415 5974 scimus
2438 5960 2453 5985 ,
2489 5920 2538 5974 id
2579 5922 2781 5976 ratione
2818 5921 3260 5990 «improuisum
3290 5926 3550 5982 multa.
3575 5920 3747 5980 Boil]!!!

3803 5088 3806 5151 λ

3804 5706 3805 5779 ι

3803 6264 3805 6345 ι
