3824 6296
565 490 703 559 19.41

561 614 789 671 Sensum
835 605 1061 665 scilicet.
1091 602 1157 659 Α.
1204 599 1416 671 Quare?
1466 595 1536 653 E.
1578 594 1713 664 Quia
1736 591 1927 649 melius
1968 596 2052 646 est
2091 586 2145 642 id

562 702 707 777 quod
728 701 891 759 etiam
919 699 1071 766 vivit,
1098 709 1257 769 quam
1276 692 1331 749 id
1358 689 1500 763 quod
1525 696 1728 745 tantum
1753 695 1858 741 est.

631 794 723 853 l2.
752 795 818 849 Α.
849 791 1025 862 Quid?
1044 789 1195 846 illum
1229 799 1447 843 sensum
1485 780 1825 843 interiorem,
1842 788 2000 848 quem
2023 773 2144 845 qui-

560 890 683 947 dem
707 886 843 944 infra
871 884 1151 947 ratiunem,
1179 889 1236 938 et
1260 879 1436 935 adhuc
1472 875 1624 931 nobis
1646 884 1981 928 communem
2019 882 2142 922 cum

568 982 756 1038 bestiis
778 973 1424 1049 superius-indagavimus,
1451 965 1785 1024 dubitabisne
1812 961 1936 1017 huic
1961 957 2142 1015 sensui

558 1086 873 1147 prteponere
898 1085 1005 1142 quo
1047 1081 1244 1138 corpus
1271 1062 1597 1134 attingimus,
1627 1067 1681 1115 et
1714 1071 1871 1127 quem
1905 1054 2014 1147 jam
2040 1051 2141 1147 ipsi

557 1144 769 1238 corpori
784 1161 1201 1236 praeponendum
1223 1173 1344 1216 esse
1358 1154 1577 1212 dixisti?
1602 1152 1665 1207 Ε.
1690 1149 1844 1207 Nullo
1864 1146 2024 1238 modo
2041 1144 2141 1200 du-

557 1236 860 1313 bitaverim.
883 1255 948 1309 Α.
981 1253 1155 1309 Etiam
1178 1251 1281 1305 hoc
1300 1263 1395 1304 cur
1416 1261 1523 1301 non
1553 1242 1781 1306 dubites,
1813 1238 1937 1294 volo
1963 1236 2059 1292 abs
2089 1246 2141 1291 te

556 1348 761 1405 audire.
805 1347 919 1404 Non
967 1346 1109 1402 enim
1144 1341 1348 1414 poteris
1376 1339 1557 1395 dicere
1583 1335 1725 1390 hunc
1750 1345 1966 1388 sensum
2000 1329 2138 1384 inte«

557 1440 754 1498 riorem
779 1441 887 1511 jam
918 1440 974 1495 in
1002 1452 1068 1494 eo
1095 1450 1292 1508 genere
1337 1434 1496 1488 trium
1542 1431 1750 1485 illorum
1780 1441 1901 1482 esse
1931 1438 2139 1495 ponen-

560 1534 711 1602 dum,
736 1531 877 1603 quod
900 1532 1060 1587 etiam
1102 1527 1365 1597 intelligit,
1394 1525 1489 1580 sed
1516 1522 1689 1578 adhuc
1731 1520 1784 1575 in
1822 1533 1889 1575 eo
1915 1516 2057 1588 quod
2085 1521 2140 1570 et

557 1633 641 1680 est
663 1632 719 1679 et
744 1622 894 1689 vivit,
917 1620 1124 1676 etiamsi
1144 1617 1418 1674 intellectu
1444 1622 1589 1670 caret
1622 1631 1634 1666 :
1659 1613 1760 1668 iste
1785 1610 1924 1665 enim
1950 1621 2137 1663 sensus

558 1715 700 1771 inest
738 1722 794 1771 et
816 1700 1042 1777 \bestiis,
1097 1710 1289 1782 quibus
1339 1707 1633 1762 intellectus
1674 1718 1782 1758 non
1825 1701 1980 1756 inest.
2007 1697 2138 1764 Quae

559 1821 682 1863 eum
711 1807 781 1861 ita
807 1805 933 1871 sint,
964 1818 1146 1876 quaero
1169 1817 1265 1858 cur
1292 1813 1569 1872 praeponas
1596 1810 1811 1851 sensum
1831 1790 2137 1847 interiorem

557 1896 682 1954 huic
708 1896 891 1952 sensui
907 1909 1012 1966 quo
1027 1892 1321 1964 corporalia
1349 1890 1666 1952 sentiuntur,
1686 1901 1806 1942 cum
1830 1885 1899 1940 sit
1916 1893 2137 1951 uterque

556 1987 611 2044 in
641 2003 707 2044 eo
733 2002 927 2058 genere
947 1985 1089 2057 quod
1113 1984 1257 2040 vivit.
1275 1983 1499 2039 Sensum
1530 1989 1705 2035 autem
1734 1978 1891 2032 istum
1909 1974 1996 2045 qui
2012 1989 2135 2027 cor-

555 2094 685 2152 pora
727 2079 954 2149 attingit,
997 2076 1117 2133 ideo
1157 2073 1491 2147 praeposuiin
1530 2070 1862 2143 corporibus,
1893 2068 2014 2139 quia
2043 2067 2134 2122 illa

553 2178 678 2228 sunt
701 2170 753 2226 in
779 2185 844 2225 eo
871 2184 1068 2240 genere
1114 2166 1256 2239 quod
1299 2173 1504 2221 tantum
1550 2172 1653 2229 est,
1679 2164 1780 2217 iste
1824 2174 1948 2215 vero
1985 2159 2037 2214 in
2066 2173 2133 2214 eo

551 2261 693 2334 quod
718 2262 878 2317 etiam
907 2260 1035 2315 vivit
1063 2279 1079 2315 :
1116 2260 1169 2315 in
1200 2272 1308 2330 quo
1341 2271 1462 2312 cum
1512 2262 1567 2310 et
1614 2253 1705 2308 ille
1731 2251 1950 2307 interior
1976 2264 2133 2319 repe-

552 2355 737 2421 riatur,
764 2367 863 2409 cur
887 2368 1008 2408 eum
1045 2350 1323 2407 meliorem
1367 2356 1521 2420 putes
1568 2346 1657 2401 dic
1694 2344 1843 2399 mihi.
1897 2343 1951 2399 Si
1990 2342 2133 2397 enim

548 2446 785 2515 dixeris,
827 2446 950 2516 quia
992 2444 1085 2501 ille
1122 2444 1280 2499 istum
1311 2441 1508 2504 sentit,
1539 2452 1646 2494 non
1678 2445 1731 2492 te
1753 2434 1914 2491 credo
1943 2435 2131 2489 inven-

550 2548 725 2594 turum
750 2538 981 2608 regulam
1009 2552 1113 2608 qua
1144 2534 1307 2606 figere
1334 2533 1601 2604 possimus
1628 2531 1668 2597 ί,
1697 2543 1856 2585 omne
1894 2527 2131 2584 sentiens

548 2630 737 2687 melius
760 2644 881 2687 esse
912 2644 1070 2700 quam
1097 2627 1148 2683 id
1173 2626 1315 2698 quod
1340 2626 1408 2680 ab
1436 2640 1502 2681 eo
1521 2623 1767 2689 sentitur,
1795 2636 1862 2676 ne
1890 2619 2132 2675 fortassis

549 2741 614 2781 ex
639 2725 743 2782 hoc
761 2724 919 2781 etiam
941 2737 1193 2794 cogamur
1214 2721 1417 2788 dicere,
1440 2734 1600 2775 omne
1624 2717 1922 2787 intelligens
1941 2715 2130 2771 melius

549 2831 669 2873 esse
708 2830 883 2887 quam
909 2815 962 2871 id
991 2815 1133 2886 quod
1158 2813 1225 2870 ab
1253 2827 1319 2869 eo
1365 2811 1695 2882 intelligitur.
1726 2809 1838 2865 Hoc
1866 2809 2008 2864 enim
2033 2808 2130 2863 fal-

549 2922 666 2963 sum
685 2914 802 2971 est;
834 2907 957 2979 quia
978 2905 1138 2961 homo
1162 2904 1409 2975 intelligit
1434 2902 1769 2974 sapientiam,
1807 2909 1863 2956 et
1898 2915 2006 2955 non
2047 2908 2130 2956 est

547 3000 736 3059 melior
773 3015 929 3071 quam
971 2999 1085 3070 ipsa
1133 2996 1412 3068 sapientia.
1464 2994 1822 3062 Quamobrem
1859 2992 1981 3048 vide
2023 3008 2128 3063 qua

547 3104 706 3147 causa
735 3090 828 3145 tibi
851 3090 1022 3145 visum
1076 3087 1166 3155 sit,
1197 3101 1412 3144 sensum
1458 3084 1768 3142 interiorem
1798 3082 1922 3139 huic
1945 3082 2127 3138 sensui

546 3196 652 3253 quo
700 3181 956 3237 sentimus
1001 3194 1256 3250 corpora,
1302 3193 1422 3234 esse
1463 3175 1872 3248 praeferendum.
1897 3173 1965 3229 E.
1992 3174 2127 3242 Quia

549 3269 938 3326 moderatorem
966 3278 1021 3325 et
1053 3268 1289 3339 judicem
1314 3267 1596 3338 quemdam
1622 3266 1780 3336 hujus
1813 3265 1960 3320 illum
2007 3279 2127 3321 esse

547 3373 836 3428 cognosco.
863 3358 995 3413 Nam
1017 3366 1072 3414 et
1099 3358 1145 3414 si
1172 3358 1300 3428 quid
1326 3357 1451 3412 huic
1476 3357 1529 3411 in
1559 3355 1736 3411 officio
1755 3371 1854 3412 suo
1875 3356 2122 3425 defuerit,

549 3449 639 3505 ille
664 3457 915 3519 tanquam
946 3449 1180 3504 debitum
1210 3463 1241 3504 a
1277 3448 1523 3503 ministro
1549 3446 1771 3518 ﬂagitat,
1804 3448 1941 3503 sicut
1968 3448 2125 3519 paulo

548 3549 671 3595 ante
694 3539 1016 3612 disputatum
1044 3549 1144 3597 est.
1166 3541 1282 3597 Non
1309 3543 1451 3597 enim
1478 3555 1537 3596 se
1564 3539 1764 3607 videre,
1794 3549 1885 3596 aut
1905 3556 2012 3597 non
2038 3542 2124 3597 vi-

548 3632 677 3688 dere
704 3646 893 3689 sensus
917 3633 1057 3688 oculi
1076 3632 1238 3699 videt,
1266 3642 1321 3687 et
1342 3633 1463 3703 quia
1492 3647 1598 3688 non
1627 3631 1793 3699 videt,
1821 3648 1929 3688 non
1949 3643 2125 3704 potest

549 3723 675 3796 quid
695 3724 795 3779 sibi
816 3723 979 3793 desit,
1004 3732 1097 3779 aut
1118 3724 1241 3795 quid
1258 3723 1396 3779 satis
1425 3723 1494 3778 sit
1513 3722 1783 3794 judicare;
1814 3723 1908 3779 sed
1928 3724 2016 3779 ille
2045 3725 2125 3778 in-

550 3814 732 3882 terior,
755 3829 860 3886 quo
878 3814 1192 3872 admouetur
1211 3822 1268 3873 et
1288 3815 1462 3870 anima
1483 3815 1668 3871 bestiae
1687 3815 1893 3887 aperire
1911 3816 2120 3872 oculum

549 3909 806 3976 clausum,
833 3916 888 3964 et
912 3909 1054 3980 quod
1076 3908 1265 3964 deesse
1289 3910 1453 3964 sentit
1496 3908 1737 3978 implere.
1778 3906 1917 3963 Nulli
1945 3916 2123 3965 autem

545 3999 762 4056 dubium
805 4009 888 4056 est
916 4016 1039 4056 eum
1066 4000 1155 4070 qui
1199 3999 1401 4070 judicat
1423 4040 1440 4065 ,
1470 4012 1536 4053 eo
1559 3997 1628 4054 de
1651 4012 1755 4069 quo
1778 3997 1980 4069 judicat
2002 4013 2122 4055 esse

544 4092 840 4149 meliorem.
873 4092 935 4145 Α.
976 4090 1161 4147 Cernis
1187 4106 1313 4162 ergo
1355 4090 1511 4144 istum
1540 4092 1701 4144 etiam
1728 4089 1968 4159 corporis
1998 4104 2122 4145 sen-

544 4191 661 4239 sum
686 4181 752 4240 de
778 4182 1087 4255 corporibus
1112 4181 1503 4252 quodammodo
1543 4180 1822 4251 judicare?
1852 4180 1930 4235 Ad
1971 4180 2121 4236 ilium

543 4274 685 4332 enim
713 4275 945 4345 pertinet
978 4277 1222 4344 voluptas
1258 4283 1314 4329 et
1346 4273 1521 4342 dolor,
1558 4289 1679 4329 cum
1703 4274 1788 4329 vel
1820 4272 2010 4329 leniter
2038 4273 2121 4328 vel

542 4380 732 4438 aspere
752 4381 979 4439 corpore
996 4365 1291 4436 attingitur.
1320 4365 1449 4420 Nam
1475 4365 1608 4422 sicut
1640 4365 1731 4420 ille
1752 4365 1972 4421 interior
1992 4364 2120 4436 quid

543 4455 682 4512 desit
716 4456 802 4512 vel
838 4456 969 4513 satis
1006 4456 1076 4512 sit
1119 4456 1390 4511 oculorum
1417 4456 1595 4512 sensui
1634 4455 1865 4525 judicat;
1894 4457 1972 4511 sic
2008 4458 2123 4527 ipse

544 4560 735 4604 sensus
757 4547 1033 4604 oculorum
1058 4545 1185 4618 quid
1210 4546 1351 4603 desit
1376 4549 1419 4612 ¹,
1438 4546 1535 4601 .vei
1564 4545 1695 4602 satis
1736 4547 1806 4601 sit
1854 4546 2121 4603 coioribus

543 4636 773 4705 judicat.
790 4637 918 4692 Item
947 4637 1086 4692 sicut
1113 4637 1203 4693 ille
1227 4636 1449 4692 interior
1470 4636 1539 4693 de
1567 4638 1748 4691 auditu
1779 4644 1964 4692 nostro
1979 4637 2123 4706 judi-

546 4735 653 4794 cat,
674 4736 851 4783 utrum
873 4729 1050 4786 minus
1073 4744 1140 4785 an
1157 4728 1484 4785 sufﬁcienter
1512 4729 1746 4785 intentus
1770 4729 1872 4792 sit;
1894 4728 2121 4799 siejudi-

546 4826 634 4874 cat
656 4818 865 4875 auditus
883 4821 995 4891 ipse
1005 4821 1071 4877 de
1084 4822 1320 4887 vocibus,
1349 4822 1473 4890 quid
1493 4836 1674 4877 earum
1702 4821 1892 4877 leniter
1917 4821 2116 4882 inﬂuat.

545 4917 640 4964 aut
665 4923 854 4980 aspere
874 4921 1188 4982 perstrepat.
1220 4912 1333 4967 Non
1361 4927 1581 4969 necesse
1600 4921 1681 4968 est
1694 4921 1917 4969 caeteros
1933 4927 2122 4968 sensus

543 5000 785 5072 corporis
811 5002 1055 5072 persequi
1082 5020 1097 5056 :
1116 5002 1224 5072 jam
1251 5004 1415 5071 enim,
1432 5012 1489 5059 ut
1509 5005 1719 5075 opinor,
1745 5004 2120 5059 animadvertis

543 5089 673 5163 quid
689 5089 847 5145 velim
868 5089 1067 5158 dicere,
1096 5094 1167 5146 ita
1187 5092 1391 5148 scilicet
1409 5108 1622 5149 sensum
1646 5094 1793 5151 illum
1814 5094 2121 5150 interiorem

541 5181 612 5238 de
640 5181 758 5238 istis
780 5184 1019 5252 corporis
1042 5182 1284 5239 sensibus
1308 5183 1567 5252 judicare,
1604 5199 1725 5240 cum
1751 5199 1934 5240 eorum
1961 5196 2011 5238 et
2041 5186 2120 5239 in-

546 5274 844 5345 tegritatem
872 5274 1082 5343 probat,
1101 5283 1156 5328 et
1177 5272 1410 5328 debitum
1440 5272 1655 5346 flagitat,
1678 5274 2120 5346 quemadmodum

542 5376 598 5422 et
639 5366 738 5436 ipsi
766 5366 1006 5437 corporis
1030 5380 1221 5423 sensus
1249 5366 1316 5421 de
1342 5367 1657 5439 corporibus
1678 5368 1933 5437 judicaut,
1966 5381 2117 5423 assu-

542 5469 752 5514 mentes
778 5458 832 5513 in
858 5458 935 5514 eis
976 5457 1148 5515 lenem
1194 5468 1412 5517 tactum.
1461 5459 1868 5529 rejicieutesque
1906 5470 2118 5514 contra-

543 5550 701 5606 rium.
729 5548 797 5605 Ε.
827 5551 998 5606 Cerno
1023 5565 1172 5617 sane.
1205 5562 1261 5608 et
1283 5550 1558 5608 verissima
1588 5565 1706 5606 esse
1731 5552 2024 5606 consentio.

604 5708 622 5774 ξ
649 5707 799 5774 aditi:
826 5705 1160 5774 sagittariique
1180 5705 1333 5774 ﬁdere
1630 5704 1930 5774 uss.,_ﬁgere.

602 5770 625 5801 ⁸
649 5771 827 5837 Regius
840 5767 1000 5837 Codex
1022 5767 1201 5837 aliique
1217 5770 1319 5837 duo
1338 5767 1410 5820 sic
1430 5770 1608 5837 habent
1631 5784 1642 5818 τ
1667 5767 1780 5837 Νιτζὴ
1804 5767 1934 5819 simul
1948 5767 2029 5819 ille
2044 5768 2119 5837 ig-

720 5828 783 5878 δθ
815 5831 931 5901 3“?“
958 5828 1324 5901 ποδτνυξὶυᾷιεαι
1345 5837 1509 5901 “(Vlup
1526 5832 1683 5899 mirata
1705 5833 1851 5886 caue.
1889 5844 1948 5879 an
1982 5828 2136 5901 δαιῖῖι

547 5890 717 5947 σφωε*
742 5899 900 5953 mea!
921 5903 935 5952 ,'
960 5904 1029 5949 sic
1050 5890 1175 5955 usus
1195 5891 1297 5955 ipse
1314 5891 1430 5968 quid
1455 5890 1587 5961 desit,

1585 470 1676 533 DE
1712 470 1965 531 LIBERO
2001 466 2349 537 ARBITRIO,
2389 470 2448 529 S.
2490 469 2859 531 AUGUSTINI

2254 585 2478 644 CAPUT
2507 588 2591 644 Vl.
2624 620 2693 630 —
2717 591 2871 647 Ratio
2896 593 3087 648 ceteris
3138 597 3194 649 ta
3221 593 3427 652 homine
3453 604 3695 668 prastat;

2629 683 2814 751 siquid
2841 686 3188 752 prwstantius,
3218 685 3357 739 Deus
3381 696 3484 740 est.

2322 770 2411 825 l5.
2442 769 2508 824 Α.
2532 771 2761 827 Attende
2786 771 2895 842 jam
2922 780 3096 827 utrum
3119 774 3256 830 ratio
3278 777 3444 832 etiam
3488 775 3561 832 de
3585 775 3682 834 hoc
3700 781 3799 839 inle-

2248 847 2391 917 riore
2420 874 2577 916 sensu
2601 861 2822 932 judicet.
2849 862 2969 919 Jam
2998 863 3139 918 enim
3166 879 3271 920 non
3296 881 3485 936 quaero
3518 877 3689 925 utrum
3710 888 3794 930 ean

2247 952 2524 1008 meliorem
2549 953 2638 1008 illo
2659 969 2777 1009 esse
2812 953 3044 1022 dubites,
3084 955 3208 1026 quia
3239 971 3345 1012 non
3369 957 3562 1013 dubito
3603 960 3652 1015 id
3678 952 3811 1032 teju-i

2247 1043 2429 1101 dicare
2457 1063 2471 1099 :
2501 1062 2799 1119 quanquam
2824 1062 2894 1103 ne
2919 1047 2970 1103 id
2995 1047 3211 1119 quidem
3233 1048 3344 1121 jam
3366 1053 3703 1122 quaarendum

2248 1143 2378 1205 tem,
2403 1146 2577 1193 utrum
2606 1138 2672 1194 de
2701 1138 2804 1193 isto
2823 1138 3197 1209 sensujudicet
3221 1141 3378 1195 ratio.
3409 1140 3648 1213 Namque
3670 1143 3712 1199 in
3746 1138 3811 1213 iis}

2246 1226 2376 1299 ipsis
2400 1245 2519 1298 quae
2545 1229 2681 1284 infra
2720 1243 2839 1285 eam
2867 1237 3011 1296 sunt,
3043 1230 3094 1284 id
3119 1238 3203 1286 est
3244 1230 3299 1285 in
3347 1233 3660 1303 corporibus
3682 1246 3725 1290 et
3752 1238 3789 1291 in

2246 1318 2492 1374 sensibus
2528 1320 2771 1390 corporis
2809 1328 2864 1375 et
2900 1320 3002 1374 isto
3049 1320 3304 1376 interiore
3340 1335 3525 1389 sensu,
3568 1326 3789 1394 quomodo

2246 1410 2318 1465 sit
2341 1411 2483 1465 aliud
2513 1411 2618 1488 alio
2643 1412 2855 1477 melius,
2876 1420 2929 1467 et
2952 1426 3109 1482 quam
3126 1411 3195 1467 sit
3219 1412 3320 1468 illis
3340 1416 3670 1485 pnestantior
3687 1418 3785 1488 ipsa,

2244 1515 2363 1570 qua:
2392 1500 2624 1569 tandem,
2668 1503 2769 1558 nisi
2799 1503 2911 1573 ipsa
2939 1504 3241 1559 renuntiat?
3269 1504 3413 1573 quod
3435 1505 3662 1575 profecto
3679 1510 3789 1565 nullo

2245 1591 2405 1646 modo
2423 1602 2624 1663 posset,
2647 1593 2749 1649 nisi
2775 1593 2842 1649 de
2861 1594 2944 1649 his
2960 1596 3072 1666 ipsa
3094 1595 3378 1666 iudicaret.
3402 1595 3471 1651 E.
3500 1598 3811 1669 Manifestumj

2245 1694 2346 1739 est.
2384 1684 2448 1737 Α.
2479 1683 2613 1740 Cum
2642 1701 2772 1757 ergo
2808 1702 2925 1743 eam
2951 1698 3192 1743 naturam
3226 1704 3346 1759 qua:
3375 1695 3574 1744 toruum
3600 1702 3691 1759 est,
3715 1684 3811 1763 nec}

2246 1775 2373 1831 vivit
2398 1790 2499 1832 nec
2528 1776 2791 1848 intelligit,
2820 1778 2973 1835 sicuti
3005 1788 3088 1834 est
3114 1793 3308 1850 corpus
3345 1781 3601 1847 exanime,
3624 1780 3811 1852 prece?

2242 1867 2335 1925 dat
2356 1884 2419 1926 ea
2448 1879 2635 1925 natura
2679 1887 2797 1942 quae
2835 1886 2942 1927 non
2988 1880 3191 1926 tantum
3237 1879 3340 1937 est,
3380 1872 3475 1927 sed
3495 1873 3646 1928 etiam
3670 1875 3786 1943 vivit,

2243 1977 2342 2019 nec
2370 1964 2636 2035 intelligit,
2677 1965 2834 2022 sicuti
2857 1975 2941 2021 est
2975 1966 3151 2020 anima
3192 1966 3523 2032 bestiarum;
3559 1976 3612 2023 et
3641 1962 3811 2033 rursusi

2243 2053 2381 2109 hanc
2411 2056 2675 2126 praecedat
2702 2071 2766 2112 ea
2793 2072 2910 2127 quae
2939 2058 3095 2112 simul
3124 2065 3178 2111 et
3207 2066 3291 2112 est
3318 2066 3373 2112 et
3401 2057 3529 2112 vivit
3549 2068 3602 2113 et
3629 2061 3784 2115 intelli-

2240 2145 2335 2216 git,
2368 2146 2507 2202 sicut
2534 2147 2586 2202 in
2619 2147 2838 2204 homine
2866 2163 3017 2203 mens
3055 2147 3366 2213 rationalis;
3398 2164 3523 2203 num
3550 2149 3784 2206 arbitraris
3810 2176 3811 2209 δ

2240 2235 2295 2291 in
2320 2236 2499 2305 nobis,
2533 2236 2587 2293 id
2615 2247 2698 2294 est
2723 2239 2776 2293 in
2798 2240 2865 2295 iis
2890 2240 3081 2309 quibus
3110 2248 3296 2293 natura
3325 2248 3507 2296 nostra
3531 2242 3785 2311 completur

2240 2334 2299 2381 ut
2325 2327 2567 2384 homines
2587 2330 2774 2396 simus,
2806 2330 3003 2402 aliquid
3032 2330 3255 2385 inveniri
3284 2346 3438 2400 posse
3464 2336 3783 2403 prrestantius,

2239 2432 2395 2487 quam
2423 2417 2524 2473 hoc
2566 2418 2708 2491 quod
2738 2420 2789 2473 in
2828 2418 2912 2474 his
2957 2419 3129 2475 tribus
3156 2419 3315 2474 tertio
3354 2420 3469 2476 loco
3510 2420 3811 2492 posuimus?

2237 2507 2368 2563 Nam
2396 2518 2453 2565 et
2485 2525 2679 2582 corpus
2705 2527 2803 2567 nos
2829 2511 3026 2567 habere
3074 2509 3399 2567 manifestum
3425 2522 3523 2582 est,
3567 2523 3622 2569 et
3648 2502 3811 2571 vitam;

2237 2602 2519 2677 quamdam
2550 2619 2653 2673 qua
2698 2605 2869 2674 ipsum
2909 2619 3105 2674 corpus
3135 2604 3386 2659 animatur
3407 2615 3560 2676 atque
3583 2617 3785 2678 vegeta-
3810 2596 3811 2678 ξ

2243 2652 2519 2677 ἰῗ’““’”’””’
2552 2652 2653 2673 Ἰ“”“’
2699 2652 2869 2674 'r"'"'
2914 2652 3104 2674 "'I'"'
3137 2652 3376 2659 “”’“”-“”’““
3408 2652 3559 2676 “““Ί“”⁷
3594 2652 3764 2678 ’νον“·

2237 2699 2341 2760 tur,
2368 2708 2484 2763 qum
2513 2693 2619 2749 duo
2644 2695 2803 2750 etiam
2832 2695 2887 2750 in
2927 2695 3116 2751 bestiis
3142 2697 3483 2767 agnoscimus,
3506 2706 3559 2752 et
3585 2699 3787 2754 tertium

2235 2784 2484 2855 quiddam
2527 2787 2677 2858 quasi
2707 2788 2897 2843 animae
2936 2797 3138 2843 nostrae
3165 2798 3325 2860 caput
3350 2799 3438 2844 aut
3462 2790 3683 2857 oculum,
3708 2805 3783 2847 aut

2233 2874 2282 2929 si
2312 2875 2436 2945 quid
2464 2878 2839 2948 congruentius
2865 2877 2935 2933 de
2955 2879 3160 2934 ratione
3175 2887 3333 2951 atque
3349 2879 3676 2950 intelligentia
3692 2883 3778 2936 dici

2234 2976 2427 3037 potest,
2457 2984 2612 3041 quam
2637 2986 2742 3026 non
2762 2970 2921 3027 habet
2938 2980 3123 3026 natura
3146 2972 3458 3027 bestiarum.
3482 2973 3647 3041 Quare
3663 2976 3774 3039 vide.
3810 2964 3811 3035 Ῡ

2234 3058 2479 3130 obsecro,
2514 3072 2688 3118 utrum
2716 3063 2914 3134 aliquid
2962 3064 3200 3119 invenire
3241 3064 3438 3134 possis,
3476 3066 3609 3136 quod
3644 3068 3700 3121 sit
3735 3069 3773 3123 in
3810 3090 3811 3119 ;

2231 3162 2417 3210 natura
2444 3154 2675 3210 hominis
2720 3156 2935 3212 ratione
2968 3156 3266 3213 sublimius.
3319 3154 3388 3210 E.
3429 3134 3565 3213 Nihil
3598 3159 3775 3214 omnino
3810 3134 3811 3213 ἒ

2230 3245 2422 3301 melius
2449 3245 2635 3301 video.

2308 3336 2393 3389 14.
2425 3333 2490 3389 Α.
2532 3334 2669 3404 Quid
2714 3336 2758 3390 si
2805 3336 3000 3407 aiiquid
3033 3337 3270 3394 invenire
3294 3339 3639 3409 potuerimus,
3661 3341 3771 3411 quod

2230 3439 2335 3481 non
2360 3426 2529 3481 solum
2558 3441 2680 3483 esse
2710 3441 2815 3482 non
2852 3427 3080 3496 dubites,
3125 3428 3219 3483 sed
3269 3429 3435 3484 etiam
3482 3430 3586 3501 ipsa
3626 3441 3771 3487 nostra

2228 3519 2436 3574 ratione
2461 3518 2832 3591 praestantiusi
2882 3519 3218 3580 dubitabisne
3264 3521 3395 3579 illud
3424 3521 3661 3593 quidquid
3688 3533 3769 3595 est,

2230 3611 2397 3666 Deum
2420 3611 2630 3668 dicere?
2665 3612 2726 3668 E.
2772 3613 2889 3670 Non
2916 3618 3186 3682 continuo,
3219 3618 3263 3673 si
3289 3617 3417 3689 quid
3446 3615 3622 3675 melius
3643 3635 3769 3691 quam

2230 3700 2285 3756 id
2309 3700 2447 3771 quod
2474 3702 2526 3755 in
2556 3717 2673 3757 mea
2698 3713 2881 3759 natura
2912 3706 3167 3775 optimum
3183 3696 3287 3773 est,
3309 3708 3543 3765 invenire
3557 3718 3761 3780 potuero,

2231 3790 2398 3846 Deum
2427 3806 2546 3849 esse
2573 3792 2816 3850 dixerim.
2853 3789 2969 3850 Non
2998 3797 3138 3851 enim
3172 3797 3306 3851 mihi
3327 3799 3497 3868 placet
3524 3799 3671 3854 Deum
3691 3813 3766 3868 ap-

2229 3884 2447 3951 peltare,
2472 3898 2576 3953 quo
2607 3899 2722 3939 mea
2745 3886 2880 3940 ratio
2909 3895 2989 3941 est
3010 3887 3249 3953 inferior,
3280 3888 3379 3944 sed
3404 3905 3505 3960 quo
3526 3890 3685 3945 nullus
3699 3898 3769 3944 est

2227 3973 2487 4042 superior.
2524 3976 2587 4027 Α.
2634 3973 2709 4029 ita
2753 3976 2911 4047 piane
2965 3995 2979 4031 :
3031 3992 3152 4033 nam
3201 3980 3321 4049 ipse
3347 3979 3457 4036 huic
3482 3989 3573 4034 tua
3597 3981 3768 4034 rationi

2227 4063 2393 4133 dedit,
2426 4073 2527 4120 tam
2557 4064 2623 4121 de
2652 4081 2710 4121 se
2740 4067 2830 4137 pie
2860 4083 3093 4140 vereque
3122 4071 3342 4127 sentire.
3374 4073 3492 4141 Sed,
3515 4088 3674 4141 quaeso
3696 4082 3765 4135 te,

2227 4155 2272 4209 si
2293 4171 2398 4210 non
2424 4158 2691 4212 inveneris
2711 4173 2831 4215 esse
2860 4159 3061 4230 aliquid
3094 4175 3250 4232 supra
3274 4172 3504 4219 nostram
3524 4164 3764 4223 rationem,

2227 4248 2330 4302 nisi
2357 4248 2496 4319 quod
2530 4258 2783 4304 aeternum
2827 4259 2985 4320 atque
3012 4252 3445 4309 incommutabile
3474 4262 3570 4319 est,
3594 4254 3765 4308 dubita.

2227 4336 2379 4393 bisne
2410 4338 2550 4393 hunc
2570 4340 2735 4394 Deum
2772 4340 2992 4395 dicere?
3014 4340 3145 4396 Nam
3197 4353 3251 4399 et
3279 4359 3504 4415 corpora
3539 4343 3763 4399 mutabiEia

2228 4442 2348 4483 esse
2373 4430 2682 4499 cognoscis;
2711 4437 2765 4482 et
2790 4429 2957 4498 ipsam
2984 4429 3145 4485 vitam
3167 4447 3268 4502 qua
3315 4448 3504 4504 corpus
3522 4432 3761 4489 animatur.

2233 4532 2328 4588 per
2347 4517 2566 4574 affectus
2582 4520 2758 4575 varios
2778 4520 3127 4577 mutabilitate
3149 4538 3254 4578 non
3268 4538 3455 4580 carere
3473 4524 3763 4579 manifestum

2228 4618 2338 4673 est;
2375 4621 2429 4665 et
2466 4611 2576 4680 ipsa
2602 4614 2738 4665 ratio
2766 4627 2886 4667 cum
2926 4612 3085 4667 modo
3110 4613 3177 4669 ad
3215 4630 3397 4670 verum
3426 4617 3681 4686 pervenire
3703 4615 3763 4668 ni-

2228 4700 2375 4765 titur,
2413 4700 2572 4756 modo
2598 4716 2703 4757 non
2731 4702 2935 4771 nititur,
2970 4712 3025 4759 et
3067 4704 3352 4776 aliquando
3400 4710 3646 4778 pervenit,
3685 4707 3759 4759 alio

2227 4794 2439 4862 quando
2464 4808 2566 4847 non
2595 4794 2857 4863 pervenit,
2892 4795 3158 4852 mutabilis
3183 4812 3304 4854 esse
3330 4800 3566 4869 profecto
3587 4799 3762 4854 convitia

2226 4882 2384 4936 citur.
2428 4883 2558 4950 Quae
2601 4885 2645 4937 si
2688 4884 2833 4938 nullo
2873 4885 3106 4940 adhibito
3151 4889 3388 4958 corporis
3438 4889 3757 4949 instrumento,

2227 4988 2401 5044 neque
2423 4989 2517 5044 per
2535 4981 2751 5041 tactum,
2782 4992 2953 5045 neque
2982 4991 3076 5046 per
3099 4987 3389 5047 gustatum,
3420 4993 3683 5051 nequepcr
3703 4978 3761 5031 οι.

2228 5063 2439 5129 factum,
2490 5079 2659 5135 neque
2689 5080 2785 5135 per
2812 5082 2967 5122 aures
2998 5107 3014 5133 ,
3053 5083 3222 5139 neque
3253 5084 3351 5138 per
3389 5071 3760 5138 oculos;qu

2226 5167 2324 5224 per
2350 5152 2513 5207 ullum
2530 5167 2743 5209 sensum
2774 5169 2834 5209 se
2858 5154 3179 5222 inferiorem,
3206 5156 3301 5213 sed
3318 5173 3416 5227 per
3442 5160 3656 5229 seipsam
3672 5170 3759 5212 cer-

2174 5268 2181 5275 -
2226 5243 2306 5299 nit
2355 5252 2613 5298 aeternum
2665 5243 2861 5313 aliquid
2909 5253 2963 5298 et
3018 5243 3493 5316 incommutabile,
3548 5245 3689 5302 simul
3720 5252 3757 5298 et

2226 5337 2454 5406 seipsam
2484 5333 2810 5401 inferiorem,
2836 5342 2891 5391 et
2906 5335 3051 5391 illum
3080 5344 3287 5408 Oportet
3312 5338 3478 5393 Deum
3503 5353 3649 5393 suum
3669 5348 3756 5391 esse

2227 5426 2472 5482 fateatur.
2504 5425 2571 5480 E.
2597 5426 2747 5481 Hunc
2777 5427 2932 5496 plane
2966 5427 3171 5484 fatebor
3195 5428 3405 5496 Deum,
3425 5446 3532 5500 quo
3558 5429 3753 5485 nihilsu»

2227 5519 2405 5591 perius
2429 5532 2548 5574 esse
2573 5519 2886 5574 constiterit.
2916 5519 2982 5574 Α.
3013 5521 3154 5576 Bene
3190 5518 3386 5577 habet:
3416 5536 3537 5577 nam
3559 5519 3672 5577 mihi
3693 5529 3753 5572 sa-

2227 5610 2294 5665 tis
2320 5609 2420 5665 erit
2448 5608 2729 5665 ostendere
2771 5624 2892 5665 esse
2929 5610 3125 5681 aliquid
3166 5610 3487 5681 hujusmodi,
3530 5609 3656 5683 quod
3687 5614 3752 5660 II!

2225 5701 2474 5757 fateberis
2501 5700 2668 5756 Deum
2695 5716 2836 5770 esse,
2877 5711 2968 5757 aut
3018 5700 3063 5757 si
3104 5702 3301 5773 aliquid
3344 5718 3504 5774 supra
3543 5710 3635 5767 est,
3656 5712 3748 5755 erat

2226 5794 2397 5862 ipsum
2426 5792 2594 5849 Deum
2623 5806 2741 5849 esse
2764 5792 3043 5849 concedes.
3073 5791 3247 5861 Quare
3272 5793 3388 5849 sive
3416 5793 3571 5864 supra
3593 5792 3653 5847 sit
3671 5786 3745 5841 at:-

2223 5882 2371 5959 quid,
2394 5884 2506 5941 sive
2535 5896 2641 5941 non
2673 5883 2761 5954 sit,
2809 5882 3139 5942 manifestum
3167 5883 3267 5940 erit
3313 5883 3481 5942 Deum
3498 5895 3629 5947 esse.
3652 5888 3746 5934 ω’
