3824 6296
0 422 83 486 ne
577 407 580 410 ’
1015 380 1046 424 ⁵’
1312 408 1516 472 mssa
1551 395 1926 471 SECUNDUS.

0 556 76 612 ego.
103 534 251 607 quod
273 535 528 606 promisi,
575 549 691 591 esse
729 543 888 606 Supra
911 530 1192 597 rationem,
1220 529 1407 586 eodem
1448 529 1563 597 ipso

0 632 240 700 Idjuvante
270 636 672 684 monstrarem.
695 624 759 680 E.
794 626 1103 681 Demonstra
1131 637 1256 691 ergo
1281 619 1420 692 quod
1446 617 1563 688 pol-

0 722 158 780 literis.

0 811 190 872 CAPUT
212 809 410 865 Vll.—
423 809 692 876 Quomodo
716 809 846 863 idem
876 810 1116 861 sentiatur
1146 823 1175 859 a
1197 804 1368 859 multis
1391 804 1566 876 quidve

169 913 358 970 totum,
387 902 514 974 quid
535 917 635 955 non
655 909 814 954 totum
842 907 888 954 et
904 897 1055 952 simul
1075 915 1106 950 a
1141 896 1370 967 singulis.

44 1019 128 1074 15.
154 1017 224 1072 Δ.
255 1015 474 1072 Faciam
499 1032 514 1068 :
546 1013 641 1070 sed
666 1012 812 1084 prius
831 1025 1014 1082 quaero
1043 1019 1218 1064 utrum
1237 1023 1426 1064 sensus
1444 1023 1588 1083 cor-_

0 1111 114 1186 poris
140 1123 303 1164 meus
345 1107 487 1163 idem
515 1107 588 1162 sit
607 1105 697 1175 qui
727 1115 864 1168 tuus,
896 1118 966 1157 an
1005 1117 1133 1158 vero
1169 1116 1319 1156 meus
1347 1116 1452 1155 non
1501 1100 1570 1154 sit

0 1203 276 1266 nisimeus,
305 1207 362 1256 et
384 1207 507 1254 tuus
549 1211 655 1252 non
686 1196 755 1250 sit
783 1194 885 1250 nisi
921 1203 1070 1258 tuus;
1117 1192 1258 1262 quod
1283 1192 1328 1246 si
1354 1206 1462 1246 non
1496 1190 1569 1244 ita

6 1304 145 1361 esset,
187 1307 298 1349 non
338 1305 552 1363 possem
595 1304 697 1360 per
736 1288 917 1343 oculos
950 1299 1098 1341 meos
1137 1284 1319 1339 videre
1351 1282 1563 1353 aliquid,

7 1385 126 1457 quod
151 1395 205 1439 tu
251 1397 363 1439 non
389 1381 625 1436 videres.
658 1378 726 1433 Ε.
775 1377 1021 1434 Concedo
1050 1390 1288 1447 prorsus,
1329 1374 1571 1445 quamvis

9 1478 220 1549 ejusdem
260 1476 496 1548 generis,
540 1482 716 1528 tamen
747 1471 982 1543 singulos
1008 1485 1105 1526 nos
1135 1469 1332 1525 habere
1358 1484 1566 1535 sensus,

10 1568 216 1635 videndi,
244 1567 330 1623 vel
355 1565 619 1630 audiendi,
652 1565 737 1619 vel
765 1563 1031 1633 quoslibet
1071 1562 1202 1617 alios
1229 1569 1568 1616 etelerorum.

12 1661 106 1715 Non
136 1659 280 1714 enim
306 1657 477 1712 solum
502 1655 701 1721 videre,
732 1653 828 1708 sed
854 1645 1013 1708 etiam
1058 1653 1243 1707 audire
1271 1660 1445 1721 potest
1470 1652 1571 1705 ali-

14 1752 112 1825 quis
148 1747 422 1805 hominum
452 1745 593 1817 quod
617 1743 880 1800 aliusnon
905 1743 1104 1809 audiat,
1139 1753 1193 1799 et
1215 1742 1357 1797 aliud
1377 1742 1572 1812 aliquid

15 1840 225 1918 quolibet
253 1838 357 1895 alio
387 1852 551 1896 sensu
592 1836 868 1908 quisquam
913 1836 1113 1891 sentire
1141 1837 1283 1905 quod
1306 1834 1442 1888 alius
1468 1848 1574 1888 non

15 1939 204 1995 sentiat.
237 1935 388 1993 Unde
431 1933 770 1989 manifestum
795 1942 878 1988 est
905 1940 961 1987 et
986 1941 1130 1986 tuum
1166 1927 1378 1984 nonnisi
1404 1937 1570 1995 tuum,

18 2040 61 2086 et
85 2044 250 2084 meum
289 2040 503 2082 sensum
535 2039 644 2079 non
683 2039 802 2078 esse
831 2022 932 2076 nisi
975 2037 1175 2076 meum.
1202 2021 1266 2072 Α.
1290 2018 1404 2073 Hoc
1432 2017 1576 2072 idem

21 2118 340 2191 respondebis
366 2117 433 2171 de
454 2116 544 2170 illo
573 2115 732 2171 etiam
756 2127 917 2169 sensu
944 2092 1237 2167 interiore?
1275 2125 1346 2164 an
1377 2106 1576 2178 aliquid

20 2214 176 2268 aliud?
213 2212 278 2266 E.
301 2209 440 2265 Nihil
469 2224 597 2264 sane
621 2207 783 2262 aliud.
815 2205 946 2260 Nam
972 2213 1026 2260 et
1050 2205 1138 2259 ille
1158 2204 1338 2273 utique
1360 2215 1576 2256 sensum

23 2321 175 2362 meum
204 2305 362 2360 sentit
413 2316 585 2367 meus,
618 2309 672 2355 et
711 2309 857 2354 tuum
888 2298 1049 2352 sentit
1094 2304 1216 2351 tuus
1262 2312 1275 2348 :
1308 2309 1431 2349 nam
1457 2293 1577 2347 ideo

23 2398 307 2468 plerumque
346 2394 645 2462 interrogor
670 2392 737 2446 ab
762 2405 827 2444 eo
853 2389 943 2458 qui
971 2385 1170 2458 aliquid
1198 2385 1360 2449 videt,
1397 2392 1574 2438 utrum

23 2487 107 2541 hoc
129 2487 274 2541 etiam
313 2498 415 2554 ego
441 2482 669 2548 videam,
693 2481 832 2550 -quia
862 2494 961 2549 ego
1008 2492 1096 2532 me
1118 2476 1298 2530 videre
1335 2483 1425 2528 aut
1470 2487 1578 2526 non

25 2577 182 2633 videre
207 2575 395 2642 sentio,
425 2589 532 2628 non
565 2573 653 2627 ille
673 2571 759 2642 qui
791 2570 1106 2639 interrogat.
1128 2566 1192 2620 Α.
1216 2565 1388 2634 Quid?
1409 2565 1578 2634 ipsam

27 2672 256 2726 rationem
291 2682 471 2722 nonne
512 2665 869 2734 unusquisque
910 2671 1150 2715 nostrum
1187 2659 1346 2712 habet
1387 2656 1578 2711 suam?

29 2760 424 2834 quandoquidem
462 2759 573 2813 fieri
603 2766 778 2828 potest
815 2764 871 2810 ut
899 2770 1000 2824 ego
1027 2752 1224 2821 aliquid
1266 2750 1576 2820 intelligam,

29 2872 127 2911 cum
153 2865 202 2910 tu
219 2854 271 2908 id
299 2869 406 2907 non
433 2851 712 2920 intelligis;
744 2863 841 2902 nec
865 2857 1039 2901 utrum
1058 2844 1345 2914 intelligam
1365 2851 1419 2896 tu
1441 2841 1582 2895 scire

30 2948 192 3019 possis,
221 2961 317 3017 ego
346 2954 524 2999 autem
549 2943 731 2998 sciam.
768 2940 832 2995 E.
867 2938 1196 2994 Manifestum
1220 2945 1301 2990 est
1317 2936 1479 2990 etiam
1502 2948 1579 2988 ra-

35 3040 229 3094 tionales
264 3045 473 3094 mentes
517 3034 752 3105 singulos
782 3046 1020 3104 quosque
1061 3037 1304 3084 nostrum
1347 3025 1582 3096 singulas

31 3133 212 3188 habere.

89 3223 158 3277 l6.
181 3223 240 3276 Α.
266 3221 405 3277 Num
437 3219 597 3274 etiam
621 3215 819 3286 poteris
840 3214 1018 3269 dicere
1043 3210 1282 3281 singulos
1309 3207 1449 3262 soles
1485 3221 1585 3262 nos

30 3315 196 3378 habere
250 3328 387 3390 quos
414 3311 675 3374 videmus,
705 3316 795 3361 aut
831 3307 986 3360 lunas
1005 3347 1020 3372 ,
1050 3311 1142 3357 aut
1169 3300 1416 3355 luciferos
1440 3340 1454 3364 ,
1494 3304 1587 3351 aut

37 3427 200 3470 cetera
228 3401 535 3480 ltujusmodi
559 3442 573 3467 ,
625 3398 865 3470 quamvis
892 3411 990 3450 suo
1019 3395 1244 3465 quisque
1279 3407 1340 3446 ac
1368 3390 1584 3460 proprio

28 3521 160 3560 sensu
189 3511 287 3559 ista
329 3497 540 3554 videat?
590 3491 658 3548 Ε.
709 3489 862 3545 Nullo
891 3486 1051 3542 modo
1077 3485 1213 3540 istuc
1241 3483 1488 3538 dixerim.
1517 3481 1582 3535 A.

28 3596 292 3650 [assumus
327 3607 457 3661 ergo
504 3587 688 3642 videre
743 3595 904 3634 unum
945 3575 1144 3647 aliquid
1188 3573 1338 3628 multi
1395 3570 1582 3638 simul,

28 3703 119 3741 cum
146 3687 253 3742 sint
285 3696 478 3740 sensus
516 3673 684 3734 nostri
717 3672 871 3727 nobis
894 3669 1114 3739 singulis
1134 3665 1358 3736 singuli,
1395 3663 1587 3733 quibus

28 3779 243 3834 omnibus
279 3773 408 3831 illud
449 3786 612 3826 unum
658 3761 920 3822 sentimus
949 3759 1088 3832 quod
1114 3757 1272 3814 simul
1300 3755 1540 3810 videmus
1569 3773 1584 3821 ;

28 3882 70 3924 ut
87 3869 324 3941 quamvis
352 3866 487 3920 alius
520 3875 710 3918 sensus
734 3871 890 3912 meus
918 3854 1020 3919 sit,
1055 3860 1109 3907 et
1135 3850 1275 3905 alius
1298 3860 1441 3912 tuus,
1466 3862 1584 3918 pos-

29 3975 79 4017 sit
102 3939 281 4017 tamen
326 3957 440 4013 fieri
491 3964 550 4010 ut
602 3952 654 4008 id
699 3948 842 4022 quod
880 3945 1155 4009 videmus,
1198 3958 1303 3997 non
1344 3941 1414 3996 sit
1446 3939 1588 3995 aliud

26 4071 178 4110 meum
204 4095 221 4122 ,
263 4049 410 4107 aliud
439 4057 624 4111 tuum;
654 4042 749 4099 sed
777 4038 905 4095 illud
935 4053 1096 4093 unum
1129 4041 1324 4106 ρι’ίειδιο
1352 4033 1421 4088 sit
1454 4032 1587 4087 utri-

26 4162 104 4214 que
141 4153 386 4200 nostrum
410 4148 462 4195 et
489 4136 645 4193 simul
673 4135 741 4189 ab
766 4141 992 4201 utroque
1017 4127 1274 4183 videatur.
1316 4124 1383 4179 E.
1420 4124 1588 4178 Mani-

28 4234 357 4292 festissimum
399 4239 500 4288 est.
540 4228 602 4282 A.
644 4227 934 4282 Possumus
982 4221 1141 4275 etiam
1172 4233 1329 4272 unam
1361 4217 1590 4287 aliquam

30 4343 193 4384 vocem
221 4325 382 4383 simul
416 4319 636 4386 audire,
681 4325 740 4372 ut
798 4313 1041 4385 quamvis
1089 4309 1225 4364 alius
1263 4308 1335 4365 sit
1379 4306 1590 4361 auditus

29 4435 193 4486 meus,
233 4416 371 4471 alius
404 4422 552 4478 tuus,
585 4425 692 4465 non
738 4407 807 4462 sit
847 4413 1025 4460 tamen
1059 4401 1164 4456 alia
1206 4415 1360 4467 mea,
1409 4405 1465 4454 et
1489 4397 1591 4451 alia

33 4521 108 4566 tua
133 4527 228 4566 vox
255 4517 416 4579 quam
457 4502 614 4561 simul
640 4499 886 4556 audimus
904 4539 920 4565 ,
950 4496 1035 4552 vel
1061 4495 1166 4549 alia
1192 4507 1315 4563 pars
1351 4491 1467 4562 ejus
1494 4505 1591 4544 au-

34 4607 132 4662 ditu
161 4621 282 4662 meo
321 4602 584 4674 capiatur,
611 4605 666 4653 et
693 4596 794 4650 alia
825 4603 918 4649 tuo
942 4634 957 4660 ,
993 4590 1086 4647 sed
1113 4586 1367 4660 quidquid
1395 4600 1592 4640 sonue-

32 4697 121 4765 rit,
146 4707 195 4754 et
223 4711 391 4752 unum
419 4701 474 4749 et
502 4700 669 4748 totum
711 4685 1029 4744 audiendum
1058 4682 1218 4738 simul
1247 4679 1387 4735 adsit
1411 4678 1596 4735 ambo-

33 4789 139 4845 bus.
167 4790 231 4845 E.
263 4789 332 4845 Et
361 4788 464 4843 boc
490 4781 828 4840 manifestum
849 4785 950 4834 est.
1287 4781 1295 4790 '

101 4883 181 4937 l7.
219 4883 286 4936 Α.
314 4880 430 4937 Jam
456 4878 616 4935 etiam
641 4875 708 4930 de
735 4870 948 4929 caeteris
989 4867 1233 4924 sensibus
1269 4863 1510 4937 corporis
1535 4863 1596 4918 li-

37 4983 109 5028 cet
129 4972 517 5030 animadvertas
535 4965 677 5040 quod
698 4965 926 5037 dicimus
945 5001 961 5028 ,
991 4974 1165 5032 neque
1191 4957 1410 5013 omnino
1438 4955 1558 5011 illos
1577 4996 1593 5023 ,

36 5066 162 5134 quod
197 5066 264 5122 ad
321 5065 460 5121 hanc
506 5076 623 5119 rem
652 5057 880 5125 attinet,
921 5055 1000 5123 ita,
1042 5068 1102 5110 se
1145 5052 1343 5108 habere
1375 5059 1434 5105 ut
1479 5049 1602 5104 illos

41 5155 159 5214 duos
197 5158 472 5215 oculorum
508 5162 564 5210 et
607 5150 847 5218 aurium,
898 5160 1070 5218 neque
1111 5143 1328 5200 omnino
1369 5156 1477 5197 non
1505 5142 1598 5195 ita.

40 5249 157 5306 Nam
181 5250 303 5324 quia
329 5266 398 5308 ex
423 5262 533 5305 uno
562 5260 686 5302 aere
707 5252 762 5300 et
787 5256 886 5313 ego
913 5249 970 5296 et
994 5248 1049 5294 tu
1073 5249 1360 5310 possumus
1384 5234 1605 5305 implere

41 5343 427 5412 spiramentum,
454 5349 511 5397 et
533 5339 648 5410 ejus
662 5336 802 5394 aeris
821 5332 1151 5389 affectionem
1172 5327 1338 5383 odore
1364 5325 1563 5383 sentire
1586 5341 1600 5379 :

40 5441 93 5488 et
117 5434 230 5492 item
251 5435 376 5506 quia
403 5448 472 5490 ex
512 5445 622 5486 uno
645 5427 805 5485 melle
821 5468 837 5493 ,
863 5423 949 5480 vel
972 5421 1209 5493 quolibet
1231 5419 1334 5474 alio
1353 5418 1473 5473 cibo
1511 5432 1607 5473 seu

43 5533 153 5593 potu
178 5527 339 5584 ambo
360 5531 576 5597 gustare
599 5532 885 5592 possumus
903 5559 919 5584 ,
946 5523 1001 5571 et
1025 5513 1142 5585 ejus
1174 5511 1504 5568 aﬂ‘ectionem
1530 5525 1610 5566 sa-

43 5629 154 5684 pore
175 5619 408 5688 sentire,
436 5613 679 5687 quamvis
707 5611 797 5667 ille
824 5621 963 5665 unus
995 5607 1082 5670 sit,
1107 5603 1270 5660 nostri
1298 5611 1474 5657 autem
1503 5601 1608 5656 sint

48 5720 222 5768 sensus
271 5707 501 5780 singuli,
555 5705 646 5761 tibi
694 5712 816 5760 tuus
855 5707 909 5757 et
949 5697 1078 5754 mibi
1123 5710 1302 5761 meus;
1344 5701 1404 5748 ut
1445 5708 1609 5748 unum

41 5795 244 5860 odorem
297 5799 386 5857 vel
415 5812 578 5853 unum
629 5807 873 5865 saporem
913 5805 1034 5872 cum
1077 5786 1236 5842 ambo
1282 5784 1606 5850 sentiamus,

43 5901 131 5948 nec
151 5904 210 5955 tu
236 5901 421 5955 tamen
445 5904 569 5950 eum
597 5900 721 5946 meo
746 5899 916 5944 sensu
934 5881 1131 5942 sentias
1149 5921 1164 5946 ,
1197 5893 1296 5937 nec
1336 5892 1436 5952 ego
1483 5887 1574 5935 tuo
1590 5918 1607 5948 ,

1672 540 1772 581 nec
1823 527 2000 597 aliquo
2035 523 2144 584 uno
2193 521 2283 601 qui
2314 520 2602 603 utriusque
2646 538 2888 589 nostrum
2932 527 3101 605 possit
3130 552 3250 596 esse

1672 616 2044 684 communiter,
2100 620 2192 674 sed
2236 637 2452 692 prorsus
2495 621 2628 679 mihi
2651 639 2804 681 meus
2827 639 3017 682 sensus
3049 625 3157 693 sit,
3197 637 3254 683 et

1676 716 1796 763 tuus
1824 709 1949 774 tibi,
1974 711 2182 767 etiamsi
2209 731 2342 770 unus
2369 725 2462 771 aut
2489 715 2651 785 odor,
2679 725 2772 773 aut
2799 732 2959 789 sapor
2995 717 3064 774 ab
3099 728 3250 774 utro-

1672 816 1776 871 que
1805 803 2063 858 sentiatur
2087 822 2099 856 :
2128 803 2250 860 hinc
2276 822 2402 876 ergo
2438 808 2523 861 isti
2552 823 2743 866 sensus
2782 809 3127 866 inveniuntur
3154 809 3252 865 ha-

1672 890 1800 948 bere
1829 893 2027 963 aliquid
2070 894 2176 950 tale
2199 938 2214 962 ,
2246 898 2401 966 quale
2439 898 2516 952 illi
2555 898 2662 954 duo
2706 899 2762 954 in
2795 903 2912 955 visu
2953 911 3010 958 et
3036 901 3252 958 auditu:

1673 985 1765 1039 sed
1797 985 1850 1039 in
1880 1000 1946 1040 eo
1975 985 2215 1055 dispares
2244 996 2396 1056 sunt,
2427 996 2684 1060 quantum
2711 989 2781 1046 ad
2822 990 2878 1046 id
2919 991 3062 1062 quod
3113 1009 3258 1048 nunc

1674 1078 1879 1148 agimus
1907 1077 2164 1148 pertinet,
2185 1080 2326 1150 quod
2353 1081 2452 1136 etsi
2477 1098 2641 1138 unum
2667 1098 2846 1140 aerem
2866 1084 3084 1140 naribus
3098 1085 3257 1140 ambo

1675 1168 1967 1237 trahimus,
2004 1178 2097 1224 aut
2123 1186 2286 1226 unum
2326 1172 2504 1227 cibum
2552 1173 2814 1245 gustando
2837 1178 3108 1246 capimus;
3148 1190 3255 1231 non

1675 1267 1852 1316 tamen
1883 1278 1998 1318 eam
2026 1271 2230 1334 partem
2259 1265 2400 1319 aeris
2424 1265 2562 1321 duco
2609 1281 2766 1337 quam
2818 1277 2873 1324 tu
2896 1311 2913 1337 ,
2964 1286 3062 1327 nec
3103 1285 3256 1327 eam-

1676 1354 1798 1410 dem
1853 1365 2055 1427 partem
2085 1359 2188 1415 cibi
2249 1374 2404 1414 sumo
2441 1374 2599 1429 quam
2657 1368 2746 1426 tu,
2792 1362 2886 1416 sed
2923 1363 3084 1419 aliam
3117 1377 3251 1434 ego,

1676 1447 1834 1502 aliam
1879 1457 1934 1502 tu
1972 1458 2068 1504 :et
2117 1450 2238 1504 ideo
2288 1449 2355 1504 de
2399 1458 2508 1504 toto
2546 1465 2672 1504 aere
2719 1464 2841 1504 cum
2891 1451 3067 1522 spiro,
3118 1453 3257 1510 duco

1677 1549 1882 1610 partem
1899 1548 2094 1608 quanta
2114 1540 2245 1595 mihi
2270 1541 2400 1595 satis
2429 1548 2546 1606 est,
2575 1547 2629 1595 et
2653 1550 2707 1595 tu
2725 1541 2850 1596 item
2877 1541 2943 1597 de
2964 1548 3076 1596 toto
3099 1542 3258 1599 aliam

1677 1639 1875 1700 quanta
1902 1631 1996 1685 tibi
2023 1633 2151 1686 satis
2180 1640 2264 1688 est
2291 1633 2444 1688 ducis
2473 1651 2486 1687 :
2516 1642 2572 1688 et
2597 1634 2750 1689 cibus
2777 1635 3020 1705 quamvis
3053 1652 3190 1691 unus
3209 1646 3265 1692 et

1679 1730 1820 1777 totus
1849 1723 1916 1777 ab
1944 1732 2166 1794 utroque
2195 1724 2506 1779 absumatur
2534 1725 2550 1756 ί
2578 1741 2685 1780 ιιοιι
2715 1735 2890 1781 tamen
2916 1734 2972 1782 et
3007 1743 3038 1782 a
3067 1743 3153 1784 me
3180 1736 3263 1782 to-

1678 1816 1784 1875 tus,
1821 1816 1875 1861 et
1918 1823 1948 1861 a
1979 1817 2030 1862 te
2059 1815 2202 1863 totus
2235 1809 2440 1864 absumi
2482 1817 2692 1880 potest,
2730 1810 2998 1879 quomodo
3038 1809 3260 1866 verbum

1679 1909 1730 1956 et
1769 1915 1866 1970 ego
1894 1909 2062 1956 totum
2109 1901 2301 1968 audio,
2339 1910 2392 1956 et
2423 1911 2474 1956 tu
2505 1911 2672 1958 totum
2713 1902 2908 1969 simul,
2947 1910 3001 1956 et
3030 1903 3262 1973 speciem

1679 1991 1970 2061 quamlibet
1995 2000 2246 2061 quantam
2290 2007 2388 2060 ego
2415 1992 2591 2059 video,
2624 2001 2828 2048 tantam
2872 2002 2928 2050 et
2957 2003 3012 2048 tu
3061 1995 3260 2061 simul;

1680 2083 1774 2139 sed
1803 2084 1904 2138 cibi
1929 2085 2012 2139 vel
2035 2084 2264 2155 potionis
2288 2085 2392 2138 alia
2422 2098 2546 2154 pars
2568 2084 2621 2138 in
2655 2100 2774 2150 me,
2805 2085 2906 2138 alia
2933 2085 2986 2139 in
3012 2094 3062 2142 te
3087 2095 3266 2141 trans-

1681 2181 1769 2229 eat
1805 2190 2024 2230 necesse
2064 2184 2146 2230 est
2178 2192 2188 2230 :
2219 2189 2285 2228 an
2332 2189 2520 2244 parum
2575 2174 2676 2229 ista
2714 2174 2998 2245 intelligis?
3027 2174 3096 2230 E.
3152 2175 3266 2234 ιιιιο

1682 2282 1808 2322 vero
1833 2267 2169 2337 apertissima
2204 2275 2258 2322 et
2279 2267 2574 2321 certissima
2605 2281 2724 2322 esse
2751 2266 3051 2321 consentio.

1753 2360 1841 2415 l8.
1870 2359 1935 2413 Α.
1963 2359 2103 2414 Num
2127 2373 2314 2415 censes
2337 2357 2583 2428 tangendi
2611 2373 2824 2414 sensum
2848 2359 3266 2429 comparandum

1683 2467 1804 2508 esse
1832 2452 2111 2507 oculorum
2159 2461 2214 2506 et
2252 2451 2456 2506 aurium
2502 2449 2746 2505 sensibus
2777 2451 2829 2504 in
2868 2466 2930 2505 ea
2979 2466 3038 2506 re
3067 2451 3134 2508 de
3160 2467 3266 2524 qua

1685 2560 1825 2600 nunc
1838 2545 2044 2614 agitur;
2073 2545 2197 2614 quia
2226 2559 2331 2598 non
2358 2543 2532 2598 solum
2558 2557 2753 2612 corpus
2779 2559 2941 2597 unum
2958 2543 3115 2598 ambo
3145 2559 3268 2612 pos-

1685 2651 1868 2692 sumus
1887 2636 2086 2712 sentire
2104 2634 2394 2705 tangendo,
2418 2633 2510 2688 sed
2539 2634 2695 2687 etiam
2721 2633 2960 2688 eamdem
2982 2641 3188 2703 partem
3215 2642 3270 2690 tu

1685 2743 1900 2798 quoque
1925 2728 2124 2796 poteris
2153 2735 2372 2796 tangere
2397 2739 2553 2796 quam
2575 2740 2675 2795 ego
2692 2725 2933 2794 tetigero,
2964 2732 3022 2779 ut
3052 2739 3156 2779 non
3183 2740 3272 2781 so-

1685 2818 1794 2874 lum
1823 2818 1961 2872 idem
1984 2832 2177 2887 corpus
2198 2859 2214 2879 ,
2247 2817 2340 2872 sed
2367 2815 2606 2870 eamdem
2642 2830 2852 2885 quoque
2878 2815 3118 2886 corporis
3147 2829 3272 2885 par-

1688 2919 1794 2966 tem
1824 2911 2088 2980 possimus
2107 2909 2265 2962 ambo
2293 2907 2490 2962 sentire
2521 2905 2820 2977 tangendo?
2845 2905 2960 2960 Non
2995 2906 3136 2962 enim
3162 2905 3271 2962 sic-

1688 3003 1763 3058 uti
1797 3002 1975 3057 cibum
2019 3000 2248 3069 aliquem
2279 2998 2577 3069 appositum
2621 3013 2726 3052 non
2756 3011 3037 3066 possumus
3063 3004 3118 3051 et
3171 3011 3271 3068 ego

1687 3104 1857 3151 totum
1887 3103 1940 3149 et
1971 3101 2028 3148 tu
2055 3101 2222 3147 totum
2262 3106 2485 3161 capere,
2516 3106 2636 3145 cum
2677 3090 2834 3144 ambo
2862 3089 2954 3144 illo
2973 3090 3270 3158 vescimur,

1689 3188 1766 3243 sic
1803 3186 1960 3240 etiam
1984 3184 2036 3239 in
2070 3181 2332 3254 tangendo
2360 3181 2552 3237 accidit
2576 3199 2588 3235 :
2623 3181 2720 3237 sed
2749 3189 2805 3235 et
2833 3197 2997 3237 unum
3018 3191 3074 3238 et
3101 3189 3275 3238 totum

1689 3279 1831 3349 quod
1859 3293 1958 3349 ego
2001 3277 2249 3347 tetigero,
2275 3275 2437 3331 etiam
2465 3283 2520 3328 tu
2541 3283 2694 3343 potes
2710 3314 2725 3340 ,
2749 3281 2808 3328 ut
2831 3273 2883 3328 id
2909 3272 3068 3329 ambo
3089 3282 3276 3345 tanga-

1690 3386 1848 3437 mus,
1894 3386 1997 3425 non
2046 3368 2270 3438 singulis
2312 3365 2582 3438 partibus,
2625 3365 2721 3420 sed
2751 3373 2920 3421 totum
2967 3366 3178 3437 singuli.
3202 3366 3273 3422 E.

1692 3463 1885 3517 Fateor
1909 3462 2011 3516 hoc
2039 3459 2199 3516 modo
2224 3459 2437 3514 duobus
2476 3458 2583 3513 illis
2612 3457 2980 3528 superioribus
2999 3458 3282 3528 sensibus,

1695 3554 1838 3608 hunc
1867 3551 2115 3622 tangendi
2145 3565 2360 3607 sensum
2400 3565 2520 3605 esse
2547 3548 2874 3604 simillimum
2900 3568 2912 3603 :
2942 3548 3040 3605 scd
3076 3549 3128 3605 in
3177 3549 3284 3607 hoc

1692 3644 1848 3700 video
1895 3659 2014 3699 esse
2042 3642 2354 3697 dissimilem
2376 3683 2391 3708 ,
2423 3639 2567 3711 quod
2597 3639 2791 3706 simul,
2828 3640 2882 3696 id
2912 3650 2996 3697 est
3021 3655 3128 3698 uno
3151 3651 3288 3699 tem-

1697 3753 1826 3808 pore
1849 3777 1863 3802 ,
1895 3743 1950 3790 et
1984 3733 2166 3789 videre
2193 3732 2396 3805 aliquid
2429 3749 2591 3788 unum
2618 3742 2789 3788 totum
2816 3732 2977 3787 ambo
3003 3747 3288 3804 possumus

1694 3837 1748 3883 et
1787 3827 2002 3891 audire;
2051 3835 2267 3896 tangere
2311 3834 2488 3880 autem
2529 3838 2815 3895 possumus
2861 3823 3077 3894 quidem
3116 3833 3287 3883 totum

1695 3918 1891 3988 aliquid
1925 3917 2083 3972 ambo
2124 3931 2237 3992 uno.
2274 3925 2513 3986 tempore
2537 3956 2552 3981 ,
2597 3912 2975 3984 sedgpartibus
3023 3915 3244 3984 singulis
3266 3955 3286 3982 ,

1695 4012 1941 4068 eamdem
1971 4017 2152 4066 autem
2199 4019 2400 4079 partem
2432 4006 2646 4062 nonnisi
2673 4006 3003 4076 temporibus
3026 4006 3284 4077 singulis:

1697 4119 1819 4160 nam
1843 4103 1972 4158 nulli
2005 4102 2138 4172 parti
2168 4115 2327 4171 quam
2364 4107 2505 4154 tactu
2528 4097 2706 4168 capis,
2733 4111 2953 4167 possum
2991 4113 3170 4155 meum
3201 4105 3287 4154 ta-

1705 4206 1850 4252 ctum
1875 4194 2196 4260 admovere,
2239 4190 2340 4246 nisi
2374 4199 2429 4246 tu
2467 4188 2733 4245 amoveris
2753 4196 2923 4244 tuum.

1775 4287 1864 4342 19.
1895 4286 1960 4341 Α.
1997 4284 2413 4355 Vigilantissimc
2465 4281 2787 4354 respondisti
2812 4300 2826 4335 :
2850 4280 2944 4338 sed
2994 4289 3206 4354 oportet
3231 4290 3288 4341 te

1699 4380 1858 4436 etiam
1901 4377 2030 4434 illud
2057 4376 2273 4443 videre,
2304 4390 2426 4430 cum
2468 4373 2660 4431 horum
2689 4373 2927 4430 omnium
2970 4388 3090 4444 quae
3117 4373 3287 4430 senti-

1703 4488 1860 4539 mus,
1896 4472 2000 4526 alia
2041 4472 2154 4526 sint
2199 4484 2319 4541 quae
2352 4469 2546 4537 ambo,
2576 4468 2679 4523 alia
2720 4483 2841 4539 quae
2868 4466 3058 4539 singuli
3086 4467 3288 4525 sentia-

1701 4581 1858 4633 mus;
1894 4566 2038 4636 ipsos
2084 4578 2214 4620 vero
2253 4578 2444 4619 sensus
2495 4568 2708 4618 nostros
2752 4576 2880 4617 suos
2906 4561 3131 4632 quisque
3173 4562 3290 4617 siu-

1700 4659 1809 4731 guli
1837 4659 2128 4715 sentiamus
2157 4665 2217 4712 ut
2270 4669 2442 4726 neque
2467 4668 2566 4724 ego
2592 4653 2820 4709 sentiam
2852 4667 3071 4709 sensum
3106 4662 3252 4711 tuum
3272 4698 3288 4726 ,

1701 4767 1876 4823 neque
1900 4758 1958 4805 tu
1985 4763 2162 4804 meum
2179 4789 2195 4816 ,
2224 4745 2365 4818 quod
2387 4745 2455 4802 de
2476 4744 2561 4800 his
2585 4743 2748 4802 rebus
2772 4760 2891 4816 quae
2918 4745 3222 4804 sentiuntur
3259 4763 3293 4805 a

1703 4843 1859 4900 nobis
1897 4857 1992 4914 per
2011 4839 2254 4911 corporis
2278 4853 2498 4904 sensus,
2528 4835 2582 4892 id
2607 4844 2691 4893 est
2728 4836 2871 4908 quod
2898 4837 2970 4892 de
2994 4839 3294 4910 corporali-

1704 4936 1804 4992 bus
1831 4934 1993 4991 rebus
2026 4947 2134 4988 non
2159 4944 2443 5002 possumus
2465 4927 2668 4984 sentire
2708 4930 2868 4985 ambo
2886 4970 2903 4998 ,
2930 4928 3027 4986 sed
3063 4929 3294 5004 singuli,

1706 5029 1812 5085 nisi
1841 5027 1984 5100 quod
2019 5025 2092 5081 ita
2134 5024 2194 5079 fit
2219 5031 2466 5080 nostrum
2489 5030 2549 5077 ut
2584 5020 2691 5078 hoc
2733 5021 2788 5078 in
2814 5036 2917 5095 nos
2960 5031 3171 5081 vertere
3195 5065 3210 5091 ,
3241 5033 3298 5081 ct

1708 5127 2040 5180 commutare
2060 5116 2359 5190 possimus,
2384 5114 2540 5172 sicuti
2560 5122 2645 5171 est
2680 5114 2832 5171 cibus
2853 5123 2908 5172 et
2935 5123 3112 5186 potus,
3144 5115 3296 5184 cujus

1708 5215 1909 5272 nullam
1948 5218 2156 5284 partem
2199 5223 2362 5281 quam
2393 5223 2492 5281 ego
2520 5222 2832 5280 percepero,
2857 5215 2914 5263 et
2941 5216 2996 5264 tu
3020 5205 3298 5277 percipere

1711 5306 1911 5381 poteris
1938 5323 1952 5360 :
1974 5304 2100 5377 quia
2126 5311 2182 5359 et
2205 5302 2250 5358 si
2270 5301 2506 5358 nutrices
2524 5301 2776 5358 alimenta
2793 5313 2980 5356 mansa
3005 5296 3298 5354 infantibus

1712 5399 1972 5467 reddunt,
2002 5395 2134 5453 illud
2159 5405 2338 5452 tamen
2361 5393 2504 5466 quod
2546 5393 2672 5450 inde
2693 5399 2932 5465 gustatus
2955 5389 3192 5460 rapuerit
3217 5399 3298 5445 at-

1713 5509 1818 5566 que
1841 5493 1896 5548 in
1921 5488 2226 5547 mandentis
2247 5487 2455 5544 viscera
2477 5481 2880 5542 commutaverit
2902 5523 2917 5549 ,
2949 5479 3096 5536 nullo
3135 5480 3299 5538 modo

1714 5584 1956 5644 revocari
1979 5581 2178 5655 poterit
2204 5590 2263 5636 ut
2287 5579 2343 5634 in
2363 5593 2543 5636 escam
2568 5572 2879 5632 refundatur
2901 5569 3138 5628 infantis.
3164 5571 3300 5630 Gula

1711 5679 1859 5734 enim
1880 5691 2004 5733 cum
2026 5673 2226 5746 aliquid
2247 5672 2482 5745 jucunde
2506 5671 2671 5742 sapit,
2693 5668 2900 5725 etiamsi
2924 5668 3190 5740 exiguam,
3222 5677 3304 5725 ta-

1715 5785 1838 5828 men
1867 5765 2273 5825 irrevocabilem
2297 5772 2503 5836 partem
2526 5760 2629 5818 sibi
2653 5759 2904 5826 vindicat,
2931 5768 2987 5817 et
3019 5757 3123 5815 hoc
3159 5760 3303 5831 cogit

1781 5885 1799 5917 ι
1821 5890 1943 5934 Tres
1955 5887 2066 5935 uss.
2083 5881 2370 5932 damnatur.
2387 5883 2610 5940 Moxque,
2627 5880 2674 5929 et
2688 5887 2719 5926 a
2735 5879 2778 5927 te
2795 5877 2917 5927 totus
2932 5870 3120 5927 absumi
3134 5878 3303 5941 ροιεδδ.
