3822 6398
567 363 695 433 £251

562 487 677 543 ﬁeri
701 472 844 561 quod
873 495 1074 542 naturae
1097 485 1335 560 corporis
1355 486 1637 542 convenit:
1669 485 1811 558 quod
1837 485 1940 544 nisi
1963 485 2033 542 ita
2057 499 2144 542 es-

559 588 642 648 set
662 619 677 646 ,
707 578 888 633 nullus
907 588 1212 634 remaneret
1255 592 1417 653 sapor
1445 577 1498 632 in
1530 592 1623 632 ore
1651 586 1994 650 posteaquam
2024 576 2141 632 fue-

557 668 872 726 rint'mansa
904 670 991 724 illa
1021 669 1227 727 reddita
1257 679 1415 741 atque
1443 668 1686 742 desputa.
1715 668 1865 740 Quod
1890 669 2047 728 etiam
2073 669 2142 728 de

558 760 699 830 aeris
723 761 966 836 partibus
999 770 1144 819 recte
1195 761 1298 816 dici
1330 769 1534 834 potest,
1575 775 1707 832 quas
1736 759 1951 816 naribus
1988 759 2138 814 duci-

558 871 680 916 mus
710 873 724 911 :
752 872 875 916 nam
901 856 1107 913 etiamsi
1148 853 1341 928 aliquid
1368 855 1509 910 aeris
1534 853 1673 927 quod
1703 868 1802 927 ego
1834 853 2134 918 reddidero,

557 949 734 1020 possis
758 948 916 1004 etiam
945 955 1001 1002 tu
1028 945 1245 1014 ducere,
1283 960 1388 1000 non
1435 953 1612 1002 tamen
1662 945 1862 1018 poteris
1890 945 2048 1003 etiam
2075 944 2139 1002 il-

564 1038 684 1106 lud,
733 1037 874 1110 quod
912 1037 1035 1092 inde
1071 1036 1124 1092 in
1166 1036 1474 1091 alimentum
1504 1051 1682 1091 meum
1717 1034 1973 1102 cesserit;
2013 1035 2135 1108 quia

555 1144 653 1185 nec
687 1129 1064 1204 reddi-potest.
1095 1127 1225 1184 Nam
1256 1127 1416 1182 etiam
1461 1127 1675 1183 naribus
1703 1127 2008 1182 alimentum
2037 1140 2135 1182 nos

553 1237 746 1295 capere
793 1222 984 1278 medici
1014 1221 1210 1278 docent
1241 1239 1254 1274 :
1285 1219 1426 1295 quod
1453 1220 1762 1275 alimentum
1802 1229 1856 1275 et
1885 1218 2134 1291 spirando

553 1314 698 1371 solus
725 1314 923 1374 sentire
954 1327 1170 1388 possum
1189 1354 1204 1380 ,
1229 1319 1282 1366 et
1309 1309 1545 1366 reﬂando
1565 1310 1846 1366 restituere
1874 1325 1978 1363 non
2007 1323 2134 1379 pos-

553 1424 672 1464 sum
689 1451 705 1476 ,
738 1417 796 1463 ut
823 1406 920 1463 abs
947 1416 996 1461 te
1024 1405 1185 1461 etiam
1206 1403 1420 1458 ductum
1450 1402 1666 1460 naribus
1693 1400 1969 1459 sentiatur.
1999 1400 2131 1457 Nam

551 1508 745 1556 caetera
768 1496 1038 1558 sensibilia
1061 1511 1179 1567 quae
1203 1495 1443 1566 quamvis
1463 1493 1752 1550 sentiamus
1771 1533 1788 1560 ,
1818 1507 1925 1546 non
1955 1501 2130 1547 tamen

551 1606 612 1647 ea
653 1588 930 1645 sentiendo
967 1588 1020 1642 in
1058 1596 1297 1642 nostrum
1332 1600 1525 1658 corpus
1554 1591 1801 1656 corrupta
1821 1591 2084 1639 mutamus
2112 1623 2128 1652 ,

552 1694 836 1752 possumus
858 1694 918 1734 ea
945 1721 959 1744 ,
993 1677 1104 1732 sive
1130 1693 1237 1732 uno
1266 1683 1506 1748 tempore
1530 1717 1544 1744 ,
1587 1674 1699 1732 sive
1727 1674 1949 1746 singulis
1967 1674 2128 1728 vicis-

549 1772 651 1830 sim
680 1770 1002 1842 temporibus
1052 1769 1208 1825 ambo
1247 1767 1478 1831 sentire,
1535 1766 1673 1821 sicut
1711 1764 1794 1819 vel
1834 1773 1999 1819 totum
2045 1764 2128 1818 vel

551 1879 676 1936 pars
702 1865 812 1936 ipsa
840 1879 996 1935 quam
1023 1861 1224 1925 sentio,
1253 1861 1347 1915 abs
1375 1869 1425 1916 te
1454 1860 1610 1915 etiam
1641 1857 1928 1924 sentiatur;
1955 1857 2128 1932 qualia

549 1963 701 2021 sunt,
732 1954 843 2010 sive
877 1953 965 2006 lux
987 1995 1000 2016 ,
1029 1952 1142 2006 sive
1181 1966 1344 2008 sonus
1363 1990 1378 2016 ,
1409 1949 1520 2004 sive
1571 1964 1795 2018 corpora
1825 1963 1945 2018 qua:
1969 1946 2128 2003 attin-

551 2045 758 2118 gimus,
789 2059 892 2106 non
923 2051 1094 2097 tamen
1132 2041 1393 2095 ludimus.
1421 2039 1483 2092 E.
1512 2037 1774 2110 Intelligo.
1806 2037 1868 2093 Α.
1911 2036 2128 2094 Manife-

549 2144 687 2192 stum
709 2141 790 2189 est
815 2146 940 2204 ergo
967 2147 1028 2188 ca
1058 2147 1175 2202 quae
1200 2145 1305 2184 non
1326 2138 1710 2184 commutamus
1736 2136 1789 2182 et
1805 2138 1979 2182 tamen
2001 2142 2126 2182 sen-

550 2227 708 2280 timus
735 2223 974 2294 corporis
994 2221 1266 2285 sensibus,
1290 2229 1344 2274 et
1369 2235 1473 2275 non
1501 2219 1765 2290 pertinere
1791 2216 1858 2274 ad
1885 2227 2125 2271 naturam

547 2331 796 2375 sensuum
836 2323 1138 2370 nostrorum
1164 2354 1179 2379 ,
1233 2321 1284 2368 et
1328 2319 1607 2382 propterea
1637 2309 1803 2380 magis
1828 2309 1980 2365 nobis
2005 2324 2126 2366 esse

546 2410 879 2475 communia,
907 2408 1026 2480 quia
1061 2407 1112 2459 in
1152 2413 1395 2462 nostrum
1440 2401 1712 2475 proprium
1744 2409 1797 2456 et
1834 2402 1983 2472 quasi
2021 2403 2126 2472 pri-

544 2513 725 2558 vatum
757 2516 858 2558 non
883 2507 1160 2553 vertuntur
1187 2505 1346 2566 atque
1377 2501 1666 2548 mutantur.
1705 2491 1770 2545 E.
1805 2492 2027 2547 Prorsus
2049 2508 2126 2547 as-

545 2596 765 2653 sentior.
795 2592 856 2644 A.
888 2591 1170 2662 Proprium
1214 2602 1342 2658 ergo
1369 2593 1436 2653 _et
1461 2585 1608 2660 quasi
1639 2583 1896 2656 privatum
1929 2583 2124 2637 intelli-

544 2683 772 2760 gendum
815 2691 926 2747 est,
963 2679 1105 2752 qttod
1146 2678 1429 2747 unicuique
1469 2685 1706 2729 nostrum
1752 2673 1850 2728 soli
1879 2685 1961 2728 est
1991 2675 2028 2737 ί,
2071 2682 2126 2730 et

545 2779 685 2852 quod
712 2779 762 2832 in
785 2793 842 2834 se
870 2775 1015 2831 solus
1041 2773 1236 2838 sentit,
1269 2770 1409 2844 quod
1439 2768 1502 2822 ad
1546 2782 1694 2822 suam
1738 2776 1975 2822 naturam
2003 2781 2126 2840 pro-

545 2874 659 2944 prie
689 2872 1263 2944 pertinetzcommune
1307 2873 1480 2919 autem
1532 2873 1585 2918 et
1629 2863 1778 2936 quasi
1819 2862 2119 2935 publicum,

543 2965 684 3044 quod
710 2964 776 3020 ab
815 2961 1061 3020 omnibus
1100 2956 1449 3016 sentientibus
1491 2954 1634 3010 nulla
1679 2953 1761 3009 sui
1787 2953 2123 3025 corruptione

544 3069 700 3128 atque
721 3054 1132 3112 commutatione
1161 3051 1405 3106 sentitur.
1437 3047 1501 3101 E.
1529 3046 1604 3101 Ita
1629 3055 1732 3102 est.

541 3149 768 3210 CAPUT
811 3147 944 3203 Vill.
972 3175 1045 3187 —
1087 3143 1430 3200 Numerorum
1502 3141 1632 3194 ratio
1703 3139 1843 3194 nullo
1900 3141 2123 3212 corporis

561 3309 564 3313 λ
613 3257 762 3302 sensu
788 3240 1090 3318 percipitur,
1125 3254 1154 3290 a
1180 3237 1353 3312 quovis
1395 3234 1700 3305 intelligente
1745 3242 1974 3305 percepta
2020 3249 2123 3288 una

613 3340 757 3388 estet
785 3325 1225 3386 incommutabilis.

616 3420 706 3478 20.
728 3419 792 3474 Α.
822 3419 933 3489 Age
953 3458 970 3484 ,
1017 3430 1158 3472 nunc
1199 3411 1445 3480 attende,
1493 3420 1548 3466 et
1578 3410 1662 3468 dic
1685 3411 1812 3466 mihi
1845 3420 2019 3469 utrum
2043 3414 2122 3469 in-

547 3501 786 3570 veniatur
830 3503 1024 3576 aliquid
1052 3501 1192 3576 quod
1222 3517 1407 3558 omnes
1436 3499 1812 3557 ratiocinantes
1844 3517 1936 3556 sua
1972 3504 2119 3574 quis-

548 3615 651 3676 quc
675 3598 880 3656 ratione
919 3604 1074 3668 atque
1116 3602 1294 3649 mente
1332 3592 1686 3648 communiter
1713 3591 1957 3659 videant,
1999 3609 2118 3651 cum

549 3689 677 3754 illud
716 3685 856 3761 quod
895 3684 1100 3740 videtur
1144 3693 1339 3758 priesto
1367 3684 1436 3737 sit
1463 3683 1726 3760 omnibus,
1757 3696 1858 3740 uec
1886 3685 1937 3738 in
1968 3701 2120 3740 usum

548 3797 734 3848 eorum
786 3779 973 3854 quibus
1023 3785 1218 3848 praesto
1275 3783 1358 3829 est
1407 3782 1798 3840 eommutetur,
1835 3775 1986 3844 quasi
2041 3777 2119 3830 ci-

547 3867 647 3924 bus
690 3873 781 3922 aut
821 3862 1005 3934 potio,
1057 3859 1151 3915 sed
1203 3859 1562 3928 incorruptum
1609 3857 1971 3929 integrumque
2001 3874 2120 3928 per-

547 3958 789 4026 maneat,
838 3954 949 4012 sive
990 3951 1066 4006 illi
1121 3949 1379 4017 videant,
1436 3949 1546 4004 sive
1613 3964 1718 4004 non
1771 3947 2120 4005 videant:an

547 4050 682 4107 forte
712 4047 845 4104 nihil
877 4043 1180 4119 lmjusmodi
1218 4058 1340 4098 esse
1373 4041 1685 4097 arbitraris?
1706 4039 1772 4096 Ε.
1804 4040 1916 4097 lino
1956 4042 2117 4098 multa

546 4133 665 4198 esse
691 4139 878 4203 video;
928 4153 957 4192 c
1004 4136 1196 4210 quibus
1225 4149 1386 4190 unum
1419 4133 1827 4189 commemorari
1852 4135 1980 4188 satis
2001 4142 2112 4200 cst,

546 4233 685 4316 quod
715 4231 850 4286 ratio
877 4236 930 4290 et
961 4227 1159 4282 veritas
1187 4226 1389 4281 numeri
1417 4224 1660 4280 omnibus
1685 4223 2118 4280 ratiocinantibus

545 4333 740 4397 prmsto
767 4329 876 4390 cst,
924 4328 982 4374 ut
1017 4319 1189 4374 omnis
1236 4333 1352 4374 eam
1400 4324 1733 4387 eomputator
1772 4333 1866 4372 sua
1896 4318 2119 4390 quisque

543 4411 746 4474 ratione
772 4422 825 4469 et
847 4411 1192 4483 intelligentia
1221 4418 1441 4464 conetur
1457 4407 1887 4478 apprehendere;
1917 4417 1967 4462 ct
1984 4407 2116 4462 alius

543 4505 597 4566 id
621 4507 852 4574 facilius,
885 4504 1020 4560 alius
1049 4501 1314 4559 difficilius
1354 4501 1558 4572 possit,
1604 4500 1737 4554 alius
1765 4501 1984 4555 omnino
2009 4515 2114 4555 non

542 4600 710 4670 possit
739 4617 751 4652 :
777 4611 902 4654 cum
936 4604 1114 4650 tamen
1155 4591 1267 4664 ipsa
1308 4590 1581 4662 aequaliter
1607 4589 1855 4645 omnibus
1892 4605 1950 4645 se
1976 4606 2114 4661 pm-

540 4689 667 4745 beat
694 4687 989 4744 valentibus
1031 4699 1147 4740 eam
1175 4698 1398 4754 capere;
1436 4697 1533 4738 nec
1567 4699 1685 4738 cum
1729 4697 1846 4738 eam
1893 4683 2115 4754 quisque

543 4768 767 4850 percipit
785 4820 800 4844 ,
835 4777 889 4832 in
919 4777 998 4832 sui
1023 4773 1346 4846 perceptoris
1375 4773 1523 4845 quasi
1548 4774 1855 4829 alimentum
1879 4782 2117 4829 vertatur

547 4879 704 4940 atque
727 4875 995 4932 mutetur;
1038 4883 1136 4922 nec
1161 4881 1279 4921 cum
1311 4867 1363 4919 in
1395 4880 1455 4920 ea
1492 4867 1715 4936 quisque
1741 4864 1959 4928 fallitur,
1997 4865 2112 4935 ipsa

543 4959 788 5026 'deilciat,
829 4959 940 5013 sed'
963 4975 1024 5014 ea
1057 4973 1182 5012 vera
1215 4966 1268 5012 et
1295 4957 1495 5028 integra
1523 4966 1896 5027 permanente,
1943 4956 2030 5012 ille
2059 4956 2113 5011 in

543 5065 727 5109 errore
751 5049 819 5105 sit
845 5057 989 5104 tanto
1017 5048 1272 5120 amplius,
1303 5056 1500 5120 quanto
1525 5048 1698 5103 minus
1734 5064 1849 5103 eam
1875 5047 2040 5103 videt.

610 5142 702 5199 21.
731 5141 793 5195 Α.
834 5139 1003 5196 Recte
1038 5153 1199 5204 sane;
1227 5138 1322 5194 sed
1345 5139 1502 5194 video
1524 5147 1580 5194 te
1613 5150 1861 5209 tanquam
1891 5154 2000 5194 non
2024 5154 2115 5195 ru-

545 5236 666 5292 dem
696 5233 887 5288 harum
917 5244 1096 5286 rerum
1139 5229 1248 5284 cito
1273 5230 1543 5285 invenisse
1587 5231 1726 5300 quod
1749 5231 1955 5286 diceres
1988 5250 2003 5286 :
2033 5239 2114 5286 ta-
2166 5283 2172 5294 ,

543 5343 668 5384 men
690 5368 704 5393 ,
737 5325 784 5382 si
817 5323 916 5379 tibi
963 5321 1156 5392 aliquis
1196 5319 1401 5376 diceret
1436 5335 1686 5376 numeros
1736 5323 1865 5378 istos
1889 5337 1997 5378 non
2040 5338 2112 5379 ex
2160 5399 2162 5401 p

542 5420 716 5490 aliqua
742 5431 836 5472 sua
857 5424 1048 5471 natura
1069 5455 1083 5479 ,
1121 5409 1220 5468 sed
1257 5428 1324 5468 ex
1349 5411 1414 5468 iis
1449 5411 1611 5468 rebus
1635 5427 1768 5484 quas
1801 5427 1963 5469 sensu
1987 5429 2112 5470 eor-

533 5513 694 5583 poris
717 5507 1022 5582 attingimus
1041 5547 1057 5574 ,
1089 5504 1377 5574 impressas
1417 5517 1536 5559 esse
1561 5505 1738 5559 animo
1753 5511 1941 5560 nostro
1962 5507 2112 5577 quasi

549 5605 803 5676 quasdam
833 5605 1092 5674 imagines
1137 5613 1467 5672 quoumque
1512 5598 1832 5666 visibilium;
1861 5599 1985 5670 quid
2021 5613 2111 5655 re-

541 5743 753 5856 ηὼξὲιι.
779 5750 852 5794 Er.
890 5752 942 5794 .et
973 5749 1077 5798 Mss.
1101 5743 1383 5808 sexdecim,
1418 5741 1543 5808 quod
1567 5743 1881 5809 mortisque
1900 5747 2112 5796 nostrum

1567 355 1654 416 DE
1694 362 1940 428 LIBERO
1976 359 2320 429 ABBITIUO,
2359 366 2416 424 S.
2458 361 2823 427 AUGUSTINI

3688 387 3811 452 17.53

2251 483 2588 554 sponderes?
2615 503 2682 542 an
2705 498 2761 544 tu
2803 505 3014 563 quoque
3059 492 3111 553 id
3140 503 3292 568 putas
3316 498 3341 553 ἲ
3379 496 3452 552 E.
3479 497 3639 560 Nullo
3669 506 3809 566 modo

2249 575 2301 630 id
2328 579 2622 647 putaverim
2658 595 2806 639 :non
2846 583 2988 642 enim
3026 587 3072 644 si
3121 602 3282 648 sensu
3328 590 3577 664 corporis
3613 596 3804 672 percepi

2247 685 2531 735 numeros,
2559 671 2758 727 idcirco
2783 675 2940 728 etiam
2987 678 3244 731 rationem
3287 682 3592 746 partitionis
3639 699 3799 744 nume-

2245 775 2428 856 rorum
2455 763 2538 817 vel
2575 764 2923 856 copulationis
2957 779 3120 824 sensu
3143 769 3384 839 corporis
3413 771 3691 844 percipere
3721 792 3822 856 pos

2246 852 2340 905 tui.
2383 852 2490 907 Hac
2528 853 2667 910 enim
2700 855 2815 910 luce
2847 856 3041 910 mentis
3069 855 3252 915 refello
3278 874 3400 916 eum
3421 900 3438 928 ,
3469 861 3705 937 quisquis
3732 869 3796 923 vel

2244 945 2296 998 in
2328 945 2570 1000 addendo
2606 945 2691 1000 vel
2740 946 2791 1000 in
2821 945 3140 1002 retrahendo
3167 949 3292 1003 dum
3324 962 3604 1024 computat
3639 953 3793 1012 fabam

2243 1047 2502 1088 summam
2531 1034 2930 1090 renuntiaverit.
2973 1036 3038 1091 Et
3074 1036 3332 1107 quidquid
3375 1054 3538 1096 sensu
3585 1048 3794 1114 corporis

2244 1130 2402 1192 tango
2421 1166 2435 1188 ,
2467 1124 2630 1179 veluti
2659 1134 2742 1180 est
2787 1113 2890 1180 hoc
2937 1124 3130 1182 coelum
3169 1136 3224 1183 et
3252 1127 3368 1184 haec
3393 1139 3570 1198 terra,
3602 1145 3655 1190 et
3677 1152 3793 1207 qun-
3820 1131 3822 1182 ἶ

2241 1230 2468 1285 cumque
2515 1217 2570 1270 in
2608 1216 2687 1270 eis
2715 1215 2817 1270 alia
2854 1231 3078 1286 corpora
3115 1219 3292 1274 sentio
3315 1262 3329 1288 ,
3356 1224 3614 1291 quamdiu
3649 1225 3789 1285 futura

2240 1309 2347 1363 sint
2392 1310 2572 1363 nescio
2602 1328 2615 1363 :
2643 1317 2847 1379 septem
2881 1318 3063 1365 autem
3104 1321 3159 1366 et
3187 1312 3288 1366 tria
3337 1313 3525 1369 decem
3567 1327 3720 1388 sunt;
3750 1333 3791 1379 et

2241 1417 2342 1455 non
2376 1401 2544 1456 solum
2571 1415 2732 1466 nunc,
2757 1400 2850 1456 sed
2867 1401 3024 1456 etiam
3056 1416 3306 1473 semper;
3329 1420 3507 1476 neque
3523 1407 3634 1464 ullo
3657 1413 3791 1468 modo

2238 1492 2524 1563 aliquando
2548 1501 2750 1562 septem
2779 1503 2834 1549 et
2861 1495 2962 1548 tria
2981 1509 3088 1549 non
3118 1494 3336 1551 ﬁlerunt
3361 1497 3571 1566 decem,
3598 1510 3684 1557 aut
3706 1505 3788 1559 ali-

2237 1585 2446 1656 quando
2477 1597 2678 1655 septem
2709 1595 2763 1641 et
2792 1586 2890 1641 tria
2935 1603 3040 1642 non
3079 1599 3234 1644 erunt
3261 1589 3470 1646 decem.
3503 1593 3644 1651 lianc
3663 1613 3788 1669 ergo

2237 1674 2686 1744 incorruptibilem
2713 1677 2920 1732 numeri
2953 1678 3227 1735 veritatem
3256 1682 3300 1747 ',
3334 1681 3446 1737 dixi
3477 1684 3602 1740 mibi
3621 1696 3672 1743 et
3686 1689 3787 1744 eui-

2235 1766 2365 1823 libet
2384 1768 2719 1823 ratiocinanti
2759 1783 2878 1824 esse
2913 1784 3274 1826 communem.
3575 1821 3581 1828 .

2303 1859 2393 1914 22.
2424 1859 2486 1912 Α.
2511 1859 2626 1914 Non
2649 1859 2844 1915 resisto
2866 1860 2958 1916 tibi
3001 1861 3274 1917 verissima
3323 1872 3377 1919 et
3408 1867 3695 1926 certissima
3721 1889 3788 1929 rc-

2234 1951 2536 2021 spondenti.
2559 1950 2665 2006 Sed
2688 1952 2831 2020 ipsos
2852 1967 3064 2024 quoque
3085 1969 3339 2011 numeros
3358 1973 3470 2013 non
3497 1975 3593 2029 per
3612 1977 3783 2034 corpo-

2234 2044 2306 2098 ris
2334 2059 2521 2099 sensus
2545 2051 2799 2099 attractos
2829 2059 2948 2100 esse
2976 2044 3135 2103 facile
3174 2048 3398 2117 videbis,
3422 2049 3466 2106 si
3495 2055 3782 2128 cogitaveris

2233 2137 2522 2207 quemlibet
2559 2151 2838 2194 numerum
2869 2145 2946 2192 tot
2968 2140 3151 2194 vocari
3179 2141 3389 2210 quoties
3417 2159 3580 2200 unum
3603 2147 3780 2203 habue-

2231 2226 2338 2282 rit:
2367 2227 2516 2284 verbi
2559 2230 2745 2299 gratia,
2779 2229 2826 2284 si
2877 2229 2960 2284 bis
3005 2229 3251 2288 habuerit
3299 2249 3500 2302 unum,
3552 2236 3654 2293 duo
3699 2256 3780 2295 vo-

2232 2329 2451 2386 cantur;
2499 2320 2545 2375 si
2603 2327 2722 2390 ter,
2780 2319 2911 2386 tria;
2957 2330 3012 2378 et
3051 2323 3095 2377 si
3143 2323 3321 2381 decies
3368 2342 3530 2383 unum
3578 2329 3779 2398 habent,

2232 2418 2357 2464 tunc
2425 2419 2681 2465 vocantur
2745 2408 2930 2466 decem
2977 2429 2992 2464 :
3044 2422 3096 2467 et
3154 2415 3376 2484 quilibet
3440 2420 3654 2476 omnino
3699 2440 3783 2478 nu-

2229 2514 2412 2555 merus
2457 2500 2661 2570 quoties
2713 2500 2872 2556 habet
2914 2517 3116 2570 unum,
3163 2505 3288 2562 hinc
3327 2507 3399 2562 illi
3439 2525 3631 2567 nomen
3681 2524 3778 2581 est,

2230 2599 2284 2647 et
2318 2599 2396 2645 tot
2419 2589 2736 2661 appellatur.
2778 2591 2953 2647 Unum
2981 2609 3111 2649 vero
3137 2595 3369 2667 quisquis
3397 2601 3669 2659 verissime
3689 2620 3778 2660 co-

2227 2680 2359 2752 gitat
2383 2721 2398 2748 ,
2427 2681 2661 2750 profecto
2703 2681 2902 2737 invenit
2939 2685 3180 2755 corporis
3217 2688 3454 2745 sensibus
3485 2706 3588 2747 non
3627 2709 3783 2763 posse

2228 2773 2435 2829 sentiri.
2481 2773 2743 2846 Quidquid
2795 2775 2935 2830 enim
2985 2777 3075 2831 tali
3129 2793 3288 2834 sensu
3339 2780 3643 2852 attingitur,
3680 2785 3777 2854 iam

2229 2882 2335 2922 non
2399 2881 2594 2930 unum,
2650 2865 2744 2920 sed
2809 2866 2972 2921 multa
3027 2882 3147 2924 esse
3195 2871 3570 2927 convincitur:
3604 2890 3778 2948 corpus

2229 2959 2312 3006 est
2335 2951 2474 3005 enim
2499 2991 2513 3015 ,
2544 2959 2600 3005 et
2637 2949 2758 3005 ideo
2794 2949 2956 3006 habet
3000 2952 3412 3010 innumerabiles
3450 2966 3645 3026 partes.
3677 2955 3774 3016 ﬁed

2227 3050 2284 3096 ut
2330 3042 2559 3095 minutas
2595 3055 2834 3110 quasque
2886 3043 3164 3112 minusque
3208 3045 3518 3102 assimilatas
3543 3064 3643 3104 non
3667 3065 3774 3120 ραι.

2228 3147 2422 3202 sequar
2445 3173 2459 3200 ,
2513 3131 3049 3203 quantulumcumque
3089 3133 3216 3190 illud
3260 3140 3632 3208 corpusculum
3671 3143 3768 3208 sit,

2227 3223 2389 3279 habet
2411 3231 2556 3278 certe
2579 3223 2737 3279 aliam
2762 3232 2967 3294 partem
2991 3224 3263 3282 dorici-sm
3280 3269 3294 3291 ,
3315 3229 3479 3285 aliam
3496 3232 3769 3300 sinistram;

2225 3317 2383 3372 aliam
2418 3315 2746 3387 superiorem
2766 3355 2779 3382 ,
2812 3317 2970 3372 aliam
2992 3316 3299 3374 interiorem
3319 3335 3337 3386 ;
3361 3331 3458 3376 aut
3481 3324 3630 3386 aliam
3655 3326 3770 3382 uite-

2225 3411 2420 3465 riorem
2441 3452 2455 3477 ,
2507 3409 2663 3464 aliam
2695 3410 3038 3477 citeriorem;
3085 3421 3174 3467 aut
3205 3413 3340 3468 alias
3383 3414 3600 3482 “nales,
3633 3419 3769 3473 siistn

2225 3500 2452 3556 mediam
2474 3516 2487 3553 :
2511 3499 2624 3554 haec
2643 3501 2786 3556 enim
2810 3513 3034 3556 necesse
3053 3511 3136 3557 est
3157 3504 3450 3573 quamlibet
3461 3507 3646 3578 exiguo
3665 3523 3780 3564 cor-

2225 3592 2370 3662 poris
2398 3591 2614 3646 modulo
2659 3592 2832 3647 inesse
2860 3591 3158 3659 fateamur;
3189 3603 3243 3650 et
3280 3605 3564 3668 propterea
3593 3599 3765 3654 nullust

2225 3697 2420 3752 corpus
2447 3697 2572 3737 vere
2595 3692 2829 3753 pureque
2863 3699 3026 3738 unum
3049 3698 3169 3740 esse
3203 3685 3550 3744 concedimus
3568 3731 3582 3756 ,
3609 3690 3767 3760 isquo

2226 3785 2404 3830 tamen
2450 3789 2558 3830 non
2608 3783 2825 3844 possent
2869 3783 2974 3828 tam
3003 3776 3168 3830 multa
3207 3778 3477 3834 numerari
3507 3777 3606 3835 nisi
3646 3779 3767 3833 illius

2226 3865 2381 3921 unius
2423 3865 2726 3936 cognitione
2752 3865 3000 3922 discreta.
3021 3866 3155 3922 Cum
3175 3867 3322 3923 enim
3349 3884 3529 3941 garo
3551 3886 3696 3926 unum
3717 3870 3764 3925 in

2225 3973 2467 4030 corpore,
2498 3965 2554 4013 et
2575 3973 2662 4014 me
2682 3971 2788 4013 non
2809 3958 3049 4014 invenire
3073 3974 3181 4014 non
3205 3959 3396 4016 dublto
3417 4002 3434 4027 ,
3459 3963 3574 4017 novi
3603 3963 3766 4030 athuc

2223 4048 2350 4120 quid
2380 4049 2448 4103 ihi
2476 4063 2709 4120 quaeram
2730 4091 2744 4116 ,
2771 4057 2826 4104 et
2859 4048 2984 4120 quid
3028 4049 3101 4104 ibi
3129 4065 3236 4109 non
3276 4051 3563 4118 inretiat,
3591 4059 3642 4114 et
3661 4066 3764 4107 non

2227 4155 2384 4214 posse
2415 4140 2660 4207 inveniri,
2696 4141 2778 4195 vel
2809 4142 2984 4211 potius
3020 4143 3240 4197 omnino
3264 4142 3338 4198 ibi
3375 4158 3480 4200 non
3515 4158 3649 4200 esse.
3671 4142 3764 4200 ilbi

2225 4241 2351 4296 ergo
2375 4225 2494 4282 novi
2524 4224 2662 4295 quod
2692 4240 2795 4280 non
2822 4234 2907 4280 est
2936 4240 3131 4296 corpus
3151 4243 3313 4284 unum
3330 4269 3345 4295 ,
3377 4227 3508 4300 quid
3525 4229 3598 4287 sit
3620 4243 3764 4286 unum

2223 4317 2346 4372 novi
2377 4333 2390 4369 :
2422 4332 2582 4372 unum
2611 4315 2753 4372 enim
2783 4317 2826 4371 si
2867 4331 2974 4372 non
3006 4332 3257 4386 nossem,
3281 4319 3447 4376 multa
3483 4319 3539 4378 in
3563 4334 3762 4390 corpore

2229 4425 2509 4464 numerare
2566 4423 2672 4464 non
2730 4423 2968 4478 possem.
3029 4408 3358 4481 Ubicumque
3405 4421 3577 4470 autem
3624 4428 3763 4472 unum

2223 4501 2498 4566 noverim,
2548 4514 2654 4557 non
2707 4500 2888 4570 utique
2933 4515 3029 4570 per
3076 4502 3319 4572 corporis
3367 4517 3577 4562 seruum
3615 4504 3762 4567 novi;

2219 4592 2339 4663 quia
2383 4607 2477 4662 per
2520 4590 2758 4660 corporis
2819 4605 3035 4648 sensum
3096 4606 3206 4650 non
3251 4592 3375 4652 novi
3415 4591 3516 4654 nisi
3549 4607 3728 4662 corpus
3750 4631 3764 4657 ο

2223 4683 2363 4752 quod
2415 4696 2542 4736 vere
2583 4695 2816 4750 pureque
2863 4695 3025 4738 unum
3074 4696 3183 4740 non
3229 4696 3354 4742 esse
3406 4683 3758 4746 conviucknus.

2219 4774 2386 4829 Porro
2432 4772 2477 4826 si
2503 4788 2664 4828 unum
2695 4787 2799 4828 non
2827 4773 3157 4843 percepimus
3179 4775 3423 4844 corporis
3457 4789 3647 4843 mu,
3668 4773 3762 4836 ηυι.
3820 4772 3822 4836 ε

2220 4865 2329 4920 lum
2355 4880 2633 4922 numerum
2664 4880 2729 4922 eo
2751 4879 2914 4922 sensu
2943 4865 3300 4936 percepimus.
3315 4880 3505 4930 eorum
3534 4866 3756 4930 duntaxat
3820 4865 3822 4936 ζ

2218 4972 2559 5014 numerorum
2585 4972 2721 5027 quos
2747 4956 3093 5027 intelligentia
3119 4959 3408 5020 cernimus.
3434 4958 3616 5020 Nullus
3639 4957 3756 5022 enim
3820 4989 3822 5027 ί

2219 5057 2301 5104 est
2325 5064 2394 5103 ex
2425 5047 2509 5113 iis,
2537 5048 2629 5118 qui
2655 5061 2764 5105 non
2783 5055 2865 5123 tot
2891 5055 3128 5115 vocetur.
3159 5047 3370 5118 111501565
3396 5047 3560 5114 halm
3579 5061 3756 5112 ωιιιιιιο

2160 5147 2162 5150 '
2222 5139 2375 5209 cujus
2423 5138 2694 5209 perceptio
2746 5137 2984 5211 corporis
3033 5153 3194 5200 sensu
3231 5154 3338 5198 non
3376 5138 3459 5198 iit.
3497 5137 3758 5212 ϐψω

2219 5232 2364 5288 enim
2395 5232 2691 5303 corpusculi
2714 5245 2841 5302 pars
2874 5230 3094 5296 dimidia
3136 5231 3349 5303 quantis
3389 5231 3596 5301 duabm
3615 5239 3756 5292 totum

2218 5333 2444 5389 constat,
2485 5324 2644 5380 habet
2668 5331 2723 5380 et
2756 5323 2872 5393 ipsa
2899 5322 3175 5384 dimidium
3199 5338 3375 5386 suam.
3404 5323 3496 5382 Sic
3514 5337 3638 5398 ergo
3655 5327 3756 5382 sunt

2217 5417 2322 5472 illa:
2349 5417 2467 5472 dum
2513 5423 2690 5487 partes
2731 5416 2786 5473 in
2812 5429 3066 5487 corpore.
3091 5423 3152 5478 ω
3181 5431 3286 5480 nos
3307 5417 3443 5487 ipsa:
3481 5415 3756 5489 simillima
3820 5415 3822 5489 !

2177 5582 2185 5592 ἡ
2218 5507 2337 5564 dua:
2359 5508 2486 5564 sint.
2512 5506 2778 5566 Numerus
2801 5516 2983 5568 autem
3021 5507 3115 5569 ille
3133 5507 3225 5579 qui
3253 5518 3476 5576 FW
3497 5508 3626 5578 duo,
3649 5517 3756 5578 φο·

2219 5600 2363 5657 niam
2382 5599 2466 5657 bis
2493 5598 2655 5656 haltet
2685 5597 2817 5658 illud
2841 5598 2982 5669 quod
3001 5577 3314 5670 simpliciter
3341 5615 3506 5668 unum
3527 5577 3634 5668 est.
3655 5577 3756 5669 ita"

2280 5744 2293 5774 ¹
2323 5749 2370 5791 tu
2386 5741 2730 5807 antiquioribus
2746 5735 3033 5789 editionibus
3047 5742 3100 5788 et
3119 5747 3295 5789 novem
3309 5728 3753 5803 Ms.,mneﬂttdlv
3820 5717 3822 5772 Ϊ

2215 5817 2336 5857 ται.
