3822 6398
59 475 156 535 1255

59 597 137 664 ejus
148 585 363 653 dimidia,
388 583 442 640 id
470 589 552 639 est
576 579 700 637 illud
726 579 895 651 ipsum
917 573 1057 647 quod
1068 568 1379 640 simpliciter
1402 582 1567 664 unum

60 661 136 750 est,
162 698 253 739 non
292 687 465 750 potest
490 690 669 732 rursus
712 673 907 726 habere
930 665 1201 722 dimidiam
1256 671 1457 730 partem
1484 661 1569 716 vel

58 780 230 839 eniam,
254 768 337 826 vel
375 761 720 839 quotamlihet
736 802 753 831 ,
781 757 1033 832 quoniam
1068 753 1298 825 simplex
1341 761 1395 807 et
1441 766 1570 809 vere

56 880 175 926 mum
191 871 280 920 est.

101 948 368 1015 alicunde
390 947 639 1020 quoniam
669 951 910 1001 tenentes
932 939 1175 997 ordinem
1192 945 1567 999 numam,

60 1060 142 1123 post
161 1061 301 1104 mium
333 1042 442 1099 duo
471 1037 728 1105 videmus,
759 1034 849 1107 qui
875 1044 1127 1090 numerus
1158 1030 1226 1086 ad
1264 1043 1431 1084 unum
1456 1024 1570 1081 coi-

61 1145 172 1205 lnus,
194 1137 370 1207 duplus
402 1131 674 1187 invenitur
701 1147 714 1183 :
740 1127 937 1197 duplus
972 1124 1201 1181 deorum
1228 1135 1340 1179 non
1379 1130 1570 1175 center

61 1240 223 1303 quenter
250 1223 565 1295 adiungitur,
595 1219 691 1276 sed
726 1217 1038 1286 interposito
1082 1213 1318 1269 ternario
1352 1217 1571 1303 quater

63 1302 186 1380 unus
211 1317 455 1389 sequitur,
484 1314 573 1385 qui
590 1312 783 1381 duplus
803 1316 889 1366 est
908 1308 1159 1363 deorum.
1190 1304 1259 1361 Et
1284 1304 1405 1361 hac
1429 1302 1568 1359 ratio

64 1431 126 1486 per
150 1424 310 1468 oumes
333 1415 559 1464 ceteros
584 1416 833 1461 numeros
857 1400 1153 1457 certissima
1182 1406 1239 1453 et
1273 1398 1568 1452 incommm

64 1504 161 1559 utili
198 1504 299 1572 lege
338 1494 686 1569 portenditur,
718 1501 776 1548 ut
822 1501 941 1562 post
980 1504 1176 1556 unum,
1216 1487 1279 1542 id-
1318 1494 1403 1542 est
1448 1493 1569 1556 post

64 1597 225 1665 primm
244 1590 473 1646 omnium
498 1598 861 1648 numerorum,
883 1584 1004 1653 ipso
1026 1588 1250 1649 excepto
1276 1578 1480 1648 primus
1498 1576 1570 1632 sit

64 1685 318 1758 quidnplum
349 1682 467 1751 eius
510 1678 702 1745 liabet;
747 1677 851 1732 duo
898 1675 1047 1731 enim
1083 1678 1396 1741 sequuntur.
1440 1668 1569 1727 Post

64 1777 275 1834 scutarium
298 1783 492 1839 autem,
522 1771 576 1827 id
616 1779 699 1826 est
740 1775 866 1840 post
898 1766 1025 1832 duo,
1063 1764 1180 1833 ipso
1214 1767 1444 1830 excepto
1482 1773 1570 1816 se-

66 1870 285 1927 decussit
304 1866 393 1938 qui
422 1863 646 1934 duplum
692 1861 808 1931 ejus
846 1857 1007 1912 habet
1046 1874 1059 1908 :
1107 1861 1228 1924 post
1268 1851 1375 1908 duo
1416 1848 1565 1907 enim

68 1967 206 2036 pimus
226 1968 297 2018 est
318 1955 614 2023 tertiarius,
658 1949 921 2009 secundus
960 1943 1347 2017 quatemarius,
1374 1939 1567 2009 dopltts

68 2053 235 2111 secundi.
261 2053 377 2108 Post
403 2048 640 2112 tertium,
688 2043 738 2098 id
760 2052 842 2097 est
867 2036 1175 2102 ternarium,
1207 2036 1322 2104 ipso
1338 2038 1567 2101 excepto

68 2146 194 2201 tutius
213 2144 270 2199 sit
292 2140 377 2213 qui
397 2138 596 2209 dupius
616 2144 700 2191 est
720 2133 838 2203 ejus
869 2148 882 2184 :
913 2137 1034 2199 post
1064 2125 1283 2182 tertium
1312 2123 1481 2188 enim.
1513 2119 1566 2183 id

68 2245 222 2306 etpost
235 2233 512 2290 ternarium
542 2229 745 2299 primus
770 2233 854 2280 est
877 2219 1269 2293 quaternarius,
1294 2214 1566 2274 secundus

70 2327 280 2397 (ieiunius,
304 2324 488 2379 tertius
514 2319 777 2380 senarius,
800 2314 891 2386 qui
931 2311 1126 2382 duplus
1162 2317 1248 2366 est
1274 2307 1435 2366 tertii.
1464 2306 1566 2365 Αι-

68 2432 133 2486 que
150 2420 199 2470 ita
220 2425 322 2486 post
345 2421 619 2484 quartum,
641 2410 758 2478 ipso
777 2413 1000 2476 excepto
1026 2411 1247 2473 quartus
1281 2398 1441 2459 habet
1470 2397 1567 2459 dav

72 2508 163 2575 plum
180 2509 274 2576 ejus
302 2513 457 2575 :post
483 2510 735 2574 quartum
770 2498 933 2561 enim,
966 2493 1021 2551 id
1044 2501 1129 2550 est
1169 2488 1566 2562 quaternarium

70 2597 617 2668 primastquinarius,
650 2590 917 2648 secundus
950 2587 1222 2651 senarius,
1257 2583 1444 2641 tertius
1482 2597 1568 2640 se.

70 2689 276 2758 senarius,
298 2697 520 2759 quartus
551 2682 871 2745 octonarius,
900 2679 989 2749 qui
1012 2676 1209 2757 duplex
1249 2682 1333 2732 est
1369 2672 1564 2744 quarti.

75 2781 254 2849 tiqueita
286 2796 377 2850 per
416 2793 611 2834 omnes
646 2784 868 2830 cisterna
909 2771 1143 2841 reperies
1178 2767 1280 2825 hoc
1326 2765 1469 2837 quod
1513 2765 1571 2822 in

72 2872 356 2942 uincepula
385 2882 754 2930 numerorum,
772 2866 827 2920 id
848 2872 929 2920 est
950 2878 1056 2919 uno
1072 2870 1128 2919 et
1148 2860 1357 2919 duobus
1382 2859 1571 2917 inven.

72 2974 237 3034 illest,
261 2975 314 3021 ut
334 2974 533 3036 quotus
557 2961 781 3032 quisque
800 2971 1054 3013 numerus
1079 2963 1164 3010 est
1190 2953 1259 3011 ab
1289 2953 1404 3021 ipso
1422 2951 1571 3023 prin-

75 3056 175 3126 cipis,
192 3064 313 3112 totus
333 3063 455 3127 post
473 3053 631 3108 illum
655 3051 726 3105 sit
748 3048 943 3118 duplus
972 3045 1105 3116 ejus.
1132 3043 1247 3101 Hoc
1263 3057 1394 3113 ergo
1429 3040 1571 3112 quod

76 3160 295 3213 tuo-lies
316 3159 576 3203 numeros
596 3157 718 3201 esse
742 3136 1014 3195 immobile
1032 3177 1048 3201 ρ
1080 3134 1291 3191 ﬁrmum
1324 3134 1569 3189 incorru-

76 3245 249 3308 ptuqu
266 3237 641 3308 conspicimus,
671 3231 810 3289 unde
855 3225 1242 3298 conspicimus?
1266 3222 1384 3282 Non
1427 3223 1570 3280 enim

74 3330 269 3389 ιυιιιιιιο
302 3345 459 3388 sensu
501 3325 749 3396 corporis
790 3335 982 3381 omnes
1033 3332 1282 3377 numeros
1324 3315 1569 3387 attingit;

77 3421 394 3480 numerabiles
433 3422 588 3479 enim
632 3425 795 3475 sunt:
844 3412 988 3471 unde
1035 3426 1165 3481 ergo
1186 3409 1434 3469 novimus
1476 3422 1573 3480 per

74 3526 194 3570 omnes
205 3515 289 3571 hac
300 3531 435 3582 esse,
452 3522 557 3570 aut
570 3526 672 3582 qua
692 3506 968 3580 phantasia
988 3506 1072 3563 vel
1085 3503 1450 3575 phantasmate
1462 3509 1571 3565 tam

72 3614 165 3658 cena
185 3606 352 3663 vetitas
376 3604 595 3662 numeri
634 3616 731 3675 per
758 3595 1160 3657 innumerabilia
1191 3602 1297 3649 tam
1324 3593 1569 3658 ﬁdenter,

74 3694 135 3748 nisi
164 3697 205 3752 iu
238 3697 343 3755 inea
380 3696 643 3754 interiore
682 3689 1031 3760 conspicitur.
1077 3700 1234 3756 quam
1280 3683 1573 3757 corporalis

72 3797 200 3844 team
216 3788 436 3860 ignorat?

112 3877 174 3934 ει.
196 3880 273 3937 Bis
292 3892 347 3939 et
372 3882 575 3938 talibus
607 3875 788 3935 multis
823 3869 1161 3931 documentis
1192 3875 1455 3938 coguntur
1488 3864 1571 3921 fa-

72 3969 147 4034 tui,
168 3973 329 4041 quibs
364 3968 763 4045 disputantibus
792 3967 932 4023 Deus
955 3963 1171 4025 donavit
1194 3959 1487 4031 Mettium,
1515 3965 1574 4014 et

71 4060 277 4124 Minoia
309 4065 592 4135 caiiginem
643 4074 750 4117 neu
791 4056 1041 4122 oiuiucit,
1075 4056 1334 4113 rationem
1374 4051 1571 4107 verita-

70 4156 217 4220 mque
232 4167 592 4219 numerorum,
621 4161 672 4207 et
700 4149 767 4207 ad
797 4163 988 4207 sensus
1021 4144 1263 4215 corporis
1302 4157 1410 4199 non
1446 4156 1572 4213 per-

70 4236 200 4307 litore,
236 4252 288 4301 et
326 4243 687 4302 inversibiiem
723 4241 1098 4307 sinceramque
1142 4234 1470 4301 consistere,
1516 4240 1573 4288 et

69 4335 702 4396 “abundantibus
738 4332 807 4389 ad
841 4329 1124 4387 videndum
1160 4340 1281 4383 esse
1327 4338 1571 4381 commu-

69 4427 494 4503 ωωιρωφινοριω·
520 4443 642 4485 cum
683 4424 848 4481 multa
892 4422 996 4479 alia
1025 4418 1229 4489 possint
1266 4428 1570 4483 occurrere,

71 4526 149 4580 ιω)
165 4522 488 4577 communiter
509 4527 567 4574 et
593 4526 841 4585 tanquam
867 4510 1079 4585 publice
1105 4514 1299 4580 praesto
1325 4513 1450 4561 sunt
1490 4517 1575 4563 ra-

71 4604 387 4680 tiociiauﬁbus,
414 4621 468 4669 et
500 4611 567 4666 ab
590 4610 669 4665 eis
690 4606 969 4663 videantur
992 4610 1170 4659 mente
1194 4607 1351 4668 atque
1371 4595 1575 4677 ratione

68 4693 324 4766 angulorum
340 4715 672 4777 quormque
688 4697 1042 4762 manentium,
1064 4707 1233 4764 eaque
1253 4688 1501 4746 inviolata
1520 4697 1578 4745 et

72 4782 446 4853 incommutabilia
474 4799 756 4857 maneant;
785 4804 889 4844 non
912 4796 1086 4843 tamen
1124 4782 1322 4840 invitus
1357 4794 1579 4854 accepe-

71 4876 140 4932 τίω
159 4885 278 4951 qud
291 4887 389 4945 ista
417 4886 557 4945 ratio
572 4891 629 4943 et
656 4882 852 4943 veritas
872 4877 1085 4937 numeri
1116 4875 1209 4933 tibi
1236 4874 1574 4946 potissimum

70 4978 313 5043 mutarit;
338 4992 463 5037 omn
486 4976 559 5033 ad
583 4975 638 5033 id
658 4972 802 5044 quod
837 4973 1284 5041 interrogaveram
1304 5008 1317 5031 ,
1348 4980 1575 5039 respon-

70 5058 160 5119 ἀτη
188 5069 427 5130 voluisses
456 5090 473 5128 :
502 5085 610 5129 non
649 5068 790 5127 enim
832 5065 1031 5123 [rustra
1076 5062 1132 5119 in
1168 5060 1368 5119 sanctis
1398 5057 1579 5115 Libris

70 5153 712 5233 πβοωίωωιῇωιιιεθα
748 5169 1033 5220 austeras,
1065 5153 1152 5209 ubi
1198 5150 1394 5209 dictum
1444 5160 1572 5209 est:

70 5238 235 5303 Cir“
252 5262 339 5322 ego
361 5231 407 5311 ά
432 5231 767 5317 “smmi,
795 5256 851 5302 ut
874 5246 1075 5315 acii-em,
1103 5252 1149 5301 et
1187 5243 1573 5306 considerarent,

70 5337 102 5380 “
122 5349 352 5402 Mm
366 5343 667 5413 sapientiam
690 5350 738 5397 et
754 5353 1020 5396 numerum
1046 5332 1240 5408 (Eccle.
1256 5349 1361 5403 .vu,
1389 5331 1503 5405 26).

70 5416 244 5491 CAPUT
274 5430 444 5493 αρν-
458 5434 597 5502 ριάά
628 5431 892 5503 sapientia,
916 5430 1025 5485 sine
1046 5443 1178 5503 quq
1198 5441 1341 5485 nemo
1369 5424 1576 5490 beatus;

312 5520 383 5563 an
408 5497 509 5567 ιιιιῖι
535 5506 599 5563 sit
622 5508 679 5560 in
690 5497 921 5558 omnibus
948 5497 1266 5570 sapientibus.

118 5581 188 5642 25.
212 5588 566 5659 Verumtamen
584 5637 602 5666 ,
620 5609 803 5669 quaeso
828 5602 878 5649 te
892 5634 912 5664 ,
944 5590 1069 5665 quid
1093 5589 1159 5644 de
1183 5590 1295 5659 ipsa
1322 5588 1580 5656 sapientia

114 5705 321 5778 ιηιω..
340 5716 919 5778 «suadeam,
943 5710 1153 5763 “abest
1172 5706 1447 5778 bwlinwa’a
1466 5714 1575 5763 uss.

68 5772 139 5845 939
250 5788 276 5828 a
456 5768 703 5845 senatus
725 5768 878 5836 textu,
898 5775 1035 5836 juxta
1051 5782 1199 5835 quem
1215 5768 1580 5845 posteajegere

68 5823 760 5902 ﬁelthgusthius’f’m'Isuptenttamm‘w"
1013 5898 1023 5902 _
1068 5823 1083 5835 ³
1112 5846 1131 5892 ;
1162 5823 1262 5902 (ιὸρ
1296 5823 1581 5895 ωοὼῐθείι

1291 455 1493 512 LIBER
1529 448 1904 515 SECUNDUS.

3108 459 3259 546 issi

1675 579 1830 641 putas
1855 570 2307 632 existimandum?
2330 572 2577 646 Singulas
2602 589 2841 648 qusque
2877 591 3001 637 suas
3024 580 3253 657 arbitra-

1673 663 1749 718 ria
1787 663 2025 733 εἰιειιιοο
2058 679 2303 736 quosque
2327 665 2569 731 homines
2597 665 2796 729 habere
2822 670 3148 745 sapientiae?
3182 686 3255 737 an

1673 767 1801 809 vero
1836 768 1996 809 unum
2037 765 2231 825 praesto
2264 771 2387 819 esse
2415 761 2769 821 communiter
2795 761 3073 839 omnibus,
3101 765 3253 838 citius

1672 852 1871 914 φιιιιιο
1894 844 2066 915 1³181⁸
2091 846 2315 917 quisque
2333 849 2392 907 Πι
2414 852 2711 922 particeps.
2735 861 2884 917 tanta
2917 864 3001 919 est
3039 869 3254 931 sapien-

1675 933 1817 990 tior?
1845 932 1913 989 E.
1942 934 2110 1003 Quam
2141 935 2288 992 dicas
2311 940 2625 1009 sapientiam
2652 944 2893 1003 nonduin
2926 946 3070 1017 scio;
3100 944 3254 1005 video

1674 1026 1870 1097 quippe
1894 1027 2040 1083 varie
2062 1025 2232 1084 videri
2249 1027 2573 1101 hominibus,
2599 1031 2727 1104 quid
2752 1032 2844 1089 ﬁat
2865 1033 3139 1095 dicaturve
3166 1051 3253 1096 sa.

1673 1115 1879 1187 pienter
1910 1134 1925 1171 :
1952 1131 2078 1175 nam
2120 1126 2178 1179 et
2196 1118 2290 1189 qui
2328 1120 2589 1191 militant,
2624 1122 2897 1196 sapienter
2932 1126 3036 1185 sibi
3074 1125 3253 1185 facere

1670 1206 1948 1272 videntur;
1977 1217 2032 1265 et
2055 1209 2147 1279 qui
2174 1218 2476 1283 contempta
2514 1212 2697 1271 militia
2724 1215 2948 1275 colendo
2979 1233 3110 1291 agro
3150 1234 3250 1274 cu-

1673 1315 1787 1357 ram
1819 1308 1982 1372 atque
2017 1316 2237 1374 operam
2279 1302 2614 1379 impendunt,
2660 1305 2762 1365 hoc
2800 1310 2974 1378 potius
3012 1308 3248 1387 laudant,

1672 1391 2014 1463 tribuuntque
2048 1393 2362 1464 sapientiai;
2392 1402 2447 1455 et
2469 1394 2562 1471 qui
2594 1397 2753 1453 astuti
2780 1407 2902 1454 sunt
2927 1399 2993 1455 ad
3033 1401 3250 1477 excogi-

1672 1482 1862 1541 tandos
1907 1482 2095 1541 modos
2136 1485 2517 1559 conquirenda
2564 1487 2822 1558 pecuniae,
2866 1489 3253 1547 sibi‘videntur

1673 1588 1794 1633 esse
1823 1574 2132 1646 sapiantes;
2158 1585 2212 1634 et
2232 1578 2322 1649 qui
2350 1578 2467 1635 haec
2506 1579 2684 1637 omnia
2709 1577 2979 1651 negligunt
3010 1582 3093 1635 vel
3120 1582 3251 1661 abit-

1673 1665 1840 1735 ciunt,
1869 1674 1924 1724 et
1950 1682 2171 1740 quaque
2188 1676 2315 1728 sunt
2332 1667 2637 1740 huiusmodi
2667 1666 2997 1740 temporalia,
3018 1678 3072 1727 et
3086 1679 3263 1735 totum,

1672 1757 1910 1816 studium
1934 1774 2090 1817 suum
2114 1759 2184 1817 ad
2212 1760 2669 1834 investigationem
2691 1760 2972 1821 conferunt
2998 1762 3254 1834 veritatis,

1673 1857 1733 1905 ut
1758 1848 2076 1921 semetipsos
2094 1849 2368 1923 Deumque
2384 1860 2725 1925 cognoscant,
2742 1868 2991 1923 magnum
3011 1852 3113 1910 hoc
3134 1868 3255 1911 esse

1672 1938 1946 2010 sapientiae
1973 1954 2169 1997 munus
2192 1940 2459 2013 iudicant;
2491 1949 2546 2001 et
2572 1941 2660 2015 qui
2695 1942 2819 1997 huic
2844 1943 2953 1999 otio
2980 1944 3253 2015 quaerendi

1670 2040 1726 2091 et
1752 2032 2143 2105 contemplandi
2172 2022 2282 2089 veri
2307 2032 2494 2090 nolunt
2517 2048 2576 2089 se
2603 2032 2823 2105 dedere,
2852 2033 2945 2091 sed
2978 2036 3151 2104 potius
3172 2036 3257 2093 la-

1671 2121 2049 2181 horiosissimis
2071 2123 2214 2181 curis
2233 2130 2287 2183 et
2311 2120 2499 2182 ofﬁciis
2522 2132 2706 2195 agunt,
2722 2132 2781 2179 ut
2803 2123 3105 2181 hominibus
3125 2141 3255 2183 con-

1671 2213 1866 2285 sulant,
1896 2221 1953 2273 et
1980 2214 2035 2271 in
2058 2228 2240 2275 rerum
2267 2212 2616 2271 humanarum
2632 2213 2776 2286 juste
2804 2214 3249 2275 moderandarum

1672 2313 1728 2361 et
1768 2303 2236 2378 gubernandarum
2284 2303 2496 2365 actione
2531 2314 2844 2371 versantur,
2889 2306 3159 2381 sapientes
3195 2322 3256 2364 se

1674 2409 1795 2453 esse
1832 2395 2185 2467 arbitrantur;
2227 2402 2283 2452 et
2316 2394 2408 2469 qui
2434 2404 2716 2467 utrumque
2759 2395 2951 2451 horum
2989 2406 3169 2468 agunt,
3198 2405 3255 2453 et

1671 2486 1868 2561 partim
1904 2486 2088 2545 vivunt
2108 2487 2162 2543 in
2199 2486 2649 2560 contemplatione
2682 2487 2948 2555 veritatis,
2974 2488 3168 2559 partim
3192 2488 3250 2545 in

1672 2576 1942 2641 laboribus
1961 2576 2234 2648 ofﬁciosis,
2258 2592 2395 2651 quos
2415 2575 2655 2633 humanae
2681 2577 2920 2634 societati
2946 2575 3128 2634 deberi
3155 2594 3254 2650 pu-

1675 2676 1809 2736 tant,
1839 2669 1939 2727 sibi
1981 2669 2210 2742 palmam
2243 2668 2518 2742 sapientiae
2560 2678 2740 2727 tenere
2774 2667 3038 2724 videntur.
3056 2666 3257 2726 Omitte

1670 2759 2088 2825 innumerabiles
2110 2769 2303 2829 sectas,
2329 2775 2552 2833 quarum
2589 2759 2730 2815 nulla
2769 2767 2853 2815 est
2879 2775 2997 2830 quae
3022 2775 3128 2816 non
3167 2774 3256 2817 se-

1676 2857 1908 2908 ctatores
1935 2864 2061 2908 suos
2088 2865 2407 2923 praeponens
2437 2850 2664 2915 caeteris,
2705 2863 2798 2905 eos
2819 2849 2964 2907 solos
2988 2850 3116 2906 velit
3139 2866 3258 2908 esse

1678 2942 1964 3014 sapientes.
1995 2943 2351 3011 Quamobrem
2376 2958 2496 2999 cum
2519 2940 2573 2997 id
2602 2958 2744 2998 nunc
2772 2951 2957 3013 agatur
2974 2942 3115 2998 inter
3133 2958 3252 3012 nos,

1678 3046 1863 3095 utnon
1889 3037 2014 3111 quid
2043 3037 2323 3094 credamus
2345 3035 2771 3108 respondendum
2799 3037 2888 3103 sit,
2906 3033 3003 3093 sed
3028 3036 3157 3107 quid
3176 3037 3257 3092 di-

1678 3125 1853 3183 lucida
1890 3126 2235 3201 intelligentia
2275 3136 2577 3195 teneamus,
2618 3125 2763 3181 nullo
2792 3125 2951 3185 modo
2977 3126 3045 3183 ad
3072 3127 3128 3182 id
3162 3128 3257 3188 tibi

1677 3215 1821 3288 quod
1850 3216 2188 3290 interrogasti
2214 3216 2541 3291 respondere
2578 3226 2785 3295 potero,
2816 3217 2919 3272 nisi
2953 3216 3096 3289 quod
3132 3232 3256 3273 creo

1678 3308 1854 3365 dendo
1873 3317 2048 3376 teneo,
2077 3308 2486 3379 contemplando
2513 3309 2670 3364 etiam
2696 3316 2750 3364 et
2768 3310 2972 3364 ratione
2990 3308 3258 3366 cernendo

1680 3401 1945 3469 noverim,
1975 3417 2094 3472 quae
2122 3402 2192 3456 sit
2212 3402 2325 3472 ipsa
2354 3400 2629 3470 sapientia.

1751 3488 1841 3545 26.
1870 3490 1936 3544 Α.
1962 3490 2102 3547 Num
2132 3490 2289 3545 aliam
2313 3497 2468 3561 putas
2496 3503 2615 3544 esse
2643 3488 2957 3560 sapientiam
2985 3489 3087 3545 nisi
3117 3490 3260 3547 veri.

1681 3590 1867 3649 tatem,
1897 3582 1950 3635 in
1981 3597 2084 3653 qua
2112 3581 2346 3636 cernitur
2383 3590 2436 3635 et
2478 3587 2689 3635 tenetur
2726 3593 2993 3635 summum
3029 3580 3260 3636 bonum!

1680 3672 1811 3728 Nam
1840 3673 1914 3729 illi
1935 3688 2121 3729 omnes
2137 3687 2270 3747 quos
2286 3671 2719 3729 commemorasti
2745 3672 2953 3726 diversa
2972 3680 3260 3741 sectantes,

1680 3765 1880 3822 bonum
1917 3773 2204 3836 appetunt,
2235 3772 2291 3821 et
2328 3764 2529 3819 malum
2570 3762 2810 3833 fugiunt;
2849 3762 2945 3818 sed
2982 3770 3263 3833 propterea

1681 3858 1891 3915 divorsa
1940 3866 2248 3925 sectantur,
2298 3855 2441 3929 quod
2480 3855 2620 3912 aliud
2648 3855 2737 3910 alii
2784 3854 2993 3910 videtur
3039 3855 3259 3913 bonum.

1680 3951 1931 4024 Quisquis
1978 3967 2107 4023 ergo
2143 3950 2346 4020 appetit
2390 3948 2531 4020 quod
2569 3948 2920 4019 appetendum
2962 3960 3071 4001 non
3118 3956 3256 4015 erat,

1680 4044 1889 4101 tametsi
1919 4043 1970 4098 id
2001 4058 2104 4097 non
2130 4049 2404 4112 appeteret
2428 4040 2527 4095 nisi
2554 4038 2605 4094 ei
2631 4037 2903 4094 videretur
2927 4038 3147 4104 bonum,
3168 4051 3258 4093 er-

1682 4144 1761 4191 rat
1790 4144 1984 4192 tamen.
2011 4133 2205 4189 Errare
2249 4138 2423 4185 autem
2456 4142 2629 4199 neque
2673 4127 2765 4183 ille
2805 4132 2981 4197 potest
3000 4126 3095 4198 qui
3128 4125 3260 4182 nihil

1681 4228 1897 4299 appetit,
1928 4232 2099 4299 neque
2136 4224 2224 4279 ille
2255 4223 2343 4295 qui
2382 4222 2485 4278 hoc
2517 4221 2717 4293 appetit
2746 4219 2889 4291 quod
2910 4217 3070 4275 debet
3099 4233 3261 4291 appo-

1683 4330 1816 4377 tere.
1858 4318 1917 4375 in
1957 4324 2213 4389 quantum
2254 4314 2415 4386 igitur
2464 4327 2650 4369 omnes
2710 4308 2957 4367 homines
3006 4316 3263 4382 appetunt

1684 4412 1855 4468 vitam
1892 4409 2125 4475 beatam,
2157 4420 2265 4463 non
2310 4413 2511 4462 errant.
2536 4401 2599 4460 in
2636 4410 2889 4474 quantum
2912 4408 3088 4457 autem
3115 4400 3259 4471 quis-

1683 4519 1789 4576 que
1815 4517 1920 4559 non
1947 4515 2064 4557 eam
2089 4507 2235 4556 tenet
2256 4503 2378 4554 vita:
2402 4498 2544 4554 viam
2577 4510 2697 4567 qua:
2718 4494 2866 4551 ducit
2887 4492 2954 4549 ad
2976 4491 3260 4552 beatitudi-

1688 4611 1835 4663 nem,
1867 4610 1985 4650 cum
2010 4609 2071 4649 se
2094 4592 2324 4648 fateatur
2342 4599 2393 4647 et
2414 4588 2727 4661 proﬁteatur
2744 4586 2888 4643 nolle
2913 4582 3016 4645 nisi
3132 4584 3263 4642 hel—

1688 4690 1968 4745 titudinem
1991 4686 2290 4760 pervenire,
2320 4684 2375 4739 in
2402 4691 2609 4738 tantum
2630 4688 2798 4737 errat.
2824 4678 2991 4735 Error
3015 4686 3099 4734 est
3114 4678 3261 4735 enim

1684 4799 1804 4840 cum
1834 4782 2103 4854 sequimur
2130 4777 2326 4850 aliquid
2353 4776 2494 4848 quod
2517 4788 2625 4831 non
2654 4772 2723 4829 ad
2748 4772 2803 4828 id
2828 4771 2973 4828 ducit
2988 4784 3100 4843 quo
3118 4770 3263 4827 volu-

1686 4889 1805 4931 mus
1844 4869 2139 4945 pervenire.
2168 4868 2236 4924 Et
2258 4875 2455 4939 quanto
2490 4864 2657 4936 magis
2683 4863 2739 4918 in
2762 4864 2848 4918 via
2878 4862 3002 4921 vita
3024 4861 3149 4932 quis
3166 4876 3261 4919 α’-

1686 4974 1790 5029 rat,
1816 4970 1965 5018 tanto
2001 4960 2177 5017 minus
2205 4958 2360 5029 sapit.
2390 4955 2561 5012 Tanto
2584 4955 2729 5012 enim
2755 4953 3206 5025 magisz
3225 4968 3263 5008 a

1685 5054 1928 5117 veritate,
1956 5052 2010 5107 in
2035 5066 2136 5125 qua
2178 5048 2412 5105 cernitur
2436 5055 2493 5104 et
2516 5054 2727 5103 tenetur
2750 5060 3019 5102 sumntum
3040 5045 3261 5102 bonum.

1684 5146 1907 5204 Summo
1928 5152 2109 5201 autem
2142 5143 2285 5199 bono
2302 5147 2548 5196 assecuto
2570 5149 2625 5195 et
2662 5138 2877 5210 adepto,
2904 5137 3090 5193 beatus
3118 5132 3265 5204 quis-

1687 5254 1789 5311 quc
1814 5237 1906 5305 tit;
1933 5236 2074 5308 quod
2114 5247 2304 5291 omnes
2343 5231 2462 5288 sine
2498 5229 2861 5287 contsoversia
2901 5228 3161 5282 volumus.
3190 5221 3266 5280 Ut

1687 5345 1815 5403 ergo
1856 5334 2065 5385 constat
2094 5339 2196 5381 nos
2228 5324 2416 5380 beatos
2454 5334 2576 5379 esse
2614 5320 2771 5386 vene,
2810 5320 2882 5374 ita
2919 5330 3017 5371 nos
3052 5319 3264 5403 constat

1687 5401 1825 5477 velle
1851 5432 1973 5475 esse
1998 5417 2297 5489 sapientes;
2325 5413 2450 5487 quia
2474 5426 2636 5471 nemo
2658 5413 2778 5468 sine
2792 5404 3051 5477 sapientia
3073 5401 3262 5459 beatus

1688 5521 1795 5569 est.
1821 5510 1992 5567 Nemo
2019 5508 2164 5565 enim
2194 5506 2384 5564 beatus
2409 5513 2523 5572 est,
2555 5500 2657 5560 nisi
2683 5508 2888 5558 summa
2918 5493 3083 5557 bona.
3118 5491 3263 5562 quod

2398 5737 2950 5835 autem
2960 5762 3263 5855 mi...

1693 5885 1836 5943 enim
1868 5882 2085 5951 scimus,
2114 5852 2463 5943 ﬁdenter-que,
2490 5876 2547 5928 et
2567 5866 2682 5927 sine
2708 5861 2816 5921 ulla
2832 5854 3161 5917 dumo
3174 5852 3261 5917 ιις
