3824 6296
609 512 781 569 cimus
799 508 985 563 beatos
1010 517 1110 560 nos
1138 516 1256 559 esse
1285 501 1421 558 velle
1453 519 1464 557 :
1493 501 1563 556 ita
1593 501 1753 556 etiam
1785 501 2092 572 priusquam
2116 514 2193 555 sa-

604 603 812 674 pientes
831 601 1019 666 simus,
1041 598 1316 669 sapientia:
1342 597 1613 654 notionem
1645 595 1701 650 in
1722 605 1900 651 mente
1937 595 2194 650 habemus

601 695 939 766 impressam,
973 708 1069 765 per
1093 706 1252 764 quam
1283 688 1647 761 unusquisque
1675 697 1919 744 nostrum
1944 688 1989 742 si
2027 689 2192 745 inter-

601 799 821 862 rogetur
840 787 1039 847 velitne
1058 802 1179 844 esse
1208 784 1443 854 sapiens,
1475 781 1590 836 sine
1621 781 1725 836 ulla
1769 779 1993 852 caligine
2033 779 2189 834 dubi-

603 883 816 940 tationis
841 897 900 935 se
927 877 1065 934 velle
1092 875 1401 948 respondet.

666 975 756 1029 27.
781 971 960 1040 Quare
997 971 1042 1026 si
1065 970 1176 1041 jam
1204 976 1411 1024 constat
1444 967 1583 1023 inter
1609 980 1706 1021 nos
1732 981 1851 1037 qua:
1872 966 1943 1020 sit
1969 965 2183 1035 sapien-

597 1069 692 1135 tia,
725 1082 884 1137 quam
906 1065 1134 1120 fortasse
1158 1062 1338 1119 verbis
1363 1060 1631 1130 explicare
1659 1074 1763 1114 non
1796 1067 2008 1128 poteras
2035 1055 2182 1128 (nam

590 1166 637 1221 si
657 1179 776 1220 eam
799 1161 942 1217 nullo
971 1159 1132 1215 modo
1162 1158 1342 1212 animo
1365 1170 1637 1223 cerneres,
1660 1153 1806 1210 nullo
1832 1152 1991 1210 modo
2017 1154 2183 1208 scires

590 1268 645 1314 et
672 1257 808 1313 velle
837 1265 888 1311 te
913 1269 1032 1310 esse
1053 1251 1346 1322 sapientem
1374 1257 1428 1304 et
1448 1248 1584 1303 velle
1610 1246 1828 1314 debere,
1844 1246 1984 1316 quod
2015 1256 2066 1302 te
2087 1262 2180 1302 ne-

589 1362 838 1424 gaturum
877 1327 998 1405 esse
1041 1361 1147 1402 non
1190 1343 1476 1411 arbitror),
1515 1342 1636 1398 volo
1671 1341 1782 1411 jam
1826 1339 1973 1396 dicas
2021 1339 2176 1407 mihi,

589 1456 768 1503 utrum
795 1443 956 1499 etiam
985 1437 1322 1508 sapientiam,
1341 1435 1476 1490 sicut
1495 1431 1701 1487 numeri
1728 1431 1985 1488 rationem
2016 1440 2178 1503 atque

584 1537 865 1594 veritatem
881 1529 1130 1588 omnibus
1149 1525 1585 1583 ratiocinantibus
1599 1539 1936 1581 communem
1963 1541 2021 1582 se
2041 1541 2177 1596 prae-

583 1629 714 1686 bere
736 1622 1041 1686 arbitreris;
1079 1635 1145 1674 an
1188 1617 1437 1690 quoniam
1479 1625 1556 1672 tot
1584 1623 1709 1670 sunt
1747 1625 1957 1671 mentes
2003 1615 2175 1670 homi-

585 1736 714 1777 num
749 1726 878 1790 quot
915 1714 1158 1770 homines
1195 1718 1340 1778 sunt,
1370 1708 1512 1765 unde
1539 1724 1638 1764 nec
1658 1723 1757 1779 ego
1782 1708 1849 1764 de
1876 1717 1963 1764 tua
1991 1716 2173 1764 mente

584 1812 783 1885 aliquid
807 1825 990 1876 cerno,
1023 1823 1120 1864 nec
1151 1815 1210 1860 tu
1243 1804 1312 1860 de
1349 1818 1490 1870 mea,
1521 1810 1599 1858 tot
1640 1801 1800 1857 etiam
1847 1810 2002 1871 putes
2051 1815 2171 1856 esse

503 1888 506 1892 ’
579 1907 889 1981 sapientias,
910 1910 1040 1974 quot
1083 1898 1352 1971 potuerint
1377 1912 1494 1953 esse
1520 1895 1808 1966 sapientes.
1837 1894 1905 1948 E.
1935 1894 1990 1950 Si
2019 1909 2168 1950 sum-

579 2017 726 2059 mum
753 2000 951 2054 bonum
983 1992 1233 2050 omnibus
1271 2006 1433 2046 unum
1459 1997 1561 2054 est,
1595 1996 1808 2059 oportet
1841 1988 2005 2044 etiam
2030 1987 2168 2043 veri-

577 2102 737 2149 tatem
780 2090 835 2144 in
875 2101 979 2158 qua
1011 2083 1246 2141 cernitur
1293 2089 1348 2138 et
1382 2088 1609 2147 tenetur,
1632 2078 1686 2134 id
1721 2087 1804 2134 est
1828 2079 2162 2148 sapientiam,

575 2183 823 2242 omnibus
864 2193 1023 2235 unam
1067 2191 1187 2231 esse
1225 2188 1585 2230 communem.
1614 2171 1679 2224 A.
1721 2169 1944 2226 Dubitas
1986 2179 2162 2227 autem

571 2290 838 2336 summum
864 2273 1063 2329 bonum
1084 2311 1100 2336 ,
1129 2265 1382 2340 quidquid
1412 2264 1545 2321 illud
1574 2274 1684 2333 est,
1708 2264 1958 2320 omnibus
1984 2263 2159 2319 homi-

570 2370 728 2428 nibus
758 2381 922 2423 unum
962 2361 1117 2419 esse?
1143 2358 1211 2412 E.
1244 2357 1437 2414 Dubito
1471 2371 1622 2424 sane,
1649 2357 1772 2428 quia
1801 2355 2042 2412 diversos
2075 2355 2160 2411 di-

567 2461 738 2520 versis
785 2457 951 2515 rebus
991 2452 1223 2525 gaudere
1257 2448 1414 2505 video
1446 2458 1694 2519 tanquam
1738 2447 1962 2502 summis
2004 2447 2160 2502 bonis

567 2556 701 2613 suis.
723 2552 790 2608 Α.
817 2549 1023 2606 Vellem
1049 2544 1287 2617 quidem,
1316 2550 1375 2598 ut
1403 2541 1472 2598 de
1503 2556 1712 2598 summo
1738 2542 1879 2596 bono
1907 2542 1976 2595 ita
1999 2556 2158 2596 nemo

506 2621 509 2623 ί
565 2645 854 2708 dubitaret,
895 2649 954 2695 ut
990 2653 1149 2694 nemo
1187 2636 1394 2692 dubitat
1432 2633 1686 2705 quidquid
1729 2632 1861 2688 illud
1899 2641 2000 2700 est,
2049 2646 2156 2688 non

563 2738 667 2796 nisi
692 2749 761 2793 eo
783 2732 975 2804 adepto
1001 2744 1161 2802 posse
1184 2728 1298 2784 fieri
1326 2725 1596 2782 hominem
1625 2725 1858 2780 beatum.
1889 2724 1994 2780 Sed
2024 2740 2156 2796 quo-

562 2831 706 2888 niam
743 2840 936 2898 magna
959 2821 1185 2895 quaestio
1218 2827 1320 2886 est,
1351 2827 1408 2874 et
1434 2820 1650 2890 longum
1679 2832 1982 2872 sermonem
2015 2815 2152 2874 forte

564 2921 855 2987 desiderat,
899 2926 1145 2990 putemus
1185 2914 1403 2970 omnino
1441 2920 1520 2968 tot
1562 2927 1769 2967 summa
1811 2910 1953 2965 bona
2007 2924 2146 2980 esse,

561 3026 690 3090 quot
715 3022 841 3072 sunt
868 3013 998 3084 ipsae
1030 3026 1118 3066 res
1147 3008 1372 3064 diversa:
1415 3022 1535 3077 quae
1570 3021 1599 3059 a
1639 3005 1866 3061 diversis
1899 3013 2148 3076 tanquam

557 3124 766 3168 summa
788 3108 930 3163 bona
955 3111 1277 3176 appetuntur
1302 3119 1314 3154 :
1349 3117 1476 3155 num
1511 3100 1632 3156 ideo
1665 3100 1924 3170 sequitur,
1949 3107 2007 3153 ut
2035 3098 2147 3168 ipsa

557 3200 817 3272 sapientia
845 3197 1008 3253 etiam
1039 3210 1146 3249 non
1171 3195 1242 3249 sit
1267 3207 1370 3247 una
1398 3192 1701 3247 communis
1727 3190 1994 3257 omnibus,
2024 3191 2146 3261 quia

555 3307 616 3349 ea
662 3291 833 3356 bona,
887 3301 1007 3357 quae
1041 3285 1095 3338 in
1136 3284 1224 3338 illa
1270 3291 1498 3338 cernunt
1535 3292 1590 3338 et
1631 3283 1833 3353 eligunt
1877 3281 2141 3347 homines,

556 3381 727 3437 multa
761 3388 816 3434 et
842 3377 1050 3432 diversa
1088 3373 1249 3430 sunt?
1277 3371 1332 3428 Si
1376 3374 1518 3429 enim
1558 3373 1661 3428 hoc
1702 3382 1884 3443 putas,
1912 3383 2063 3444 potes
2091 3384 2146 3430 et

557 3470 625 3526 de
656 3471 777 3526 luce
803 3468 932 3524 solis
962 3465 1206 3521 dubitare
1233 3464 1373 3536 quod
1401 3480 1503 3520 una
1527 3466 1616 3530 sit,
1646 3466 1767 3536 quia
1794 3466 1956 3521 multa
1983 3476 2037 3522 et
2063 3468 2145 3524 di-

557 3576 710 3618 versa
739 3567 883 3624 sunt,
907 3573 1024 3629 quae
1051 3557 1102 3610 in
1126 3571 1188 3612 ea
1213 3557 1496 3612 cernimus.
1520 3558 1597 3612 De
1620 3558 1810 3628 quibus
1836 3560 2014 3614 multis
2034 3561 2143 3616 ele-

551 3654 631 3727 git
657 3651 878 3724 quisque
921 3664 1018 3720 pro
1056 3649 1327 3704 voluntate
1369 3664 1474 3718 quo
1502 3647 1704 3704 fruatur
1742 3665 1837 3718 per
1867 3653 2138 3709 oculorum

553 3761 773 3803 sensum
795 3762 808 3798 :
831 3751 886 3800 et
908 3742 1044 3797 alius
1069 3741 1399 3796 altitudinem
1427 3743 1625 3797 montis
1658 3743 1878 3813 alicujus
1906 3745 2141 3802 intuetur

549 3840 800 3907 libenter,
828 3845 883 3893 et
902 3851 967 3892 eo
985 3834 1181 3907 gaudet
1207 3843 1421 3905 aspectu
1443 3851 1457 3900 ;
1489 3834 1627 3889 alius
1645 3836 1818 3906 campi
1841 3838 2134 3908 planitiem,

549 3934 688 3989 alius
729 3945 966 3987 convexa
1004 3928 1245 3995 vallium,
1288 3927 1424 3984 alius
1465 3943 1743 3983 nemorum
1790 3929 2134 4002 viriditatem,

547 4024 683 4080 alius
719 4021 970 4079 mobilem
1011 4020 1365 4091 mqualitatem
1400 4018 1583 4086 maris,
1624 4021 1762 4076 alius
1792 4021 1906 4077 haec
1935 4023 2133 4092 omnia,

548 4115 633 4173 vel
655 4114 898 4187 quaadam
920 4113 1111 4169 horum
1140 4110 1299 4167 simul
1328 4111 1546 4182 pulchra
1573 4113 1779 4186 confert
1801 4115 1866 4170 ad
1892 4117 2130 4174 laetitiam

545 4205 782 4274 videndi.
800 4205 950 4262 Sicut
976 4218 1105 4274 ergo
1134 4203 1232 4258 ista
1255 4203 1423 4258 multa
1448 4213 1503 4260 et
1526 4203 1736 4260 diversa
1759 4216 1902 4275 sunt,
1935 4225 2052 4280 quae
2077 4212 2132 4266 in

548 4298 668 4357 luce
697 4297 828 4354 solis
855 4297 1100 4352 homines
1120 4295 1298 4352 vident
1313 4305 1368 4353 et
1392 4296 1592 4368 eligunt
1616 4299 1684 4354 ad
1709 4299 2011 4369 fruendum,
2042 4304 2131 4360 lux

542 4403 724 4449 tamen
751 4393 864 4463 ipsa
896 4406 1002 4446 una
1029 4398 1131 4456 est,
1161 4390 1215 4445 in
1238 4405 1340 4461 qua
1365 4390 1511 4446 videt
1534 4399 1588 4447 et
1613 4401 1757 4448 tenet
1793 4409 1898 4464 quo
1927 4394 2132 4451 fruatur

545 4483 960 4555 uniuscujusque
983 4482 1240 4538 intuentis
1278 4491 1561 4554 aspectus:
1593 4482 1692 4550 ita,
1722 4484 1929 4540 etiamsi
1963 4487 2128 4543 multa

543 4583 668 4632 sunt
689 4576 828 4632 bona
852 4589 1021 4645 eaque
1041 4573 1271 4642 diversa,
1295 4589 1327 4630 e
1348 4575 1538 4645 quibus
1557 4575 1712 4646 eligat
1735 4576 1960 4648 quisque
1985 4579 2128 4650 quod

543 4668 705 4732 volet,
751 4667 913 4738 idque
946 4665 1176 4722 videndo
1211 4675 1267 4722 et
1300 4667 1529 4722 tenendo
1557 4667 1622 4722 ad
1651 4666 1933 4726 fruendum
1975 4687 2125 4728 sum-

544 4773 693 4813 mum
735 4757 835 4812 sibi
862 4758 1061 4813 bonum
1099 4765 1245 4813 recte
1283 4774 1511 4830 vereque
1539 4761 1855 4828 constituat;
1898 4762 2015 4819 fieri
2043 4773 2125 4821 ta-

542 4867 669 4909 men
695 4860 870 4922 potest
888 4859 948 4906 ut
966 4851 1054 4907 lux
1081 4851 1195 4922 ipsa
1216 4853 1510 4922 sapientiae,
1543 4853 1595 4908 in
1615 4870 1718 4924 qua
1739 4854 1856 4911 haac
1877 4856 2044 4914 videri
2072 4869 2126 4916 et

537 4946 708 5003 teneri
746 4955 984 5016 possunt,
1024 4947 1271 5002 omnibus
1299 4948 1626 5018 sapientibus
1655 4949 1725 5004 sit
1753 4966 1857 5005 una
1881 4966 2122 5010 commu-

537 5038 643 5095 nis.
673 5036 740 5092 Ε.
779 5036 970 5093 Fateor
1010 5037 1122 5093 fieri
1164 5053 1341 5108 posse,
1380 5054 1481 5096 nec
1522 5040 1783 5112 impedire
1820 5044 2037 5117 aliquid,
2067 5057 2126 5102 ut

541 5144 648 5188 non
686 5130 756 5184 sit
799 5129 1045 5186 omnibus
1092 5132 1391 5188 communis
1436 5148 1544 5188 una
1587 5136 1880 5207 sapientia,
1913 5140 2120 5196 etiamsi

537 5222 701 5279 multa
726 5231 781 5278 et
807 5221 1015 5279 diversa
1047 5223 1155 5278 sint
1187 5238 1395 5282 summa
1423 5224 1560 5283 bona
1589 5247 1603 5285 :
1631 5229 1725 5285 sed
1767 5232 1956 5288 vellem
1983 5233 2120 5290 scire

534 5329 600 5369 an
630 5315 704 5369 ita
748 5313 837 5370 sit.
879 5313 1031 5380 Quod
1066 5314 1208 5382 enim
1236 5317 1577 5375 concedimus
1609 5319 1724 5374 fieri
1771 5337 1927 5392 posse
1953 5331 2011 5379 ut
2045 5324 2117 5380 ita

537 5407 632 5474 sit,
671 5421 778 5463 non
813 5407 1068 5465 continuo
1109 5407 1182 5464 ita
1221 5424 1341 5465 esse
1379 5411 1737 5468 concedimus.
1766 5415 1828 5468 Α.
1852 5415 2117 5475 Tenemus

527 5499 755 5556 interim
800 5513 922 5556 esse
965 5500 1316 5572 sapientiam:
1359 5503 1453 5558 sed
1493 5514 1667 5560 utrum
1713 5507 1781 5561 sit
1819 5513 2116 5568 communis

535 5606 649 5646 una
703 5592 983 5662 omnibus,
1037 5609 1104 5650 an
1148 5595 1339 5667 singuli
1389 5598 1656 5668 sapientes
1697 5616 1818 5656 suas
1861 5604 2110 5678 habeant,

537 5681 700 5738 sicuti
727 5684 932 5741 animas
954 5685 1039 5743 vel
1061 5695 1269 5744 mentes
1289 5702 1430 5755 suas,
1465 5686 1565 5746 hoc
1588 5691 1822 5751 nondum
1850 5704 2109 5755 tenemus.

528 5769 596 5828 Ε.
628 5771 704 5831 lta
729 5784 831 5832 est.

1636 380 1722 441 DE
1763 383 2012 443 LIBERO
2051 375 2396 456 ARBITRIO,
2439 388 2496 446 S.
2538 392 2904 455 AUGUSTINI

3710 429 3787 488 1256

2301 498 2531 563 CAPUT
2559 507 2628 564 Χ.
2649 541 2722 570 -,—
2744 511 2860 569 Una
2886 525 2961 571 est
2986 519 3245 590 sapientia:
3272 524 3363 580 tua:
3381 529 3603 586 omm‘bus
3628 539 3787 607 sapienti.

2888 609 2977 664 bus
3013 617 3309 671 communis.

2368 689 2459 748 28.
2481 691 2545 747 Α.
2572 692 2750 761 Quid?
2775 695 2877 752 hoc
2891 699 3034 769 quod
3052 708 3294 761 tenemus
3313 710 3398 763 vel
3413 721 3530 766 esse
3548 717 3781 795 sapientiam,

2296 783 2380 839 vel
2407 784 2674 854 sapientes
2695 828 2710 854 ,
2759 797 2814 844 et
2848 789 3035 848 beatos
3062 808 3184 850 esse
3211 811 3402 855 omnes
3433 783 3658 862 homines
3683 783 3782 886 velle;

2211 885 2215 908 τ
2295 874 2385 931 ubi
2433 877 2712 935 videmus?
2754 880 2886 938 Nam
2928 883 3030 941 hoc
3076 894 3129 943 te
3166 889 3388 960 videre,
3431 905 3485 951 et
3523 913 3682 958 verum
3715 874 3782 970 esse

2293 969 2440 1024 nullo
2479 971 2641 1028 modo
2667 974 2849 1046 utique
2885 975 3262 1038 dubitaverim.
3289 984 3403 1043 Hoc
3427 1004 3550 1061 ergo
3573 1009 3713 1055 verum

2291 1058 2442 1115 vides
2467 1070 2530 1117 ut
2555 1063 2930 1134 cogitationem
2953 1079 3124 1140 tuam,
3167 1091 3325 1146 quam
3354 1079 3403 1134 si
3431 1058 3557 1140 mihi
3582 1102 3668 1144 non
3682 1058 3780 1151 enus

2291 1149 2392 1207 ties
2409 1191 2425 1219 ,
2465 1168 2566 1224 ego
2592 1171 2811 1226 prorsus
2838 1158 3061 1229 ignoro?
3084 1179 3153 1220 an
3179 1165 3251 1222 ita
3278 1179 3338 1224 ut
3362 1171 3616 1247 intelligas
3638 1190 3676 1236 et
3693 1200 3711 1237 a
3732 1149 3779 1244 ne

2287 1245 2456 1302 videri
2478 1264 2636 1320 posse
2652 1249 2754 1307 hoc
2773 1269 2978 1323 verum,
3003 1260 3212 1315 tametsi
3237 1262 3373 1320 mihi
3395 1267 3491 1325 abs
3519 1245 3567 1326 te
3588 1288 3674 1330 non
3691 1278 3776 1334 dica-

2286 1339 2408 1393 tur?
2430 1338 2498 1395 E.
2525 1339 2638 1398 Imo
2659 1344 2727 1398 ita
2754 1352 2811 1400 ut
2828 1347 2923 1402 abs
2949 1356 3001 1404 te
3029 1366 3263 1424 quoque,
3282 1357 3444 1414 etiam
3469 1377 3553 1418 me
3575 1364 3721 1438 invito,
3738 1377 3777 1429 ri-

2284 1428 2400 1485 deri
2427 1446 2584 1501 posse
2613 1450 2718 1490 non
2749 1435 3006 1495 dubitem.
3051 1443 3114 1496 Α.
3158 1443 3312 1513 Quod
3341 1465 3471 1522 ergo
3499 1471 3642 1514 unum
3665 1428 3778 1521 verum

2282 1523 2530 1582 videmus
2564 1529 2722 1584 ambo
2749 1530 2974 1624 singulis
3001 1537 3301 1606 mentibus,
3329 1557 3512 1602 nonne
3539 1552 3780 1624 ulriqtteno-

2279 1622 2450 1671 strum
2517 1633 2801 1678 commune
2845 1615 2963 1680 est?
3014 1625 3080 1680 E.
3127 1627 3566 1695 Manifestissime.
3613 1615 3666 1696 Ᾰ.
3699 1645 3779 1704 item

2280 1709 2440 1764 credo
2467 1719 2517 1766 te
2537 1727 2643 1768 non
2683 1730 2876 1786 negare
2895 1717 3215 1776 studendum
3243 1738 3366 1782 esse
3390 1729 3657 1803 sapientiae,
3679 1747 3782 1808 atque

2278 1796 2381 1853 hoc
2407 1815 2593 1856 verum
2638 1818 2756 1860 esse
2796 1807 3111 1864 concedere.
3145 1811 3212 1868 E.
3244 1796 3474 1875 Prorsus
3509 1835 3603 1877 non
3637 1796 3776 1885 dubito.

2274 1887 2339 1942 A.
2373 1890 2485 1946 Hoc
2523 1891 2650 1949 item
2681 1912 2895 1964 verum,
2923 1909 2977 1954 et
3001 1916 3163 1957 unum
3205 1919 3362 1974 esse,
3394 1919 3451 1964 et
3485 1915 3693 1972 omnibus
3724 1923 3780 1990 qui

2275 1976 2379 2036 hoc
2418 1983 2627 2052 sciunt,
2671 1985 2738 2042 ad
2768 1987 3053 2045 videndum
3099 2008 3218 2050 esse
3261 2011 3568 2069 commune,
3609 1976 3780 2078 quamiis

2273 2075 2636 2146 unusquisque
2663 2076 2715 2132 id
2744 2093 2844 2135 nec
2870 2097 2987 2137 mea
3003 2123 3019 2148 ,
3051 2099 3150 2140 nec
3177 2095 3266 2142 tua
3287 2130 3301 2155 ,
3332 2105 3434 2146 nec
3452 2075 3712 2167 cujusquam
3734 2102 3781 2155 al-

2273 2164 2458 2235 terius,
2488 2167 2584 2223 sed
2612 2168 2710 2226 Sua
2731 2181 2912 2228 mente
2937 2177 3261 2247 conspiciat,
3281 2196 3402 2238 cum
3423 2185 3475 2240 id
3495 2164 3620 2258 quod
3638 2196 3778 2265 conspi-

2270 2255 2438 2326 citur,
2489 2261 2738 2318 omnibus
2765 2267 3218 2337 conspicientibus
3261 2255 3602 2338 communiter
3637 2255 3778 2357 praesto

2266 2349 2371 2418 sit,
2418 2355 2675 2426 numquid
2725 2373 2923 2430 negare
2970 2365 3296 2433 poterimus?
3347 2370 3416 2426 E.
3466 2374 3609 2433 Nullo
3637 2349 3778 2438 “modo.

2266 2440 2332 2494 A.
2357 2440 2488 2498 Item
2509 2485 2524 2511 ,
2551 2446 2696 2517 juste
2738 2464 2859 2507 esse
2882 2452 3204 2526 videndum,
3244 2459 3499 2521 deteriora
3539 2471 3783 2531 melioribus

2265 2545 2386 2588 esse
2413 2535 2688 2594 subdenda
2713 2583 2732 2630 ,p
2758 2552 2812 2598 et
2835 2545 2981 2616 paria
3011 2549 3227 2617 paribus
3253 2559 3594 2626 comparanda,
3617 2573 3664 2619 et
3683 2581 3787 2635 pro-

2265 2625 2378 2693 pria
2403 2628 2515 2683 suis
2545 2627 2844 2706 quibusque
2884 2638 3164 2696 tribuenda
3183 2685 3198 2710 ,
3247 2661 3416 2703 nonne
3443 2625 3663 2710 fateberis
3683 2625 3788 2718 esse

2261 2719 2600 2776 verissimum
2622 2763 2636 2788 ,
2664 2733 2720 2780 et
2750 2733 2856 2780 tam
2885 2729 3013 2784 mihi
3042 2748 3202 2801 quam
3224 2736 3315 2792 tibi
3340 2748 3490 2811 atque
3513 2745 3726 2802 omnibus
3749 2749 3783 2806 id

2258 2809 2562 2869 videntibus
2585 2848 2588 2850 η
2609 2824 2809 2884 przesto
2843 2834 2963 2876 esse
3003 2809 3510 2887 comrnuniteriiE.
3537 2839 3776 2896 Assentior.

2257 2901 2322 2956 Α.
2372 2902 2510 2971 Quid
2549 2905 2916 2978 incorruptum
2965 2913 3159 2970 melius
3200 2933 3320 2975 esse
3365 2934 3626 3002 corrupto,
3661 2941 3778 2992 ειετ.

2255 3011 2385 3052 num
2414 3001 2730 3070 temporali,
2759 3004 3064 3063 inviolabile
3090 3009 3360 3087 violabili,
3389 3001 3581 3092 poteris
3599 3033 3777 3098 negare?

2253 3089 2324 3144 E.
2362 3090 2494 3159 Quis
2537 3095 2838 3193 potest?
2869 3098 2984 3156 Hoc
3028 3116 3157 3174 ergo
3201 3089 3583 3186 verum—potest
3611 3089 3777 3193 quisque

2253 3198 2408 3239 suum
2437 3187 2712 3257 proprium
2756 3189 2936 3248 dicere
2957 3235 2973 3263 ,
3000 3208 3123 3251 cum
3150 3187 3647 3271 Jncommumbiliter
3677 3187 3775 3270 con-

2251 3278 2617 3348 templandum
2649 3281 2788 3337 adsit
2829 3285 3076 3344 omnibus
3101 3293 3195 3363 qui
3224 3295 3326 3353 hoc
3363 3304 3675 3373 contemplari
3708 3323 3774 3360 ta-

2248 3368 2397 3426 lent?
2418 3369 2483 3424 E.
2511 3371 2697 3431 Nullus
2724 3374 2828 3433 hoc
2848 3394 2971 3435 vere
2994 3380 3189 3442 dixerit
3213 3399 3369 3445 suum
3391 3409 3508 3450 esse
3528 3368 3770 3469 proprium.

2248 3476 2370 3518 cum
2416 3470 2524 3519 tam
2553 3466 2624 3521 sit
2669 3482 2836 3523 unum
2876 3478 3038 3542 atque
3083 3479 3333 3536 omnibus
3358 3466 3626 3543 commune
3654 3506 3773 3558 quam

2248 3568 2434 3610 verum
2463 3564 2566 3612 est.
2617 3557 2680 3612 Α.
2729 3559 2859 3616 ltern
2903 3576 2934 3615 a
2980 3570 3329 3639 corruptione
3354 3577 3664 3632 avertendum
3688 3581 3787 3631 διιᾶσι

2246 3663 2415 3714 mum,
2441 3658 2599 3719 atque
2614 3651 2681 3706 ad
2706 3651 3157 3727 incorruptionem
3178 3668 3582 3725 convertendnm
3599 3685 3713 3733 esse,
3736 3671 3776 3724 id

2244 3748 2328 3794 est
2349 3755 2455 3794 non
2473 3744 2894 3814 corruptionem,
2923 3749 3016 3804 sed
3043 3750 3490 3826 incorruptionem
3509 3760 3775 3833 diligendum

2246 3844 2368 3886 esse
2396 3832 2515 3902 quis
2552 3835 2748 3904 negat?
2789 3837 2895 3892 Aut
2918 3840 3039 3910 quis
3062 3857 3183 3898 cum
3212 3861 3397 3904 verum
3421 3866 3531 3907 esse
3553 3832 3774 3921 fateattu,

2245 3936 2352 3977 non
2383 3924 2542 3978 etiam
2573 3925 3008 3987 incommutabile
3044 3932 3339 4008 intelligat,
3388 3950 3528 4012 atque
3566 3944 3776 3999 omnibus

2243 4013 2512 4070 mentibus
2537 4015 2593 4071 id
2631 4018 2931 4076 valentibus
2957 4022 3190 4093 intueri,
3237 4033 3564 4087 communiter
3597 4044 3787 4102 prarsto,

2239 4121 2362 4162 esse
2387 4108 2595 4164 videat?
2619 4109 2686 4166 E.
2715 4112 3065 4171 Verissimum
3090 4128 3194 4174 est.
3226 4120 3294 4175 Α.
3319 4122 3476 4190 Quid!
3501 4139 3609 4180 eam
3630 4125 3787 4204 vitam1

2239 4215 2361 4270 quae
2385 4201 2542 4260 nullis
2568 4203 2978 4263 adversitatibus
2997 4208 3065 4265 de
3087 4219 3233 4268 certa
3260 4223 3315 4270 et
3353 4214 3559 4271 honesta
3591 4201 3787 4290 sanan-ﬁ

2239 4294 2311 4348 tia
2337 4295 2667 4364 demovetur,
2694 4300 2956 4357 dubitabit
2981 4304 3174 4374 aliquis
3193 4321 3316 4363 esse
3346 4309 3619 4376 meliorem,
3643 4301 3787 4379 quam?

2238 4401 2357 4443 eam
2403 4403 2522 4460 qua:
2565 4390 2718 4447 facile
2762 4393 3115 4451 incommodis
3145 4401 3517 4470 temporalibus
3556 4395 3787 4473 frangitan

2235 4487 2396 4552 atque
2421 4483 2774 4538 subvertitur?
2800 4485 2865 4539 E.
2895 4485 3026 4554 Quis
3044 4488 3397 4549 dubitaverit?

2234 4582 2246 4613 ι’
2307 4575 2400 4631 29.
2426 4576 2487 4629 Α.
2520 4576 2635 4632 Jam
2677 4576 2979 4648 hujusmodi
3019 4583 3170 4653 plura
3219 4601 3329 4641 non
3379 4603 3602 4659 quaram
3632 4604 3644 4640 :
3670 4575 3787 4659 εθιὶεῖ

2237 4667 2378 4720 enim
2409 4675 2491 4720 est
2517 4667 2657 4737 quod
2687 4668 2815 4724 istas
2842 4679 3089 4741 tanquam
3120 4676 3360 4745 regulas,
3391 4689 3444 4733 et
3465 4677 3684 4749 quadam
3704 4677 3771 4729 lu-

2233 4756 2377 4811 mina
2408 4757 2657 4812 virtutum
2681 4802 2695 4827 ,
2744 4769 2800 4815 et
2832 4776 2956 4816 vera
2994 4773 3049 4818 et
3087 4764 3564 4836 incommutabilia,
3592 4777 3641 4824 et
3679 4767 3768 4822 sive

2233 4849 2436 4919 singula
2457 4849 2568 4904 sive
2587 4850 2764 4904 omnia
2785 4854 3139 4911 communiter
3161 4857 3350 4915 adesse
3367 4859 3432 4915 ad
3454 4861 3770 4929 contemplan-

2233 4939 2357 4993 dum
2384 4940 2462 4995 eis
2487 4941 2577 5010 qui
2608 4940 2724 4996 haac
2749 4943 2926 4999 valent
2954 4949 3048 5000 sua
3071 4947 3296 5019 quisque
3322 4953 3523 5006 ratione
3545 4967 3605 5007 ac
3623 4958 3764 5006 mente

2229 5033 2552 5102 conspicere,
2584 5032 2782 5103 pariter
2799 5051 3010 5092 mecum
3031 5039 3181 5096 vides
3208 5043 3654 5114 oertissimumque
3673 5055 3766 5095 esse

2229 5123 2496 5180 concedis.
2527 5123 2633 5181 Sed
2681 5139 2811 5182 sane
2838 5143 3020 5198 quaero
3048 5139 3224 5218 utrum
3269 5134 3382 5190 haec
3409 5135 3499 5190 tibi
3528 5133 3762 5190 videantur

2227 5217 2294 5274 ad
2320 5219 2631 5288 sapientiam
2661 5194 2946 5291 pertinere.
2991 5222 3123 5280 Nam
3171 5195 3333 5283 credo
3357 5227 3518 5284 videri
3557 5226 3642 5281 tibi
3665 5194 3788 5315 αιδῖ

2225 5312 2314 5382 qui
2341 5311 2653 5382 sapientiam
2683 5325 2959 5371 assecutus
2985 5326 3067 5373 est
3085 5360 3100 5386 ,
3133 5333 3252 5375 esse
3275 5321 3579 5392 sapientem.
3605 5317 3665 5372 Ε.
3689 5311 3788 5411 l'i-J

2224 5403 2380 5459 detur
2403 5405 2640 5460 omnino.
2676 5407 2739 5459 Α.
2764 5406 2942 5474 Quid?
2966 5408 3057 5464 ille
3079 5411 3168 5480 qui
3198 5411 3524 5482 justevvivit,
3547 5417 3756 5484 posse”:

2224 5495 2297 5550 ita
2327 5497 2505 5551 vivere
2523 5537 2538 5564 ,
2568 5496 2668 5551 nisi
2698 5497 2904 5556 videret
2924 5515 3042 5572 quae
3067 5502 3316 5560 inferiora
3349 5505 3536 5576 quibus
3570 5497 3750 5574 potiori-

2220 5587 2320 5643 bus
2347 5587 2577 5657 subdat,
2605 5599 2659 5644 et
2701 5606 2820 5661 quae
2848 5593 2994 5662 paria
3038 5593 3249 5652 sibimet
3295 5599 3532 5668 copulet,
3573 5603 3626 5650 et
3659 5600 3752 5660 qu

2222 5683 2435 5752 propria
2479 5682 2588 5737 suis
2635 5684 2932 5755 quibusque
2980 5685 3292 5744 distribuat?
3335 5689 3397 5744 E.
3437 5687 3556 5743 Non
3583 5685 3742 5755 posset

2222 5773 2287 5826 Α.
2315 5772 2415 5839 Qui
2439 5787 2566 5843 ergo
2592 5773 2708 5829 haec
2742 5775 2918 5844 videt,
2960 5793 3083 5832 num
3124 5793 3245 5834 cum
3283 5773 3746 5868 negabissap'ellfl'

2217 5865 2435 5922 videre?
2463 5863 2530 5920 Ε.
2559 5864 2676 5924 Non
2699 5882 2854 5938 nego.
2881 5867 2944 5926 Δ.
2966 5869 3136 5939 Quid?
3157 5871 3250 5932 ille
3271 5871 3360 5943 qui
3381 5867 3661 5945 pnde
3681 5863 3744 5914 τὶ·
