3824 6296
132 561 195 619 vit
212 603 228 631 ,
251 576 436 622 nonne
459 561 612 636 eligit
635 554 1088 630 incorruptionem
1107 597 1124 623 ,
1155 563 1212 612 et
1237 567 1357 611 eam
1378 555 1713 624 corruptioni

131 655 530 727 praeponendam
545 669 667 712 esse
680 649 944 710 decernit?
961 649 1029 705 Ε.
1045 646 1488 705 Manifestissime.
1502 647 1564 700 A.
1579 644 1712 703 Cum

130 763 245 822 ergo
264 749 314 807 id
344 750 496 822 eligit
519 763 626 823 quo
651 744 1177 805 eonvertatanimum
1195 785 1211 809 ,
1244 740 1385 814 quod
1409 739 1712 812 eligendum

131 859 238 901 esse
263 859 425 902 nemo
451 843 704 915 ambigit,
746 855 873 897 num
900 838 1082 912 negari
1106 845 1285 909 potest
1313 835 1584 907 sapienter
1619 835 1714 891 eli-

131 941 282 1012 gere?
327 937 390 994 E.
423 937 584 996 Nullo
617 935 778 993 modo
803 933 1127 1006 negaverim.
1158 931 1224 985 Α.
1263 929 1399 986 Cum
1420 943 1547 1000 ergo
1570 927 1637 984 ad
1660 927 1713 984 id

131 1031 259 1105 quod
285 1030 555 1102 sapienter
573 1029 724 1101 eligit
742 1025 1007 1083 convertit
1029 1025 1288 1089 animum,
1315 1021 1586 1093 sapienter
1611 1018 1715 1075 uti-

138 1140 234 1197 que
259 1124 538 1180 convertit.
571 1121 637 1179 E.
667 1118 1038 1177 Certissimum
1061 1127 1163 1174 est.
1191 1117 1256 1171 Α.
1289 1115 1360 1172 Et
1395 1113 1487 1187 qui
1533 1112 1603 1170 ab
1647 1127 1714 1170 eo

133 1215 263 1289 quod
289 1216 563 1288 sapienter
597 1213 783 1284 eligit,
814 1222 870 1269 et
897 1226 1006 1284 quo
1029 1226 1090 1266 se
1117 1209 1389 1280 sapienter
1409 1205 1710 1272 convertit,

132 1309 276 1365 nullis
303 1307 596 1365 terroribus
634 1305 914 1378 pinnisque
955 1302 1271 1375 depellitur,
1303 1298 1571 1371 sapienter
1598 1298 1714 1354 sine

135 1401 282 1458 dubio
325 1399 466 1457 facit.
511 1398 580 1454 Ε.
621 1398 848 1454 Prorsus
873 1397 990 1454 sine
1017 1394 1200 1451 dubio.
1231 1392 1298 1448 A.
1342 1389 1713 1449 Manifestissi-

139 1510 269 1550 mum
313 1503 398 1550 est
441 1492 600 1565 igitur
627 1506 815 1548 omnes
843 1490 970 1558 has,
999 1504 1130 1561 quas
1159 1487 1369 1559 regulas
1407 1485 1638 1541 diximus
1659 1493 1716 1541 et

138 1585 324 1640 lumina
379 1585 674 1651 virtutum,
717 1581 786 1638 ad
840 1582 1158 1654 sapientiam
1208 1579 1477 1651 pertinere
1509 1595 1523 1632 :
1555 1593 1695 1651 quan

135 1675 402 1747 doquidem
432 1685 632 1749 quanto
672 1675 843 1746 magis
887 1673 1113 1745 quisque
1148 1671 1217 1728 ad
1262 1670 1521 1742 agendam
1550 1670 1713 1726 vitam

129 1770 202 1826 eis
227 1770 416 1836 utitur,
439 1777 498 1825 et
523 1766 817 1826 secundum
846 1765 961 1822 haec
987 1765 1098 1837 agit
1124 1765 1286 1822 vitam
1313 1807 1328 1833 ,
1372 1772 1519 1820 tanto
1544 1764 1714 1836 magis

127 1862 253 1917 vivit
282 1861 511 1932 facitque
538 1860 840 1932 sapienter;
864 1875 1026 1915 omne
1063 1866 1241 1915 autem
1276 1857 1419 1929 quod
1443 1858 1714 1930 sapienter

128 1955 182 2010 iit
200 1997 216 2022 ,
245 1969 348 2010 non
375 1963 549 2025 potest
573 1960 717 2008 recte
740 1951 847 2008 dici
884 1966 916 2006 a
937 1949 1204 2022 sapientia
1227 1963 1348 2006 esse
1381 1958 1708 2021 separatum.

127 2047 191 2102 Ε.
222 2047 444 2104 Omnino
471 2047 544 2102 ita
572 2054 674 2102 est.
704 2045 770 2101 Α.
792 2044 964 2112 Quam
992 2058 1123 2115 ergo
1148 2058 1291 2100 verte
1317 2053 1478 2115 atque
1508 2042 1712 2098 incom-

127 2139 398 2195 mutabiles
416 2147 542 2194 sunt
565 2136 765 2209 regula:
785 2150 1131 2193 numerorum
1148 2177 1164 2204 ,
1195 2150 1421 2208 quorum
1444 2134 1708 2191 rationem

126 2241 278 2302 atque
307 2231 581 2286 veritatem
611 2228 1118 2286 incommutabiliter
1154 2238 1314 2300 atque
1355 2229 1713 2285 communiter

127 2326 364 2381 otnnibus
391 2339 513 2382 eam
556 2323 933 2390 cernentibus,
962 2331 1162 2395 prmsto
1202 2337 1324 2378 esse
1353 2321 1570 2386 dixisti;
1601 2331 1710 2378 tam

127 2429 247 2474 sunt
272 2434 410 2474 verae
436 2427 596 2490 atque
642 2413 1108 2490 inconnhutabiles
1148 2416 1346 2489 regulae
1392 2417 1671 2489 sapientia:
1692 2460 1708 2486 ,

127 2511 198 2564 de
208 2510 388 2582 quibus
414 2510 602 2581 paucis
622 2524 766 2566 nunc
785 2509 1093 2582 singillatim
1115 2509 1473 2582 interrogatus
1490 2527 1712 2583 respon-

128 2602 247 2658 disti
291 2617 406 2658 esse
437 2616 595 2658 veras
630 2612 792 2673 atque
837 2600 1180 2670 manifestas,
1225 2617 1424 2674 easque
1464 2603 1712 2660 omnibus

129 2695 216 2765 qui
232 2694 340 2751 hmo
365 2694 560 2751 intueri
583 2695 780 2763 valent,
805 2708 1120 2753 communes
1143 2692 1212 2751 ad
1239 2694 1708 2767 contemplandum

129 2784 309 2844 adesse
328 2785 596 2844 concedis.

221 2941 435 3000 CAPUT
464 2941 642 2998 XL—
659 2939 924 3011 Sapientia
946 2950 994 2995 et
1009 2955 1244 2996 numerus
1263 2957 1331 2996 an
1354 2941 1517 3012 idem,
1547 2958 1616 2997 an

367 3033 585 3090 alterum
611 3032 674 3088 ab
702 3031 862 3088 altera
887 3031 964 3088 vel
987 3032 1042 3087 in
1069 3032 1458 3094 altero.e:ct'stat.

206 3170 289 3227 30.
313 3168 376 3226 Ε.
403 3169 656 3226 Dubitare
697 3184 806 3226 non
834 3183 1072 3241 possum.
1111 3167 1216 3225 Sed
1255 3168 1545 3240 pervellem
1572 3171 1711 3228 scire

129 3271 306 3318 utrum
330 3277 436 3320 uno
459 3262 638 3334 aliquo
665 3277 862 3333 genere
889 3261 1265 3316 contineantur
1309 3259 1426 3317 ιιωο
1449 3260 1590 3330 duo,
1619 3277 1711 3318 sa-

131 3355 326 3426 pientia
369 3355 574 3414 scilicet
610 3362 666 3411 et
691 3370 976 3420 numerus,
1011 3353 1135 3426 quia
1162 3353 1443 3426 conjuncta
1467 3356 1630 3412 etiam
1655 3356 1712 3412 in

131 3445 414 3519 Scriptnris
441 3447 640 3503 sanctis
669 3445 784 3502 haec
811 3445 982 3517 posita
1010 3459 1133 3502 esse
1153 3447 1615 3515 commemorasti;
1643 3461 1712 3504 an

131 3537 347 3595 alterum
369 3539 564 3596 existat
591 3537 658 3594 ab
683 3537 879 3602 altero,
907 3545 1000 3592 aut
1039 3535 1266 3592 alterum
1309 3535 1362 3591 in
1386 3536 1554 3593 altero
1579 3553 1711 3595 con-

134 3633 317 3700 sistat,
359 3633 522 3690 veluti
550 3646 807 3689 numerus
845 3646 877 3686 a
911 3629 1203 3701 sapientia,
1236 3631 1320 3686 vel
1345 3630 1399 3686 in
1427 3631 1710 3703 sapientia.

131 3723 265 3782 Nam
289 3725 598 3798 sapientiam
625 3725 854 3780 existere
879 3739 910 3780 a
937 3738 1190 3790 numero,
1216 3732 1308 3779 aut
1341 3725 1636 3784 consistere
1657 3727 1714 3784 in

129 3835 381 3889 numero,
410 3837 518 3878 non
543 3819 717 3876 ausim
741 3818 920 3876 dicere
949 3837 962 3873 :
1001 3819 1182 3876 nescio
1220 3819 1366 3875 enim
1406 3821 1676 3893 quomodo
1694 3864 1711 3893 ,

128 3912 254 3983 quia
279 3914 470 3972 multos
490 3911 616 3968 novi
639 3911 973 3967 numerarios
1012 3920 1104 3966 aut
1132 3920 1532 3981 numeratores,
1559 3913 1642 3969 vel
1668 3913 1716 3969 si

129 4019 240 4074 quo
268 4006 368 4063 alio
389 4005 606 4063 nomine
628 4001 850 4060 vocandi
879 4009 1032 4070 sunt,
1067 4003 1158 4074 qui
1198 4016 1408 4060 summe
1430 4012 1589 4074 atque
1616 4003 1718 4058 mi-

125 4093 367 4152 rabiliter
391 4103 705 4166 computant
723 4132 741 4162 ,
770 4093 1042 4165 sapientes
1069 4101 1249 4148 autem
1278 4107 1594 4164 perpaucos,
1624 4102 1719 4150 aut

123 4184 352 4246 forsitan
377 4188 648 4245 neminem
667 4221 686 4256 ,
711 4181 870 4257 longe
919 4185 1274 4242 venerabilior
1311 4185 1444 4242 mihi
1485 4189 1718 4244 occurrit

121 4277 385 4348 sapientia
408 4293 568 4350 quam
589 4291 860 4333 numerus.
882 4276 947 4331 Α.
977 4277 1108 4332 Rem
1129 4275 1262 4331 dicis
1279 4292 1438 4348 quam
1461 4293 1562 4350 ego
1585 4293 1717 4350 quo-

118 4384 235 4439 que
258 4371 436 4427 mirari
469 4369 639 4427 soleo.
679 4366 812 4425 Nam
849 4383 971 4425 cum
1002 4368 1486 4426 incommutabilem
1517 4370 1714 4426 verita-

119 4469 240 4515 tem
268 4476 610 4520 numerorum
633 4474 845 4518 mecum
867 4459 981 4530 ipse
1002 4457 1284 4516 mnsldero
1302 4501 1318 4526 ,
1346 4468 1400 4516 et
1424 4461 1542 4531 ejus
1564 4475 1714 4532 quast

117 4548 306 4608 cubile
349 4568 413 4608 ac
443 4550 714 4624 penetrale
741 4549 826 4607 vel
865 4550 1135 4621 regionem
1179 4549 1494 4621 quamdam,
1539 4551 1621 4607 vel
1667 4559 1716 4608 st

118 4641 272 4710 quod
320 4641 461 4699 aliud
489 4656 686 4699 nomen
709 4651 892 4714 aptum
919 4641 1150 4697 inveniri
1175 4649 1378 4712 potest,
1407 4657 1515 4712 quo
1542 4656 1713 4698 nomi-

114 4749 322 4793 nemus
347 4737 498 4808 quasi
537 4736 896 4794 habitaculum
919 4734 1185 4808 quoddam
1211 4735 1500 4807 sedemque
1529 4753 1714 4794 nume-

112 4840 350 4895 mum;
378 4829 535 4901 longe
558 4843 839 4886 removeor
865 4843 897 4884 a
925 4842 1150 4901 corpore
1181 4845 1196 4882 :
1224 4836 1278 4884 et
1300 4827 1578 4885 inveniens
1599 4828 1711 4886 for-

113 4927 280 4976 tasse
321 4922 520 4996 aliquid
543 4921 689 4995 quod
727 4922 963 4994 cogitare
1002 4921 1202 4994 possim
1223 4963 1240 4990 ,
1273 4936 1378 4977 non
1410 4931 1586 4978 tamen
1615 4924 1715 4979 ali-

111 5008 262 5082 quid
290 5011 565 5072 inveniens
598 5012 742 5085 quod
766 5011 944 5068 verbis
968 5010 1208 5083 proferre
1225 5010 1487 5068 sufﬁciam
1507 5054 1523 5081 ,
1550 5013 1714 5070 redeo

109 5113 378 5174 tanquam
405 5106 632 5164 lassatus
659 5105 714 5161 in
745 5104 860 5162 haec
883 5115 1097 5170 nostra,
1141 5114 1200 5162 ut
1224 5104 1367 5176 loqui
1393 5105 1627 5177 possim,
1659 5115 1716 5163 et

112 5210 189 5251 ea
219 5209 338 5266 quae
359 5208 486 5257 ante
519 5199 704 5255 oculos
731 5197 831 5253 sita
871 5205 997 5252 sunt
1024 5197 1176 5264 dico,
1207 5195 1344 5252 sicut
1383 5195 1487 5253 dici
1516 5198 1710 5255 solent.

107 5286 250 5343 Hoc
274 5292 399 5350 mihi
423 5291 620 5350 accidit
645 5291 808 5348 etiam
834 5304 956 5346 cum
981 5289 1050 5347 de
1065 5289 1324 5362 sapientia
1347 5302 1603 5363 quantum
1621 5307 1714 5349 va-

106 5381 251 5448 leo,
279 5385 678 5459 vigilantissime
706 5392 864 5456 atque
893 5383 1248 5440 intentissime
1269 5385 1465 5457 cogito.
1497 5385 1568 5442 Et
1591 5401 1714 5457 pro-

102 5482 313 5544 Plel'ea
334 5479 556 5536 multum
596 5477 782 5543 miror,
813 5490 937 5532 cum
981 5475 1098 5532 haec
1120 5474 1228 5532 duo
1249 5476 1358 5532 sint
1381 5477 1434 5532 iu
1468 5479 1715 5537 secretis-

102 5562 264 5619 sima
287 5567 695 5640 certissimaque
720 5566 946 5624 veritate
965 5605 980 5632 ,
1024 5565 1312 5624 accedente
1348 5566 1510 5624 etiam
1558 5568 1712 5625 testi-

93 5654 312 5716 monio
352 5662 749 5733 Scripturarum
769 5701 786 5728 ,
832 5674 940 5732 quo
981 5659 1394 5716 commemoravi
1431 5657 1714 5729 conjuncta

90 5745 199 5800 ma
231 5756 456 5822 Posita;
491 5752 774 5825 plurimum
804 5751 1004 5821 miror,
1057 5760 1116 5807 ut
1155 5750 1295 5818 dixi,
1324 5765 1490 5821 quare
1528 5766 1715 5808 nume-

76 5851 190 5892 m9
226 5844 370 5906 Vilis
401 5847 474 5903 sit
515 5843 840 5902 multitudini
881 5842 1192 5910 hominum,
1224 5852 1278 5898 et
1304 5841 1464 5898 chara
1503 5843 1716 5915 sapien-

1433 435 1637 494 LIBER
1675 422 2052 496 stcunnus.

3272 445 3410 514 1258

1819 551 2048 624 demque
2062 566 2151 610 res
2169 562 2251 611 est
2270 571 2285 624 ;
2314 566 2681 615 verumtamen
2702 558 2954 631 quoniam
2981 565 3326 625 nihilominus
3351 570 3407 628 in

1818 644 2012 701 divinis
2035 643 2208 702 Libris
2233 647 2301 704 de
2329 651 2586 721 sapientia
2611 652 2826 722 dicitur,
2854 654 2997 726 quod
3017 658 3217 730 attingit
3237 648 3277 713 ἀ
3303 664 3406 730 ﬁn;

1818 752 1978 807 usque
2029 737 2096 791 ad
2141 739 2292 808 ﬁnem
2334 744 2563 814 fortiter,
2617 755 2662 798 et
2705 743 2929 817 disponit
2977 749 3148 804 omnia
3194 751 3413 806 suaviter

1821 828 1980 900 (Sap.
2008 845 2123 896 vut,
2150 830 2226 902 l),
2249 846 2313 888 ea
2351 836 2586 904 potentia
2617 851 2719 907 qua
2745 837 2943 908 fortiter
2960 856 2992 893 a
3017 841 3121 910 [ine
3148 857 3306 914 usque
3344 845 3412 897 ad

1819 923 1972 992 ﬁnem
1996 924 2228 996 attingit,
2261 941 2514 983 numerus
2537 928 2762 986 fortasse
2805 930 3033 988 dicitur:
3065 949 3128 989 ea
3156 949 3284 990 vero
3305 951 3411 1007 qua

1820 1015 2042 1086 disponit
2066 1019 2240 1072 omnia
2277 1021 2525 1088 suaviter,
2558 1023 2818 1092 sapientia
2856 1027 3072 1096 proprie
3110 1028 3220 1099 jam
3253 1045 3412 1086 voca-

1819 1118 1937 1177 tur;
1969 1126 2091 1168 cum
2121 1111 2192 1168 sit
2217 1119 2504 1183 utrumque
2527 1115 2686 1170 unius
2705 1115 3055 1188 ejusdemque
3079 1122 3375 1188 sapientiae.

1889 1200 1979 1258 3i.
2008 1201 2115 1260 Sed
2142 1202 2270 1275 quia
2296 1201 2443 1260 dedit
2489 1220 2738 1262 numeros
2762 1208 3009 1264 omnibus
3050 1210 3211 1266 rebus
3249 1214 3410 1270 etiam

1818 1293 2047 1363 infimis,
2089 1303 2146 1351 et
2168 1295 2223 1350 in
2273 1297 2379 1354 fine
2421 1311 2602 1352 rerum
2647 1297 2871 1365 locatis;
2901 1308 2958 1356 et
3001 1315 3224 1372 corpora
3267 1305 3412 1361 enim

1817 1387 1999 1444 omnia
2026 1389 2272 1460 quamvis
2295 1389 2349 1446 in
2379 1389 2540 1446 rebus
2567 1399 2808 1446 extrema
2829 1393 2969 1461 sint,
3000 1392 3199 1450 habent
3223 1411 3413 1453 nume-

1817 1493 1908 1535 ros
1932 1494 2091 1545 suus;
2123 1495 2313 1551 sapere
2355 1489 2536 1537 autem
2557 1495 2664 1536 non
2689 1479 2838 1536 dedit
2863 1484 3204 1553 corporibus,
3237 1502 3413 1558 neque

1817 1572 2011 1628 animis
2037 1574 2304 1641 omnibus,
2323 1573 2418 1630 sed
2449 1582 2654 1630 tantum
2675 1574 3022 1630 rationalibus
3039 1617 3054 1642 ,
3079 1586 3325 1648 tanquam
3356 1580 3410 1636 in

1817 1665 1896 1722 eis
1923 1665 2024 1722 sibi
2054 1666 2238 1722 sedem
2267 1667 2523 1723 locaverit
2540 1709 2556 1734 ,
2602 1670 2671 1724 de
2698 1683 2803 1740 qua
2830 1667 3082 1739 disponat
3104 1673 3280 1728 omnia
3321 1675 3412 1731 illa

1817 1760 1977 1816 etiam
2006 1761 2187 1818 intima
2228 1763 2421 1834 quibus
2447 1778 2701 1820 numeros
2724 1763 2874 1820 dedit
2900 1783 2915 1820 :
2946 1766 3126 1838 itaque
3160 1771 3413 1838 quoniam

1817 1850 1884 1907 de
1924 1854 2240 1922 corporibus
2281 1855 2434 1910 facile
2487 1853 2810 1926 judicamus,
2837 1865 3091 1929 tanquam
3143 1858 3211 1915 de
3253 1860 3415 1918 rebus

1815 1959 1936 2016 qua:
1965 1943 2099 2000 infra
2121 1959 2217 2000 nos
2241 1945 2500 2002 ordinata:
2526 1956 2671 2014 sunt,
2693 1948 2886 2019 quibus
2909 1949 3198 2021 impressus
3226 1967 3414 2011 nume-

1816 2051 1904 2092 ros
1920 2035 2055 2092 infra
2073 2053 2172 2093 nos
2191 2053 2312 2094 esse
2329 2038 2629 2105 cernimus;
2647 2049 2703 2095 et
2725 2054 2819 2096 eos
2847 2051 3130 2111 propterea
3148 2043 3303 2100 vilius
3327 2045 3416 2101 ha;

1815 2128 2023 2185 bemus.
2038 2129 2142 2184 Sed
2157 2145 2277 2186 cum
2293 2131 2613 2202 cmperimus
2629 2141 2877 2201 tanquam
2898 2146 3111 2188 sursum
3128 2149 3316 2191 versus
3327 2152 3414 2194 re-

1814 2234 2051 2288 currere,
2083 2220 2382 2278 invenimus
2399 2237 2492 2277 eos
2506 2223 2665 2277 etiam
2680 2230 2891 2278 nostras
2909 2233 3116 2280 mentes
3134 2233 3410 2284 transcen-

1814 2309 1978 2379 dere,
2019 2321 2180 2383 atque
2205 2312 2664 2369 incommutabiles
2690 2313 2743 2367 in
2769 2313 2882 2383 ipsa
2922 2329 3140 2370 manere
3165 2317 3408 2375 veritate.

1815 2401 1887 2456 Et
1909 2402 2034 2473 quia
2054 2417 2244 2473 sapere
2274 2403 2428 2474 pauci
2453 2413 2673 2473 possunt
2691 2444 2707 2466 ,
2740 2419 3023 2460 numerare
3041 2415 3220 2462 autem
3247 2408 3412 2465 etiam

1816 2496 1996 2553 stultis
2021 2511 2334 2553 concessum
2365 2506 2478 2564 est,
2511 2497 2773 2552 mirantur
2799 2497 3044 2554 homines
3072 2501 3408 2572 sapientiam,

1815 2602 2176 2659 numerosque
2202 2596 2574 2644 contemnunt.
2623 2589 2772 2645 Docti
2819 2599 2999 2645 autem
3041 2599 3098 2646 et
3146 2593 3409 2660 studiosi,

1815 2689 2016 2750 quanto
2041 2679 2358 2735 remotiores
2379 2690 2504 2735 sunt
2523 2693 2554 2736 a
2577 2679 2699 2736 labe
2721 2688 2932 2736 terrena
2953 2721 2970 2748 ,
2997 2689 3142 2737 tanto
3163 2683 3332 2755 magis
3357 2693 3416 2742 et

1815 2786 2098 2827 numerum
2127 2780 2181 2826 et
2207 2770 2523 2842 sapientiam
2563 2770 2620 2827 in
2664 2773 2778 2842 ipsa
2800 2774 3026 2829 veritate
3053 2785 3411 2846 contuentur,

1816 2876 1872 2924 et
1897 2873 2180 2938 utrumque
2198 2864 2420 2922 charum
2441 2865 2640 2922 habent
2669 2883 2684 2920 :
2714 2874 2770 2922 et
2792 2865 2847 2921 in
2869 2865 2986 2938 ejus
3007 2867 3242 2924 veritatis
3265 2883 3414 2926 com-

1816 2959 2096 3031 paratione
2124 2974 2231 3014 non
2260 2957 2338 3014 eis
2365 2974 2552 3014 aurum
2581 2969 2636 3015 et
2677 2969 2953 3031 argentum
2977 3002 2993 3029 ,
3025 2969 3079 3016 et
3122 2971 3316 3018 caetera
3341 2963 3414 3021 de

1814 3052 2009 3123 quibus
2024 3051 2268 3108 homines
2286 3050 2562 3120 dimicant,
2579 3049 2675 3106 sed
2703 3051 2805 3123 ipsi
2830 3051 2989 3108 etiam
3010 3053 3268 3110 vilescunt
3287 3055 3410 3112 sibi.

1887 3146 1978 3202 32.
2017 3144 2128 3202 Nec
2152 3145 2364 3201 mireris
2390 3159 2648 3201 numeros
2676 3143 2797 3201 ideo
2826 3144 3042 3201 viluisse
3071 3146 3374 3204 hominibus
3391 3189 3409 3217 ,

1816 3245 1872 3296 et
1909 3236 2126 3295 charam
2157 3251 2278 3295 esse
2301 3237 2648 3308 sapientiam,
2674 3237 2796 3308 quia
2835 3237 3038 3292 facilius
3063 3249 3287 3308 possunt
3310 3255 3413 3296 nu-

1817 3343 2028 3386 merare
2069 3343 2228 3400 quam
2270 3342 2492 3400 sapere,
2534 3343 2656 3384 cum
2695 3327 2876 3384 videas
2901 3327 3114 3384 charius
3146 3331 3266 3387 illos
3311 3332 3410 3388 ha-

1818 3424 1948 3482 bere
1967 3440 2161 3482 aurum
2203 3439 2360 3496 quam
2403 3423 2585 3480 lumen
2624 3424 2890 3490 lueernte,
2923 3427 3010 3480 cui
3049 3436 3414 3496 comparatum

1819 3533 2005 3576 aurum
2027 3519 2252 3576 ridetur.
2275 3517 2381 3574 Sed
2407 3517 2700 3573 honoratur
2717 3517 2943 3588 amplius
2985 3532 3073 3574 res
3094 3518 3247 3590 longe
3277 3519 3414 3576 infe.

1818 3615 1952 3685 rior,
1977 3616 2101 3689 quia
2120 3615 2395 3672 lucernam
2421 3613 2520 3671 sibi
2539 3623 2593 3670 et
2613 3613 2890 3669 mendicus
2915 3612 3194 3678 accendit,
3225 3628 3436 3692 aurum‘

1819 3725 1949 3766 veru
1994 3687 2146 3781 pauci
2186 3707 2427 3764 habent:
2459 3721 2763 3778 quanquam
2813 3705 3075 3776 sapientia
3111 3705 3249 3761 absit
3273 3714 3329 3760 ut
3357 3687 3412 3762 in

1821 3800 2220 3872 comparatione
2249 3799 2455 3854 numeri
2481 3798 2782 3854 inveniatur
2807 3795 3046 3860 inferior.
3075 3812 3195 3852 cum
3225 3797 3413 3852 eadem

1822 3888 1925 3959 sit;
1968 3891 2063 3947 sed
2113 3890 2330 3966 oculum
2375 3904 2482 3960 quo
2525 3888 2671 3945 cerni
2725 3887 2922 3957 possit,
2981 3886 3195 3962 inquirit
3221 3887 3259 3940 '.
3304 3884 3416 3943 Sed

1821 3965 2283 4056 quemadmodum
2316 3980 2369 4035 in
2413 3994 2519 4034 uno
2546 3979 2665 4050 igne
2707 3976 3204 4042 consubstantialis,
3239 3987 3297 4032 ut
3341 3979 3413 4034 ita

1822 4075 1995 4131 dicam
2019 4116 2034 4142 ,
2065 4073 2292 4129 sentitur
2317 4069 2491 4140 fulgor
2514 4077 2568 4124 et
2592 4068 2738 4124 calor
2755 4108 2770 4136 ,
2802 4081 2900 4122 nec
2924 4067 3159 4138 separari
3179 4070 3248 4122 ab
3274 4068 3411 4123 invi-

1823 4183 1940 4223 cem
1963 4173 2221 4236 possunt;
2253 4172 2429 4218 tamen
2457 4159 2522 4215 ad
2545 4175 2609 4216 ea
2638 4161 2785 4215 calor
2809 4159 3074 4229 pervenit,
3103 4175 3221 4230 quae
3248 4175 3412 4231 prope

3441 3690 3486 3870 Υ

3443 3881 3460 3926 j'

1823 4259 2204 4323 admoventur,
2235 4255 2410 4326 fulgor
2436 4267 2566 4309 vero
2585 4251 2745 4309 etiam
2783 4252 2992 4322 longius
3014 4251 3276 4321 latiusque
3304 4251 3410 4307 dif-
3513 4307 3517 4311 ,

1823 4353 2102 4409 funditur:
2134 4351 2212 4408 sic
2260 4347 2624 4419 intelligentiae
2671 4344 2940 4417 potentia,
2991 4359 3113 4416 qua:
3141 4344 3280 4398 inest
3319 4357 3412 4399 sa-
3516 4401 3519 4403 ,

1823 4446 2038 4521 pientis:
2063 4487 2079 4514 ,
2129 4442 2508 4516 propinquiora
2539 4440 2840 4496 fervescunt
2867 4441 2890 4471 ¹
2910 4480 2926 4507 ,
2959 4437 3113 4494 sicuti
3143 4448 3264 4493 sunt
3290 4438 3410 4494 ani-

1824 4557 1929 4596 ma:
1975 4538 2298 4605 rationales;
2340 4551 2402 4592 ea
2431 4550 2560 4592 vero
2597 4551 2716 4605 qua:
2761 4532 3050 4588 remotiora
3075 4541 3225 4598 sunt,
3255 4532 3413 4590 sicuti

1824 4644 2053 4702 corpora
2073 4669 2088 4697 ,
2117 4643 2224 4684 non
2262 4627 2472 4699 attingit
2511 4625 2689 4680 calore
2718 4622 2954 4694 sapicndi
2974 4664 2990 4691 ,
3022 4623 3116 4680 sed
3147 4623 3415 4694 perfundit

1825 4720 2028 4777 lumine
2049 4733 2392 4775 numerorum
2418 4735 2430 4772 :
2461 4715 2604 4788 quod
2630 4715 2722 4771 tibi
2739 4713 2980 4770 fortassis
2999 4715 3282 4770 obscurum
3306 4724 3411 4772 est.

1823 4811 1939 4869 Non
1966 4810 2111 4867 enim
2140 4810 2244 4865 ulla
2268 4807 2495 4864 visibilis
2525 4804 2816 4862 similitudo
2859 4805 3110 4862 invisibili
3134 4807 3212 4862 rei
3243 4815 3416 4878 potest

1823 4904 1890 4960 ad
1921 4918 2135 4960 omnem
2164 4899 2590 4957 convenientiam
2617 4897 2876 4969 coaptari.
2909 4897 3138 4954 Tantum
3180 4899 3304 4955 illud
3333 4907 3415 4955 at-

1824 4995 1985 5054 tende
2000 5037 2016 5062 ,
2040 4994 2183 5067 quod
2207 5003 2261 5050 et
2285 4991 2564 5065 qumstioni
2589 5006 2749 5064 quam
2775 4991 3112 5063 suscepimus
3140 4991 3266 5047 satis
3292 5000 3374 5046 est
3391 5033 3409 5060 ,

1823 5100 1878 5147 et
1903 5085 2270 5145 humilioribus
2294 5085 2457 5141 etiam
2498 5082 2796 5151 mentibus,
2827 5084 3012 5154 quales
3049 5098 3146 5138 nos
3196 5093 3413 5149 sumus,

1823 5195 1944 5237 sese
1968 5176 2296 5245 manifestat,
2316 5176 2441 5249 quia
2466 5175 2567 5232 etsi
2595 5174 2800 5232 clarum
2827 5174 2981 5231 nobis
3007 5187 3128 5229 esse
3146 5185 3254 5227 non
3282 5179 3406 5242 pot-

1823 5280 1907 5330 est
1931 5279 2106 5327 utrum
2131 5269 2186 5325 in
2223 5268 2485 5341 sapientia
2504 5308 2520 5336 ,
2549 5267 2633 5324 vel
2657 5282 2723 5324 ex
2743 5265 3000 5338 sapientia
3025 5276 3312 5329 numerus,
3341 5276 3409 5318 an

1824 5364 1942 5436 ipsa
1983 5362 2242 5434 sapientia
2284 5375 2351 5418 ex
2399 5375 2654 5428 numero,
2701 5375 2768 5414 an
2808 5359 2861 5413 in
2911 5368 3132 5411 numero
3181 5353 3283 5419 sit,
3341 5368 3414 5412 an

1824 5464 2112 5527 utrumque
2141 5467 2338 5510 nomen
2365 5453 2525 5510 unius
2551 5451 2629 5508 rei
2655 5449 2824 5522 possit
2842 5443 3085 5510 ostendi;
3117 5442 3245 5498 illud
3265 5453 3412 5502 certe

1825 5547 2167 5604 manifestum
2207 5554 2290 5603 est
2313 5553 2600 5617 utrumque
2626 5554 2812 5600 verum
2838 5551 2987 5604 esse,
3020 5543 3076 5593 et
3110 5533 3412 5592 incommu-

1826 5641 2059 5698 tabiliter
2076 5655 2282 5696 verum.

1890 5759 1909 5790 ⁸
1924 5755 2086 5825 _l'-:diti:
2109 5753 2161 5825 si
2173 5752 2354 5825 nenias,
2380 5763 2472 5818 quo
2491 5746 2627 5802 cerni
2641 5744 2803 5813 possit,
2829 5742 3057 5811 inquirat.
3095 5749 3149 5793 At
3177 5747 3306 5804 Mss,
3327 5741 3416 5794 sed

1826 5819 2097 5870 mutum...
2123 5819 2338 5878 inquirit.
3020 5866 3031 5879 .
3137 5865 3147 5876 .

1891 5881 1911 5913 ¹
1947 5885 2151 5936 Quatuor
2174 5884 2298 5940 Mss,
2321 5887 2430 5940 quia
2467 5879 2574 5927 sunt
2611 5870 2858 5936 sapientia:
2894 5879 3232 5935 propmqutoro
3263 5864 3416 5930 [crve-

72 5928 178 6004 gia.
233 5930 373 6000 ξω
412 5937 664 5995 nimirum
715 5934 842 5993 illud
887 5944 999 6002 est,
1041 5935 1180 6006 quod
1211 5950 1313 5993 una
1354 5935 1597 6007 quaedam
1624 5951 1716 5992 ea-
1765 5960 1832 6011 ,χ
1864 6008 1882 6015 ,Α

371 6031 607 6124 θυίαν,
655 6032 938 6118 Accusa.
988 6029 1017 6092 ι

931 6138 998 6162 ‘3‘"

939 6173 946 6182 ι
975 6168 1003 6179 \o

2634 6020 3052 6101 {Quorantoj
