3824 6296
482 351 621 413 1263

477 470 650 541 justus
674 479 782 521 non
808 469 909 524 est,
932 458 1184 527 injustum
1210 468 1364 522 esse;
1386 453 1488 511 hoc
1512 457 1669 511 etiam
1699 459 1767 514 de
1797 458 2056 529 prudente

476 569 533 616 et
577 560 903 625 temperante
944 546 1331 620 responderim.
1358 546 1423 602 Α.
1450 546 1559 603 Cur
1582 565 1709 620 ergo
1751 560 1805 605 et
1846 551 2057 621 quando

471 647 686 720 sapiens
717 660 823 699 non
847 651 957 710 est,
1001 656 1106 697 non
1136 641 1203 695 sit
1237 639 1535 711 insipiens?
1578 640 1646 697 E.
1691 642 1803 699 Hoc
1844 660 2056 716 quoque

472 741 667 805 fateor,
693 735 904 809 quando
926 734 1154 806 quisque
1190 733 1405 803 sapiens
1446 749 1551 789 non
1597 744 1716 803 est,
1765 750 1888 791 eum
1936 752 2056 793 esse

476 831 837 902 insipientem.
880 826 946 883 Α.
989 825 1140 881 Nunc
1181 840 1307 897 ergo
1352 835 1408 881 tu
1454 826 1582 898 quid
1627 827 1815 882 horum
1861 829 1959 884 es?
1986 828 2051 884 E.

473 923 758 993 Quodlibet
800 920 990 977 horum
1034 933 1121 975 me
1162 918 1433 989 appelles,
1475 919 1711 975 nondum
1756 922 1927 977 audeo
1967 938 2055 979 me

471 1016 653 1075 dicere
675 1015 997 1085 sapientem;
1024 1020 1081 1068 et
1111 1026 1176 1066 ex
1207 1011 1273 1066 iis
1306 1026 1424 1081 quae
1450 1013 1722 1080 concessi,
1753 1012 1907 1069 video
1935 1028 2055 1071 esse

471 1119 806 1177 consequens
845 1110 905 1160 ut
946 1119 1034 1159 me
1073 1102 1410 1173 insipientem
1452 1119 1556 1159 non
1594 1104 1826 1160 dubitem
1851 1106 2049 1162 dicere.

473 1198 540 1256 Α.
568 1196 727 1253 Novit
753 1210 880 1268 ergo
914 1195 1174 1266 insipiens
1201 1195 1539 1265 sapientiam.
1566 1195 1681 1252 Non
1708 1198 1851 1251 enim
1870 1240 1886 1265 ,
1918 1200 2054 1255 sicut

465 1289 575 1362 jam
606 1288 805 1344 dictum
835 1296 939 1354 est,
965 1294 1145 1341 certus
1168 1295 1312 1341 esset
1336 1286 1469 1342 velle
1496 1301 1555 1343 se
1578 1301 1698 1343 esse
1725 1288 2014 1360 sapientem
2030 1332 2047 1356 ,

470 1380 632 1454 idque
657 1389 929 1451 oportere,
954 1378 1057 1435 nisi
1086 1378 1234 1433 notio
1264 1378 1538 1447 sapientia:
1562 1380 1726 1435 menti
1751 1382 1867 1451 ejus
1886 1382 2053 1436 inhae-

466 1481 635 1540 reret,
667 1473 805 1527 sicut
827 1484 1012 1526 earum
1040 1484 1218 1525 rerum
1245 1468 1314 1524 de
1337 1470 1526 1540 quibus
1550 1470 1855 1541 singillatim
1882 1472 2050 1528 inter-

464 1574 682 1637 rogatus
704 1560 1056 1633 respondisti,
1080 1575 1199 1630 qua:
1237 1559 1303 1614 ad
1348 1560 1515 1629 ipsam
1556 1560 1866 1631 sapientiam
1892 1564 2053 1633 perti-

420 1646 423 1647 ⁷
464 1664 619 1721 nent,
637 1668 860 1725 quarum
879 1650 1181 1722 cognitione
1202 1650 1410 1706 laetatus
1429 1667 1508 1706 es.
1536 1650 1603 1705 E.
1626 1651 1697 1706 Ita
1724 1663 1805 1708 est
1826 1654 2048 1709 utdicis.

426 1740 427 1743 ¹
467 1744 693 1804 CAPUT
730 1742 871 1800 XVI.
894 1771 968 1785 -—
992 1743 1261 1815 Sapientia
1300 1743 1538 1799 studiosis
1570 1744 1651 1799 sui
1679 1745 2051 1816 inquisitoribus

536 1852 644 1894 sese
670 1837 725 1890 in
750 1838 832 1892 uia
853 1834 1100 1901 ostendit,
1136 1835 1358 1890 numeris
1396 1832 1623 1890 videlicet
1649 1837 1825 1908 cuique
1848 1837 1922 1891 rei
1950 1837 2048 1891 int-

534 1932 739 2005 pressis.

534 2026 625 2083 41.
652 2024 718 2079 Α.
745 2018 882 2092 Quid
910 2022 1069 2095 igitur
1093 2021 1235 2078 aliud
1262 2022 1468 2094 agimus
1490 2038 1609 2079 cum
1634 2023 1907 2079 studemus
1930 2039 2051 2081 esse

461 2118 761 2191 sapientes,
785 2115 885 2173 nisi
918 2125 973 2171 ut
1009 2123 1203 2188 quanta
1250 2130 1533 2187 possumus
1567 2116 1873 2183 alacritate,
1900 2116 1968 2173 ad
1996 2116 2049 2173 id

461 2214 607 2289 quod
655 2221 835 2268 mente
877 2210 1269 2281 contingimus,
1315 2216 1481 2263 totam
1530 2209 1761 2263 animam
1810 2219 2048 2265 nostram

460 2300 853 2379 quodammodo
878 2300 1189 2371 colligamus
1208 2340 1224 2365 ,
1252 2308 1307 2354 et
1334 2314 1593 2370 ponamus
1623 2298 1716 2366 ibi,
1745 2308 1905 2369 atque
1939 2308 2049 2354 sta-

458 2397 641 2456 biliter
687 2397 997 2469 inligamus;
1035 2405 1093 2450 ut
1134 2409 1241 2449 non
1283 2392 1395 2462 jam
1440 2393 1643 2463 privato
1688 2407 1783 2448 suo
1824 2391 2049 2463 gaudeat

459 2489 603 2563 quod
630 2487 921 2561 implicavit
942 2486 1105 2542 rebus
1131 2484 1552 2549 transeuntibus,
1582 2484 1676 2540 sed
1701 2494 1856 2540 exuta
1877 2486 2047 2541 omni-
2076 2552 2077 2555 η

461 2581 570 2640 bus
616 2590 916 2653 temporum
946 2586 1002 2633 et
1028 2577 1266 2633 locorum
1294 2575 1659 2632 aﬂ'cctiouibus
1687 2576 2047 2648 apprehendat

456 2673 512 2729 id
537 2670 680 2746 quod
708 2686 870 2727 unum
893 2678 1051 2740 atque
1077 2668 1218 2725 idem
1239 2684 1452 2738 semper
1469 2668 1584 2724 est?
1604 2668 1751 2725 Sicut
1774 2670 1914 2724 enim
1936 2679 2044 2727 tota

454 2765 566 2821 vita
604 2762 844 2834 corporis
872 2769 956 2817 est
983 2760 1189 2828 anima,
1237 2759 1315 2814 sic
1354 2758 1507 2814 beata
1551 2760 1655 2814 vita
1687 2760 1878 2815 anima:
1905 2761 2043 2817 Deus

456 2866 563 2913 est.
594 2854 745 2924 Quod
771 2853 897 2909 dum
924 2853 1130 2924 agimus
1149 2892 1163 2917 ,
1192 2849 1362 2907 donec
1390 2864 1733 2922 peragamus,
1767 2851 1819 2905 in
1845 2851 1926 2905 via
1954 2867 2044 2908 su-

454 2963 597 3004 mus.
622 2947 691 3002 Et
713 2944 851 3017 quod
883 2945 999 2999 istis
1025 2943 1168 2999 veris
1197 2951 1250 2997 et
1274 2941 1433 2998 certis
1463 2942 1638 3008 bouis,
1670 2943 1915 3011 quamvis
1947 2943 2043 2998 ad-

455 3039 563 3093 huc
592 3037 644 3092 in
678 3035 779 3093 hoc
808 3034 1095 3091 tenebroso
1127 3033 1317 3088 itinere
1342 3033 1778 3098 coruscanlibus,
1808 3033 2041 3104 gaudere

406 3118 419 3193 ξ
455 3143 769 3185 concessum
798 3135 899 3194 est,
930 3126 1050 3181 vide
1071 3135 1246 3179 utrum
1274 3123 1375 3178 hoc
1406 3121 1474 3178 sit
1500 3123 1643 3194 quod
1671 3124 1925 3194 scriptum
1957 3134 2043 3183 est

452 3219 523 3277 de
546 3220 832 3291 sapientia,
858 3216 984 3287 quid
1021 3224 1143 3287 agat
1176 3230 1297 3270 cum
1339 3215 1664 3269 amatoribus
1690 3216 1800 3272 suis
1822 3233 1942 3272 eum
1970 3219 2039 3275 ad

453 3327 576 3367 eam
603 3310 843 3376 veniunt,
876 3317 929 3364 et
957 3322 1075 3362 eam
1113 3314 1391 3376 qumrunt:
1419 3306 1615 3361 dictum
1651 3315 1736 3362 est
1773 3309 1943 3374 enim,
1970 3308 2039 3365 In

416 3384 419 3389 ί
453 3405 549 3460 viis
568 3401 791 3457 ostendet
809 3416 863 3455 se
884 3399 988 3454 illis
1012 3397 1261 3465 hilariter,
1285 3407 1329 3452 et
1356 3399 1490 3452 omni
1519 3399 1827 3471 providentia
1856 3416 2036 3455 occur-

452 3506 529 3552 ret
549 3495 650 3549 illis
670 3491 1035 3566 (Sap.vt,17).
1054 3488 1277 3560 Quoquo
1296 3490 1437 3545 enim
1465 3498 1515 3545 te
1537 3490 1779 3559 verteris,
1802 3491 2037 3563 vestigiis

454 3585 795 3659 quibusdam,
856 3597 975 3654 quae
1013 3581 1263 3651 operibus
1306 3580 1416 3635 suis
1461 3581 1761 3652 impressit,
1803 3582 2036 3652 loquitur

455 3677 575 3745 tibi,
603 3683 659 3733 et
684 3685 737 3731 te
769 3675 825 3731 in
848 3674 1110 3730 exteriora
1158 3672 1504 3739 relabentem,
1546 3674 1674 3744 ipsis
1712 3675 2035 3732 exteriorum

452 3770 643 3828 formis
662 3770 801 3825 intro
828 3777 1071 3833 revocat;
1113 3775 1173 3821 ut
1204 3765 1457 3836 quidquid
1494 3774 1547 3820 te
1582 3767 1807 3821 delectat
1834 3768 1887 3822 in
1915 3782 2033 3824 cor-

450 3877 615 3936 pore,
643 3869 698 3918 et
724 3875 820 3932 per
845 3871 1133 3929 corporeos
1153 3856 1301 3911 illicit
1326 3871 1511 3912 sensus
1528 3898 1541 3923 ,
1575 3857 1753 3913 videas
1781 3873 1901 3914 esse
1930 3876 2029 3915 nu-

452 3969 722 4012 merosum
740 3995 758 4022 ,
787 3960 845 4008 et
870 3964 1077 4022 quaeras
1104 3946 1242 4004 unde
1267 3950 1367 4014 sit,
1398 3957 1452 4004 et
1478 3947 1532 4003 in
1563 3949 1787 4020 teipsum
1816 3951 2025 4020 redeas,

406 4036 412 4043 ’
450 4021 611 4121 atque
636 4045 898 4117 intelligas
923 4051 976 4099 te
1005 4042 1057 4099 id
1082 4040 1224 4113 quod
1249 4042 1462 4113 attingis
1500 4042 1744 4098 sensibus
1767 4045 2025 4117 corporis,

450 4136 678 4210 probare
696 4142 789 4190 aut
807 4133 1110 4206 improbare
1136 4148 1241 4187 non
1270 4147 1447 4203 posse,
1475 4132 1575 4188 nisi
1598 4135 1737 4205 apud
1763 4144 1811 4191 te
1831 4135 2029 4192 habeas

450 4227 704 4302 quasdam
728 4224 1133 4298 pulchritudinis
1154 4224 1317 4296 leges,
1343 4223 1409 4280 ad
1429 4240 1559 4295 quas
1584 4226 1783 4283 referas
1803 4244 2027 4299 quaeque

445 4324 668 4395 pulchra
694 4321 860 4378 sentis
882 4320 1132 4376 exterius.

520 4414 611 4471 42.
654 4414 865 4469 Intuere
905 4412 1098 4467 caelum
1143 4418 1199 4467 et
1237 4418 1429 4465 terram
1457 4418 1510 4466 et
1551 4427 1731 4481 mare,
1771 4422 1825 4468 et
1873 4429 2023 4485 quae-

448 4522 675 4578 cumque
729 4507 783 4561 in
832 4506 911 4561 eis
958 4503 1044 4559 vel
1094 4501 1321 4572 desuper
1375 4501 1605 4573 fulgent,
1648 4504 1732 4560 vel
1773 4504 2022 4562 deorsum

448 4604 644 4666 repunt
680 4596 761 4649 vel
793 4594 971 4649 volant
1007 4592 1091 4648 vel
1130 4600 1345 4658 natant;
1392 4591 1589 4648 formas
1629 4594 1852 4663 habent,
1898 4597 2021 4667 quia

447 4700 701 4744 numeros
742 4684 938 4741 habent
978 4702 991 4737 z
1030 4683 1203 4739 adime
1250 4683 1352 4738 illis
1396 4681 1538 4751 haec,
1583 4684 1713 4739 nihil
1753 4695 1928 4742 erunt.
1974 4691 2022 4744 Α

445 4793 553 4850 quo
587 4790 714 4847 ergo
741 4784 890 4841 sunt,
931 4776 1033 4831 nisi
1075 4790 1106 4829 a
1133 4790 1239 4846 quo
1266 4791 1545 4844 numerus;
1595 4778 2020 4850 quandoquidem

440 4872 499 4928 in
526 4876 732 4924 tantum
760 4865 863 4923 illis
887 4875 970 4922 est
996 4881 1114 4922 esse
1131 4905 1148 4932 ,
1192 4865 1245 4921 in
1274 4878 1525 4938 quantum
1550 4884 1833 4926 numerosa
1861 4873 2024 4928 esse?

442 4962 513 5019 Et
544 4959 782 5019 omnium
819 4957 1030 5029 quidem
1075 4959 1364 5014 formarum
1419 4976 1795 5033 corporearum
1851 4966 2020 5021 artiﬁ-

437 5069 529 5113 ces
554 5052 797 5110 homines
816 5049 869 5106 in
889 5057 1002 5106 arte
1034 5048 1229 5106 habent
1258 5066 1527 5117 numeros,
1555 5053 1746 5124 quibus
1771 5068 2022 5128 coaptant

438 5163 601 5219 opera
657 5160 751 5203 sua
794 5162 807 5199 :
852 5150 910 5200 et
957 5141 1153 5198 tamdiu
1199 5158 1403 5198 'manus
1458 5154 1615 5217 atque
1666 5149 2018 5207 instrumenta

436 5241 491 5295 iu
517 5236 825 5296 fabricando
857 5242 1108 5302 movent,
1131 5233 1301 5290 donec
1325 5236 1453 5291 illud
1479 5238 1619 5307 quod
1649 5239 1903 5298 formatur
1928 5244 2017 5300 foo

426 5303 530 5402 iris,
556 5331 623 5387 ad
648 5345 764 5387 eam
792 5344 911 5403 qua:
940 5326 1081 5385 intus
1106 5336 1189 5384 est
1208 5328 1379 5383 lucem
1404 5344 1743 5387 numerorum
1766 5336 2014 5403 relatum,

431 5432 688 5495 quantum
710 5431 883 5494 potest
902 5421 1151 5492 impetret
1167 5418 1573 5489 absolutionem,
1592 5423 1897 5497 placeatque
1920 5444 2018 5500 per
2054 5424 2055 5427 “

429 5515 776 5585 interpretem
803 5528 1019 5571 sensum
1049 5513 1258 5569 interno
1279 5512 1444 5584 judici
1469 5530 1727 5585 supernos
1764 5535 2017 5580 numeros

420 5609 675 5673 intuenti.
701 5608 892 5677 Qumre
930 5607 1121 5665 deinde
1153 5607 1371 5664 artilicis
1413 5607 1579 5679 ipsius
1617 5612 1850 5669 membra
1894 5617 2019 5687 quis

429 5708 667 5766 moveat;
695 5714 949 5755 numerus
976 5700 1078 5755 erit
1102 5718 1115 5754 :
1140 5714 1261 5754 nam
1290 5708 1571 5755 moventur
1599 5702 1758 5759 etiam
1790 5704 1877 5761 illa
1908 5722 2013 5762 nu-

430 5808 659 5851 merose.
688 5795 756 5850 Et
774 5794 821 5850 si
843 5792 1097 5852 detrahas
1114 5792 1183 5852 de
1212 5791 1455 5851 manibus
1476 5805 1629 5863 opus,
1657 5805 1710 5854 et
1733 5794 1802 5855 de
1831 5798 2014 5858 animo

1497 342 1585 399 DE
1622 340 1871 399 LIBERO
1907 342 2251 416 ARBITRIO,
2290 347 2350 405 S.
2388 350 2754 411 AUGUSTINI

1976 5916 1987 5937 ι,
2028 5872 2080 5913 ρ

3598 378 3716 438 1284

2163 461 2509 522 intentionem
2558 470 2847 527 fabricandi
2878 514 2893 539 ,
2938 484 3217 549 motusque
3255 480 3346 538 ille
3383 486 3715 550 membrorum

2162 554 2228 609 ad
2249 556 2653 616 delectationem
2678 563 2958 632 referatur,
2995 568 3205 624 saluatio
3222 574 3523 632 vocabitur.
3554 579 3715 648 Quaere

2162 663 2289 718 ergo
2334 652 2461 721 quid
2511 654 2560 708 in
2608 656 2888 713 saltationc
2938 659 3197 728 delectet;
3251 668 3595 737 respondebit
3643 677 3714 734 tibi

2162 758 2449 799 numerus:
2478 744 2618 802 Ecce
2642 766 2779 804 sum.
2804 750 3009 821 Inspice
3028 753 3137 823 jam
3166 757 3607 826 pulchritudinem
3631 768 3715 824 for-

2160 834 2286 887 mati
2329 838 2599 909 corporis;
2639 842 2842 898 numeri
2873 852 3118 899 tenentur
3143 846 3195 901 in
3223 847 3365 905 loco.
3398 851 3597 924 Inspice
3619 860 3712 927 pul-

2159 925 2512 983 chritudinem
2564 931 2873 988 mobilitatis
2911 935 2963 989 in
3005 952 3265 1008 corpore;
3299 944 3507 998 numeri
3534 925 3713 1003 verran-

2159 1026 2246 1071 tur
2271 1018 2323 1071 in
2355 1028 2612 1091 tempore.
2658 1022 2796 1078 Intra
2834 1026 2901 1079 ad
2945 1036 3112 1083 artem
3139 1030 3280 1087 unde
3309 1031 3397 1088 isti
3421 1038 3706 1111 procedunt,

2158 1124 2337 1180 quaere
2356 1112 2410 1167 in
2430 1128 2491 1168 ea
2514 1124 2721 1186 tempus
2739 1126 2792 1172 et
2812 1118 3017 1185 locum;
3036 1138 3309 1195 nunquam
3333 1128 3466 1194 erit,
3488 1146 3708 1204 nusquam

2156 1202 2285 1268 erit;
2312 1204 2439 1258 vivit
2466 1206 2517 1260 in
2543 1221 2604 1261 ea
2633 1216 2809 1264 tamen
2836 1227 3091 1268 numerus
3115 1232 3129 1267 :
3164 1231 3264 1272 nec
3290 1217 3411 1285 ejus
3451 1202 3707 1295 regiosm.

2158 1293 2352 1349 tiorum
2380 1303 2483 1363 est,
2509 1312 2608 1352 nec
2630 1308 2762 1354 a3tas
2787 1299 3025 1369 dierum;
3056 1314 3109 1360 et
3134 1306 3411 1363 discenda":
3439 1312 3535 1366 arti
3562 1293 3704 1371 tamen

2157 1398 2277 1455 cum
2308 1399 2367 1441 se
2390 1388 2829 1458 accommodant,
2858 1394 2950 1463 qui
2991 1410 3050 1451 se
3088 1398 3327 1454 artifices
3376 1400 3489 1456 fieri
3524 1405 3701 1477 volunt,

2157 1489 2348 1547 corpus
2387 1494 2541 1533 suum
2569 1494 2665 1549 per
2689 1480 2805 1537 loca
2850 1492 2904 1537 et
2950 1494 3187 1556 tempora
3229 1502 3483 1561 movent,
3511 1496 3703 1553 animum

2156 1583 2287 1623 vero
2316 1585 2413 1639 per
2433 1578 2671 1640 tempora
2692 1590 2706 1626 :
2729 1588 2945 1631 accessu
2963 1578 3158 1650 quippe
3181 1584 3444 1651 temporis
3468 1586 3703 1654 peritiores

2156 1660 2307 1716 fiunt.
2357 1662 2697 1721 Transcende
2741 1683 2869 1738 ergo
2906 1677 2962 1725 et
3005 1671 3240 1727 animum
3282 1675 3522 1745 artilicis,
3551 1690 3599 1734 ut
3620 1698 3700 1735 nu-

2155 1769 2360 1810 merum
2398 1758 2779 1828 sempiternum
2822 1759 3037 1828 videas;
3074 1763 3184 1833 jam
3234 1766 3335 1820 tibi
3377 1770 3701 1838 sapientiade

2154 1844 2269 1915 ipsa
2299 1845 2549 1904 interiore
2577 1849 2707 1906 sede
2731 1851 2949 1922 fulgebit
2967 1894 2984 1919 ,
3013 1863 3069 1909 et
3096 1854 3163 1911 de
3190 1855 3311 1927 ipso
3340 1862 3607 1918 secretario
3626 1880 3700 1919 ve-

2154 1936 2325 1993 ritatis
2350 1956 2363 1992 :
2391 1955 2510 2012 quae
2553 1942 2599 1997 si
2637 1943 2809 2000 adhuc
2849 1944 3235 2017 languidiorem
3278 1963 3545 2021 aspectum
3581 1964 3697 2013 tuum

2154 2028 2493 2098 reverberat,
2522 2031 2663 2087 refer
2691 2035 2902 2090 oculum
2932 2038 3126 2095 mentis
3168 2039 3222 2095 in
3263 2040 3413 2097 illam
3441 2045 3594 2114 viam,
3628 2048 3699 2104 ubi

2153 2132 2214 2173 se
2254 2121 2571 2179 ostendebat
2614 2123 2870 2182 hilariter.
2914 2128 3177 2187 Memento
3219 2148 3353 2190 sane
3391 2135 3697 2195 distulissem

2153 2208 2411 2266 visionem
2440 2228 2596 2283 quam
2624 2214 2811 2272 fortior
2835 2219 3119 2291 saniorque
3149 2234 3384 2295 repetas.

2222 2301 2311 2358 43.
2346 2302 2435 2358 Vae
2462 2304 2552 2374 qui
2579 2304 2957 2379 derelinquunt
2994 2320 3046 2365 te
3080 2313 3304 2380 ducem,
3328 2325 3381 2372 et
3403 2318 3627 2377 oberrant
3652 2324 3695 2378 in

2152 2393 2389 2463 vestigiis
2414 2395 2544 2462 luis,
2576 2398 2665 2467 qui
2694 2408 2850 2455 nutus
2888 2410 3005 2459 tuos
3032 2419 3131 2475 pro
3162 2415 3215 2461 te
3244 2419 3431 2477 amant,
3460 2420 3506 2466 et
3530 2412 3695 2469 oblivi-

2152 2493 2371 2540 scuntur
2398 2486 2524 2558 quid
2537 2489 2797 2560 innuas,o
2825 2494 3139 2551 suavissima
3170 2498 3260 2553 lux
3285 2513 3496 2572 purgate
3517 2507 3689 2561 mentis

2150 2575 2438 2645 sapientia!
2485 2596 2589 2637 non
2636 2583 2777 2638 enim
2830 2599 3010 2643 cessas
3055 2588 3280 2646 innuere
3320 2594 3460 2649 nobis
3496 2611 3603 2666 qua:
3640 2608 3690 2653 et

2151 2679 2341 2739 quanta
2392 2672 2495 2737 sis;
2541 2683 2595 2729 et
2643 2685 2801 2732 nutus
2853 2679 2929 2733 tui
2982 2690 3103 2735 sunt
3159 2698 3319 2739 omne
3370 2697 3690 2745 creaturarum

2149 2760 2329 2817 decus.
2366 2764 2430 2818 Et
2453 2763 2643 2821 artifex
2669 2767 2810 2823 enim
2832 2770 3228 2840 quodammodo
3254 2775 3423 2831 innuit
3445 2782 3691 2849 speetatori

2150 2854 2327 2921 aperis
2352 2855 2432 2909 sui
2458 2854 2525 2911 de
2559 2857 2673 2927 ipsa
2698 2860 2876 2930 aperis
2915 2861 3347 2933 pulchritudine,
3377 2884 3441 2924 ne
3479 2869 3541 2925 ibi
3576 2880 3689 2926 totus

2148 2942 2378 3013 hrcreat,
2405 2946 2501 3003 sed
2534 2952 2766 3019 speciem
2797 2955 3034 3025 corporis
3065 2956 3305 3013 fabricati
3342 2960 3421 3015 sic
3459 2973 3689 3031 percurrat

2147 3035 2347 3101 oculis,
2380 3038 2516 3093 utin
2546 3055 2666 3095 eum
2710 3044 2801 3113 qui
2846 3044 3189 3103 fabricaverit
3231 3061 3473 3106 recurrat
3512 3053 3684 3109 allecto.

2147 3125 2362 3185 Similes
2394 3142 2570 3187 autem
2598 3144 2722 3189 sunt
2750 3135 3079 3206 hominibus,
3107 3143 3197 3212 qui
3233 3159 3296 3199 ea
3333 3161 3452 3215 qua:
3476 3146 3588 3201 facis
3612 3162 3686 3218 pro

2148 3227 2202 3274 te
2229 3232 2427 3286 amant,
2451 3225 2678 3294 quicum
2707 3228 2928 3284 audiunt
2950 3231 3181 3302 aliquem
3212 3234 3492 3293 facundum
3515 3240 3687 3307 sapien-
3790 3306 3791 3311 η

2148 3320 2253 3365 tem
2273 3354 2287 3377 ,
2317 3312 2441 3368 dum
2471 3317 2630 3371 nimis
2662 3321 2975 3377 suavitatem
3001 3325 3150 3380 vocis
3178 3328 3324 3398 ejus,
3353 3340 3406 3386 et
3440 3341 3682 3388 structuras

2144 3402 2466 3473 syllabarum
2506 3417 2628 3479 apte
2672 3409 2965 3468 locatarum
3003 3416 3157 3471 avide
3196 3419 3450 3489 audiunt,
3474 3424 3683 3479 amittunt

2143 3497 2523 3553 sententiarum
2562 3502 2944 3575 principatum,
2974 3509 3121 3577 cujus
3152 3510 3240 3566 illa
3271 3516 3432 3571 verba
3468 3524 3679 3587 tanquam

2141 3585 2292 3656 signa
2319 3602 2633 3647 sonuerunt.
2662 3594 2752 3649 Va:
2777 3597 2866 3665 qui
2890 3612 2951 3653 se
2976 3610 3222 3657 avertunt
3245 3619 3274 3658 a
3304 3606 3497 3663 lumine
3520 3621 3612 3672 tuo,
3637 3617 3680 3665 et

2141 3679 2450 3738 obscuritati
2493 3700 2604 3740 sure
2648 3686 2875 3744 dulciter
2918 3689 3210 3750 inhzerentl
3262 3697 3519 3770 Tanquam
3559 3700 3675 3756 enim

2139 3772 2357 3829 dorsum
2378 3776 2443 3831 ad
2475 3786 2526 3833 te
2550 3790 2825 3848 ponentes,
2854 3782 2906 3837 in
2936 3786 3135 3840 carnali
3161 3802 3327 3858 opere
3352 3792 3484 3845 velut
3507 3792 3552 3845 iu
3576 3807 3675 3845 um-

2139 3863 2233 3918 bra
2278 3880 2371 3921 sua
2414 3867 2735 3939 deﬁguntur,
2761 3881 2815 3928 et
2843 3882 3022 3931 tamen
3050 3880 3210 3932 etiam
3239 3880 3311 3934 ibi
3341 3881 3467 3952 quod
3489 3897 3567 3937 eos
3588 3881 3669 3938 de-

2140 3953 2301 4010 lectat
2320 3998 2336 4024 ,
2364 3957 2538 4014 adhuc
2567 3959 2764 4017 habent
2796 3962 2862 4019 de
2897 3965 3353 4039 circnmfulgentia
3380 3971 3495 4025 lucis
3520 3981 3607 4026 tua:
3629 3970 3665 4024 ⁸.

2139 4046 2247 4103 Sed
2276 4049 2462 4105 umbra
2488 4050 2612 4106 dum
2640 4063 2871 4121 amatur,
2910 4056 3295 4128 languidiorem
3336 4060 3453 4117 facit
3489 4063 3669 4117 oculum

2140 4142 2334 4209 animi,
2364 4152 2420 4198 et
2443 4144 2806 4202 invalidiorem
2847 4148 2915 4203 ad
2962 4149 3340 4218 perferendum
3371 4166 3672 4225 conspectum

2138 4238 2305 4287 tuum.
2347 4234 2635 4305 Propterea
2680 4239 2848 4309 magis
2886 4242 3160 4312 magisque
3198 4244 3356 4301 homo
3382 4246 3670 4312 tenebratur,

2137 4323 2261 4378 dum
2303 4334 2536 4380 sectatur
2564 4327 2810 4383 libentius
2845 4331 3097 4402 quidquid
3136 4333 3468 4394 inﬁrmiorem
3510 4337 3673 4393 tolera-

2135 4413 2292 4469 bilius
2322 4417 2535 4487 excipit.
2566 4418 2642 4473 Ex
2666 4434 2770 4488 quo
2795 4420 2977 4491 incipit
3004 4437 3108 4477 non
3149 4440 3307 4495 posse
3347 4427 3514 4482 videre
3555 4424 3672 4498 quod

2136 4522 2344 4564 summe
2382 4519 2492 4576 est,
2529 4520 2584 4565 et
2613 4512 2805 4566 malum
2856 4521 3040 4583 putare
3072 4517 3323 4587 quidquid
3350 4518 3472 4574 fallit
3498 4520 3670 4589 impro-

2136 4597 2347 4664 vidum,
2394 4609 2485 4656 aut
2526 4601 2674 4657 illicit
2716 4602 2949 4674 indigum
2980 4605 3024 4669 ³,
3062 4616 3152 4660 aut
3179 4618 3387 4678 captum
3414 4610 3666 4673 excruciat,

2135 4703 2258 4744 cum
2285 4704 2347 4744 ea
2376 4705 2472 4760 pro
2508 4691 2698 4746 merito
2724 4693 2951 4762 patiatur
2977 4694 3270 4752 aversionis
3305 4714 3443 4768 suae,
3471 4708 3522 4755 et
3544 4698 3669 4770 quid-

2133 4782 2258 4853 quid
2279 4784 2480 4853 justum
2510 4794 2621 4851 est,
2651 4786 2845 4840 malum
2869 4802 2988 4842 esse
3017 4805 3121 4843 non
3149 4792 3333 4860 possit.

2213 4880 2301 4935 44.
2331 4878 2385 4933 Si
2407 4894 2534 4949 ergo
2559 4878 2813 4949 quidquid
2839 4878 3090 4936 mutabile
3117 4884 3406 4952 aspexeris,
3437 4884 3515 4939 vel
3534 4895 3665 4939 sensu

2133 4974 2392 5045 corporis,
2419 4972 2501 5027 vel
2527 4971 2689 5026 animi
2714 4971 3138 5030 consideratione
3162 4989 3354 5045 capere
3386 4991 3487 5032 non
3522 4984 3662 5048 potes,

2131 5064 2236 5121 nisi
2264 5063 2438 5132 aliqua
2482 5075 2824 5117 numerorum
2852 5061 3020 5117 forma
3051 5072 3313 5132 teneatur,
3342 5081 3443 5137 qua
3468 5065 3664 5121 detracta

2132 5158 2187 5214 in
2215 5155 2346 5211 nihil
2372 5153 2601 5221 recidat;
2633 5154 2740 5209 noli
2764 5152 3036 5221 dubitare,
3067 5165 3121 5210 ut
3148 5157 3248 5212 ista
3285 5159 3539 5214 mutabilia
3575 5170 3662 5212 non

2132 5249 2551 5319 intercipiantur,
2584 5246 2675 5302 sed
2697 5247 2947 5303 dimensis
2972 5250 3220 5316 motibus,
3252 5259 3308 5307 et
3333 5250 3559 5307 distincta
3584 5264 3663 5303 va-

2131 5344 2321 5401 rietate
2364 5341 2682 5405 formarum,
2711 5340 2857 5410 quasi
2894 5340 3148 5411 quosdam
3179 5358 3363 5399 versus
3404 5354 3661 5415 temporum

2132 5440 2409 5507 peragant,
2426 5447 2543 5489 esse
2563 5432 2789 5501 aliquam
2811 5430 3029 5486 formam
3052 5442 3301 5488 :eternam
3322 5443 3376 5490 et
3400 5435 3658 5490 incommuo

2133 5526 2379 5592 labilem;
2411 5540 2529 5597 quae
2555 5538 2723 5594 neque
2749 5523 3082 5579 contineatur
3106 5534 3160 5581 et
3190 5528 3341 5596 quasi
3375 5525 3660 5582 diﬂ'undatur

2236 5694 2344 5759 ωδε.
2363 5684 2547 5748 nares.
2572 5681 2729 5756 αςυιιιο
2750 5680 2888 5759 habet
2908 5682 2970 5759 «te
2986 5648 3628 5759 armemus-caes-

2126 5742 2463 5874 ﬁéiﬁnm
2485 5742 2620 5813 pauci
2642 5764 2752 5806 cum
2764 5753 3107 5819 antiquioribus
3121 5742 3402 5800 editioni”
3414 5780 3432 5811 ,
3452 5753 3530 5799 aut
3542 5742 3657 5801 ειω
