3824 6296
146 520 268 579 locis,
286 521 444 581 neque
460 498 771 577 potendatur
789 503 948 567 atque
966 499 1198 547 varietur
1219 486 1567 558 temporibus,
1584 499 1681 554 per

148 624 276 683 quam
302 611 476 660 cuncta
506 598 603 650 ista
639 589 853 647 formari
880 587 1124 648 valeant,
1152 592 1205 639 et
1247 597 1340 653 pro
1366 595 1463 634 suo
1488 592 1683 650 genere

149 701 337 770 implere
362 701 511 759 atque
536 700 694 757 agere
718 683 956 737 locorum
996 695 1058 733 ac
1087 687 1382 747 temporum
1410 686 1679 727 numeros.

152 787 339 851 CAPUT
378 779 627 839 XVIL—
652 775 851 831 Bonum
891 783 938 826 et
981 769 1218 843 perfectio
1257 780 1582 839 quacumque
1623 776 1686 816 ea:

779 865 887 920 Deo
911 874 1002 918 est.

204 974 277 1029 45.
312 966 486 1025 Omnis
514 962 655 1018 enim
682 974 770 1014 res
798 955 1088 1021 mutabilis,
1117 954 1277 1009 etiam
1309 948 1599 1005 formabilis
1618 947 1689 1001 sit

152 1077 335 1123 necesse
359 1069 455 1113 est.
488 1055 638 1110 Sicut
666 1062 841 1105 autem
872 1048 1122 1103 mutabile
1147 1045 1373 1099 dicimus
1402 1041 1543 1113 quod
1572 1056 1688 1094 mu-

153 1159 228 1214 tari
256 1162 435 1225 potest,
463 1151 533 1205 ita
566 1146 839 1203 formabile
876 1142 1017 1213 quod
1060 1139 1275 1196 formari
1303 1147 1477 1209 potest
1502 1134 1681 1206 appel-

152 1248 355 1306 laverim.
394 1242 545 1299 Nulla
587 1250 763 1295 autem
808 1251 894 1290 res
933 1236 1159 1288 formare
1201 1232 1430 1301 seipsam
1475 1236 1685 1299 potest:

153 1344 249 1416 quia
283 1338 412 1395 nulla
456 1349 543 1390 res
585 1340 758 1403 potest
799 1329 927 1383 dare
953 1327 1053 1381 sibi
1080 1324 1221 1396 quod
1265 1339 1370 1377 non
1412 1320 1606 1384 habet;
1638 1327 1693 1373 et

153 1414 301 1503 utique
326 1439 377 1485 ut
406 1427 597 1482 haheat
624 1424 847 1479 formam
870 1462 884 1483 ,
917 1419 1175 1474 formatur
1202 1414 1419 1485 aliquid.
1448 1414 1691 1481 Quapro-

153 1536 248 1597 pter
271 1520 506 1593 quzelibet
533 1531 620 1571 res
648 1515 692 1570 si
720 1528 877 1583 quam
900 1509 1053 1564 habet
1085 1508 1330 1570 formam,
1361 1520 1465 1560 non
1486 1504 1535 1557 ei
1559 1516 1694 1573 opus

155 1593 216 1671 est
250 1608 473 1681 seeipere
512 1606 653 1679 quod
694 1605 884 1667 habet;
908 1602 952 1655 si
981 1615 1082 1671 qua
1109 1614 1237 1653 vero
1262 1612 1368 1651 non
1396 1595 1554 1648 habet
1580 1593 1694 1647 for-

154 1722 285 1768 mam,
310 1719 409 1759 non
437 1709 612 1771 potest
636 1714 667 1752 a
694 1712 751 1752 se
778 1694 1018 1763 accipere
1043 1689 1184 1761 quod
1211 1704 1316 1743 non
1346 1687 1520 1741 habet.
1545 1684 1696 1739 Nulla

156 1815 254 1871 ergo
276 1812 370 1860 res,
398 1806 454 1848 ut
479 1792 733 1855 diximus,
764 1788 995 1843 formare
1025 1798 1083 1839 se
1115 1790 1305 1853 potest.
1342 1778 1478 1847 Quid
1520 1787 1695 1831 autem

132 1866 343 1959 amplius
368 1884 432 1939 de
472 1880 826 1937 mutabilitate
871 1874 1111 1945 corporis
1136 1882 1190 1927 et
1218 1871 1381 1926 animi
1421 1866 1698 1923 dicamus?

155 1980 359 2053 superius
380 1977 524 2034 enim
554 1974 684 2029 satis
713 1974 911 2027 dictum
948 1977 1049 2025 est.
1089 1964 1379 2020 Conﬁcitur
1405 1963 1613 2031 itaque,
1642 1967 1702 2014 ut

156 2082 197 2128 et
209 2051 382 2141 corpus
418 2078 475 2123 et
511 2067 722 2121 animus
752 2062 918 2118 forma
945 2058 1172 2131 quadam
1200 2051 1617 2111 incommutabili
1645 2058 1702 2105 et

156 2178 331 2232 semper
355 2168 603 2215 manente
629 2155 943 2211 formentur.
977 2151 1072 2207 Cui
1116 2149 1298 2205 formae
1340 2147 1539 2202 dictum
1577 2154 1698 2200 est:

159 2256 340 2312 latebis
365 2272 423 2309 ea
447 2263 495 2307 et
527 2250 888 2311 mutabuntur;
932 2257 987 2299 tu
1028 2252 1195 2297 autem
1238 2241 1370 2295 idem
1414 2240 1522 2310 ipse
1559 2254 1630 2299 es,
1655 2244 1703 2289 et

156 2347 251 2401 anni
274 2347 339 2399 tui
364 2362 467 2399 non
496 2342 729 2410 deﬁcient
760 2338 927 2411 (Psal.
956 2352 1006 2392 cr
1027 2377 1042 2402 ,
1082 2334 1185 2397 ‘27,
1222 2332 1333 2402 28).
1366 2332 1549 2384 Annos
1587 2328 1705 2381 sine

158 2437 346 2499 defectu,
370 2451 471 2505 pro
502 2431 796 2487 aeternitate
825 2426 1002 2499 posuit
1029 2422 1338 2495 prophetica
1382 2418 1595 2473 locutio.
1630 2417 1706 2471 De

158 2528 233 2584 hac
270 2528 383 2582 item
436 2526 603 2580 forma
642 2523 841 2576 dictum
872 2528 982 2584 est,
1020 2514 1160 2585 quod
1187 2516 1240 2568 in
1265 2511 1439 2581 seipsa
1483 2523 1706 2564 manens

158 2621 337 2675 innovet
353 2617 537 2673 omnia
566 2613 722 2684 (Sap.
746 2628 841 2675 vit,
865 2609 982 2681 27).
1014 2608 1146 2662 lliuc
1169 2605 1328 2661 etiam
1358 2600 1709 2672 comprehen-

159 2710 271 2766 ditur
306 2708 483 2765 omnia
530 2704 857 2777 providentia
904 2699 1207 2773 gubernari.
1248 2697 1305 2754 Si
1347 2695 1489 2755 enim
1531 2693 1709 2752 omnia

160 2823 251 2879 qua:
276 2814 415 2869 sunt,
446 2803 612 2859 forma
636 2798 845 2871 penitus
869 2797 1135 2853 subtracta
1166 2795 1308 2850 nulla
1336 2802 1514 2859 erunt,
1538 2792 1709 2847 forma

161 2900 249 2968 ipsa
266 2892 730 2956 incommutabilis,
764 2907 860 2963 per
886 2904 1046 2960 quam
1076 2886 1348 2941 mutabilia
1372 2893 1562 2939 cuneta
1587 2885 1712 2938 sub-

161 2992 345 3055 sistunt,
377 2997 439 3042 ut
466 2986 755 3042 formarum
800 2996 1013 3037 suarum
1055 2977 1290 3033 numeris
1319 2976 1637 3045 impleantur
1658 2982 1714 3029 et

161 3094 365 3153 agantur,
408 3081 521 3150 ipsa
564 3086 647 3133 est
684 3089 868 3131 eorum
910 3070 1276 3144 providentia:
1302 3084 1406 3123 non
1442 3067 1585 3122 enim
1613 3066 1713 3120 ista

161 3182 335 3239 essent,
361 3172 411 3228 si
460 3171 550 3227 illa
598 3182 701 3223 non
744 3173 909 3221 esset.
959 3163 1173 3218 lntuens
1218 3175 1347 3230 ergo
1389 3166 1442 3214 et
1468 3156 1714 3213 conside-

159 3279 261 3319 rans
302 3263 604 3318 universam
650 3266 945 3313 creaturam
969 3296 984 3319 ,
1032 3253 1352 3325 quicumque
1380 3251 1480 3305 iter
1503 3250 1612 3321 agit
1646 3247 1715 3303 ad

162 3355 466 3426 sapientiam,
496 3351 657 3408 sentit
684 3348 999 3420 sapientiam
1026 3346 1079 3399 in
1116 3346 1199 3401 via
1236 3343 1413 3400 sesibi
1434 3342 1717 3399 ostendere

162 3443 403 3512 hilariter,
442 3453 495 3499 et
537 3443 588 3498 in
620 3441 764 3496 omni
795 3437 1123 3510 providentia
1164 3449 1445 3491 occurrere
1472 3434 1571 3488 sibi
1609 3451 1622 3487 :
1663 3440 1719 3487 et

163 3546 286 3594 tanto
312 3538 543 3595 alacrius
570 3532 799 3589 ardescit
840 3531 977 3586 viam
1022 3530 1177 3585 istam
1205 3542 1456 3598 peragere
1474 3567 1490 3591 ,
1520 3534 1717 3596 quanto

163 3643 206 3687 et
234 3633 335 3703 ipsa
360 3632 447 3687 via
478 3646 574 3703 per
603 3628 745 3685 illam
776 3624 995 3698 pulchra
1028 3630 1110 3679 est
1128 3664 1142 3689 ,
1180 3620 1246 3677 ad
1274 3635 1432 3692 quam
1461 3627 1720 3675 exsastuat

162 3727 432 3795 pervenire.

218 3819 296 3875 ιθ.
321 3818 402 3874 Tu
425 3826 601 3873 autem
626 3815 669 3868 si
694 3819 888 3883 praeter
922 3809 972 3865 id
999 3807 1139 3881 quod
1163 3814 1244 3863 est
1273 3814 1328 3862 et
1349 3818 1454 3859 non
1482 3803 1629 3868 vivit,
1663 3810 1721 3859 et

162 3907 205 3963 id
230 3910 359 3980 quod
386 3916 466 3963 est
491 3916 544 3962 et
580 3904 710 3959 vivit
740 3919 911 3973 neque
940 3900 1207 3971 intelligit,
1231 3906 1285 3953 et
1311 3895 1365 3951 id
1393 3895 1532 3967 quod
1557 3903 1640 3952 est
1666 3902 1721 3950 et

163 4000 270 4054 vivit
295 4008 346 4055 et
372 3996 637 4067 intelligit,
663 3994 932 4049 inveneris
951 3990 1164 4061 aliquod
1194 3987 1335 4044 aliud
1356 3996 1720 4043 creaturarum

162 4106 336 4162 genus;
366 4100 489 4144 tunc
515 4086 652 4142 aude
694 4086 874 4140 dicere
905 4081 1115 4153 aliquod
1163 4081 1357 4134 bonum
1396 4094 1535 4145 esse,
1577 4077 1722 4149 quod

163 4197 252 4236 non
275 4182 340 4236 sit
366 4196 429 4237 ex
456 4181 585 4235 Deo.
609 4177 731 4233 Tria
759 4177 902 4232 enim
928 4174 1042 4229 haec
1071 4172 1278 4227 duobus
1303 4171 1462 4226 etiam
1490 4170 1720 4225 numini-

162 4269 248 4325 bus
270 4270 525 4326 enuntiari
553 4276 794 4341 possunt,
826 4267 870 4322 si
896 4264 1230 4337 appellentur
1262 4277 1456 4333 corpus
1484 4270 1539 4317 et
1566 4261 1671 4315 vita
1703 4278 1718 4315 :

163 4364 269 4434 quia
296 4374 349 4419 et
375 4363 463 4418 illa
493 4378 613 4434 quae
639 4370 842 4417 tantum
868 4360 1015 4425 vivit,
1056 4372 1228 4427 neque
1260 4356 1523 4424 intelligit,
1551 4355 1721 4426 qualis

163 4464 235 4509 est
266 4471 531 4526 pecorum,
572 4462 627 4507 et
656 4453 770 4507 lucc
794 4467 912 4521 quae
961 4448 1223 4519 intelligit,
1254 4447 1406 4502 sicuti
1431 4454 1512 4501 est
1546 4446 1723 4501 homi-

164 4564 298 4618 num,
323 4550 611 4605 rectissime
637 4547 741 4601 vita
780 4544 992 4600 dicitur.
1024 4542 1149 4598 Haec
1187 4552 1363 4596 autem
1389 4540 1515 4606 duo,
1541 4539 1594 4593 id
1616 4548 1721 4605 est,

163 4656 338 4711 corpus
386 4650 439 4696 et
477 4640 617 4706 vita,
662 4652 780 4707 qua)
834 4634 1047 4707 quidem
1098 4642 1356 4687 creaturze
1406 4631 1724 4700 deputantur

169 4729 297 4800 (nam
316 4729 641 4787 ctCreatoris
669 4728 835 4797 ipsius
863 4726 966 4781 vita
993 4724 1203 4789 dicitur,
1227 4732 1281 4778 et
1310 4738 1373 4777 ea
1397 4736 1601 4776 summa
1617 4721 1724 4775 vita

165 4822 258 4892 est)
278 4840 291 4876 :
309 4824 415 4876 lSkD
444 4822 599 4892 igitur
623 4818 741 4875 dua:
760 4827 1018 4872 creaturae
1048 4830 1241 4885 corpus
1267 4824 1319 4869 et
1339 4813 1442 4867 vita
1470 4812 1721 4882 quoniam

166 4910 442 4967 formabilia
498 4920 650 4977 sunt,
708 4908 861 4964 sicuti
915 4907 1158 4977 superius
1212 4905 1347 4959 dicta
1396 4903 1722 4968 docuerunt,

166 5002 445 5073 amissaque
468 5001 685 5056 omnino
725 4999 891 5052 l'orma
928 4998 980 5051 in
1023 4996 1243 5050 nihilum
1285 4993 1550 5059 recidunt,
1599 4991 1727 5046 satis

169 5094 434 5149 ostendunt
475 5109 534 5148 se
561 5108 626 5147 ex
667 5091 753 5145 illa
786 5089 951 5143 forma
991 5088 1306 5152 subsistere,
1350 5102 1469 5155 qua:
1518 5099 1729 5154 semper

171 5186 409 5257 ejusmodi
426 5198 525 5243 est.
548 5183 901 5255 Quamobrem
922 5191 1344 5252 quantacumque
1365 5179 1524 5245 bona,
1544 5193 1729 5249 quam-

172 5277 247 5332 vis
280 5296 474 5351 magna,
516 5278 757 5350 quamvis
803 5276 1041 5341 minima,
1070 5275 1169 5329 nisi
1200 5290 1266 5329 ex
1310 5273 1417 5328 Deo
1468 5288 1589 5327 esse
1621 5287 1728 5327 non

175 5379 395 5436 possunt.
424 5371 560 5439 Quid
592 5368 734 5424 enim
764 5366 934 5435 majus
960 5366 1012 5421 in
1038 5366 1295 5421 creaturis
1324 5380 1478 5435 quam
1520 5364 1620 5418 vita
1651 5364 1730 5419 in-

174 5460 417 5533 telligens,
453 5471 542 5517 aut
567 5459 693 5534 quid
741 5458 919 5515 minus
947 5467 1120 5530 potest
1156 5473 1275 5513 esse
1316 5472 1472 5526 quam
1495 5456 1730 5528 corpus?

175 5549 297 5619 Quae
328 5553 709 5631 quantumth
749 5552 1037 5617 deﬁciant,
1081 5559 1136 5606 et
1174 5565 1240 5606 eo
1270 5549 1488 5605 tendant
1528 5557 1588 5603 ut
1625 5562 1729 5603 non

176 5642 293 5712 sint,
332 5656 499 5704 tamen
528 5647 724 5718 aliquid
766 5645 952 5701 formte
995 5644 1103 5699 illis
1131 5652 1391 5707 remanet,
1432 5651 1488 5697 ut
1518 5655 1731 5713 quoquo

176 5738 329 5794 modo
352 5741 472 5796 sint.
511 5739 771 5813 Quidquid
799 5748 977 5796 autem
1018 5739 1202 5794 forma:
1229 5737 1453 5807 cuipiam
1484 5735 1560 5792 rei
1595 5734 1731 5790 deti-

176 5824 327 5890 denti
352 5841 614 5901 remanet;
641 5848 708 5891 ex
732 5832 821 5891 illa
847 5831 1016 5891 forma
1040 5840 1120 5890 est
1145 5846 1261 5903 quae
1282 5829 1450 5888 nescit
1475 5827 1728 5894 deﬁcere.

1438 368 1641 425 LlBER
1679 361 2058 423 SECUNDUS.

1789 490 2068 551 motusque
2093 479 2237 551 ipsos
2266 494 2446 539 rerum
2470 478 2833 537 deficientium
2864 482 2950 542 vel
2986 485 3375 557 proﬁcientium

1788 572 2049 627 excedere
2075 564 2416 628 numerorum
2443 587 2659 628 suorum
2692 572 2835 643 leges
2878 587 2983 628 non
3029 577 3173 633 sinit.
3211 578 3376 645 Quid-

1788 663 1915 736 quid
1974 664 2129 734 igitur
2167 663 2431 719 laudabile
2471 663 2766 719 advertitur
2834 664 2886 719 in
2932 679 3107 719 rerum
3140 658 3373 737 natura,

1790 757 1902 813 sive
1922 756 2107 826 exigua
2133 757 2244 811 sive
2267 757 2442 827 ampla
2469 756 2624 811 laude
2644 755 2859 827 dignum
2883 754 3170 826 iudicetur.
3194 757 3261 813 ad
3285 774 3364 815 ει»

1791 847 2225 905 cellentissimam
2255 856 2309 903 et
2333 848 2655 904 ineffabilem
2686 847 2897 904 laudem
2924 848 3262 906 referendum
3294 861 3381 909 est

1792 939 2096 996 Conditoris
2130 958 2143 994 :
2180 940 2281 995 nisi
2308 940 2433 1009 quid
2462 940 2626 997 habes
2652 938 2718 995 ad
2744 939 2876 997 hzec.

1793 1029 2019 1086 CAPUT
2068 1028 2543 1085 XVlll.—Libera
2579 1032 2811 1086 voluntas
2831 1034 3026 1088 tametsi
3073 1034 3143 1089 ad
3187 1034 3380 1091 malum

1936 1138 2085 1177 usum
2111 1121 2328 1175 converti
2357 1123 2529 1191 possit,
2559 1121 2611 1176 in
2639 1122 2780 1176 bonis
2810 1126 3120 1180 numeranda
3144 1135 3237 1181 est.

1866 1216 1956 1271 Π.
1993 1214 2056 1270 Ε.
2084 1214 2226 1269 Satis
2257 1214 2384 1269 mihi
2410 1229 2718 1285 persuasum
2743 1230 2865 1271 esse
2889 1214 3079 1283 fateor,
3111 1226 3167 1274 et
3192 1234 3383 1290 quem-

1796 1307 2083 1364 admodum
2112 1307 2446 1362 manifestum
2477 1305 2587 1371 ﬂat,
2617 1314 2871 1377 quantum
2897 1307 2950 1364 in
2969 1306 3068 1363 hac
3098 1309 3203 1365 vita
3227 1320 3388 1383 atque

1798 1400 1938 1456 inter
1964 1400 2117 1465 tales,
2146 1398 2332 1470 quales
2362 1412 2460 1453 nos
2485 1412 2688 1464 sumus,
2718 1408 2912 1467 potest,
2951 1400 3120 1455 Deum
3152 1416 3292 1470 esse,
3327 1388 3405 1460 et‘

1798 1507 1864 1548 ex
1910 1493 2021 1547 Deo
2047 1508 2167 1548 esse
2191 1492 2367 1548 omnia
2395 1491 2533 1547 bona
2560 1508 2575 1545 :
2605 1490 3030 1563 quandoquidem
3060 1496 3237 1551 omnia
3266 1513 3390 1569 quas

1800 1594 1945 1651 sunt,
1974 1586 2085 1640 sive
2112 1601 2232 1656 qua:
2259 1582 2560 1656 intelligunt
2583 1592 2638 1639 et
2662 1585 2852 1639 vivunt
2878 1592 3093 1652 etsunt,
3122 1587 3233 1645 sive
3270 1603 3393 1661 qua:

1802 1685 2004 1731 tantum
2031 1676 2215 1730 vivunt
2239 1686 2295 1731 et
2319 1684 2463 1740 sunt,
2493 1676 2605 1731 sive
2628 1690 2749 1745 quae
2787 1683 2992 1731 tantum
3022 1684 3166 1742 sunt,
3188 1693 3253 1733 ex
3280 1678 3394 1736 Deo

1802 1777 1946 1823 sunt.
1976 1767 2125 1824 Nune
2148 1768 2253 1839 jam
2279 1769 2490 1824 tertiam
2519 1768 2868 1839 quaestionem
2892 1767 3193 1835 videamus,
3214 1781 3395 1829 utrum

1803 1858 2039 1927 expediri
2072 1859 2256 1929 possit,
2280 1858 2418 1915 inter
2441 1858 2580 1913 bona
2606 1873 2727 1915 esse
2757 1858 3140 1916 numerandam
3165 1858 3390 1918 liberam

1804 1950 2152 2005 voluntatem.
2195 1950 2311 2017 Quo
2339 1949 2722 2016 demonstrato,
2752 1950 2870 2007 sine
2905 1951 3237 2008 dubitatione
3269 1967 3400 2009 con-

1804 2044 1990 2100 cedam
2032 2044 2200 2099 Deum
2235 2043 2447 2099 dedisse
2475 2044 2629 2098 nobis
2652 2058 2794 2108 eam,
2823 2042 3048 2113 darique
3072 2036 3397 2116 Oportuisse.

1805 2138 1871 2192 Α.
1901 2138 2045 2194 Bene
2083 2136 2369 2192 meministi
2394 2135 2686 2206 proposita,
2731 2144 2786 2190 et
2822 2136 3112 2192 secundam
3143 2138 3399 2209 quastio-

1807 2243 1935 2283 nem
1960 2228 2071 2298 jam
2112 2226 2429 2297 explicatam
2472 2226 2752 2296 vigilanter
2789 2226 3210 2284 animadvertisti
3248 2246 3262 2283 :
3303 2229 3403 2286 sed

1808 2319 1992 2375 videre
2040 2317 2268 2375 debuisti
2310 2317 2468 2372 etiam
2520 2316 2675 2371 istam
2730 2317 2939 2372 tertiam
2982 2315 3093 2387 jam
3147 2318 3400 2374 solutam.

1808 2411 2097 2481 Propterea
2134 2410 2327 2481 quippe
2368 2408 2463 2463 tibi
2501 2407 2666 2463 videri
2709 2406 2942 2470 dixeras,
2990 2406 3109 2463 dari
3156 2424 3261 2464 non
3301 2409 3402 2466 de-

1808 2502 1991 2559 buisse
2030 2504 2254 2558 liberum
2280 2500 2564 2556 voluntatis
2590 2500 2888 2565 arbitrium,
2920 2498 3061 2569 quod
3085 2514 3151 2556 eo
3177 2501 3402 2572 quisque

1813 2600 2016 2664 peccat.
2049 2593 2143 2647 Cui
2172 2591 2451 2648 sententia:
2478 2600 2581 2645 tute
2607 2606 2731 2645 cum
2770 2606 2870 2662 ego
2911 2589 3228 2654 intulissem,
3261 2598 3407 2646 recte

1812 2684 1927 2740 fleri
1941 2699 2047 2742 non
2064 2699 2244 2761 posse.
2261 2684 2365 2743 nisi
2378 2680 2755 2741 codcmlibero
2771 2681 3053 2737 voluntatis
3068 2680 3288 2737 arbitrio
3302 2680 3406 2753 (α),

1812 2791 1973 2855 atque
2000 2783 2065 2837 ad
2110 2783 2163 2838 id
2206 2784 2382 2853 potius
2426 2782 2530 2839 hoc
2560 2782 2724 2837 Deum
2754 2780 2967 2838 dedisse
3004 2789 3409 2849 asseverarem;

1812 2875 2135 2947 respondisti
2184 2875 2405 2930 liberam
2452 2875 2777 2930 voluntatem
2831 2874 2903 2928 ita
2949 2874 3104 2930 nobis
3145 2866 3260 2929 dari
3303 2865 3404 2929 de-

1815 2966 2015 3031 buisse,
2046 2975 2105 3021 ut
2125 2966 2328 3037 justitia
2357 2966 2479 3020 data
2505 2974 2607 3031 est,
2649 2982 2753 3037 qua
2769 2981 2927 3022 nemo
2955 2966 3057 3022 nisi
3106 2975 3251 3023 recte
3276 2973 3403 3038 pot-

1816 3070 1899 3115 est
1927 3062 2023 3115 uti.
2052 3060 2181 3128 Qua:
2203 3059 2482 3131 responsio
2503 3068 2587 3113 tua
2605 3059 2657 3113 in
2684 3067 2860 3114 tantos
2886 3057 3139 3114 circuitus
3162 3057 3403 3129 disputa-

1818 3152 1978 3206 tionis
2017 3166 2116 3206 nos
2161 3151 2238 3205 ire
2286 3150 2561 3219 compulit,
2604 3149 2796 3221 quibus
2843 3148 2938 3204 tibi
2968 3149 3314 3220 probaremus
3354 3157 3413 3205 et

1818 3242 2018 3312 majora
2047 3250 2102 3296 et
2143 3241 2349 3296 minora
2378 3241 2515 3295 bona
2556 3256 2663 3296 non
2698 3254 2818 3295 esse
2842 3239 2944 3295 nisi
2982 3256 3048 3295 ex
3078 3240 3206 3294 Deo.
3254 3237 3412 3306 Quod

1818 3350 1925 3390 non
1955 3342 2063 3388 tam
2088 3331 2318 3387 dilucide
2346 3330 2553 3386 ostendi
2592 3338 2793 3401 posset,
2831 3329 2934 3384 nisi
2971 3329 3117 3399 prius
3154 3328 3413 3384 adversus

1820 3425 2103 3496 opiniones
2130 3423 2307 3493 impia“:
2334 3422 2591 3487 stultitiae,
2622 3436 2727 3492 qua
2754 3418 2884 3476 dicit
2907 3418 3162 3490 insipiens
3178 3419 3232 3474 in
3248 3419 3417 3476 corde

1819 3532 1938 3584 suo,
1972 3515 2094 3569 Non
2114 3524 2186 3569 est
2216 3514 2353 3569 Deus
2383 3512 2556 3583 (Psal.
2602 3527 2719 3579 xm,
2740 3511 2820 3583 l),
2844 3512 3241 3583 qualiscumque
3268 3510 3336 3567 de
3353 3526 3416 3568 re

1820 3617 1965 3664 tanta
2004 3621 2104 3678 pro
2127 3604 2344 3660 modulo
2371 3614 2555 3659 nostro
2593 3604 2719 3659 inita
2758 3602 2917 3670 ratio,
2943 3601 3131 3659 eodem
3160 3602 3276 3674 ipso
3305 3602 3416 3659 Deo

1820 3700 1875 3756 in
1903 3711 2008 3755 tam
2038 3698 2342 3771 periculoso
2376 3697 2563 3753 itinere
2592 3697 2745 3752 nobis
2769 3696 3084 3767 opitulante,
3120 3696 3175 3751 in
3210 3695 3411 3767 aliquid

1821 3792 2161 3850 manifestum
2217 3790 2599 3848 intenderetur.
2640 3789 2770 3855 Qua:
2820 3788 2927 3843 duo
2971 3798 3169 3853 tamen,
3202 3787 3254 3841 id
3301 3797 3409 3853 est,

1823 3883 1992 3940 Deum
2017 3899 2159 3951 esse,
2187 3892 2241 3939 et
2282 3882 2461 3937 omnia
2508 3880 2646 3934 bona
2686 3894 2752 3934 ex
2805 3878 2921 3947 ipso
2944 3891 3084 3941 esse,
3109 3890 3413 3946 quanquam

1822 3974 2137 4030 inconcussa
2166 3971 2271 4027 ﬁde
2290 3972 2449 4026 etiam
2471 3977 2623 4031 antea
2647 3974 2973 4029 tenerentur,
2999 3965 3078 4019 sic
3102 3974 3276 4019 tamen
3299 3974 3413 4019 tra-

1823 4073 1960 4120 ctata
2000 4071 2145 4127 sunt,
2176 4070 2237 4115 ut
2283 4061 2386 4116 hoc
2413 4073 2625 4130 quoque
2665 4056 2901 4119 tertium,
2944 4054 3082 4109 inter
3124 4054 3261 4109 bona
3290 4069 3413 4111 esse

1824 4151 2203 4210 numerandum
2228 4150 2449 4207 liberam
2473 4148 2823 4211 voluntatem,
2849 4143 3277 4201 manifestissime
3311 4159 3411 4217 ap-

1823 4256 2027 4318 pareat.

1895 4339 1984 4394 48.
2023 4337 2138 4392 Jam
2181 4335 2321 4391 enim
2358 4331 2633 4404 superiore
2684 4330 3042 4403 disputatione
3083 4329 3411 4401 patefactum

1826 4438 1929 4496 est,
1951 4428 2293 4499 constititque
2318 4427 2457 4481 inter
2477 4439 2595 4489 nos,
2628 4430 2869 4477 naturam
2897 4420 3137 4493 corporis
3161 4420 3415 4482 interiore

1826 4523 1990 4595 gradu
2018 4537 2137 4578 esse
2165 4535 2324 4591 quam
2347 4518 2507 4573 animi
2540 4524 2812 4581 naturam,
2829 4530 2893 4571 ac
2921 4528 3015 4587 per
3040 4514 3143 4570 hoc
3168 4514 3413 4574 animum

1826 4616 1999 4687 majus
2026 4614 2223 4668 bonum
2266 4625 2385 4683 esse
2412 4624 2569 4680 quam
2598 4622 2812 4679 corpus.
2843 4606 2900 4663 Si
2935 4622 3062 4677 ergo
3087 4606 3140 4663 in
3168 4609 3415 4679 corporis

1826 4704 1981 4760 bonis
2028 4702 2322 4756 invenimus
2364 4699 2536 4770 aliqua
2566 4697 2757 4769 quibus
2798 4709 2905 4752 non
2952 4707 3098 4753 recte
3139 4698 3219 4754 uti
3249 4699 3414 4755 homo

1828 4796 2017 4870 possit,
2048 4810 2147 4851 nec
2176 4803 2352 4848 tamen
2383 4800 2663 4862 propterea
2690 4788 2919 4844 dicimus
2948 4803 3054 4845 non
3078 4803 3141 4845 ea
3170 4790 3283 4845 dari
3313 4790 3414 4848 de-

1829 4888 2028 4953 buisse,
2060 4884 2307 4957 quoniam
2348 4896 2467 4938 esse
2492 4880 2809 4936 confitemur
2842 4879 3012 4945 bona;
3041 4880 3168 4952 quid
3218 4881 3413 4938 mirum

1830 4980 1875 5035 si
1902 4991 1957 5035 et
1986 4978 2041 5033 in
2070 4977 2247 5030 animo
2280 4981 2405 5029 sunt
2427 4972 2667 5043 qua-dam
2698 4970 2857 5036 bona,
2888 4971 3080 5043 quibus
3104 4972 3263 5027 etiam
3301 4985 3413 5027 non

1831 5080 1975 5128 recte
2000 5070 2073 5125 uti
2099 5067 2382 5139 possimus,
2409 5063 2503 5121 sed
2530 5064 2649 5136 quia
2675 5063 2815 5119 bona
2836 5072 2979 5129 sunt,
3000 5080 3104 5119 non
3126 5070 3415 5132 potuerunt

1831 5164 1944 5220 dari
1974 5163 2072 5218 nisi
2094 5162 2159 5215 ab
2187 5160 2278 5215 illo
2313 5175 2343 5213 a
2371 5174 2475 5230 quo
2503 5167 2628 5213 sunt
2651 5157 2828 5213 omnia
2866 5156 3046 5213 bona?
3074 5154 3233 5210 Vides
3265 5154 3412 5211 enim

1833 5264 2085 5327 quantum
2116 5252 2238 5308 boni
2268 5251 2405 5307 desit
2432 5250 2641 5320 corpori
2670 5250 2755 5305 cui
2781 5248 2975 5307 desunt
3001 5258 3211 5309 manus,
3235 5253 3292 5300 et
3322 5252 3409 5300 ta-

1833 5363 1955 5404 men
1984 5345 2225 5401 manibus
2260 5344 2397 5399 male
2439 5342 2602 5397 utitur
2637 5341 2726 5412 qui
2768 5341 2845 5394 eis
2872 5342 3124 5407 operatur
3149 5334 3232 5389 vel
3266 5350 3411 5391 smva

1834 5439 1916 5494 vel
1944 5438 2133 5508 turpia.
2163 5434 2289 5491 Sine
2314 5432 2537 5506 pedibus
2566 5431 2790 5502 aliquem
2818 5426 2862 5480 si
2895 5426 3179 5495 aspiceres,
3218 5423 3412 5481 fatere-

1836 5532 1910 5588 ris
1932 5530 2121 5586 deesse
2149 5526 2433 5599 integritati
2473 5521 2709 5594 eorporis
2748 5518 3034 5590 plurimum
3082 5516 3309 5583 bonum;
3353 5526 3413 5573 et

1835 5636 2011 5682 tamen
2038 5639 2159 5681 eum
2201 5621 2290 5692 qui
2333 5619 2399 5673 ad
2444 5614 2739 5673 nocendum
2773 5610 3020 5682 cuipiam,
3051 5610 3136 5667 vel
3176 5609 3411 5679 seipsum

1835 5712 2290 5773 dehonestandum
2332 5706 2551 5780 pedibus
2592 5710 2858 5772 uteretur,
2898 5701 3038 5760 male
3071 5702 3149 5759 uti
3187 5698 3413 5773 pedibus

1900 5831 1974 5895 (α)
1997 5830 2097 5883 vid.
2123 5832 2333 5909 Retract.
2350 5823 2436 5876 lib.
2463 5822 2510 5886 l,
2533 5834 2639 5888 cap.
2662 5819 2716 5885 9,
2734 5832 2787 5873 ιι.
2810 5818 2861 5872 5.
