3824 6296
464 560 571 602 non
603 554 842 611 negares.
885 533 1063 590 Oculis
1104 530 1245 586 Itane
1286 529 1456 583 lucem
1498 526 1772 589 videmus,
1817 522 2043 577 formas-

462 649 567 705 que
604 627 1009 685 iuternoscimus
1054 636 1370 694 corporum;
1422 620 1579 690 idque
1619 626 1673 671 et
1713 615 2045 686 speciosissi-

458 740 606 781 mtun
636 733 715 778 est
742 723 794 775 itt
840 729 1021 773 nostro
1045 730 1291 784 corpore,
1320 714 1460 768 unde
1488 714 1537 767 in
1574 710 1779 779 last‘gio
1815 708 2042 778 quodam

428 818 732 890 .‘dignitstis
771 815 883 868 iure
922 810 1159 864 membra
1203 808 1371 862 locata
1415 814 1570 868 sunt;
1617 811 1672 858 et
1711 801 1777 855 ad
1818 800 2041 853 salutem

462 910 733 967 tuendam,
778 904 1046 972 multaque
1088 901 1189 953 alia
1229 900 1351 954 vita:
1393 896 1670 953 commoda
1716 892 1879 950 refert
1916 906 2043 947 usus

428 1000 730 1056 :oéulurdm
757 1015 770 1050 :
798 993 966 1050 oculis
991 1003 1168 1046 tamen
1198 990 1433 1059 plerique
1468 990 1717 1059 pleraque
1743 993 1903 1055 agunt
1929 994 2041 1041 tur-

460 1092 617 1161 piter.
641 1098 697 1144 et
725 1099 816 1137 eos
842 1082 1071 1136 militare
1099 1091 1293 1149 cogunt
1322 1080 1546 1135 libidini.
1595 1078 1661 1132 Et
1698 1076 1847 1131 vides
1874 1090 2042 1145 quan-

426 1191 568 1237 -ιιιπι
609 1179 804 1232 bonum
845 1174 983 1228 desit
1020 1174 1072 1226 in
1116 1172 1267 1231 faeie.
1295 1173 1341 1224 si
1383 1170 1520 1224 oculi
1546 1168 1721 1222 desint
1751 1185 1764 1223 :
1796 1180 1921 1221 cum
1941 1182 2040 1221 au-

422 1280 563 1327 tem
600 1268 811 1330 adsunt,
852 1266 970 1335 quis
1002 1266 1098 1317 ltus
1123 1262 1291 1325 dedit,
1347 1262 1447 1315 nisi
1498 1262 1755 1315 bonorum
1803 1258 2040 1317 omnium

455 1359 881 1434 largitorDeus?
920 1354 1384 1425 Quemadmodum
1422 1362 1551 1422 ergo
1603 1353 1700 1405 ista
1745 1350 1939 1420 probas
1988 1349 2039 1403 'm

420 1462 693 1522 -corpttte.
732 1460 787 1505 et
834 1462 937 1503 non
988 1448 1200 1501 intuens
1238 1460 1335 1499 eos
1363 1446 1451 1513 qui
1481 1443 1620 1497 ntan
1673 1442 1755 1495 bis
1799 1450 2035 1503 utuntur,

418 1573 427 1587 ο
453 1548 637 1603 laudas
667 1546 815 1599 illum
839 1542 928 1612 qui
961 1542 1075 1594 lucc
1098 1539 1242 1593 dedit
1273 1538 1408 1591 bona
1443 1555 1456 1589 ι
1498 1537 1573 1589 sic
1599 1535 1819 1588 liberam
1846 1534 2038 1586 volun-

412 1664 425 1695 ς
453 1646 616 1695 tatem
642 1637 756 1690 sine
788 1649 889 1703 qua
928 1647 1085 1685 nemo
1124 1638 1295 1699 potest
1329 1635 1475 1683 recte
1502 1626 1701 1689 vivere,
1730 1631 1943 1694 oportet
1986 1630 2040 1689 et

418 1729 673 1793 gbonnm,
700 1737 753 1779 et
778 1725 1031 1779 divinitus
1054 1722 1259 1786 datum,
1300 1730 1354 1777 et
1383 1720 1560 1790 potius
1586 1730 1683 1773 eos
1706 1715 2037 1771 dttMttuttdos

423 1853 433 1881 -,
458 1818 541 1890 qui
570 1818 670 1873 ltoc
708 1818 849 1871 bono
894 1816 1031 1869 male
1074 1822 1310 1877 utuntur,
1340 1824 1503 1882 quam
1543 1825 1663 1866 eum
1709 1808 1801 1879 qui
1829 1806 2039 1862 dederit

410 1954 421 1961 .
448 1910 580 1967 dare
606 1922 709 1969 non
734 1906 982 1960 debuisse
1006 1905 1236 1959 fatearis.

412 2054 424 2064 ,
522 2001 613 2057 69.
654 1998 719 2053 Β.
753 1998 906 2053 Prius
930 2012 1059 2065 ergo
1085 1997 1273 2050 vellem
1298 2004 1354 2049 ttt
1380 1994 1507 2049 milti
1542 1991 1797 2060 probares
1822 1988 2035 2060 aliquod

419 2141 424 2145 .
451 2094 648 2148 bonum
674 2105 794 2146 esse
826 2089 1043 2143 liberam
1083 2090 1427 2148 voluntatem.
1452 2095 1507 2139 et
1537 2100 1637 2155 ego
1676 2082 2033 2138 concederem

416 2200 417 2203 ‘
452 2184 619 2238 Deum
645 2181 788 2235 illam
820 2178 1033 2233 dedisse
1061 2176 1233 2238 nobis,
1268 2177 1391 2246 quia
1422 2178 1587 2229 lateor
1627 2189 1693 2229 ex
1730 2174 1836 2228 Deo
1860 2174 2037 2227 omnia

449 2276 587 2331 bona
606 2288 745 2328 esse.
778 2271 842 2325 Α.
870 2272 1012 2325 Itane
1034 2270 1247 2322 tandem
1271 2283 1374 2320 non
1403 2266 1619 2335 probavi
1650 2265 1741 2319 tibi
1767 2274 1911 2318 tanto
1933 2279 2040 2319 mo-

407 2410 418 2416 .
450 2362 949 2433 lltnittesnperioris
974 2360 1368 2427 disttutntioitis,
1393 2373 1516 2413 cum
1542 2372 1756 2412 omnem
1804 2358 2036 2429 speciest]

451 2459 784 2523 [omniaque
808 2453 1048 2521 corporis
1072 2466 1102 2504 a
1130 2465 1335 2504 summa
1364 2450 1601 2502 omnium
1630 2464 1805 2503 rerum
1845 2448 2033 2515 forma,

450 2550 506 2604 id
533 2557 613 2604 est
646 2562 680 2600 ι
710 2544 953 2606 veritate.
985 2542 1276 2596 subsistere
1318 2540 1575 2603 fatereris.
1600 2548 1655 2595 et
1697 2539 1892 2593 bonum
1918 2554 2038 2594 esse

414 2696 415 2699 η
453 2633 817 2694 concederes?
846 2632 976 2686 Nam
1003 2641 1057 2686 et
1084 2631 1308 2699 capillos
1331 2640 1543 2685 nostros
1564 2638 1868 2685 numeratos
1893 2646 2032 2695 esse,

408 2798 415 2805 ι
452 2734 565 2803 ipsa
589 2731 642 2784 itt
670 2727 952 2797 Evangelio
977 2726 1208 2795 loquitur
1236 2724 1443 2779 Veritas
1476 2724 1685 2796 (Muttlt.
1716 2742 1768 2792 κ,
1808 2725 1919 2797 50).
1966 2726 2037 2780 [le

451 2823 660 2880 numeri
690 2829 864 2874 autem
907 2819 1232 2889 summitate.
1262 2825 1317 2871 et
1350 2832 1380 2867 a
1425 2817 1528 2870 line
1564 2831 1727 2882 usque
1765 2816 1831 2870 ad
1876 2819 2034 2870 linem

344 2966 355 2977 κ
449 2912 800 2987 pertendente
815 2910 1067 2979 potentia,
1082 2924 1201 2977 qua:
1216 2907 1377 2961 locuti
1396 2906 1669 2967 fuerimus.
1684 2906 1878 2960 excidit
1906 2908 2036 2961 tibi?

448 3009 581 3078 Qute
602 3007 765 3075 igitur
785 3005 886 3059 ista
920 3012 1003 3058 est
1042 3012 1184 3056 tanta
1213 3000 1552 3071 perversitas.
1580 3000 1799 3068 capillos
1826 3011 2036 3055 nostros

455 3101 698 3173 quamvis
723 3101 860 3154 inter
897 3096 1087 3167 exigua
1117 3096 1401 3151 etomnino
1440 3094 1825 3163 altjectissima,
1857 3104 2034 3148 tamen

449 3196 591 3251 inter
632 3195 769 3248 bona
816 3205 1123 3254 numerare,
1170 3204 1265 3244 nec
1298 3187 1535 3242 invenire
1575 3190 1659 3241 cui
1707 3187 1906 3241 auctori
1936 3186 2033 3240 tri-

448 3287 679 3344 buantur
702 3286 803 3340 nisi
830 3285 1092 3337 bonorum
1113 3279 1349 3333 omnium
1380 3278 1643 3333 conditori
1671 3278 1798 3343 Deo,
1826 3280 1948 3346 quia
1983 3286 2037 3331 et

449 3379 680 3435 maxima
707 3386 761 3429 et
782 3375 998 3428 minima
1030 3373 1167 3425 bona
1196 3372 1264 3422 ab
1291 3369 1381 3422 illo
1402 3378 1546 3433 sunt,
1579 3384 1609 3421 a
1649 3384 1757 3438 quo
1778 3376 1860 3423 est
1877 3384 2036 3424 omne

451 3471 687 3530 bonum;
734 3478 788 3521 et
828 3464 1073 3518 dubitare
1120 3460 1190 3514 de
1236 3459 1401 3513 libera
1445 3460 1733 3524 voluntate.
1783 3460 1899 3513 sine
1933 3475 2035 3529 qua

450 3571 601 3618 recte
627 3559 731 3613 vivi
762 3573 867 3611 non
915 3566 1073 3625 posse
1107 3553 1428 3618 concedunt,
1474 3552 1631 3605 etiam
1676 3553 1766 3621 qui
1808 3553 2037 3621 pessime

452 3650 669 3707 vivunt?
695 3650 759 3703 Et
782 3656 926 3703 certe
958 3660 1096 3700 nunc
1123 3644 1407 3712 responde,
1427 3659 1628 3713 quteso,
1655 3644 1778 3713 quid
1808 3643 1899 3697 tibi
1929 3660 2037 3699 me-

452 3740 559 3798 lius
587 3752 708 3796 esse
738 3738 978 3791 videatur
1003 3736 1053 3788 in
1082 3734 1256 3800 nobis,
1279 3735 1394 3788 sine
1418 3749 1523 3803 qtto
1546 3742 1687 3788 recte
1708 3733 1812 3786 vivi
1838 3744 2033 3803 potest,
2105 3774 2109 3778 .

451 3848 522 3888 an
547 3832 663 3886 sine
684 3845 790 3900 quo
821 3836 967 3883 recte
1000 3827 1106 3879 vivi
1138 3842 1241 3879 non
1272 3835 1459 3893 potest.
1491 3825 1558 3879 Ε.
1600 3824 1829 3894 Jantjam
1856 3841 2035 3895 parce,

450 3937 662 3996 quaeso;
690 3920 853 3992 pudet
879 3918 1152 3973 excitatis.
1186 3917 1313 3983 Quis
1357 3916 1496 3970 enim
1540 3916 1771 3985 ambigat
1801 3917 1849 3969 id
1881 3917 2037 3987 longe

450 4029 571 4071 usae
586 4013 940 4084 prtestautius,
958 4010 1074 4064 sine
1099 4024 1205 4079 quo
1231 4017 1373 4062 recta
1400 4009 1504 4061 vita
1534 4008 1675 4062 nulla
1705 4009 1819 4062 est?
1844 4008 2037 4063 AJam

451 4122 581 4178 ergo
614 4113 669 4161 tu
705 4104 921 4174 negabis
945 4103 1149 4158 luscum
1184 4100 1451 4155 hominem
1482 4110 1626 4153 recte
1652 4114 1808 4169 posse
1831 4101 2042 4156 vivere?

455 4199 521 4255 E.
552 4198 702 4253 Absit
733 4206 837 4249 tam
869 4194 1114 4247 immanis
1140 4192 1392 4246 amentia.
1432 4192 1496 4244 Α.
1526 4190 1656 4245 Cum
1685 4206 1815 4260 ergo
1838 4193 1891 4246 in
1917 4209 2039 4247 eor-

410 4305 583 4362 :pore
634 4287 848 4343 oculum
900 4284 1161 4339 concedas
1214 4299 1335 4337 esse
1377 4282 1590 4351 aliquod
1640 4282 1836 4337 bonum
1866 4316 1882 4348 ,
1935 4301 2041 4353 quo

402 4416 405 4423 ι
452 4384 651 4439 amisso
676 4390 850 4434 tamen
877 4377 942 4432 ad
971 4387 1112 4433 recte
1143 4375 1422 4449 vivendum
1452 4392 1555 4429 ttott
1589 4374 1913 4441 impeditur;
1941 4391 2038 4429 Vo-

454 4475 633 4529 luntas
669 4472 831 4528 libera
862 4470 958 4523 tibi
998 4468 1263 4523 videbitur
1307 4466 1508 4520 ttulltutt
1540 4466 1757 4530 bonum,
1788 4467 1907 4521 sine
1936 4483 2039 4538 qua

459 4575 603 4620 recte
628 4576 784 4618 nemo
810 4561 974 4615 vivit?

528 4653 618 4709 50.
652 4652 874 4706 Intueris
902 4650 1041 4706 enim
1060 4648 1341 4717 justitiam,
1364 4663 1465 4718 qua
1501 4663 1659 4703 nemo
1682 4649 1819 4704 male
1857 4650 2037 4704 utitur.

456 4743 586 4800 ηις
606 4743 745 4796 inter
772 4758 975 4795 summa
1004 4741 1139 4795 bona
1168 4756 1289 4809 quae
1315 4740 1366 4793 in
1397 4741 1510 4809 ipso
1536 4751 1659 4796 sunt
1702 4741 1913 4797 homine
1940 4760 2040 4797 ttu-

461 4844 720 4896 moratur,
752 4846 1043 4901 omnesque
1081 4833 1305 4885 virtutes
1327 4832 1484 4885 animi
1522 4833 1715 4900 quibus
1745 4833 1855 4901 ipsa
1898 4842 2039 4887 recta

458 4930 567 4986 vita
592 4938 647 4982 et
677 4925 897 4979 honesta
922 4933 1146 4978 constat.
1185 4924 1313 4977 Nam
1341 4940 1511 4992 neque
1539 4925 1835 4994 prudentia,
1870 4941 2043 4998 neque

458 5018 793 5081 fortitudine,
827 5030 997 5084 neque
1027 5014 1375 5085 temperantia
1420 5016 1556 5071 male
1582 5017 1700 5086 quis
1732 5018 1895 5071 utitur
1926 5035 1941 5070 :
1989 5019 2041 5073 in

412 5172 413 5175 η
459 5112 543 5167 bis
569 5110 711 5167 enim
737 5106 1007 5170 omnibus,
1039 5106 1171 5159 sicut
1202 5106 1253 5159 in
1287 5106 1393 5174 ipsa
1433 5108 1591 5161 etiam
1622 5123 1779 5177 quam
1808 5116 1860 5161 tu
1889 5124 2041 5163 com-

458 5200 767 5261 memorasti
791 5198 1017 5281 iustitia,
1044 5206 1182 5253 recta
1211 5199 1344 5253 ratio
1365 5200 1527 5269 viget,
1556 5199 1670 5255 sine
1688 5215 1793 5270 qua
1821 5200 2043 5256 virtutes

412 5326 415 5329 -
458 5308 581 5350 esse
599 5306 707 5348 neu
736 5298 973 5362 possunt.
1003 5287 1165 5345 Recta
1192 5299 1367 5345 autem
1388 5291 1592 5346 ratione
1620 5292 1759 5347 male
1781 5293 1857 5347 uti
1883 5307 2042 5349 nemo

448 5394 657 5457 potest.

462 5475 687 5536 CAPUT
731 5474 875 5532 XIX.
898 5494 969 5517 -—-
988 5473 1132 5530 Bona
1157 5491 1361 5545 magna,
1389 5475 1625 5541 minima,
1666 5483 1715 5529 et
1742 5475 1929 5531 inedia.
1976 5474 2042 5531 In

912 5567 1090 5621 mdt'is
1116 5575 1345 5621 cauetur
1370 5565 1594 5619 libertas.

534 5659 638 5717 Ista
659 5672 788 5730 ergo
803 5673 988 5731 magna
1015 5660 1149 5715 bona
1172 5667 1297 5714 sunt
1319 5676 1333 5712 :
1361 5656 1454 5714 sed
1483 5656 1787 5712 meminisse
1809 5666 1861 5713 te
1883 5671 2044 5730 opor-

467 5761 564 5815 tet,
594 5766 699 5804 non
730 5749 900 5802 Solum
930 5766 1138 5820 magna,
1165 5751 1258 5817 sed
1308 5751 1466 5806 etiam
1499 5748 1713 5803 minima
1757 5751 1892 5805 bona
1936 5767 2040 5805 non

465 5854 586 5895 esse
606 5854 785 5910 posse,
807 5839 911 5892 nisi
930 5839 996 5891 ab
1018 5840 1106 5895 illo
1130 5855 1160 5894 a
1187 5856 1291 5912 quo
1308 5832 1437 5897 sunt
1456 5839 1631 5895 omnia
1655 5840 1811 5905 bona,
1841 5839 1941 5896 boc
1960 5848 2045 5897 cst

1488 410 1577 467 DE
1614 406 1868 466 ΗΒΕΒο
1904 402 2250 469 ARBITRIO.
2289 404 2347 461 S.
2387 404 2753 465 AUGUSTI!"

2156 520 2288 575 Deo.
2315 517 2367 575 ld
2394 521 2535 575 enim
2558 522 2805 591 superior
2828 506 3114 593 disputatio
3147 526 3429 596 persuasit,
3452 516 3543 583 cui
3571 534 3693 591 toties

2153 620 2364 681 tamque
2386 612 2536 667 laetus
2563 629 2815 669 assensus
2838 630 2918 670 es.
2942 615 3175 670 Virtutes
3197 616 3355 687 igitur
3376 620 3557 689 quibus
3580 634 3694 682 recte

2152 705 2365 768 vivitur,
2389 722 2575 776 magna
2596 705 2730 761 bona
2760 716 2886 761 sunt
2911 725 2925 761 :
2949 710 3155 779 species
3182 719 3359 764 autem
3382 713 3693 782 quorumlibet

2150 811 2455 867 corporum,
2488 790 2605 853 sine
2629 790 2823 869 quibus
2847 810 2989 855 recte
3010 801 3111 854 vivi
3136 811 3331 872 potest,
3361 789 3565 858 minima
3585 807 3689 866 bona

2148 896 2310 941 sunt:
2345 890 2595 957 potentia:
2624 906 2751 943 vero
2778 891 2940 945 animi
2969 891 3087 948 sine
3108 893 3300 961 quibus
3334 904 3475 950 recte
3500 898 3590 951 vivi
3610 917 3689 958 non

2149 985 2345 1046 potet,
2366 978 2536 1033 media
2560 979 2694 1034 bona
2717 990 2859 1035 sunt.
2882 981 3172 1036 Virtutibus
3197 998 3356 1039 nemo
3378 988 3508 1042 male
3526 991 3685 1048 utitur:

2148 1072 2357 1126 caeteris
2380 1082 2555 1127 autem
2579 1073 2752 1138 bonis,
2779 1073 2829 1128 id
2855 1083 2955 1139 est,
2980 1075 3169 1131 mediis
3183 1086 3240 1131 et
3254 1077 3501 1144 minimis.
3522 1098 3687 1138 nonsu-

2149 1162 2258 1217 lum
2288 1163 2444 1228 bene,
2473 1164 2566 1219 sed
2597 1166 2758 1220 etiam
2790 1167 2929 1221 male
2954 1168 3177 1238 quisque
3202 1170 3277 1223 uti
3307 1178 3491 1238 potest.
3519 1174 3574 1228 Et
3595 1177 3684 1232 ιιιω

2147 1254 2343 1310 virtute
2369 1272 2525 1310 nemo
2550 1258 2689 1311 male
2716 1256 2899 1323 tttitur,
2928 1260 3048 1327 quia
3070 1276 3204 1329 Opus
3229 1262 3439 1317 virtutis
3458 1277 3531 1318 est
3552 1266 3682 1325 boum

2148 1360 2275 1400 usus
2321 1348 2564 1410 istorum.
2590 1349 2781 1418 quibus
2809 1351 2969 1404 etiam
3008 1367 3110 1405 non
3150 1352 3288 1408 bene
3316 1354 3390 1407 ttti
3431 1366 3679 1423 possumus.

2146 1436 2313 1491 Nemo
2328 1448 2502 1493 autem
2518 1440 2653 1495 bene
2665 1441 2864 1496 utendo
2880 1442 3017 1496 male
3029 1444 3210 1496 utitur.
3225 1442 3403 1511 Quare
3416 1446 3682 1508 abundantia

2146 1540 2200 1585 et
2218 1532 2522 1602 magnitudo
2540 1532 2788 1588 bonitatis
2802 1535 2893 1589 Dei
2912 1550 3017 1590 non
3038 1536 3209 1591 Solum
3233 1552 3439 1607 magna.
3460 1540 3543 1594 sed
3557 1545 3680 1600 etiam

2147 1624 2321 1679 ntcdia
2351 1634 2404 1679 et
2432 1626 2645 1680 minima
2675 1627 2810 1681 bona
2837 1642 2958 1683 esse
2988 1629 3251 1696 praestitit.
3288 1630 3446 1700 Magis
3469 1631 3678 1691 ldttthlttla

2147 1723 2227 1770 est
2254 1714 2460 1771 bonitas
2478 1717 2594 1785 ejus
2619 1718 2671 1771 itt
2702 1719 2906 1788 magnis
2930 1735 3084 1790 qtmm
3116 1720 3171 1775 in
3215 1721 3423 1787 mediis,
3464 1733 3513 1779 et
3549 1730 3679 1797 magis

2147 1807 2200 1862 in
2227 1809 2415 1863 mediis
2438 1827 2596 1879 quam
2626 1811 2677 1865 in
2706 1812 2938 1867 minimis
2964 1812 3115 1866 bonis
3138 1829 3151 1864 :
3174 1812 3270 1868 sed
3296 1816 3457 1887 magis
3481 1817 3529 1871 itt
3546 1820 3679 1875 eumi-

2145 1897 2246 1953 bus
2272 1917 2432 1969 quam
2460 1901 2506 1954 si
2535 1918 2639 1955 non
2670 1903 2848 1956 omnia
2874 1902 3165 1959 tribuisset.

2215 1992 2305 2048 δι.
2332 1991 2399 2047 Ε.
2432 1994 2726 2049 Assentior.
2756 1994 2859 2049 Sed
2890 1994 3017 2049 illttd
3045 2010 3132 2048 me
3158 2004 3356 2062 movet,
3384 1998 3607 2068 quoniam
3627 1984 3680 2056 de

2114 2126 2115 2129 η
2146 2084 2308 2141 libera
2337 2087 2607 2142 VttlllttL‘Ilc
2632 2088 2855 2156 qumstio
2889 2098 2992 2154 est,
3038 2096 3090 2143 et
3134 2088 3372 2143 videmus
3400 2090 3553 2155 ipsam
3575 2090 3680 2147 bene

2146 2178 2219 2231 uti
2246 2180 2453 2234 cretcris
2481 2179 2563 2234 vel
2604 2193 2709 2232 non
2750 2179 2906 2243 bene.
2952 2178 3221 2249 quomodo
3243 2188 3296 2234 et
3334 2181 3441 2251 ipsa
3469 2182 3591 2236 inter
3613 2170 3679 2237 illi

2144 2268 2336 2339 quibus
2356 2272 2551 2325 utimttr
2570 2270 2892 2325 numeranda
2914 2272 3005 2327 sit.
3034 2272 3095 2324 Α.
3117 2272 3393 2339 Quomodo
3411 2274 3569 2327 omnia
3586 2266 3680 2344 qua:

2143 2359 2209 2415 ad
2248 2360 2521 2415 scientiam
2555 2362 2948 2431 cognoscimus,
2993 2363 3200 2416 ratione
3234 2363 3605 2431 cognoscimus,
3634 2373 3682 2422 et

2145 2462 2319 2509 tamen
2354 2456 2515 2509 etiam
2541 2451 2657 2525 ipsi
2686 2454 2822 2509 ratio
2858 2455 2997 2508 inter
3036 2454 3125 2508 illa
3155 2465 3447 2509 numeratur
3467 2470 3575 2525 qua:
3605 2471 3681 2511 rs-

2144 2546 2288 2601 tiotte
2322 2546 2711 2613 cognoscimus.
2750 2544 2830 2598 An
2867 2544 3065 2599 oblitus
3105 2559 3187 2608 es,
3226 2560 3336 2599 cum
3360 2536 3677 2616 (turicremas

2141 2649 2261 2706 quae
2296 2636 2499 2689 ratione
2527 2644 2930 2706 cognoscantur,
2959 2634 3266 2689 confessum
3302 2645 3349 2690 te
3373 2634 3516 2692 luisse
3538 2638 3680 2691 etiam

2142 2728 2399 2781 rationem
2422 2728 2623 2781 ratione
2643 2725 2925 2797 cognosci?
2950 2725 3070 2782 Noli
3095 2742 3225 2797 ergo
3246 2728 3417 2782 mirari
3443 2730 3483 2783 si
3504 2729 3680 2785 exteris

2106 2876 2113 2883 ι
2143 2833 2239 2889 per
2267 2818 2484 2874 liberam
2514 2819 2838 2874 voluntatem
2867 2819 3081 2879 utimur.
3110 2817 3273 2872 etiam
3303 2820 3409 2889 ipsa
3437 2820 3582 2874 libera
3604 2828 3676 2875 η-

2142 2910 2343 2966 luntate
2370 2927 2464 2981 per
2483 2927 2601 2966 eam
2630 2910 2795 2981 ipsam
2826 2910 2900 2965 ttti
2932 2926 3029 2965 nos
3059 2919 3322 2981 posse;ut
3338 2910 3695 2981 quodammodo

2140 3017 2202 3058 se
2228 3003 2338 3074 ipsa
2376 3012 2551 3057 utatur
2574 3003 2816 3057 voluntas
2862 3017 2979 3071 qua:
3014 3002 3178 3055 utitur
3208 3004 3434 3065 caneris,
3470 3004 3674 3058 sientsc-

2140 3091 2310 3164 lpsatn
2344 3094 2613 3163 cognoscit
2642 3094 2796 3159 ratio,
2827 3107 2944 3161 qua:
2973 3092 3243 3162 cognoscit
3268 3101 3327 3148 et
3349 3104 3547 3149 cetera.
3572 3084 3675 3149 Nam

2141 3194 2197 3241 et
2229 3188 2481 3241 memoria
2511 3201 2615 3240 non
2646 3186 2817 3240 solum
2849 3195 3041 3240 extera
3086 3186 3286 3251 omnia,
3326 3199 3438 3256 qua:
3474 3186 3676 3240 memini-

2098 3330 2101 3333 .
2141 3291 2259 3331 mus
2280 3276 2714 3346 comprehendit;
2741 3275 2834 3331 sed
2864 3277 3027 3331 etiam
3052 3275 3194 3346 quod
3234 3292 3339 3331 non
3368 3276 3676 3332 oltliviscimur

2142 3382 2240 3422 nos
2262 3368 2456 3424 habere
2483 3369 2814 3431 memoriam,
2844 3369 2955 3441 ipsa
2972 3384 3031 3424 se
3062 3368 3317 3424 memoria
3338 3370 3676 3441 quodammodo

2144 3466 2287 3513 tenet
2331 3459 2381 3511 in
2428 3460 2601 3522 nobis,
2632 3474 2750 3530 qua:
2793 3475 2895 3513 non
2934 3450 3105 3514 solum
3149 3460 3396 3525 aliorum,
3434 3459 3516 3515 sed
3545 3459 3676 3513 etiam

2140 3554 2223 3607 sui
2264 3554 2523 3617 meminit,
2552 3554 2633 3607 vel
2675 3554 2849 3622 potius
2888 3568 2985 3609 nos
3023 3560 3079 3608 et
3104 3561 3297 3608 cetera
3325 3563 3377 3609 et
3415 3552 3562 3623 ipsam
3601 3566 3676 3622 per

2143 3643 2310 3713 ipsam
2346 3644 2701 3699 meminimus.

2214 3734 2304 3789 52.
2337 3735 2590 3789 Voluntas
2613 3749 2740 3801 ergo
2756 3749 2872 3803 qua:
2893 3733 3123 3789 medium
3151 3735 3347 3791 bonum
3368 3744 3461 3798 cst.
3483 3748 3584 3790 cum
3608 3733 3673 3789 in-

2146 3824 2309 3881 lta‘ret
2339 3825 2756 3881 incontmutaltili
2800 3825 2961 3891 bono,
2990 3826 3151 3896 eique
3180 3826 3440 3880 communi
3463 3841 3548 3879 non
3573 3839 3655 3893 pro

2144 3919 2283 3988 prio,
2320 3919 2471 3973 sicuti
2510 3927 2592 3974 est
2633 3918 2716 3972 illa
2762 3917 2829 3972 do
2864 3936 2965 3988 qua
2996 3920 3219 3973 multum
3253 3919 3404 3974 locuti
3429 3933 3597 3980 sumus,
3624 3924 3672 3971 et

2145 4012 2275 4065 niltil
2304 4012 2462 4082 digs-e
2494 4012 2744 4075 diximus,
2777 4014 3004 4075 veritas;
3042 4020 3187 4067 tenet
3215 4012 3375 4068 homo
3400 4012 3568 4066 iratam
3598 4008 3667 4061 vi-

2147 4111 2253 4157 tam
2279 4121 2290 4156 :
2324 4118 2492 4174 eaque
2520 4104 2631 4173 ipsa
2660 4104 2762 4157 vita
2790 4104 2940 4158 beata
2960 4145 2974 4163 .
3016 4103 3066 4157 id
3094 4113 3177 4157 est
3203 4101 3367 4157 animi
3405 4099 3580 4155 animo
3602 4098 3671 4151 itt-

2100 4242 2107 4247 .
2148 4192 2399 4249 Itutreutis
2431 4193 2842 4247 ttteommnlabili
2888 4194 3047 4259 bono,
3089 4195 3366 4265 proprium
3405 4203 3455 4249 et
3487 4194 3672 4262 primum

2145 4294 2229 4340 est
2265 4284 2493 4339 hominis
2521 4285 2737 4340 bonum.
2772 4285 2826 4338 ltt
2854 4300 2921 4339 eo
2946 4294 3069 4339 sunt
3092 4288 3250 4340 etiam
3279 4286 3488 4340 virtutes
3504 4296 3671 4345 omnes,

2146 4377 2339 4448 quibus
2364 4378 2503 4434 male
2530 4378 2603 4432 uti
2634 4391 2791 4431 nemo
2824 4386 3015 4447 putest.
3041 4375 3170 4432 Nam
3202 4375 3321 4431 ltmc
3342 4376 3558 4446 quamvis
3581 4382 3648 4428 uta

2146 4483 2249 4538 grta
2292 4468 2345 4523 itt
2395 4468 2608 4523 ltontine
2635 4476 2691 4525 et
2732 4469 2901 4537 prima
2942 4466 3076 4532 sint,
3121 4456 3337 4538 propria
3379 4477 3538 4522 tamen
3578 4478 3673 4518 esse

2148 4558 2557 4628 uniuscuiusque
2590 4558 2850 4623 hominis,
2882 4572 2987 4612 non
3012 4561 3345 4624 communia,
3375 4556 3494 4613 satis
3517 4550 3673 4609 intelli-

2146 4649 2305 4720 gitur.
2342 4648 2571 4704 Vt-ritate
2600 4649 2741 4703 enim
2772 4656 2929 4718 atque
2954 4644 3239 4718 sapientia.
3280 4665 3397 4720 qua:
3428 4643 3673 4704 communis

2147 4750 2230 4796 est
2254 4742 2529 4805 omnibus,
2570 4756 2757 4797 omnes
2786 4742 3051 4811 sapientes
3085 4749 3138 4795 et
3180 4742 3317 4796 beati
3364 4742 3514 4805 liunt.
3546 4736 3655 4791 iuba:

2148 4832 2313 4886 rendo
2344 4832 2441 4885 illi.
2481 4832 2809 4887 Bcatitndiue
2832 4843 3005 4885 autem
3033 4832 3251 4885 alterius
3287 4830 3505 4885 hominis
3529 4844 3614 4883 non
3633 4825 3675 4877 lit

2145 4924 2281 4977 alter
2308 4924 2521 4985 beatus;
2556 4926 2676 4993 quia
2716 4932 2771 4978 et
2805 4930 2923 4977 eunt
2953 4938 3074 4977 cum
3119 4922 3354 4977 imitatur
3392 4931 3446 4977 ιιι
3468 4922 3553 4983 sit,
3578 4915 3673 4976 imis

2147 5016 2347 5085 appetit
2371 5016 2553 5070 beatus
2584 5015 2717 5079 lieri,
2746 5014 2881 5070 unde
2911 5015 3056 5068 illum
3084 5012 3279 5068 factum
3308 5014 3477 5078 videt,
3507 5010 3653 5066 il’asci

2149 5105 2273 5161 licet
2338 5106 2748 5161 incommutabili
2806 5104 3180 5174 communith
3236 5105 3469 5160 veritate.
3528 5098 3673 5168 Ναῐυε

2149 5195 2423 5265 prudentia
2452 5196 2759 5264 cujusquam
2788 5195 2844 5248 lit
2868 5191 3097 5264 prudens
3122 5192 3287 5257 alius,
3315 5202 3405 5247 aut
3428 5190 3559 5247 fortis
3583 5180 3668 5242 lur~

2151 5284 2392 5348 titudine,
2416 5296 2503 5339 attt
2526 5296 2825 5355 temperans
2841 5282 3207 5354 temperantia.
3228 5294 3313 5337 aut
3333 5282 3497 5353 justus
3510 5275 3674 5349 institit

2150 5370 2379 5432 hominis
2425 5378 2643 5431 alterius
2682 5376 2954 5447 quisquam
3002 5370 3258 5440 efﬁcitur;
3296 5364 3388 5430 sed
3428 5365 3676 5441 emptam

2149 5469 2383 5523 animum
2413 5466 2515 5521 illis
2548 5456 3059 5522 incouunutabilibus
3095 5462 3290 5535 regulis
3330 5450 3673 5525 luminibusqw

2150 5561 2425 5625 virtutum,
2453 5574 2571 5629 qua:
2597 5550 3060 5626 incorrttptibilitcr
3079 5544 3261 5609 vivunt
3281 5552 3331 5607 in
3355 5551 3460 5623 ipsa
3489 5542 3671 5602 veritate

2150 5653 2509 5723 Sapientiaque
2530 5648 2815 5713 communi,
2844 5646 3034 5721 quibus
3061 5650 3112 5701 et
3139 5640 3225 5701 ille
3250 5641 3560 5723 coaptavitet
3582 5633 3671 5689 lltit

2148 5718 2379 5800 animum
2396 5718 2602 5814 ,vqttem
2626 5743 2738 5798 istis
2764 5718 3041 5797 virtutibus
3068 5736 3341 5810 prteditunt
3372 5732 3465 5791 sibi
3486 5718 3549 5787 ad
3570 5722 3667 5783 ilbi'

2086 5844 2101 5855 "
2149 5836 2363 5892 tandum
2391 5834 2684 5907 pr0posuit.
