3824 6296
437 227 573 286 1271

431 344 499 401 Δ.
547 331 917 412 Reprehendis
957 328 1117 403 igitur
1166 322 1328 380 animi
1372 328 1577 377 motum
1622 314 2018 412 inculpabilem.

437 434 504 493 E.
530 403 909 502 inculpabilem
951 420 1114 478 animi
1153 427 1356 475 motum
1394 427 1499 467 non
1539 406 1895 502 reprehendo,
1926 403 2022 460 sed

434 528 618 586 nescio
641 497 709 579 an
749 522 852 576 ulla
884 514 1039 586 culpa
1065 512 1165 578 sit,
1211 508 1396 565 relicto
1421 498 1837 560 incommutabili
1879 497 2023 553 bono

436 618 502 674 ad
528 608 923 672 commutabilis
949 601 1209 659 converti.
1237 598 1301 652 Α.
1334 591 1698 665 Reprehendis
1728 603 1858 660 ergo
1879 586 2021 658 quod

371 725 375 729 '
433 707 628 763 nescis.
663 701 729 756 Ε.
757 697 872 754 Noli
904 694 1069 750 verbo
1097 704 1339 762 premere
1364 704 1380 741 :
1408 685 1479 739 ita
1500 683 1643 739 enim
1665 679 1795 740 dixi.
1823 676 2023 734 Nescio

437 814 507 855 an
536 797 641 852 ulla
667 794 818 863 culpa
846 790 936 855 sit,
966 796 1024 841 ut
1044 781 1268 853 intelligi
1295 777 1553 835 voluerim
1581 775 1699 830 sine
1717 772 1879 827 dubio
1903 770 2019 825 cul-

438 904 561 966 pam
589 904 729 945 esse.
774 884 904 941 Nam
930 882 1034 936 hoc
1070 877 1236 933 verbo
1276 872 1416 946 quod
1460 865 1865 966 dixiLNeseio.

436 953 676 1054 intecto
700 975 836 1032 irrisi
865 971 1248 1028 dubitationem
1275 965 1342 1021 de
1378 978 1437 1019 re
1464 958 1763 1056 manifesta.
1794 957 1858 1010 Α.
1892 953 2023 1056 Vide

436 1050 565 1147 quid
602 1073 674 1127 sit
714 1068 1009 1125 certissima
1040 1062 1272 1125 veritas,
1300 1071 1422 1128 qua:
1459 1062 1519 1147 te
1550 1050 1724 1147 coegit
1770 1059 1874 1103 tam
1918 1050 2024 1147 cito

440 1136 678 1223 oblivisci
725 1158 866 1231 quod
892 1154 1050 1226 paulo
1075 1161 1199 1205 ante
1226 1146 1427 1203 dixisti.
1466 1144 1523 1200 Si
1554 1142 1695 1198 enim
1724 1148 1910 1196 natura
1937 1136 2023 1231 vel

440 1228 759 1314 necessitate
803 1252 902 1305 iste
940 1254 1119 1301 motus
1155 1238 1371 1304 existit,
1414 1234 1689 1304 culpabilis
1718 1244 1836 1286 esse
1879 1228 2023 1283 nullo

441 1354 596 1416 pacto
623 1348 797 1413 potest
826 1354 841 1391 :
885 1345 940 1391 tu
968 1347 1096 1388 vero
1122 1344 1240 1385 esse
1265 1325 1583 1397 culpabilem
1622 1322 1692 1376 ita
1721 1318 2023 1416 ﬁrmissime

437 1409 696 1495 tenesgut
719 1426 1106 1484 dubitationem
1129 1420 1197 1476 de
1233 1418 1336 1473 hac
1361 1433 1420 1472 re
1456 1425 1562 1470 tam
1588 1421 1731 1469 certa
1762 1411 1919 1465 etiam
1947 1409 2022 1464 ir-

438 1524 716 1584 ridendam
752 1516 1040 1591 putaveris.
1069 1513 1179 1569 Cur
1212 1526 1339 1582 ergo
1366 1509 1459 1564 tibi
1497 1506 1584 1560 vel
1621 1501 2020 1567 affirmandum,

440 1621 528 1675 vel
557 1626 704 1675 certe
724 1628 846 1667 cum
870 1610 1046 1679 aliqua
1066 1604 1390 1661 dubitatione
1414 1597 1698 1656 dicendum
1724 1598 1895 1652 visum
1921 1605 2022 1659 cst,

441 1709 585 1783 quod
625 1706 905 1778 perspicue
953 1700 1143 1756 falsum
1185 1711 1305 1753 esse
1351 1695 1464 1765 ipse
1501 1690 1810 1747 convincis?
1840 1687 2024 1783 Diristi

442 1780 621 1859 enim:
662 1796 719 1853 Si
746 1795 819 1851 ita
859 1793 978 1849 data
1008 1800 1091 1846 est
1111 1789 1357 1843 voluntas
1383 1784 1580 1850 libera,
1628 1790 1687 1837 ut
1729 1780 2024 1836 naturalem

441 1893 638 1950 habeat
666 1890 825 1944 istum
849 1895 1073 1948 motum,
1092 1882 1202 1951 jam
1227 1877 1547 1934 necessitate
1567 1874 1635 1929 ad
1659 1875 1775 1929 hare
1801 1886 2027 1928 conver-

440 1988 607 2048 titur;
638 1996 811 2054 neque
834 1979 943 2034 ulla
972 1976 1127 2046 culpa
1151 1970 1475 2042 deprehendi
1502 1976 1695 2041 potest,
1724 1966 1816 2021 ubi
1840 1972 2026 2021 natura

441 2075 838 2143 necessitasque
866 2068 1187 2124 dominatur.
1215 2063 1372 2119 Nullo
1401 2061 1561 2118 modo
1585 2069 1760 2114 autem
1784 2057 2028 2112 dubitare

443 2164 670 2225 debuisti
701 2177 807 2219 non
834 2175 955 2217 esse
1000 2159 1071 2213 ita
1104 2156 1277 2211 datam
1300 2196 1315 2221 ,
1360 2151 1575 2224 quando
1618 2152 1776 2205 istum
1822 2158 2026 2204 motum

444 2255 760 2326 culpabilem
798 2266 918 2308 esse
944 2262 1052 2303 non
1091 2246 1322 2301 dubitas.
1352 2242 1419 2296 Ε.
1450 2243 1562 2313 Ego
1607 2240 1779 2311 ipsum
1823 2247 2026 2293 motum

444 2343 760 2416 culpabilem
789 2340 921 2406 dixi,
952 2348 1007 2393 et
1030 2337 1149 2393 ideo
1177 2335 1308 2390 mihi
1331 2333 1635 2403 displicere,
1659 2340 1714 2385 et
1742 2328 2031 2398 reprehen-

444 2435 676 2493 dendum
701 2447 821 2490 esse
835 2429 1078 2486 dubitare
1103 2443 1207 2483 non
1230 2440 1481 2496 possum:
1510 2422 1743 2477 animam
1764 2435 1890 2474 vero
1910 2434 2029 2489 qua:

444 2528 551 2583 isto
593 2533 742 2581 motu
787 2523 855 2577 ab
884 2517 1303 2577 incommutabili
1342 2516 1483 2571 bono
1524 2512 1592 2567 ad
1634 2511 2027 2567 commutabilia

445 2616 763 2682 detrahitur,
790 2628 928 2684 nego
954 2626 1073 2667 esse
1101 2608 1417 2680 culpandam
1437 2646 1453 2674 ,
1486 2605 1530 2661 si
1560 2604 1675 2675 ejus
1700 2613 1885 2659 natura
1911 2603 2029 2658 talis

446 2716 548 2772 est,
574 2715 633 2763 ut
660 2720 727 2761 eo
754 2701 1056 2759 necessario
1085 2706 1380 2755 moveatur.

516 2796 573 2851 2.
599 2794 665 2850 Α.
693 2793 858 2864 Cujus
884 2801 965 2848 est
990 2791 1091 2846 iste
1114 2798 1293 2845 motus
1310 2830 1326 2855 ,
1354 2801 1511 2859 quem
1538 2784 1777 2856 profecto
1805 2784 2028 2854 culpan-

448 2890 575 2949 dum
599 2902 719 2943 esse
744 2884 1033 2941 concedis?
1058 2881 1124 2936 Ε.
1148 2882 1205 2937 ιιι
1224 2881 1403 2935 animo
1423 2895 1543 2935 eum
1569 2879 1744 2943 video,
1768 2876 1861 2931 sed
1882 2876 2030 2945 cujus

448 2981 519 3036 sit
544 2978 743 3035 nescio.
775 2977 839 3030 Α.
872 2973 1134 3045 Numquid
1176 2986 1335 3043 negas
1364 2986 1428 3027 eo
1465 2976 1614 3025 motu
1653 2969 1887 3049 animum
1918 2981 2032 3021 mo-

447 3072 603 3127 veri?
628 3070 693 3125 E.
725 3068 839 3125 Non
870 3083 1024 3139 nego.
1047 3066 1111 3120 A.
1143 3064 1313 3136 Negas
1338 3078 1464 3133 ergo
1488 3070 1690 3118 motum
1719 3074 1826 3132 quo
1845 3074 2031 3115 move-

451 3170 539 3217 tttr
563 3160 716 3231 lapis,
740 3168 939 3215 motum
970 3172 1089 3213 esse
1115 3154 1338 3226 lapidis?
1364 3153 1546 3223 Neque
1565 3152 1706 3207 enim
1737 3151 1885 3205 illum
1911 3150 2032 3205 dico

453 3263 655 3310 :notum
693 3266 799 3321 quo
832 3265 955 3305 eum
984 3262 1081 3303 nos
1119 3260 1427 3310 movemus,
1465 3244 1547 3297 vel
1585 3243 1760 3311 aliqua
1785 3242 1836 3295 vi
1862 3241 2030 3296 aliena

453 3351 732 3407 movetur,
770 3339 935 3393 veluti
963 3352 1084 3391 cum
1110 3335 1162 3389 in
1191 3334 1384 3390 caelum
1408 3333 1620 3402 jacitur,
1652 3330 1746 3386 sed
1773 3347 1893 3386 eum
1927 3346 2032 3403 quo

451 3433 520 3489 ad
555 3441 750 3487 terram
776 3437 904 3483 nutu
939 3442 1039 3482 suo
1065 3426 1235 3495 vergit
1262 3433 1316 3480 et
1353 3423 1514 3479 cadit.
1546 3421 1612 3476 E.
1643 3421 1759 3477 Non
1786 3422 2030 3493 equidem

450 3537 591 3592 nego
617 3528 819 3577 motum
848 3534 954 3589 quo
984 3519 1056 3573 ita
1082 3526 1139 3572 ut
1163 3517 1297 3573 dicis
1325 3516 1639 3583 inclinatur,
1664 3523 1720 3571 et
1746 3515 1850 3570 ima
1877 3514 2028 3586 petit,

452 3622 659 3669 motum
699 3623 819 3664 esse
854 3606 1075 3678 lapidis,
1121 3606 1216 3662 sed
1263 3605 1575 3663 naturalem.
1618 3604 1674 3660 Si
1708 3614 1886 3659 autem
1929 3604 2031 3660 hoc

451 3700 613 3759 modo
639 3698 796 3755 etiam
820 3699 964 3754 illum
985 3705 1184 3753 motum
1210 3697 1370 3752 habet
1388 3697 1583 3760 anima,
1609 3694 1847 3766 profecto
1869 3696 2030 3750 etiam

450 3795 570 3868 ipse
596 3793 851 3851 naturalis
868 3800 988 3860 est;
1024 3806 1124 3848 nec
1150 3805 1215 3847 ex
1242 3805 1308 3847 eo
1336 3788 1479 3862 quod
1508 3788 1818 3844 naturaliter
1846 3803 2029 3843 move-

448 3898 555 3953 tur,
574 3896 718 3943 recte
733 3884 1022 3956 vituperari
1046 3890 1224 3955 potest
1244 3901 1256 3937 :
1279 3881 1401 3952 quia
1420 3880 1629 3938 etiamsi
1654 3879 1719 3934 ad
1740 3879 2029 3950 perniciem

381 4043 389 4049 ,
449 3988 693 4037 movetur
711 4021 727 4044 ,
755 3986 958 4033 natura:
987 3986 1166 4032 tamen
1194 3989 1305 4029 sua:
1328 3971 1646 4029 necessitate
1674 3971 2026 4041 compellitur.

384 4117 388 4121 .
448 4073 614 4129 Porro
640 4070 762 4141 quia
791 4070 946 4125 istum
971 4075 1172 4125 motum
1203 4080 1309 4121 non
1333 4062 1636 4119 dubitamus
1658 4077 1778 4119 esse
1795 4061 2032 4133 culpabi-

383 4158 395 4165 ’
446 4167 590 4232 lem,
634 4162 942 4220 omnimodo
986 4159 1284 4232 negandum
1328 4165 1410 4213 est
1457 4169 1576 4212 esse
1613 4155 1944 4221 naturalem;
1976 4163 2031 4210 et

374 4262 397 4305 εί
446 4258 568 4315 ideo
596 4271 701 4313 non
729 4263 814 4312 est
849 4252 1039 4309 similis
1067 4252 1144 4306 illi
1173 4248 1339 4304 motui
1366 4262 1471 4319 quo
1507 4246 1817 4301 naturaliter
1845 4260 2029 4300 move-

374 4318 534 4407 .Jtur
562 4349 717 4421 lapis.
757 4347 822 4401 Α.
859 4345 1148 4416 Egimusne
1185 4318 1395 4411 aliquid
1430 4337 1791 4409 superioribus
1824 4336 2030 4393 duabus

446 4435 928 4511 disputationibus?
959 4434 1025 4489 E.
1048 4433 1267 4504 Egimus
1292 4444 1441 4486 sane.
1468 4429 1535 4483 Α.
1566 4427 1741 4483 Credo
1765 4442 1894 4497 ergo
1919 4443 2031 4483 me-

396 4552 399 4553 '
446 4531 667 4588 minisse
693 4539 746 4583 te
768 4571 783 4595 ,
812 4528 864 4584 in
895 4526 1064 4597 prima
1087 4520 1444 4593 disputatione
1469 4518 1597 4574 satis
1625 4532 1746 4573 esse
1781 4532 2027 4589 comper-

445 4633 590 4688 tum,
633 4622 773 4675 nulla
816 4635 877 4674 re
926 4617 1043 4674 fieri
1079 4624 1311 4670 mentem
1357 4628 1565 4669 servam
1613 4611 1881 4679 libidinis,
1927 4613 2028 4668 nisi

445 4714 659 4786 propria
684 4713 950 4767 voluntate
970 4710 1178 4782 (supra,
1208 4707 1297 4762 lib.
1329 4706 1381 4773 l,
1402 4722 1518 4775 cap.
1540 4704 1598 4760 ll
1619 4745 1636 4773 ,
1665 4722 1717 4759 ιι.
1745 4703 1838 4776 21)
1867 4722 1879 4758 :
1905 4721 2027 4761 nam

448 4826 624 4883 neque
651 4825 679 4864 a
705 4809 997 4877 superiore,
1025 4820 1194 4876 neque
1216 4804 1285 4859 ab
1303 4802 1495 4874 aequali
1520 4816 1638 4856 eam
1658 4815 1816 4871 posse
1840 4800 1907 4855 ad
1929 4800 2029 4856 hoc

447 4905 681 4963 dedecus
703 4902 843 4971 cogi,
869 4900 990 4970 quia
1020 4899 1271 4967 injustunt
1300 4906 1416 4961 est;
1443 4910 1615 4965 neque
1652 4893 1721 4948 ab
1754 4892 2023 4958 inferiore,

444 5000 567 5071 quia
597 5011 702 5052 non
731 4999 925 5065 potest.
947 4990 1130 5045 Restat
1154 4989 1311 5059 igitur
1338 4996 1397 5042 ut
1423 4985 1540 5057 ejus
1565 4985 1633 5041 sit
1654 4984 1899 5057 proprius
1927 4984 2028 5041 iste

445 5101 647 5157 motus,
674 5101 781 5158 quo
812 5081 1018 5140 fruendi
1044 5080 1366 5134 voluntatem
1392 5078 1459 5133 ad
1486 5085 1782 5133 creaturam
1808 5090 1839 5131 a
1868 5074 2028 5132 Crea-

444 5195 565 5242 tore
601 5180 862 5237 convertit
894 5196 908 5233 :
935 5176 1027 5248 qui
1066 5182 1242 5229 motus
1267 5172 1311 5227 si
1337 5172 1507 5240 culpa:
1542 5170 1827 5240 deputatur
1851 5167 2027 5241 (unde

447 5279 536 5350 qui
576 5274 816 5341 dubitat,
853 5270 1102 5328 irrisione
1129 5266 1319 5338 dignus
1345 5265 1438 5321 tibi
1467 5266 1610 5319 visus
1635 5260 1774 5332 est),
1809 5276 1915 5315 non
1946 5270 2037 5317 est

446 5371 629 5439 utique
656 5363 932 5431 naturalis,
961 5360 1054 5417 sed
1081 5356 1441 5421 voluntarius;
1469 5357 1522 5410 in
1542 5368 1712 5426 eoque
1735 5352 1923 5409 similis
1945 5361 2029 5408 est

446 5463 526 5518 illi
555 5461 719 5517 motui
739 5474 846 5531 quo
872 5457 1120 5513 deorsum
1141 5466 1327 5509 versus
1351 5450 1484 5519 lapis
1510 5447 1693 5512 fertur,
1722 5445 1862 5516 quod
1890 5445 2029 5500 sicut

447 5553 552 5609 iste
575 5550 820 5623 proprius
846 5558 927 5605 est
948 5546 1159 5619 lapidis,
1190 5544 1269 5600 sic
1306 5541 1394 5598 ille
1428 5538 1590 5594 animi
1616 5555 1628 5590 :
1659 5543 2024 5592 verumtamen

448 5643 506 5699 in
530 5658 596 5701 eo
635 5640 946 5709 dissimilis,
977 5638 1119 5711 quod
1162 5638 1216 5694 in
1255 5640 1516 5708 potestate
1553 5644 1660 5688 non
1688 5630 1851 5688 habet
1892 5629 2025 5701 lapis

1437 200 1528 263 DE
1562 198 1814 260 LIBEBO
1854 194 2196 267 ARBITRIO,
2236 197 2294 255 S.
2336 195 2703 257 AUGUSTINI

2915 98 2931 105 ,
2982 86 3099 107 ,μη-ιλ

3587 206 3723 269 M3

2127 312 2378 370 cohibere
2402 324 2604 370 motum
2624 326 2730 385 quo
2755 310 2923 370 fertur
2940 313 3195 382 inferius;
3212 317 3422 378 animm
3436 334 3579 378 vero
3596 322 3723 383 dum

2127 420 2232 459 non
2265 406 2411 471 vult,
2441 421 2546 460 non
2576 407 2649 461 ita
2686 418 2930 461 movetur
2953 449 2969 473 ,
3005 416 3067 462 ut
3100 410 3459 479 superioribus
3487 412 3720 474 desertis

2128 497 2377 552 inferiora
2416 498 2697 568 deligat‘;
2744 508 2797 553 et
2846 500 2964 554 ideo
3006 500 3168 569 lapidi
3213 503 3464 559 naturalis
3510 515 3599 560 est
3638 510 3719 565 ille

2127 598 2324 655 motus,
2345 592 2523 645 animo
2549 606 2676 646 vero
2697 591 2798 645 iste
2822 591 3177 648 voluntarius.
3203 592 3337 650 llinc
3361 605 3442 651 εει
3466 598 3618 668 quod
3648 602 3717 655 la-

2128 681 2307 752 pidem
2336 682 2378 735 si
2407 681 2526 753 quis
2549 680 2689 736 dicat
2720 697 2961 750 precare,
2990 682 3133 754 quod
3164 684 3394 754 pondere
3420 702 3527 742 suo
3559 693 3719 746 tendit

2128 775 2180 829 in
2204 774 2405 841 intima,
2440 789 2543 828 non
2575 774 2747 829 dicam
2778 774 2893 843 ipso
2938 775 3111 845 lapide
3153 775 3427 842 stolidior,
3465 779 3569 833 sed
3602 796 3713 848 pro.

2128 866 2268 921 fecto
2296 865 2519 921 demens
2542 865 2843 933 judicatur:
2872 866 3109 921 animum
3150 882 3279 921 vero
3312 871 3514 936 peccati
3544 876 3713 943 azgui-

2127 973 2249 1014 mus
2270 999 2285 1023 ,
2315 972 2435 1011 cum
2467 972 2586 1011 eum
2613 957 2982 1012 convincimus
3008 957 3375 1026 superioribus
3398 960 3634 1016 desertis
3656 968 3711 1018 ad

2128 1050 2409 1105 fruendum
2443 1050 2689 1105 inferiora
2716 1065 3048 1121 praeponere.
3076 1049 3363 1120 Propterea
3389 1094 3405 1116 ,
3429 1053 3562 1123 quid
3591 1072 3709 1125 opus

2127 1152 2208 1197 est
2244 1158 2484 1213 quaerere
2526 1140 2667 1196 unde
2704 1141 2803 1196 iste
2849 1151 3027 1196 motus
3062 1142 3257 1198 cxistat
3281 1184 3297 1207 ,
3339 1160 3441 1215 quo
3471 1146 3709 1204 voluntas

2126 1236 2385 1291 avertitur
2408 1235 2478 1289 ah
2504 1234 2920 1290 incommutabili
2943 1234 3084 1290 bono
3120 1236 3187 1291 ad
3224 1239 3599 1296 conmutabile
3623 1244 3707 1297 bo.

2129 1343 2279 1393 num,
2308 1341 2429 1381 cum
2457 1342 2580 1381 eum
2609 1326 2822 1380 nonnisi
2848 1326 3042 1392 animi,
3070 1335 3126 1381 et
3159 1327 3541 1393 voluntarium,
3573 1342 3624 1386 et
3648 1334 3706 1389 ob

2129 1415 2232 1472 hoc
2256 1417 2572 1487 culpabilem
2601 1433 2721 1473 esse
2769 1417 3058 1480 fateamur;
3103 1420 3382 1490 omnisque
3423 1422 3490 1477 de
3531 1423 3629 1481 hac
3654 1444 3705 1483 re

2127 1509 2407 1580 disciplina
2440 1509 2583 1564 utilis
2618 1509 2685 1564 ad
2716 1509 2768 1564 id
2811 1510 3007 1575 valeat,
3047 1521 3107 1565 ut
3142 1526 3210 1566 eo
3248 1522 3395 1567 motu
3420 1514 3706 1585 improbata

2128 1609 2288 1671 atque
2337 1601 2614 1667 cohibito,
2662 1600 2988 1656 voluntatem
3042 1610 3279 1656 nostram
3326 1603 3390 1657 ad
3435 1604 3700 1663 fruendum

2130 1692 2457 1762 sempiterno
2506 1692 2685 1759 bono,
2734 1707 2764 1745 a
2821 1694 2974 1763 lapsu
3018 1694 3394 1765 temporalium
3432 1710 3701 1755 converta-

2129 1798 2249 1838 mus
2278 1783 2396 1856 (a)?

2201 1875 2254 1930 3.
2286 1873 2349 1928 Ε.
2383 1874 2570 1938 Video,
2605 1883 2659 1931 et
2682 1860 3078 1949 quodammodo
3108 1886 3304 1949 tango,
3331 1888 3385 1934 ct
3408 1888 3558 1936 teneo
3585 1898 3695 1939 vera

2131 1981 2248 2022 esse
2275 1982 2393 2036 qum
2416 1966 2551 2020 dicis
2576 1986 2589 2021 :
2620 1981 2724 2022 non
2747 1967 2891 2023 enim
2930 1968 3218 2039 quidquam
3245 1978 3353 2024 tam
3388 1970 3530 2027 lirme
3552 1982 3697 2044 atque

2132 2055 2318 2111 intime
2343 2058 2537 2120 sentio,
2565 2073 2722 2127 quant
2747 2073 2833 2114 me
2858 2057 3055 2115 habere
3078 2060 3421 2126 voluntatem,
3442 2078 3601 2132 eaque
3618 2080 3695 2121 me

2133 2149 2333 2204 moveri
2362 2149 2428 2203 ad
2453 2150 2651 2221 aliquid
2693 2150 3013 2216 fruendum;
3044 2152 3170 2222 quid
3217 2161 3394 2208 autem
3425 2170 3591 2210 meum
3618 2157 3693 2212 di-

2131 2259 2270 2310 cam,
2292 2258 2507 2312 prorsus
2530 2259 2633 2297 non
2656 2242 2890 2307 invenio,
2918 2245 2960 2299 si
2986 2244 3233 2300 voluntas
3253 2262 3352 2315 qua
3374 2247 3484 2303 volo
3501 2256 3551 2303 et
3577 2250 3693 2303 uolo

2132 2350 2238 2390 non
2269 2343 2350 2388 est
2371 2349 2486 2388 mea
2518 2353 2529 2389 :
2553 2346 2879 2406 quapropter
2907 2336 2990 2390 cui
3022 2337 3358 2392 tribuendum
3388 2349 3480 2404 est,
3502 2341 3541 2393 si
3570 2342 3691 2409 quid

2132 2440 2228 2494 per
2248 2424 2390 2479 illam
2419 2425 2557 2479 male
2580 2425 2735 2491 facio,
2768 2425 2867 2481 nisi
2895 2427 3057 2480 mihi?
3076 2426 3211 2482 Cum
3238 2429 3365 2483 enim
3384 2429 3535 2484 bonus
3550 2430 3687 2487 Deus

2133 2531 2220 2571 me
2246 2514 2466 2581 fecerit,
2499 2531 2598 2571 nec
2623 2516 2758 2571 bene
2784 2517 2982 2588 aliquid
3012 2518 3203 2574 faciam
3231 2519 3323 2573 nisi
3351 2535 3433 2589 per
3454 2521 3679 2575 volunta-

2133 2615 2260 2671 tem,
2286 2606 2352 2661 ad
2380 2605 2481 2661 hoc
2510 2607 2685 2678 potius
2718 2607 2896 2661 datam
2925 2623 3044 2664 esse
3070 2624 3100 2662 a
3131 2609 3274 2663 bono
3304 2610 3433 2670 Deo.
3457 2613 3569 2666 satis
3592 2628 3685 2681 ap-

2133 2706 2302 2767 paret.
2336 2696 2507 2751 Motus
2548 2706 2725 2752 autem
2762 2714 2867 2768 quo
2907 2698 3011 2753 huc
3039 2710 3131 2754 aut
3165 2699 3293 2755 illuc
3322 2702 3543 2756 voluntas
3567 2717 3687 2756 con-

2132 2788 2374 2851 vertitur,
2399 2788 2497 2842 nisi
2521 2798 2666 2843 esset
2688 2789 3039 2855 voluntarius,
3057 2800 3216 2857 atque
3237 2790 3290 2845 in
3310 2801 3479 2846 nostra
3500 2793 3680 2862 positus

2134 2887 2415 2948 potestate,
2444 2895 2615 2949 neque
2639 2880 2936 2935 laudandus
2973 2897 3093 2936 cum
3123 2881 3187 2935 ad
3219 2884 3506 2952 superiora,
3533 2899 3682 2955 neque

2132 2970 2427 3041 culpandus
2468 2971 2629 3025 homo
2676 2980 2820 3027 esset
2861 2987 2982 3027 cum
3027 2972 3093 3027 ad
3144 2973 3393 3029 inferiora
3439 2973 3684 3045 detorquet

2133 3062 2282 3133 quasi
2308 3061 2589 3131 quemdam
2621 3064 2894 3119 cardinem
2940 3065 3258 3131 voluntatis;
3292 3081 3460 3136 neque
3498 3066 3681 3121 omnino

2133 3153 2430 3208 monendus
2454 3162 2599 3209 esset
2640 3163 2697 3209 ut
2733 3154 2851 3210 istis
2892 3157 3147 3225 neglectis
3175 3166 3372 3213 :eterna
3406 3159 3553 3213 vellet
3584 3157 3679 3213 adi~

2134 3245 2287 3315 pisci,
2315 3252 2472 3315 atque
2493 3253 2549 3298 ut
2574 3245 2711 3300 male
2736 3245 2894 3301 nollet
2926 3247 3105 3302 vivere
3125 3288 3140 3312 ,
3176 3247 3337 3303 vellet
3362 3257 3527 3305 autem
3550 3247 3677 3304 bene.

2136 3334 2248 3390 Hoc
2283 3345 2458 3389 autem
2498 3325 2821 3390 monendinn
2857 3354 2961 3392 non
3003 3353 3122 3393 esse
3157 3338 3447 3404 hominem,
3479 3339 3680 3411 quisquis

2135 3425 2423 3491 existimat,
2446 3425 2512 3481 de
2536 3427 2808 3483 hominum
2837 3445 3061 3486 numero
3087 3431 3511 3487 exterminandas
3533 3441 3619 3487 est.

2135 3518 2358 3575 CAPUT
2397 3519 2458 3575 ll.
2481 3551 2550 3560 —
2571 3519 2667 3574 Dei
2692 3522 3004 3591 pra'scienlia
3029 3525 3278 3594 quomodo
3308 3524 3503 3578 liberam
3528 3524 3676 3579 ωιωι.

2208 3621 2358 3665 tatem
2408 3611 2725 3683 peccantibus
2776 3630 2875 3668 non
2922 3615 3164 3684 auferat,
3213 3619 3420 3686 quaestio
3467 3617 3673 3686 plurimos

2206 3710 2460 3773 torquens.

2204 3792 2258 3848 4.
2287 3792 2417 3860 Quae
2444 3808 2566 3848 cum
2594 3793 2664 3849 ita
2705 3795 2846 3860 sint,
2880 3794 3218 3853 inefl‘abiliter
3245 3813 3334 3855 me
3357 3810 3529 3865 movet,
3556 3813 3669 3869 quo-

2134 3884 2298 3940 modo
2321 3885 2434 3942 fieri
2462 3887 2627 3956 possit
2651 3895 2709 3941 ut
2735 3897 2788 3944 et
2815 3887 2956 3943 Deus
2981 3891 3234 3960 pncscius
3271 3892 3339 3946 sit
3373 3892 3567 3946 omnium
3595 3890 3664 3945 fu-

2134 3984 2395 4043 turorum,
2422 3988 2477 4035 et
2503 3994 2602 4035 nos
2626 3980 2772 4036 nulla
2799 3983 3117 4039 necessitate
3138 3999 3436 4055 peccemus.
3457 3984 3661 4055 Quisquis

2134 4070 2275 4125 enim
2296 4071 2490 4128 dixerit
2526 4073 2681 4129 aliter
2704 4073 2921 4130 evenire
2962 4089 3120 4145 posse
3156 4076 3355 4147 aliquid
3381 4093 3523 4150 quam
3553 4077 3667 4134 Deus

2133 4172 2255 4216 ante
2272 4162 2554 4231 prmscivit,
2575 4164 2959 4234 pnescientiam
2983 4165 3073 4221 Dei
3093 4164 3368 4224 destruere
3383 4168 3668 4223 insanissima

2134 4252 2402 4322 impietate
2428 4255 2666 4311 molitur.
2694 4257 3048 4328 Quapropter,
3074 4258 3119 4313 si
3147 4262 3416 4331 praescivit
3436 4261 3559 4316 Deus
3572 4274 3669 4330 pec-

2133 4352 2373 4400 caturum
2414 4360 2535 4403 esse
2579 4348 2810 4418 primum
2852 4348 3121 4407 hominem
3147 4393 3163 4418 ,
3202 4352 3347 4423 quod
3390 4368 3585 4411 necesse
3606 4361 3670 4408 est

2133 4438 2390 4493 concedat
2426 4438 2553 4493 mihi
2596 4441 2834 4513 quisquis
2880 4458 3085 4499 mecum
3127 4446 3367 4503 omnium
3413 4448 3666 4503 futurorum

2136 4530 2410 4600 pnescium
2439 4529 2634 4587 fatetur
2665 4533 2864 4599 Deum;
2895 4534 2938 4591 si
2966 4551 3093 4607 ergo
3113 4536 3181 4591 ita
3202 4547 3305 4602 est,
3329 4554 3433 4595 non
3460 4539 3567 4594 dico
3586 4552 3667 4592 non

2132 4637 2254 4678 eum
2286 4622 2502 4689 faceret,
2529 4624 2725 4680 bonum
2751 4627 2890 4682 enim
2915 4626 3057 4692 fecit,
3090 4644 3188 4685 nec
3208 4629 3399 4686 obesse
3425 4630 3667 4702 quidquam

2134 4715 2243 4770 Deo
2274 4726 2452 4786 posset
2486 4728 2757 4786 peccatum
2803 4720 2917 4789 ejus
2958 4736 3113 4791 quem
3154 4720 3350 4778 bonum
3395 4724 3500 4794 ipse
3538 4722 3665 4778 fecit:

2132 4806 2241 4863 imo
2290 4810 2342 4863 in
2385 4824 2491 4879 quo
2545 4809 2787 4865 faciendo
2832 4811 3120 4868 bonitatem
3171 4830 3323 4870 suam
3368 4815 3665 4877 ostenderat.

2132 4899 2363 4954 ostendit
2388 4901 2548 4956 etiam
2586 4901 2638 4956 in
2665 4903 2932 4973 puniendo
2953 4904 3207 4974 justitiam
3228 4949 3244 4973 ,
3281 4907 3409 4963 etin
3433 4905 3667 4964 liberanda

2131 4989 2588 5053 misericordiam:
2621 5008 2725 5047 non
2766 4993 2942 5063 itaque
2978 4994 3134 5060 dico,
3172 5011 3277 5053 non
3322 5013 3439 5053 eum
3474 4998 3664 5055 iaceret:

2132 5079 2226 5135 sed
2256 5078 2358 5135 hoc
2384 5080 2527 5149 dico,
2556 5082 2806 5153 quoniam
2835 5093 3174 5153 peccaturum
3201 5102 3320 5143 esse
3344 5088 3663 5158 praesciverat.

2132 5189 2354 5230 necesse
2385 5183 2500 5229 erat
2538 5174 2588 5229 id
2630 5174 2743 5229 ﬁeri
2764 5216 2780 5239 ,
2823 5176 2962 5245 quod
2988 5176 3217 5233 futurum
3247 5194 3366 5234 esse
3392 5178 3667 5250 prmsciebat

2133 5264 2294 5321 Deus.
2318 5264 2594 5335 Quomodo
2620 5274 2704 5321 est
2731 5266 2886 5337 igitur
2903 5267 3145 5323 voluntas
3175 5269 3335 5325 libera
3353 5271 3439 5326 ubi
3459 5281 3553 5326 tam
3571 5269 3663 5325 ine-

2133 5354 2363 5411 vitabilis
2388 5364 2607 5426 apparet
2628 5356 2955 5412 necessitas?

2118 5480 2121 5483 ι
2202 5446 2256 5501 5.
2285 5445 2350 5500 Α.
2384 5446 2608 5502 Pulsasti
2631 5445 2975 5505 vehementer
3004 5467 3017 5502 :
3048 5450 3503 5508 miserioordiaDei
3526 5450 3660 5515 adsit,

2119 5570 2137 5594 ί
2196 5560 2211 5590 ³
2237 5564 2288 5607 tu
2304 5565 2413 5609 octo
2427 5565 2553 5619 Mss,
2570 5558 2799 5623 inferiora
2814 5557 2997 5625 diligat.
3023 5567 3088 5611 tta
3110 5562 3247 5613 etiam
3268 5563 3373 5613 Bad.

2131 5680 2140 5685 .
2196 5640 2269 5701 (α)
2292 5640 2395 5690 vtd.
2422 5648 2623 5693 Betraet.
2650 5640 2734 5693 lib.
2766 5643 2808 5702 l,
2832 5656 2934 5707 cap.
2960 5643 3008 5704 9,
3032 5657 3080 5693 ιι.
3103 5644 3150 5694 3.
3194 5680 3197 5681 ν
