3824 6296
75 430 362 510 aperiatque
390 422 722 499 pulsantibus
747 424 787 476 ⁸.
810 419 1189 478 Verumtamen
1211 417 1492 477 maximam
1515 430 1636 486 par-

77 543 168 589 tem
190 525 468 581 hominum
511 521 611 578 ista
647 516 1214 592 qumstione'torqueri
1253 529 1358 571 non
1397 513 1468 568 ob
1495 510 1635 568 aliud

74 616 392 680 crediderim.
425 613 527 668 nisi
551 613 673 683 quia
705 627 812 667 non
839 610 924 681 pie
946 615 1211 681 qna-runt,
1239 605 1636 676 velocioresque

79 725 184 775 sunt
205 713 269 768 ad
296 709 719 773 excusationem,
746 721 904 777 quam
933 704 1000 760 ad
1025 702 1414 760 confessionem
1444 714 1635 772 pecca-

83 824 228 869 torum
251 820 497 863 suorum.
527 802 631 859 Alii
675 801 816 855 enim
851 799 1048 854 nullam
1079 797 1310 854 divinam
1350 795 1635 867 providen-

82 907 186 962 tiam
209 912 439 970 [nesse
464 895 624 952 rebus
644 893 889 949 humanis
911 891 1138 948 libenter
1157 891 1460 961 opinantur,
1485 887 1637 943 dum-

55 997 164 1068 Fque
185 989 412 1047 fortuitis
436 986 778 1043 committunt
797 983 1010 1040 casibus
1029 992 1084 1039 et
1106 982 1313 1037 animus
1334 989 1388 1037 et
1412 995 1637 1051 corpora

81 1103 186 1152 sua,
221 1082 438 1138 tradunt
467 1095 528 1136 se
556 1077 826 1135 feriendos
865 1086 918 1131 et
946 1074 1276 1131 dilaniandos
1307 1072 1634 1139 libidinibus,

79 1179 228 1236 divina
246 1173 448 1244 judicia
471 1179 746 1242 negantes,
778 1167 1008 1224 humana
1043 1166 1306 1230 fallentes,
1333 1179 1428 1221 eos
1456 1179 1487 1220 a
1516 1163 1637 1235 qui-

80 1275 160 1329 bus
181 1276 515 1327 accusantur.
549 1263 774 1320 fortuna:
806 1260 1096 1333 patrocinio
1122 1259 1428 1329 propulsare
1453 1272 1512 1312 se
1539 1272 1635 1328 pu-

83 1372 204 1428 tant;
233 1376 391 1431 quam
425 1369 601 1413 tamen
627 1370 824 1411 eccam
866 1353 1118 1424 efﬁngere
1163 1366 1226 1405 ac
1257 1351 1468 1421 pingere
1509 1362 1638 1404 con-

80 1461 374 1514 saevorum,
421 1459 481 1506 ut
518 1456 610 1504 aut
650 1446 898 1502 meliores
941 1460 1002 1500 ea
1053 1443 1160 1497 sint
1194 1458 1226 1498 a
1269 1457 1370 1512 qua
1422 1455 1482 1497 se
1522 1438 1636 1509 regi

80 1547 411 1609 arbitrantur,
446 1551 538 1596 aut
581 1555 640 1595 se
678 1552 889 1610 quoque
930 1550 1054 1592 cum
1091 1533 1277 1588 eadem
1320 1531 1556 1588 caecitate
1583 1538 1638 1586 et

78 1640 249 1698 sentire
298 1638 398 1693 ista
441 1635 705 1690 fateantur
755 1642 810 1686 et
852 1621 1208 1686 dicet-efNec
1247 1627 1389 1683 enim
1444 1625 1635 1680 talibus

78 1732 281 1790 absurde
319 1730 482 1785 etiam
525 1724 834 1782 conceditur
860 1722 1068 1779 casibus
1103 1735 1196 1776 eos
1230 1734 1390 1791 agerc
1431 1717 1630 1784 omnia,

79 1826 264 1899 quando
281 1821 489 1893 agendo
514 1818 726 1876 cadunt.
758 1815 864 1874 Sed
889 1815 1145 1870 adversus
1171 1811 1308 1866 hanc
1329 1811 1633 1882 opinionem

78 1921 262 1992 plenam
291 1912 590 1982 stultissimi
619 1926 682 1966 ac
707 1906 1090 1965 dementissimi
1121 1906 1351 1970 erroris,
1393 1905 1543 1971 satis,
1577 1913 1633 1959 ut

79 2011 309 2071 arbitror,
354 2004 588 2062 secunda
631 2011 814 2058 nostra
855 1997 1300 2055 sermocinatione
1346 1996 1631 2052 dissertum

79 2113 158 2160 est.
185 2101 282 2157 Alii
321 2113 452 2154 vem
479 2109 781 2168 quanquam
828 2107 1023 2162 negare
1053 2106 1157 2146 non
1186 2089 1416 2146 audeant
1451 2089 1633 2160 praesi-

77 2195 182 2249 dere
220 2192 465 2247 humana:
489 2188 613 2244 vita:
641 2186 1026 2258 providentiam
1061 2184 1154 2240 Dei
1176 2225 1192 2249 ,
1219 2182 1425 2238 malunt
1454 2191 1629 2238 tamen

78 2302 172 2342 eam
198 2284 277 2339 rel
324 2282 622 2345 infirmum,
656 2279 735 2334 vel
764 2278 1046 2348 injustam,
1073 2275 1158 2332 vel
1194 2275 1386 2331 malam
1426 2273 1632 2330 nefario

79 2395 233 2438 ermre
269 2377 527 2440 credere,
556 2389 715 2446 quam
767 2388 861 2426 sua
907 2379 1119 2442 peccata
1169 2368 1364 2440 pietate
1404 2367 1628 2438 supplici

78 2471 306 2528 conﬁteri.
333 2469 434 2538 Qui
462 2481 651 2524 omnes
672 2465 718 2521 si
745 2463 1053 2536 persuaderi
1083 2461 1183 2516 sibi
1215 2469 1542 2531 paterentur,
1573 2469 1632 2516 ut

77 2580 178 2620 cum
199 2564 262 2620 de
280 2563 481 2633 optimo
508 2570 562 2616 et
576 2559 872 2630 justissima
897 2564 951 2612 et
978 2553 1346 2625 potentissimo
1372 2553 1626 2624 cogitant,

77 2657 334 2712 bonitatem
358 2665 413 2710 et
447 2652 706 2725 justitiam
744 2661 800 2706 et
830 2649 1120 2722 potentiam
1154 2647 1247 2703 Dei
1273 2648 1430 2718 longe
1458 2647 1628 2716 majo-

74 2765 174 2803 rem
211 2743 642 2818 superioremque
685 2757 806 2800 esse
838 2741 1140 2806 crederent,
1177 2754 1336 2811 quam
1373 2739 1630 2811 qttidquid

73 2838 365 2909 cogitatione
393 2836 732 2907 concipiunt;
757 2831 1264 2902 considerantesque
1287 2831 1624 2903 semctipsos,

68 2931 246 3000 gratias
272 2929 377 2985 Deo
413 2944 474 2984 se
515 2927 710 2983 debere
756 2925 1134 2997 intelligerent,
1174 2924 1383 2981 etiamsi
1425 2925 1625 2995 aliquid

69 3019 270 3076 interius
293 3035 386 3076 eos
425 3019 684 3076 voluisset
725 3033 846 3073 esse
881 3032 1040 3087 quam
1082 3015 1628 3088 sunt.lomnibusque

66 3111 253 3167 ossibus
277 3120 329 3167 et
352 3109 601 3166 medullis
624 3107 963 3165 conscientia:
999 3123 1110 3163 sua:
1145 3108 1442 3164 clamarent
1469 3126 1483 3163 :
1512 3107 1626 3179 Ego

66 3204 181 3268 dixi,
202 3202 430 3268 Domine,
455 3203 688 3258 miserere
721 3201 820 3255 mei
834 3242 849 3266 ,
880 3216 1003 3254 cura
1029 3201 1252 3258 animum
1279 3216 1441 3255 meam
1454 3241 1469 3263 ,
1505 3201 1626 3272 quia

67 3297 244 3364 peccari
261 3295 348 3350 tibi
377 3295 396 3361 (
421 3292 565 3349 Paul.
594 3310 682 3359 ιι,
709 3293 776 3363 5)
802 3311 816 3348 :
840 3292 910 3347 ita
937 3291 1098 3348 certis
1125 3291 1404 3348 itineribus
1425 3293 1624 3349 divittte

66 3384 420 3440 misericonlia:
448 3384 502 3438 in
530 3383 843 3454 sapientiam
872 3382 1222 3450 ducerentur,
1250 3392 1307 3438 ut
1335 3399 1512 3455 neque
1537 3385 1620 3440 in-
1687 3437 1692 3440 .

70 3475 216 3531 ventis
240 3476 398 3533 rebus
424 3473 610 3538 inflati,
641 3490 814 3546 neque
840 3489 944 3528 non
971 3475 1204 3530 inventis
1234 3474 1541 3542 turbulenti,
1569 3483 1626 3532 et

68 3566 406 3637 cognoscendo
448 3566 818 3622 instructiores
859 3565 1048 3621 fierent
1084 3564 1152 3620 ad
1189 3565 1537 3632 videndum’,
1569 3575 1625 3622 et

68 3655 121 3711 ad
139 3658 470 3728 querendum
499 3656 790 3728 ignorando
816 3657 1074 3712 mitiores.
1103 3656 1221 3713 Tibi
1248 3671 1376 3713 vero
1400 3659 1484 3714 cui
1508 3659 1620 3728 jam

65 3746 153 3804 hoc
170 3763 473 3821 persuasum
500 3763 621 3804 esse
649 3763 753 3803 non
782 3747 969 3803 dubito
988 3789 1004 3814 ,
1035 3746 1155 3803 vide
1185 3762 1344 3818 quam
1375 3746 1532 3804 facile
1553 3749 1622 3806 de

65 3847 152 3893 tatu
185 3855 370 3912 magna
411 3839 706 3911 qumstione
747 3839 1126 3910 respondeam,
1163 3853 1286 3896 cum
1313 3839 1446 3896 mihi
1476 3841 1620 3912 prior

63 3928 380 4003 interroganti
411 3947 573 4002 pauca
601 3930 960 4001 responderis.
1000 3997 1002 3999 g

61 4017 253 4080 CAPUT
293 4021 383 4077 Ill.
416 4051 490 4063 —
516 4021 613 4076 Dei
650 4023 968 4090 praesciontia
1005 4038 1106 4077 non
1140 4022 1287 4094 eﬂicit
1327 4031 1384 4078 ut
1424 4022 1619 4078 nouli-

297 4133 301 4136 ·
333 4135 336 4139 ’
478 4115 594 4169 beru
619 4114 872 4170 voluntate
895 4131 1171 4184 peccemus.

114 4208 157 4263 6.
174 4208 334 4268 Certe
347 4209 492 4265 enim
515 4210 616 4265 hoc
632 4219 682 4265 te
699 4218 896 4275 movet,
914 4218 968 4264 et
988 4208 1089 4264 hoc
1103 4209 1337 4276 miraris,
1353 4209 1620 4281 quomodo

57 4313 140 4356 non
161 4304 268 4359 sint
292 4303 562 4359 contraria
585 4311 642 4357 ct
666 4304 1033 4375 repugnantia,
1049 4311 1175 4359 utet
1199 4302 1339 4358 Deus
1368 4303 1620 4373 praescius

57 4393 112 4446 sit
133 4395 366 4451 omnium
405 4393 706 4450 futurorum
727 4436 741 4459 ,
773 4404 829 4450 et
868 4410 967 4451 nos
1003 4410 1108 4450 non
1150 4395 1498 4462 necessitate.
1525 4394 1620 4451 sed

56 4485 306 4543 voluntate
343 4501 646 4559 peccemus.
679 4486 736 4543 Si
772 4487 914 4541 enim
944 4487 1196 4558 praescius
1230 4497 1313 4542 est
1338 4488 1499 4556 Deus,
1534 4488 1619 4543 in-

55 4578 168 4645 quis,
196 4587 544 4651 peccaturum
573 4594 692 4635 esse
718 4577 990 4634 hominem
1009 4620 1026 4646 ,
1061 4593 1285 4635 necesse
1306 4588 1390 4636 est
1413 4588 1472 4634 ut
1496 4594 1616 4651 pec-

19 4683 26 4688 ·
53 4677 124 4722 cet
145 4689 157 4723 :
182 4672 448 4729 siautem
485 4685 705 4727 necesse
729 4679 846 4738 est,
876 4686 982 4726 non
1006 4685 1134 4742 ergo
1157 4680 1240 4727 est
1267 4671 1322 4727 in
1349 4672 1618 4742 peccando

52 4761 314 4820 voluntatis
336 4763 638 4830 arbitrium,
665 4762 758 4820 sed
783 4763 958 4835 potius
981 4763 1303 4820 inevitabilis
1326 4775 1381 4820 et
1405 4764 1508 4821 fixa
1531 4780 1618 4821 ne-

52 4856 270 4911 cessitas.
299 4855 415 4926 Qua
445 4856 848 4913 ratiocinatione
876 4855 979 4915 hoc
1003 4857 1248 4914 videlicet
1276 4873 1344 4914 ne
1366 4859 1617 4916 conficia-

51 4951 124 4996 tur
146 4949 336 5012 times,
369 4942 425 5002 ut
462 4955 553 5002 aut
592 4947 732 5003 Deus
760 4947 1054 5004 futurorum
1091 4950 1328 5007 omnium
1361 4953 1616 5022 praescius

51 5029 186 5105 impie
215 5046 477 5108 negetur,
509 5045 600 5092 aut
637 5038 682 5093 si
713 5037 815 5094 hoc
843 5053 1038 5110 negare
1071 5055 1177 5096 non
1205 5057 1510 5113 possumus,
1539 5044 1616 5102 fa-

51 5132 235 5185 teamur
268 5144 376 5184 non
425 5129 722 5196 voluntate,
765 5131 861 5187 sed
907 5133 1225 5190 necessitate
1262 5137 1508 5206 peccari:
1545 5153 1614 5195 an

50 5215 222 5288 aliquid
240 5219 386 5275 aliud
417 5228 470 5276 te
493 5223 710 5276 movet?
733 5221 798 5277 E.
828 5222 967 5278 Nihil
989 5224 1200 5280 interim
1228 5225 1390 5283 aliud.
1414 5228 1478 5282 Α.
1507 5229 1612 5286 Res

47 5319 152 5377 ergo
177 5309 458 5368 universas
480 5328 701 5384 quarum
731 5315 872 5371 Deus
891 5324 970 5370 est
993 5318 1265 5387 praescius.
1291 5333 1398 5376 non
1425 5322 1612 5378 volun-

46 5403 132 5456 tate
156 5403 256 5460 sed
285 5404 609 5461 necessitate
638 5403 752 5460 ﬁeri
792 5414 961 5476 putas.
999 5405 1066 5462 E.
1096 5405 1326 5466 Omnino
1354 5411 1427 5467 ita
1459 5422 1606 5484 puto.

23 5527 686 5684 xgsggtemdeein,
700 5559 908 5615 ρηιεσσιε
921 5562 1609 5624 velamentade

74 5678 94 5708 ³
111 5688 197 5738 Sic
216 5687 269 5737 in
803 5688 854 5754 in
874 5687 1056 5754 aliquot
1075 5690 1183 5744 aliis
1200 5725 1216 5754 .
1240 5701 1291 5746 et
1330 5694 1455 5746 apud
1494 5697 1602 5749 uad.

14 5737 74 5785 ει-
97 5737 301 5801 eum.
325 5746 638 5812 habetur.“
659 5737 924 5803 mihi;

1408 299 1610 358 ωειλ
1651 299 1957 360 TERTIUS.

3191 331 3332 397 1276

1742 415 1808 469 Α.
1843 417 2227 491 Expergiscere
2253 425 2466 484 tandem
2486 469 2502 497 ,
2539 436 2696 504 teque
2728 434 2903 507 ipsum
2940 440 3208 512 paululum
3239 447 3330 505 in-

1744 517 1914 578 tuere,
1943 522 1996 568 et
2018 513 2104 570 dic
2130 518 2278 583 mihi,
2307 520 2352 576 si
2382 531 2555 592 potes,
2585 525 2795 597 qualem
2822 530 2896 586 sis
2919 531 3193 594 habiturus
3209 554 3330 600 cras

1744 603 2087 669 voluntatem,
2112 619 2285 666 utrum
2308 616 2578 684 peccandi,
2602 633 2670 673 an
2694 629 2838 678 recte
2865 621 3112 682 faciendi.
3129 627 3196 683 Ε.
3218 631 3328 691 Ne-

1745 697 1883 792 scio.
2044 699 2222 768 Quid?
2274 704 2438 762 Deum
2490 709 2672 766 itidem
2729 713 2937 771 nescire
2984 715 3086 774 hoc
3136 726 3332 792 putas?

1744 787 1813 843 E.
1839 789 1996 846 Nullo
2024 793 2182 848 modo
2222 795 2274 852 id
2303 803 2617 868 putaverim.
2649 804 2716 858 Α.
2757 807 2812 864 Si
2849 823 2979 881 ergo
3007 787 3329 878 voluntatem

1745 891 1887 938 tuam
1916 885 2202 941 crastinam
2232 889 2399 958 novit,
2430 901 2483 949 et
2506 897 2742 952 omnium
2774 897 3072 970 hominum,
3097 905 3210 962 sive
3239 911 3329 980 qui

1743 983 1888 1038 sunt,
1909 975 2022 1031 sive
2041 977 2131 1048 qui
2149 977 2308 1035 futuri
2339 991 2480 1046 sunt,
2507 983 2706 1042 futuras
2734 991 2983 1060 prmvidet
3006 975 3326 1062 voluntates,

1744 1065 1913 1124 multo
1938 1068 2108 1139 magis
2136 1071 2394 1139 praevidet
2425 1074 2550 1144 quid
2579 1076 2646 1132 de
2666 1077 2824 1148 justis
2852 1082 3135 1158 impiisque
3161 1087 3332 1146 factu~

1742 1174 1836 1216 rus
1854 1161 1940 1216 sit.
1965 1160 2032 1215 E.
2059 1162 2282 1218 Prorsus
2297 1165 2341 1220 si
2363 1181 2600 1223 meorum
2621 1186 2841 1241 operum
2860 1178 3137 1246 prmscium
3159 1181 3326 1240 Deum

1743 1253 1899 1320 dico,
1945 1254 2116 1310 multo
2161 1255 2409 1313 fidentius
2451 1273 2572 1315 eum
2614 1261 2837 1320 dixerim
2881 1269 3126 1338 przcscire
3165 1289 3328 1344 opera

1743 1361 1858 1412 sua,
1877 1356 1932 1404 et
1949 1348 2074 1418 quid
2091 1349 2157 1404 sit
2175 1349 2410 1407 facturus
2425 1352 2720 1410 certissime
2735 1358 3046 1426 praevidere.
3062 1363 3127 1418 Α.
3142 1363 3329 1422 Nonne

1743 1438 1906 1512 igitur
1932 1456 2090 1498 caves
2118 1459 2186 1498 ne
2214 1444 2307 1498 tibi
2333 1443 2562 1512 dicatur,
2588 1447 2749 1502 etiam
2780 1449 2948 1520 ipsum
2984 1469 3328 1532 quaecumque

1743 1535 1978 1591 facturus
1999 1545 2113 1604 est,
2141 1552 2246 1592 non
2279 1537 2549 1595 voluntate
2577 1539 2672 1595 sed
2705 1545 3019 1601 necessitate
3045 1547 3325 1620 facturum,

1742 1627 1787 1682 si
1812 1628 1990 1684 omnia
2021 1644 2247 1700 quorum
2269 1629 2409 1686 Deus
2433 1633 2688 1702 prtescius
2709 1641 2811 1702 est,
2835 1638 3150 1697 necessitate
3173 1645 3324 1712 fiunt,

1743 1736 1850 1776 non
1876 1720 2186 1777 voluntate?
2211 1722 2277 1776 Ε.
2311 1723 2424 1792 Ego
2461 1739 2581 1779 cum
2607 1723 2843 1782 dicerem
2870 1731 3187 1788 necessitate
3215 1736 3332 1791 uni-

1740 1828 1894 1868 versa
1920 1812 2036 1869 fieri
2059 1829 2178 1883 qua:
2201 1814 2339 1869 Detts
2356 1813 2527 1871 futura
2553 1817 2838 1886 prmscivit,
2863 1834 2925 1876 ea
2946 1820 3060 1876 sola
3089 1822 3332 1881 intuebar

1739 1919 1861 1974 quae
1886 1905 1938 1960 in
1965 1914 2208 1961 creatura
2237 1905 2356 1974 ejus
2387 1908 2555 1974 fiunt,
2595 1923 2704 1964 non
2741 1919 2918 1966 autem
2944 1927 3063 1983 quae
3089 1913 3140 1969 iu
3172 1915 3327 1986 ipso:

1740 2011 1847 2052 non
1876 1996 2018 2052 enim
2044 2012 2106 2051 ea
2135 1996 2284 2062 fiunt,
2319 1997 2414 2054 sed
2435 2007 2559 2054 sunt
2583 2001 2924 2070 sempiterna.
2943 2003 3006 2058 Α.
3032 2004 3173 2062 Nihil
3201 2023 3330 2081 ergo

1739 2088 1792 2144 in
1818 2104 1914 2144 sua
1941 2099 2184 2146 creatura
2209 2100 2460 2162 operatur
2500 2091 2661 2147 Deus.
2691 2092 2758 2147 E.
2785 2093 2902 2150 Jam
2942 2099 3107 2154 semel
3147 2103 3328 2159 statuit

1737 2179 2185 2252 quemadmodum
2216 2180 2415 2237 feratur
2453 2183 2588 2238 ordo
2627 2183 2743 2254 ejus
2773 2187 3132 2247 universitatis
3165 2209 3323 2263 quam

1736 2272 2010 2337 condidit;
2043 2289 2214 2344 neque
2240 2276 2381 2330 enim
2415 2275 2612 2346 aliquid
2657 2294 2793 2332 nova
2834 2283 3107 2339 voluntate
3149 2286 3324 2342 adrni-

1737 2365 1946 2421 nistrat.
1977 2365 2040 2419 Α.
2065 2365 2329 2438 Numquid
2352 2368 2620 2424 neminem
2651 2369 2864 2426 beatum
2893 2373 3050 2429 facit?
3082 2374 3144 2430 Ε.
3178 2377 3324 2434 Facit

1737 2471 1888 2512 vero.
1915 2456 1980 2511 Α.
2004 2457 2154 2514 Tunc
2180 2460 2359 2530 utique
2386 2459 2530 2526 facit,
2565 2461 2777 2533 quando
2804 2463 2893 2520 ille
2920 2465 2997 2520 fit.
3025 2467 3090 2522 Ε.
3119 2468 3190 2523 Ita
3215 2483 3317 2526 est.

1734 2544 1800 2600 Α.
1827 2546 1882 2603 Si
1921 2547 2112 2618 igitur,
2143 2549 2292 2605 verbi
2329 2551 2536 2620 gratia,
2571 2561 2689 2622 post
2719 2568 2915 2609 annum
2945 2556 3131 2613 beatus
3180 2561 3321 2618 futu-

1734 2651 1827 2691 rus
1847 2652 1924 2703 es,
1950 2648 2069 2708 post
2094 2653 2292 2694 annum
2323 2649 2375 2696 te
2401 2641 2612 2696 beatum
2636 2641 2871 2700 facturus
2894 2654 2994 2701 est.
3026 2647 3092 2703 E.
3124 2647 3317 2708 Etiam.

1733 2725 1798 2781 Α.
1819 2727 1934 2782 Jam
1964 2743 2094 2805 ergo
2123 2731 2333 2799 praescit
2366 2731 2524 2787 hodie
2549 2733 2689 2803 quod
2724 2743 2843 2803 post
2869 2752 3067 2792 annum
3094 2739 3323 2799 facturus

1734 2827 1834 2873 est.
1865 2816 1932 2873 Ε.
1953 2817 2176 2890 Semper
2201 2819 2302 2876 hoc
2332 2823 2595 2891 praescivit
2625 2842 2638 2876 :
2671 2840 2810 2880 nunc
2832 2841 3044 2899 quoque
3071 2829 3172 2886 hoc
3197 2847 3321 2890 eutn

1733 2910 1983 2980 prmscire
2009 2912 2381 2972 consentio..si
2410 2923 2493 2969 est
2521 2914 2591 2970 ita
2622 2915 2876 2973 futurum.

1803 3001 1855 3056 7.
1897 3001 1961 3056 Α.
1994 3002 2106 3068 Dic,
2131 3019 2332 3074 quaeso,
2362 3021 2489 3060 num
2509 3015 2565 3061 ttt
2589 3018 2832 3064 creatura
2862 3010 2977 3081 ejus
2993 3027 3098 3068 non
3127 3027 3204 3078 es,
3224 3025 3318 3073 aut

1733 3100 1823 3147 tua
1847 3092 2118 3150 beatitudo
2143 3111 2247 3151 non
2289 3097 2340 3152 itt
2381 3106 2434 3153 te
2463 3099 2591 3155 fiet?
2618 3099 2818 3168 E._ltno
2850 3113 2906 3159 et
2939 3113 3178 3162 creatura
3197 3109 3314 3179 ejus

1730 3201 1871 3252 sum,
1906 3196 1960 3242 et
1990 3187 2042 3242 in
2073 3204 2159 3244 me
2184 3189 2276 3245 fiet
2302 3191 2442 3260 quod
2468 3192 2654 3248 beatus
2677 3209 2790 3250 ero.
2819 3196 2883 3250 Α.
2913 3197 3026 3252 Νοη
3052 3215 3183 3271 ergo
3211 3219 3313 3258 vo-

1731 3278 1934 3335 luntate
1961 3280 2056 3336 sed
2079 3281 2397 3336 necessitate
2426 3282 2480 3338 in
2510 3293 2560 3338 te
2583 3284 2672 3340 fiet
2692 3285 2963 3344 beatitudo
2984 3300 3072 3347 tua
3104 3292 3213 3349 Deo
3238 3293 3320 3350 fa-

1728 3370 1924 3426 ciente.
1953 3370 2017 3426 E.
2048 3371 2304 3428 Voluntas
2327 3375 2468 3430 illius
2491 3375 2621 3430 mihi
2663 3386 2747 3433 est
2774 3380 3084 3437 necessitas.
3130 3385 3193 3437 Α.
3241 3384 3321 3443 Tu

1729 3460 1907 3532 itaque
1925 3463 2120 3519 invitus
2150 3465 2339 3520 beatus
2365 3466 2494 3522 eris.
2519 3467 2586 3522 Ε.
2618 3469 2745 3524 Mihi
2767 3471 2812 3525 si
2838 3481 2982 3528 esset
3001 3481 3237 3545 potestas
3261 3486 3322 3533 ut

1728 3567 1901 3609 essem
1927 3554 2168 3623 beatus‘,
2195 3557 2305 3625 jam
2326 3558 2563 3628 profecto
2590 3575 2766 3617 essem
2798 3581 2812 3616 :
2843 3565 2968 3619 volo
2994 3567 3134 3622 enim
3160 3568 3321 3627 etiam

1727 3659 1891 3707 nunc.
1935 3655 1990 3702 et
2031 3661 2138 3702 non
2163 3663 2302 3716 sum,
2339 3651 2461 3720 quia
2483 3667 2590 3708 non
2609 3669 2729 3725 ego,
2759 3654 2853 3710 sed
2880 3655 2968 3712 ille
2993 3674 3080 3714 me
3107 3659 3322 3720 beatum

1726 3737 1957 3795 facit.A.
1993 3739 2206 3812 Optime
2231 3742 2301 3798 de
2343 3751 2396 3800 te
2429 3746 2624 3800 veritas
2647 3747 2860 3803 clamat.
2892 3748 3007 3806 Non
3035 3753 3174 3808 enim
3193 3769 3321 3825 pos-

1727 3845 1814 3886 ses
1834 3831 1977 3889 aliud
2020 3833 2221 3889 sentire
2246 3849 2367 3890 esse
2405 3835 2457 3890 in
2491 3847 2752 3906 potestate
2793 3847 2997 3908 nostra,
3032 3842 3132 3897 nisi
3175 3847 3319 3914 quod

1726 3936 1846 3978 cum
1871 3924 2116 3980 volumus
2148 3924 2392 3980 facimus.
2429 3927 2769 3998 Quapropter
2808 3929 2938 3984 nihil
2969 3939 3074 3986 tam
3119 3933 3170 3987 in
3209 3949 3314 3988 no-

1724 4022 1835 4069 stra
1860 4024 2140 4086 potestate,
2167 4031 2325 4084 quam
2356 4016 2468 4086 ipsa
2500 4017 2747 4072 voluntas
2770 4026 2871 4074 est.
2903 4019 2977 4074 Ea
3002 4021 3142 4076 enim
3164 4038 3318 4094 pror-

1725 4118 1820 4158 sus
1838 4105 1988 4160 nullo
2017 4105 2315 4170 intervallo,
2345 4120 2470 4161 mox
2515 4115 2576 4162 ut
2611 4108 2856 4163 volumus
2885 4120 3082 4180 prmsto
3107 4122 3187 4169 est
3209 4113 3312 4187 (α).

1726 4194 1794 4250 Et
1821 4195 1941 4251 ideo
1968 4205 2114 4252 recte
2134 4212 2418 4268 possumus
2437 4197 2637 4265 dicere,
2651 4200 2764 4256 Non
2786 4201 3055 4258 voluntate
3081 4209 3316 4263 senesci-

1724 4302 1844 4343 mus
1859 4290 1904 4354 ³,
1933 4287 2026 4344 sed
2069 4290 2425 4356 necessitate;
2453 4299 2567 4358 aut,
2597 4308 2704 4348 non
2735 4295 3007 4352 voluntate
3032 4299 3311 4365 morimur,

1725 4379 1821 4436 sed
1847 4382 2198 4448 necessitate;
2229 4392 2284 4438 et
2303 4383 2348 4438 si
2379 4384 2506 4455 quid
2534 4386 2677 4442 aliud
2704 4386 3008 4458 hujusmodi
3043 4407 3056 4443 :
3080 4405 3187 4445 non
3215 4407 3312 4444 vo-

1725 4473 1926 4529 luntate
1942 4485 2119 4531 autem
2135 4476 2398 4544 volumus,
2419 4478 2539 4547 quis
2559 4479 2641 4533 vel
2663 4479 2862 4535 delirus
2876 4481 3070 4537 audeat
3092 4483 3270 4540 dicere
3288 4486 3313 4539 ?

1725 4567 2102 4635 Quamobrem,
2127 4569 2370 4638 quamvis
2395 4571 2638 4640 praesciat
2662 4571 2801 4628 Deus
2827 4582 3038 4630 nostras
3068 4575 3311 4632 volunta-

1726 4667 1806 4714 tes
1831 4658 2055 4726 futuras,
2085 4675 2192 4714 non
2218 4676 2286 4717 ex
2313 4675 2381 4716 eo
2402 4669 2578 4718 tamen
2603 4663 2882 4720 conficitur
2903 4675 2961 4722 ut
2986 4681 3092 4722 non
3119 4668 3311 4726 volun-

1725 4762 1832 4809 tate
1847 4752 2046 4821 aliquid
2074 4753 2321 4809 velimus.
2341 4753 2472 4810 Nam
2503 4764 2558 4811 et
2575 4755 2642 4811 de
2656 4756 2985 4816 beatitudine
3006 4761 3146 4833 quod
3168 4762 3310 4820 dixi-

1721 4844 1809 4911 sti,
1840 4859 1947 4899 non
1966 4843 2063 4899 abs
2091 4844 2259 4914 teipso
2274 4845 2487 4902 beatum
2529 4845 2662 4914 fleri,
2693 4847 2765 4902 ita
2812 4848 3014 4920 dixisti,
3036 4845 3186 4924 quasi
3209 4855 3311 4913 hoc

1723 4952 1822 5010 ego
1849 4938 2152 5008 negaverim
2174 4955 2186 4991 :
2207 4937 2302 4994 sed
2326 4937 2470 5007 dico,
2505 4955 2625 4996 cum
2652 4940 2860 4998 futurus
2891 4959 2950 5000 es
2974 4944 3181 5012 beatus,
3201 4965 3307 5005 non

1721 5038 1779 5086 te
1819 5031 2062 5096 invitum,
2095 5030 2189 5086 sed
2211 5030 2475 5086 volentem
2506 5030 2760 5089 futurum.
2803 5034 2935 5092 Cum
2987 5038 3146 5109 igitur
3170 5055 3308 5109 pra:-

1722 5123 1865 5179 scius
1883 5122 2027 5179 Deus
2052 5122 2123 5177 sit
2160 5121 2351 5179 futura:
2376 5123 2721 5182 beatitudinis
2745 5135 2871 5194 tute,
2903 5144 3003 5185 nec
3027 5130 3182 5184 aliter
3205 5132 3308 5186 ali-

1721 5214 1847 5288 quid
1887 5213 2003 5270 fieri
2039 5215 2206 5284 possit
2232 5229 2390 5286 quam
2422 5215 2512 5272 ille
2550 5218 2834 5288 prmscivit,
2877 5219 3108 5290 alioquin
3151 5220 3297 5277 nulla

1721 5305 2057 5378 praescientia
2105 5314 2224 5374 est;
2269 5322 2377 5362 non
2405 5315 2581 5364 tamen
2617 5323 2681 5365 ex
2711 5323 2777 5366 eo
2800 5307 3040 5378 cogimur
3079 5311 3300 5378 sentire,

1781 5427 1798 5459 ⁸
1822 5422 2581 5500 ωςωλιιρθειξιὲρεξς
2601 5424 2953 5500 meum“:
2978 5425 3106 5478 διωε
3126 5428 3176 5500 in
3205 5441 3303 5500 Ψο-

1713 5486 1831 5538 dum
1847 5502 1862 5538 :
1889 5495 1946 5540 In
1960 5495 2006 5541 te
2020 5486 2105 5554 ﬁet
2121 5483 2363 5558 beatitudo
2379 5490 2465 5536 tua
2486 5493 2586 5557 Deo
2604 5485 2819 5547 faciane.
2838 5493 2892 5555 ῥ’.
2919 5494 2983 5537 Tu
2999 5502 3116 5561 ergo
3130 5487 3302 5561 imitus

1718 5547 1952 5602 beatuses
1979 5547 2006 5601 2
2027 5547 2250 5608 rohmtas
2269 5543 2402 5597 unus
2437 5544 2556 5597 mihi
2585 5551 3016 5604 extimulata:
3036 5548 3304 5606 mmihi

1711 5617 2200 5738 «dumb?
2235 5677 2286 5722 et
2307 5676 2437 5730 ων..
2456 5681 2551 5720 non
2569 5665 2799 5720 comm
3055 5676 3112 5725 lt.

1773 5756 1849 5822 (to
1872 5755 1974 5808 vid.
2000 5761 2206 5808 netract.
2231 5752 2316 5803 lib.
2344 5751 2392 5814 t.
2413 5761 2520 5813 cap.
2545 5749 2594 5813 9,
2618 5763 2667 5801 ιι.
2691 5750 2738 5801 3.
