3822 6412
80 426 193 502 ιιπ

81 555 266 615 ﬁliiﬁlii
297 543 626 610 ιονιειοιιιιε.
663 549 730 609 Et
755 537 907 607 rides
950 547 1191 620 profecto
1217 545 1285 605 de
1311 548 1470 618 hujus
1517 550 1653 606 lucis

83 646 378 705 mittentia.
402 652 659 715 quantum
688 643 899 697 laudent
929 643 1123 696 aniauc
1155 639 1320 697 Deum
1348 641 1508 697 etiam
1541 654 1659 697 cor-

85 739 207 812 poris
226 735 488 792 sensibus
504 734 718 790 deditae.
737 733 1076 803 Quapropter
1100 747 1203 788 non
1233 733 1403 803 tejam
1425 745 1654 802 moveat,

86 828 204 902 quod
233 827 618 898 vituperantur
659 827 852 880 animae
901 825 1248 894 peccatrices,
1300 834 1361 879 ut
1406 823 1554 879 dicas
1603 825 1656 880 in

83 920 224 979 corde
239 927 340 976 tuo
359 919 553 974 melius
568 916 732 973 fuisse
759 917 804 972 si
827 931 932 971 non
955 921 1152 972 essent.
1169 913 1227 972 in
1244 915 1326 970 sui
1351 916 1497 971 enim
1513 923 1661 970 com-

85 1012 349 1086 paratiotte
375 1011 765 1081 vituperantur,
795 1007 924 1063 dum
963 1008 1226 1079 cogitatur
1247 1009 1435 1079 quales
1456 1015 1654 1072 essent,

82 1106 116 1163 ti
153 1109 389 1173 peccare
409 1102 728 1158 uoluissent.
761 1097 1030 1156 iustitutor
1065 1108 1239 1155 tamen
1283 1115 1465 1155 carum
1519 1099 1659 1157 Deus

87 1195 490 1270 praeclarissime
537 1205 632 1267 pro
674 1194 903 1248 humana
929 1193 1176 1248 facultate
1211 1192 1505 1248 laudandus
1552 1202 1655 1258 est,

82 1305 172 1348 non
197 1291 384 1346 solum
413 1291 666 1360 quoniam
697 1295 980 1359 peccantes
1010 1301 1102 1341 eas
1136 1286 1279 1356 jusie
1303 1286 1528 1349 ordinat,
1563 1285 1658 1342 sed

82 1386 226 1443 etiam
251 1385 381 1456 quia
407 1386 540 1438 tales
574 1382 821 1446 instituit,
837 1379 1072 1436 utetiam
1091 1379 1322 1450 peccatis
1347 1379 1653 1445 sordidatar,

81 1477 216 1534 nullo
263 1476 427 1532 modo
451 1471 589 1532 lucis
615 1473 906 1544 curporalis
935 1470 1193 1541 dignitate
1231 1481 1570 1541 superentur,
1592 1470 1661 1542 de

81 1581 164 1642 qna
198 1578 380 1625 tamen
404 1562 526 1637 jt'tre
551 1563 819 1621 laudatur.

142 1661 231 1717 l3.
255 1657 389 1714 illud
412 1659 626 1728 quoque
662 1655 854 1711 moneo
883 1665 1094 1720 caveas,
1117 1667 1184 1710 ne
1215 1649 1352 1708 forte
1377 1655 1484 1707 nun
1509 1650 1660 1708 dicas
1711 1675 1714 1678 ~

84 1746 287 1826 quidem
315 1751 509 1807 melius
545 1750 710 1805 fuisse
736 1758 791 1803 ut
831 1761 939 1803 non
967 1755 1169 1812 essent,
1202 1745 1294 1802 scd
1331 1745 1478 1800 dicas
1505 1743 1661 1800 aliter

85 1846 190 1902 fieri
215 1849 310 1902 eas
335 1835 602 1898 debuisse.
622 1839 884 1912 Quidquid
907 1841 1047 1896 enim
1071 1840 1162 1896 tibi
1184 1855 1306 1894 vera
1325 1841 1530 1895 ratione
1550 1855 1660 1896 me-

91 1931 182 1992 lius
212 1933 527 1999 ouéttrrerit,
559 1935 697 1988 scias
720 1930 906 1987 uicisse
931 1931 1094 1987 Deum
1122 1939 1369 2002 tanquam
1399 1930 1659 1987 bonorum

89 2030 308 2084 «mitium
335 2027 686 2082 conditorem.
716 2022 830 2079 Non
860 2029 944 2079 est
974 2031 1151 2078 autem
1187 2036 1313 2078 vera
1357 2021 1514 2083 ratio,
1563 2021 1661 2077 sed

90 2115 248 2174 lurida
271 2115 571 2181 inﬁrmitas,
599 2129 718 2170 cum
744 2113 940 2183 aliquid
967 2114 1160 2170 melius
1177 2110 1476 2168 faciendum
1500 2111 1661 2168 fuisse

92 2207 413 2282 agitaveris,
440 2208 548 2277 jam
593 2207 724 2262 nihil
759 2206 900 2262 aliud
932 2204 1150 2261 inferius
1176 2206 1310 2260 velle
1360 2205 1491 2269 lteri,
1539 2213 1659 2260 tan-

95 2302 302 2376 (τυπιθί
333 2299 786 2373 perspectocml‘o,
810 2299 980 2354 nolles
1021 2307 1217 2355 terram
1264 2297 1454 2353 factam
1503 2311 1657 2364 esse;

95 2393 250 2464 inique
263 2394 506 2448 omnino.
536 2391 697 2448 Recte
721 2391 862 2447 enim
893 2390 1331 2461 reprehenderes,
1362 2391 1407 2446 si
1445 2401 1661 2448 nrarterc

97 2489 237 2544 misso
262 2485 405 2544 cado
433 2496 626 2542 ternm
671 2483 860 2540 iactam
884 2483 1111 2546 videres.
1163 2483 1413 2554 quoniam
1451 2489 1662 2539 diceres

99 2579 157 2633 ita
174 2591 281 2636 eam
313 2577 430 2634 iit-ri
473 2575 742 2642 debuisse,
771 2577 924 2630 sicuti
966 2590 1150 2645 puSSt‘s
1177 2575 1413 2645 Cogilat'e
1442 2575 1657 2631 malum.

101 2669 211 2726 Cum
231 2675 360 2738 ergo
384 2670 548 2725 etiam
580 2667 705 2724 illud
743 2667 807 2723 ad
849 2669 1001 2738 cujus
1045 2671 1277 2738 speciem
1308 2667 1519 2722 volebas
1543 2679 1652 2722 ter-

101 2777 193 2819 ram
221 2757 534 2833 pet-ducere,
564 2749 758 2816 factum
799 2773 920 2815 esse
951 2762 1309 2830 perSpicm-es,
1352 2776 1454 2812 ιιιιιι
1483 2767 1658 2815 autem

101 2851 413 2914 bocterram.
463 2847 560 2908 sed
584 2853 776 2907 cmhnn
822 2853 1032 2916 vocari;
1067 2851 1232 2907 credo
1263 2851 1402 2922 quod
1446 2869 1502 2906 re
1552 2868 1662 2908 me-

102 2946 211 3004 liore
235 2957 338 3003 non
376 2943 666 3005 fraudatus.
701 2953 758 3000 ut
787 2941 1007 2999 inferior
1058 2959 1266 3014 quoque
1299 2944 1474 3014 aliqua
1508 2944 1662 3000 lierct

103 3045 146 3094 et
170 3041 301 3094 terra
331 3045 504 3096 esset.
538 3050 869 3106 nequaquam
903 3034 1141 3090 invidere
1177 3033 1420 3090 deberes.
1472 3029 1528 3089 la
1558 3050 1662 3106 qua

103 3135 220 3187 terra
245 3141 431 3185 rursus
457 3128 747 3185 secumlum
781 3135 956 3198 partes
984 3127 1100 3196 cjus
1129 3136 1269 3180 tama
1299 3135 1381 3181 est
1409 3128 1659 3192 varietas,

105 3223 288 3282 unum
314 3219 458 3296 quod
497 3221 560 3277 ad
585 3225 741 3277 terrai
771 3221 1001 3292 pertinet
1036 3219 1267 3289 speciem
1292 3218 1539 3290 cogitanti
1575 3231 1665 3274 oc-

102 3324 271 3380 currat,
298 3316 441 3386 quod
469 3319 572 3369 non
603 3314 655 3367 in
687 3319 792 3368 tota
814 3310 930 3380 cju‘s
955 3309 1096 3366 mole
1115 3311 1253 3366 [lens
1277 3311 1513 3365 omnium
1535 3319 1663 3364 Coit-

105 3403 219 3461 ιιιοτ
245 3404 452 3463 iecerit.
486 3399 772 3474 Namquea
810 3411 947 3460 terra
981 3403 1303 3458 feracissima
1333 3409 1382 3456 et
1407 3400 1662 3457 alumnis-

105 3497 210 3553 in:
247 3511 422 3569 usque
464 3495 532 3550 ad
575 3496 918 3550 salsissimam
949 3491 1536 3555 etinlecuttdissimam,
1588 3493 1659 3547 ita

105 3589 328 3659 gradatim
357 3605 456 3661 per
483 3588 684 3644 medias
715 3587 1042 3658 pervcnitur,
1061 3594 1116 3639 ut
1145 3585 1342 3640 nullam
1369 3584 1660 3657 reprehen~

104 3679 208 3738 dere
229 3683 445 3744 audeas.
477 3682 577 3736 uisi
609 3682 659 3736 in
685 3679 1084 3748 comparatione
1114 3676 1384 3740 melioris;
1406 3685 1563 3746 atque
1593 3676 1663 3732 ita

103 3777 180 3844 μιν
200 3787 383 3830 annos
407 3773 599 3842 gradus
625 3772 794 3826 laudis
823 3771 1099 3834 ascendas,
1138 3775 1199 3824 ιιι
1231 3769 1371 3840 quod
1395 3784 1660 3824 smnumm

101 3865 418 3934 [muter-ra:
444 3864 730 3934 inveneris,
753 3862 925 3915 scium
946 3870 1120 3914 t:nnen
1148 3874 1266 3914 esse
1316 3859 1452 3913 nolis
1480 3859 1518 3912 ¹.
1546 3857 1662 3914 iam

99 3957 352 4010 verniliter
372 3961 537 4009 totam
563 3961 754 4008 terram
777 3965 824 4006 et
841 3953 1032 4006 ctelnm
1051 3959 1246 4020 quanta
1277 3947 1522 4003 distantia
1545 3950 1658 4003 est?

97 4037 488 4109 inmutantur
514 4043 656 4097 enim
677 4039 892 4096 humida
933 4039 1227 4110 liablisque
1258 4049 1440 4094 natura
1465 4056 1481 4094 :
1505 4049 1664 4109 atque

99 4137 152 4191 et
188 4134 538 4209 itisﬂnattwr
575 4133 856 4190 elementis
881 4132 998 4186 alia:
1042 4131 1455 4186 iuntnncmbiles
1485 4131 1658 4198 nobis,

98 4231 560 4284 mnmtaeamem
610 4223 916 4281 "(iurentio
957 4227 1163 4293 species
1211 4223 1500 4293 formteqne
1554 4238 1650 4278 va-

98 4321 294 4375 riantur.
331 4321 512 4375 Potest
541 4335 672 4389 ergo
699 4331 820 4373 esse
866 4313 1064 4387 aliquid
1114 4317 1165 4370 in
1216 4329 1393 4370 rerum
1451 4325 1659 4379 natura,

97 4411 216 4478 Quod
249 4409 567 4466 illaratione
605 4416 708 4465 non
754 4408 975 4477 cogitas.
1012 4407 1126 4462 Non
1160 4421 1281 4462 esse
1325 4417 1501 4462 autem
1523 4407 1664 4478 quod

97 4514 200 4558 Vera
226 4503 427 4558 ratione
450 4501 672 4572 cogitt‘ts,
694 4511 800 4554 non
821 4507 1015 4571 potest.
1039 4493 1221 4570 Neque
1255 4499 1397 4555 enim
1431 4510 1482 4554 tu
1514 4510 1666 4573 potes

95 4587 270 4662 intuiti
293 4585 483 4649 melius
509 4589 560 4648 in
581 4601 824 4648 creatura
851 4592 1104 4661 cogitare,
1128 4590 1268 4661 quod
1299 4600 1558 4645 creatura:
1587 4607 1666 4645 ar.

99 4681 270 4740 ιιθδεπι
296 4679 508 4757 ingerit.
543 4681 781 4739 liumaua
811 4682 1006 4754 quippe
1034 4685 1208 4736 anima
1239 4683 1556 4738 naturaliter
1577 4683 1663 4738 di-

97 4763 295 4832 ἥιιεει
328 4773 521 4848 (quibus
551 4775 746 4845 pendet
771 4787 1010 4830 connexa
1051 4773 1346 4830 rationibus
1372 4817 1386 4839 ,
1425 4789 1546 4828 cum
1584 4773 1664 4830 die

93 4863 176 4934 ιιι,
210 4859 398 4926 Helius
434 4858 538 4923 hoc"
564 4867 710 4924 lieret
739 4875 895 4937 quam
923 4861 1087 4932 illud;
1133 4867 1178 4921 si
1205 4882 1388 4922 verum
1419 4866 1566 4932 dicit,
1612 4877 1667 4924 et

94 4955 227 5016 ridet
247 4958 386 5032 quod
406 4949 557 5022 dicit,
589 4957 641 5013 iu
673 4958 778 5014 illis
801 4957 1240 5028 quibuscunnexa
1265 4966 1350 5012 est
1369 4957 1662 5013 rationibus

83 5045 244 5106 για.
263 5045 461 5106 ﬁred“
484 5061 613 5120 ergo
633 5047 800 5104 Deum
827 5045 1016 5104 fecisse
1041 5047 1180 5118 quod
1205 5063 1327 5104 vera
1368 5048 1574 5105 ratione
1597 5050 1664 5105 ab

85 5137 148 5192 eo
169 5138 464 5197 iaciendum
498 5138 661 5195 Nisae
710 5139 981 5209 cognovit,
1013 5139 1220 5194 etiamsi
1273 5135 1375 5195 hoc
1417 5138 1472 5196 in
1499 5137 1663 5196 rebus

87 5225 230 5291 Mi:
253 5241 363 5290 utin
401 5231 568 5288 videt.
598 5231 734 5302 Quia
769 5232 978 5287 etiamsi
1032 5233 1226 5288 caelum
1274 5231 1444 5288 oculis
1476 5231 1662 5289 videre

87 5323 182 5379 ιω
203 5325 412 5395 posset,
434 5325 490 5380 et
518 5329 696 5380 tamen
716 5321 924 5378 ratione
947 5331 1075 5378 vera
1101 5322 1208 5378 tale
1233 5321 1430 5393 aliquid
1461 5319 1659 5378 facieti-

83 5405 206 5474 δίη
237 5407 406 5473 Mue
451 5409 747 5488 colligeret,
794 5413 1015 5472 credere
1056 5415 1240 5471 debuit
1277 5415 1472 5472 factum
1518 5429 1659 5482 esse,

79 5509 316 5582 ’Μ
344 5503 401 5568 id
435 5509 604 5568 oculis
639 5525 746 5567 non
767 5507 991 5567 videret.
1022 5505 1138 5565 Non
1165 5509 1309 5564 cnim
1338 5500 1660 5580 cogitatione

81 5593 276 5660 καί
297 5593 466 5657 luisse
492 5589 813 5665 faciendum,
842 5597 942 5654 nisi
969 5601 1024 5654 in
1062 5598 1126 5654 iis
1153 5597 1446 5653 rationibus
1469 5595 1661 5669 quibus

84 5685 208 5750 Icta
233 5697 364 5750 sttnt
381 5692 585 5748 omnia.
611 5691 763 5761 Quod
783 5701 960 5748 autem
999 5689 1072 5746 ibi
1097 5703 1202 5746 non
1231 5699 1335 5756 est,
1366 5699 1475 5745 tam
1501 5703 1660 5746 nemo

84 5785 249 5851 potest
271 5783 452 5841 Veraci
474 5781 794 5854 cogitatione
813 5781 1015 5850 videre,
1034 5797 1194 5856 quam
1221 5797 1326 5840 non
1345 5791 1429 5840 est
1453 5795 1652 5839 verum.

125 5885 275 5947 ttat.
297 5893 466 5957 etin,
484 5881 918 5948 colume‘aeuotir.

1411 431 1616 494 nam
1650 373 1969 498 τειῖίηυε.

3213 438 3350 510 1978

1837 552 1923 608 lt.
1959 551 2014 608 in
2051 569 2116 611 eo
2153 555 2396 630 plerique
2439 556 2684 618 homines
2726 571 2931 629 errant,
2974 561 3094 636 quia
3131 566 3351 625 meliora

1764 655 1884 697 cum
1917 655 2092 701 mente
2119 653 2496 720 conspexerint
2519 693 2534 717 ,
2567 669 2668 708 non
2699 655 2749 709 in
2779 655 2991 710 sedibus
3015 656 3261 728 congruis
3286 674 3350 717 ea

1763 736 1934 791 oculis
1962 751 2224 808 qn:rruut.
2256 741 2413 797 Velut
2432 744 2475 799 si
2499 743 2777 816 quisquam
2802 745 3090 816 perfectam
3115 749 3352 805 rotundi-

1765 835 1924 882 tatem
1957 831 2158 886 ratione
2184 834 2670 903 comprehenderis,
2701 839 3066 892 stomachetur
3097 838 3240 909 quod
3272 849 3352 896 ta-

1765 920 1869 977 lem
1913 923 1965 976 in
2003 939 2136 979 nuce
2175 939 2278 980 non
2317 928 2546 998 invenit,
2579 929 2624 985 si
2663 930 2864 985 nullum
2895 945 3126 1002 tmqnam
3155 937 3350 1003 corpus

1763 1011 2052 1068 rotundum
2089 1023 2281 1084 prmter
2317 1016 2678 1088 hujuscemodi
2707 1035 2860 1092 poma
2894 1023 3192 1093 conspexit.
3221 1023 3351 1082 Nam

1762 1103 1834 1160 ita
1865 1105 2080 1177 quidam
2116 1121 2238 1162 cum
2281 1111 2484 1166 ratione
2520 1113 2792 1168 verissima
2828 1113 3037 1168 videant
3075 1115 3352 1172 meliorem

1764 1203 1885 1252 esse
1921 1206 2220 1252 creaturam
2241 1241 2254 1264 ,
2283 1214 2401 1268 quae
2429 1203 2670 1270 quamxis
2690 1192 2887 1259 habeat
2911 1203 3134 1259 liberam
3163 1205 3351 1261 rolun-
3451 1259 3459 1268 ,ι

1765 1294 1949 1355 tatem,
1973 1289 2082 1344 Deo
2103 1300 2278 1346 tamen
2299 1307 2514 1362 semper
2536 1293 2717 1361 inlisa,
2740 1309 3006 1367 nunquam
3027 1297 3350 1366 peccaverit;

1764 1379 2031 1437 intuentes
2063 1393 2278 1452 peccata
2311 1385 2608 1452 hominum,
2638 1395 2821 1442 nonut
2848 1401 3066 1456 peccare
3085 1387 3352 1456 desinant,

1763 1473 1856 1528 sed
1883 1473 2002 1543 quia
2034 1473 2156 1529 facti
2187 1485 2311 1531 sunt
2337 1476 2553 1543 dolent,
2583 1476 2819 1532 dicentes
2847 1496 2859 1531 :
2884 1477 3043 1535 Tales
3079 1494 3177 1536 nos
3217 1479 3357 1538 face-

1765 1574 1877 1630 ret,
1907 1574 1966 1620 ut
2011 1580 2226 1637 semper
2265 1567 2687 1624 incommutabiii
2725 1569 2839 1640 ejus
2876 1571 3098 1627 veritate
3121 1573 3354 1642 perfrui,

1763 1660 2031 1725 nunquam
2063 1669 2240 1714 autem
2272 1665 2496 1729 peccare
2523 1660 2805 1716 vellemus.
2831 1645 2947 1716 Non
2973 1659 3221 1728 clament,
3250 1679 3359 1721 non

1763 1758 2115 1804 succenseant
2145 1767 2160 1805 :
2193 1752 2313 1820 quia
2345 1765 2518 1823 neque
2557 1751 2704 1821 ipsos
2743 1753 2862 1808 ideo
2898 1754 3070 1824 coegit
3108 1758 3359 1825 peccare,

1719 1916 1724 1920 ‘
1763 1838 1887 1907 quia
1917 1838 2064 1904 fecit,
2097 1841 2289 1910 quibus
2317 1853 2636 1912 potestatem
2669 1853 2846 1899 utrum
2875 1845 3073 1900 vellent
3104 1845 3280 1913 dedit;
3308 1855 3365 1904 et

1763 1939 1886 1983 sunt
1914 1931 2045 1986 tales
2071 1933 2285 2002 quidam
2317 1933 2526 2006 Angeli,
2554 1935 2644 2006 qui
2673 1939 2846 2006 neque
2873 1941 3229 2006 peccaverunt
3256 1939 3358 1994 tin-

1763 2034 1922 2090 quam
1945 2061 1959 2086 ,
1992 2037 2166 2092 neque
2196 2024 2462 2092 peccaturi
2489 2035 2633 2079 sunt.
2666 2025 3026 2092 Quamobrem
3050 2028 3095 2082 si
3132 2035 3186 2084 te
3210 2024 3360 2088 deie-

1763 2119 1873 2166 ctat
1914 2121 2156 2168 creatura
2191 2131 2310 2185 qua:
2352 2102 2879 2186 perseveratiiissima
2929 2117 3208 2175 voluntate
3254 2123 3360 2178 non

1763 2213 1970 2274 peccat,
1997 2222 2100 2260 non
2127 2217 2209 2262 est
2234 2206 2584 2262 dubitandum
2614 2199 2760 2278 quod
2793 2213 2911 2262 eam
2942 2213 3182 2278 peccanti
3214 2221 3358 2267 recta

1762 2297 1974 2352 ratione
2003 2314 2282 2371 prmponas
2314 2317 2329 2355 :
2355 2301 2448 2355 sed
2486 2300 2622 2354 sicut
2649 2315 2767 2355 eam
2797 2307 2851 2354 tn
2877 2301 3196 2371 cogitatione
3221 2318 3357 2374 pra:-

1766 2389 1956 2458 poais;
2000 2392 2077 2446 sic
2105 2409 2222 2446 eam
2254 2403 2467 2447 creator
2498 2391 2638 2448 Deus
2678 2392 3012 2448 ordinatione
3051 2394 3354 2464 praeposuit.

1765 2478 1936 2535 Crede
1963 2497 2083 2537 esse
2113 2483 2289 2540 talem.
2307 2484 2358 2538 in
2385 2482 2748 2553 superioribus
2771 2484 3008 2543 sedibus.
3032 2489 3086 2540 et
3121 2485 3171 2538 iu
3198 2483 3361 2543 subli-

1766 2572 1949 2627 mitate
1977 2575 2232 2627 caelorum
2259 2575 2415 2645 :quia
2446 2574 2491 2629 si
2529 2574 2817 2629 bonitatem
2849 2572 3106 2630 Conditor
3132 2575 3355 2644 pra-buit

1763 2661 1832 2716 ad
1873 2679 1990 2718 eam
2037 2665 2368 2720 eontlendam
2414 2666 2566 2735 cujus
2608 2665 2851 2738 pra-vidit
2893 2665 3066 2721 futura
3109 2675 3357 2736 precata,

1765 2755 1913 2809 nullo
1940 2755 2098 2808 modo
2125 2772 2230 2811 non
2259 2757 2518 2826 pnebcret
2545 2771 2664 2813 eam
2702 2757 2992 2813 bonitatem
3016 2799 3032 2822 ,
3065 2765 3122 2813 ut
3158 2759 3361 2814 creatu-

1765 2860 1879 2900 ram
1910 2847 2163 2903 conderet
2191 2865 2346 2918 quam
2379 2861 2712 2918 peecatnram
2746 2866 2849 2905 non
2885 2863 3006 2906 esse
3035 2851 3248 2920 praemii
3261 2849 3323 2907 it.

1840 2936 1928 2991 i5.
1964 2937 2133 2994 liabet
2159 2939 2300 2993 enim
2331 2939 2415 2995 illa
2443 2940 2686 2995 sublimis
2725 2950 3033 3010 perpetuam
3075 2937 3360 2998 beatitudi-

1764 3041 1887 3084 nem
1915 3046 2084 3093 suam,
2124 3030 2176 3084 iu
2208 3041 2520 3100 perpetuum
2559 3037 2740 3086 irnens
2773 3031 3024 3088 Creatore
3049 3047 3167 3097 suo,
3196 3047 3355 3104 quam

1769 3134 2021 3193 perpetua
2048 3124 2291 3178 teuendze
2321 3124 2540 3196 justitia‘:
2565 3125 2840 3180 voluntate
2870 3137 3222 3197 promeretur.
3250 3125 3357 3184 iia-

1766 3215 1858 3271 bct
1881 3215 2072 3272 deimlc
2095 3215 2335 3273 ordinem
2363 3232 2519 3273 suum
2542 3217 2702 3273 etiam
2728 3219 2827 3274 ista
2851 3217 3140 3288 peccatrix,
3163 3219 3358 3276 amissa

1767 3307 1821 3362 in
1854 3308 2084 3377 peccatis
2110 3308 2455 3372 beatitudine,
2477 3307 2572 3364 sed
2600 3326 2704 3364 non
2733 3309 2952 3366 dimissa
2985 3309 3363 3383 recuperanda

1767 3399 2110 3456 beatitudinis
2136 3401 2404 3457 facultate.
2433 3401 2563 3470 Qua:
2585 3403 2819 3472 proiecto
2835 3412 3052 3472 superat
3066 3420 3184 3460 eam
3203 3411 3362 3476 quam

1767 3490 2021 3561 peccandi
2059 3501 2311 3562 perpetua
2341 3493 2589 3547 voluntas
2617 3493 2796 3548 tenet1
2822 3510 2837 3546 :
2867 3494 3006 3548 inter
3033 3509 3191 3566 quam
3219 3505 3269 3549 et
3299 3493 3366 3551 il-

1767 3581 1873 3636 iam
1900 3584 2127 3652 priorem
2159 3593 2559 3653 permanentem
2595 3585 2645 3639 in
2676 3584 2949 3639 voluntate
2972 3584 3214 3655 justitize,
3246 3583 3363 3644 inec

1719 3707 1722 3712 -
1767 3677 2105 3733 medietatem
2131 3678 2413 3749 quamdam
2435 3678 2784 3745 demonstrat,
2810 3681 2928 3750 qua:
2951 3677 3239 3750 lmnit'endi
3263 3679 3363 3736 int—

1766 3767 1989 3822 militate
2017 3769 2351 3825 altitudinem
2391 3785 2540 3826 suam
2571 3772 2779 3841 recipit.
2809 3767 2938 3825 Nam
2976 3786 3148 3843 neque
3181 3767 3248 3826 ab
3277 3767 3367 3831 illa

1767 3868 2044 3927 creatura,
2077 3877 2233 3932 quam
2275 3862 2539 3932 praiscivit
2580 3859 2721 3916 Deus
2759 3876 2865 3916 non
2909 3862 3081 3915 solum
3123 3871 3368 3931 ρει-αιιιιο

1765 3965 1905 4014 ram,
1930 3953 2022 4006 sed
2047 3954 2205 4007 etiam
2235 3953 2284 4006 iu
2315 3951 2564 4021 pereandi
2592 3951 2862 4005 voluntate
2892 3961 3218 4014 manSnram,
3243 3948 3367 4006 alis-

1767 4042 1922 4096 tinuit
1949 4043 2241 4112 largitatem
2273 4042 2525 4096 bonitatis
2552 4057 2681 4107 sum,
2709 4050 2761 4095 ut
2794 4055 2912 4094 eam
2956 4057 3060 4096 non
3082 4041 3360 4099 condecet.

1765 4133 1914 4190 Sicut
1938 4135 2082 4190 enim
2115 4135 2303 4189 melior
2325 4143 2406 4189 est
2434 4133 2518 4189 vel
2548 4134 2802 4188 abcrrans
2822 4146 3013 4203 equus,
3037 4145 3196 4201 quam
3225 4131 3365 4203 lapis

1770 4237 2050 4296 propterea
2077 4242 2180 4280 non
2207 4226 2484 4290 oberrans,
2516 4227 2638 4296 quia
2680 4225 2894 4295 proprio
2934 4235 3078 4279 motu
3114 4234 3175 4280 rt—
3200 4239 3362 4283 sensu

1765 4327 1944 4379 caret;
1976 4318 2044 4371 ita
2075 4328 2157 4372 est
2183 4315 2528 4373 excellentior
2553 4327 2795 4371 creatura
2827 4315 2946 4389 qua!
2974 4314 3140 4372 libera
3167 4313 3362 4372 voluit-

1769 4415 1880 4464 tate
1907 4417 2120 4478 peccat,
2159 4426 2316 4480 quam
2360 4425 2480 4479 qua:
2519 4417 2800 4478 propterea
2845 4421 2948 4463 non
2991 4417 3199 4478 peccat,
3240 4409 3365 4477 quia
3399 4475 3412 4480 ἱ

1767 4513 1876 4555 nou
1923 4499 2083 4556 habet
2134 4501 2352 4556 liberam
2402 4499 2748 4554 voluntatem.
2797 4498 2863 4554 Et
2905 4498 3042 4554 sicut
3087 4497 3360 4555 laudarem

1768 4593 1948 4647 viuum
1978 4592 2032 4648 in
2062 4609 2161 4648 suo
2189 4608 2384 4664 genere
2412 4593 2631 4655 bonmn,
2663 4590 2731 4645 de
2764 4607 2870 4661 quo
2894 4591 3018 4646 vino
3046 4587 3364 4648 iuebria‘tttm

1769 4682 2037 4738 hominem
2082 4688 2472 4752 vituperarcm,
2501 4691 2556 4737 et
2597 4692 2770 4738 tamen
2806 4681 3053 4738 eumdem
3093 4681 3364 4739 hominem

1768 4773 1874 4845 jam
1915 4775 2269 4846 vituperatum
2299 4785 2354 4830 et
2380 4774 2555 4829 adhuc
2580 4773 2785 4830 ebrium
2807 4815 2824 4841 ,
2857 4773 3071 4828 laudato
3096 4773 3171 4828 illi
3199 4773 3358 4842 vino,

1769 4865 1837 4921 de
1855 4881 1961 4937 quo
1984 4867 2165 4922 ebrius
2194 4865 2360 4921 factus
2389 4873 2491 4931 est,
2523 4873 2906 4935 anteponerent
2937 4883 2950 4919 :
2980 4866 3049 4920 ita
3073 4856 3366 4936 corporalia

1773 4970 2017 5016 creatura
2047 4962 2099 5015 in
2129 4975 2227 5016 suo
2253 4959 2420 5032 gradu
2445 4962 2566 5030 jure
2595 4960 2853 5016 laodamia
2883 4971 2999 5027 est;
3031 4975 3152 5017 cunt
3180 4962 3254 5018 illi
3283 4961 3350 5015 vi.

1772 5054 2053 5126 tupcrandi
2095 5054 2236 5122 sint,
2271 5057 2364 5126 qui
2401 5056 2518 5124 ejus
2563 5053 2911 5109 iunnoderato
2940 5067 3036 5109 usu
3067 5067 3098 5108 a
3130 5051 3365 5108 veritatis

1771 5147 2110 5219 perceptione
2148 5156 2493 5212 avertuntur;
2539 5143 2784 5216 quamvis
2831 5145 2988 5202 iidem
3033 5157 3217 5199 rursus
3250 5139 3364 5210 jam

1767 5242 2040 5312 perversi,
2073 5251 2127 5295 et
2151 5241 2545 5311 quodammodo
2573 5241 2884 5304 temulenti,
2913 5239 3082 5294 eidem
3107 5243 3364 5290 creatura:

1769 5332 1822 5388 in
1851 5332 2042 5388 ordine
2079 5347 2177 5387 suo
2221 5329 2509 5398 laudabili,
2553 5333 2706 5402 cujus
2734 5331 2978 5386 aviditate
3005 5334 3359 5392 evanuerunt,

1767 5439 1874 5483 neu
1893 5430 2004 5498 jam
2031 5427 2223 5482 merito
2254 5427 2526 5494 vitiorum,
2553 5426 2649 5482 sed
2678 5425 2849 5480 adhuc
2879 5430 3078 5476 natum:
3107 5417 3363 5488 dignitate

1768 5520 2138 5590 praeferuntur.

1839 5613 1927 5666 16.
1955 5611 2085 5678 Quia
2123 5611 2283 5682 igitur
2317 5609 2492 5665 omnis
2524 5608 2699 5662 anima
2725 5603 2866 5658 omni
2893 5613 3118 5670 corpore
3140 5606 3224 5654 est
3247 5613 3360 5656 me-

1766 5693 1888 5767 lior,
1921 5702 2203 5772 omnisque
2231 5700 2496 5771 peccatrix
2525 5699 2697 5749 anima
2726 5707 3060 5764 quocumque
3083 5690 3358 5758 ceciderit,

1830 5835 1846 5869 ¹
1865 5842 1997 5894 tum,
2016 5840 2242 5898 perpetua
2255 5833 2465 5898 rolnp'as
2480 5836 2618 5880 tenet.
2636 5821 2728 5880 Sed
2738 5825 3040 5893 antiquiores
3053 5815 3352 5889 editione“:

1765 5904 1874 5949 Is.
2177 5893 2376 5956 habent,
2393 5893 2619 5944 totum.
