3822 6414
484 462 489 467 -
547 420 685 482 1279

544 539 685 598 nulla
712 532 1121 593 commutatione
1148 541 1340 600 corpus
1368 525 1616 590 efﬁcitur,
1658 539 1757 581 nec
1795 522 2011 579 omnino
2050 520 2124 575 illi

543 633 782 690 aufertur
808 628 948 702 quod
988 626 1162 682 anima
1188 632 1304 691 est,
1334 629 1390 678 et
1415 620 1535 677 ideo
1569 618 1714 674 nullo
1745 625 1900 689 pacto
1933 613 2125 669 amittit

542 724 683 798 quod
709 737 932 793 corpore
956 728 1039 775 est
1063 718 1269 781 melior,
1302 716 1354 769 in
1384 713 1695 784 corporibus
1720 718 1897 766 autem
1927 709 2011 763 lux
2041 716 2122 762 tc-

543 829 636 877 net
664 817 889 888 primum
920 815 1127 877 locum;
1159 823 1492 880 consequens
1515 814 1599 861 est
1631 814 1690 860 ut
1714 804 1887 873 primo
1914 802 2123 871 corpori

542 911 717 967 anima
747 919 982 964 extrema
1008 910 1364 976 prmponatur,
1396 899 1614 970 ﬁerique
1638 896 1806 963 possit
1831 905 1888 949 ut
1913 893 2120 964 corpori

542 1003 766 1073 alicujus
802 1002 994 1055 anima:
1030 996 1241 1067 aliquod
1278 993 1419 1049 aliud
1461 1006 1653 1062 corpus
1690 988 2027 1052 anteferatur,
2066 996 2125 1041 ut

541 1105 718 1151 autem
746 1092 843 1162 ipsi
866 1092 1059 1146 animre
1084 1088 1227 1159 nullo
1255 1084 1433 1141 modo.
1461 1082 1571 1138 Cur
1593 1096 1721 1150 ergo
1747 1096 1853 1135 non
1882 1079 2124 1134 laudetur

543 1187 703 1246 Deus,
732 1195 786 1238 et
812 1180 1059 1237 inell'abili
1086 1177 1459 1249 prmdicatioue
1486 1172 1748 1238 laudetur,
1777 1172 1864 1240 qui
1893 1186 2013 1225 cum
2044 1169 2116 1225 fe-

540 1278 673 1334 cerit
699 1291 789 1331 eas
813 1290 930 1344 qum
954 1274 1008 1327 in
1039 1270 1243 1341 legibus
1274 1277 1451 1324 essent
1483 1265 1701 1336 justitite
1726 1277 2117 1334 permansurm,

539 1370 661 1426 fecit
691 1369 850 1424 etiam
889 1368 1019 1421 alias
1055 1364 1289 1425 animas,
1321 1373 1452 1431 quas
1478 1359 1563 1413 vel
1595 1366 1931 1428 peceaturas,
1957 1357 2039 1412 vel
2069 1356 2122 1411 in

541 1460 774 1531 peccatis
801 1458 960 1513 etiam
1002 1461 1429 1526 perseveraturas
1463 1464 1583 1505 esse
1617 1446 1969 1519 praevidebat:
2001 1462 2121 1502 cum

536 1562 593 1608 et
620 1551 752 1606 tales
776 1548 947 1604 adhuc
972 1546 1218 1601 meliores
1245 1543 1352 1596 sint
1374 1542 1469 1605 eis,
1502 1556 1620 1610 quae
1645 1541 1895 1611 quoniam
1921 1538 2121 1593 nullum

537 1642 734 1698 habent
759 1636 1014 1695 rationale
1038 1651 1101 1691 ac
1128 1636 1349 1690 liberum
1373 1630 1659 1687 voluntatis
1677 1630 1973 1695 arbitrium,
2000 1644 2126 1697 pec-

537 1749 663 1791 care
688 1748 793 1786 nou
830 1729 1084 1801 possunt?
1104 1727 1233 1795 Qum
1261 1736 1435 1780 tamen
1465 1724 1637 1778 adhuc
1663 1722 1820 1778 etiam
1853 1722 1979 1790 ipsae
2005 1736 2121 1775 me.-

537 1825 700 1882 liorcs
743 1832 898 1886 sunt,
930 1836 1087 1892 quam
1129 1832 1409 1888 corporum
1444 1814 1801 1886 quorumlibet
1832 1811 2123 1884 quamlibet

536 1914 995 1987 splendidissimus
1040 1911 1230 1982 fulgor,
1271 1923 1429 1979 quem
1471 1922 1568 1977 pro
1603 1905 1768 1976 ipsius
1806 1904 1995 1960 summi
2026 1902 2121 1958 Dei

535 2004 825 2063 substantia
850 2003 1085 2075 quidam,
1107 2000 1348 2072 quamvis
1372 2013 1491 2053 cum
1521 2011 1713 2067 magno
1736 2010 1935 2060 errore,
1960 2009 2121 2051 vene-

537 2108 737 2155 rantur.
766 2095 916 2164 Quod
953 2096 996 2149 si
1037 2094 1088 2148 in
1129 2092 1317 2147 ordine
1354 2105 1728 2160 corporearum
1758 2099 2119 2145 creaturarum

534 2188 604 2244 ab
627 2188 754 2258 ipsis
782 2185 1014 2243 siderum
1033 2183 1210 2240 choris
1230 2197 1395 2253 usque
1414 2181 1480 2237 ad
1507 2196 1785 2237 numerum
1807 2181 2120 2250 capillorum

536 2291 834 2336 nostrorum
855 2318 870 2343 ,
900 2278 970 2333 ita
996 2277 1255 2348 gradatim
1285 2274 1544 2329 bonarum
1576 2287 1754 2328 rerum
1783 2270 2120 2341 pulchritudo

532 2370 853 2432 contexitur,
898 2377 956 2422 ut
992 2366 1386 2435 imperitissimo
1423 2363 1648 2428 dicatur,
1689 2361 1823 2429 Quid
1865 2369 1949 2416 est
1986 2361 2120 2416 hoc?

534 2463 715 2534 utquid
756 2462 897 2519 hoc?
933 2460 1111 2515 omnia
1156 2458 1297 2515 enim
1344 2457 1527 2511 ordine
1564 2470 1661 2511 suo
1700 2464 1876 2510 creata
1914 2454 2116 2509 sunt‘:

533 2564 729 2629 quanto
757 2553 1057 2623 iutperitius
1084 2551 1151 2606 de
1176 2563 1509 2621 quacumque
1543 2547 1716 2602 anima
1752 2545 1963 2611 dicitur,
2001 2559 2121 2615 qum

532 2647 599 2703 ad
624 2643 1005 2717 quantainlibet
1032 2641 1114 2695 sui
1147 2639 1355 2695 decoris
1392 2637 1795 2694 diminutionem
1825 2636 2120 2692 defecturo-

533 2753 638 2809 quo
678 2734 1016 2807 pervenerit,
1055 2731 1292 2787 omnium
1336 2745 1619 2799 corporum
1654 2729 1963 2798 dignitatem
2004 2727 2122 2783 sine

535 2828 641 2883 ulla
667 2824 994 2883 dubitatione
1022 2838 1235 2893 semper
1262 2820 1533 2891 superabit
1552 2820 1607 2874 ’?

607 2918 692 2972 Π.
734 2914 903 2971 Aliter
938 2914 1080 2968 enim
1124 2912 1352 2967 :cstimat
1389 2913 1555 2978 ratio,
1592 2909 1748 2966 aliter
1778 2924 1926 2964 usus.
1968 2908 2121 2965 Ratio

533 3008 760 3064 aestimat
788 3007 907 3062 luce
934 3004 1191 3069 veritatis,
1216 3012 1274 3057 ut
1306 3012 1453 3058 recto
1470 3002 1672 3072 judicio
1697 3000 1887 3058 subdat
1915 3000 2120 3056 minora

534 3102 823 3174 majoribus
862 3117 876 3154 :
920 3114 1046 3155 usus
1087 3108 1265 3153 autern
1311 3095 1696 3151 consuetudine
1732 3093 1976 3150 commod
1999 3094 2121 3149 tatis

535 3196 844 3266 plerumque
872 3192 1175 3258 inclinatur,
1206 3198 1263 3245 ut
1288 3205 1350 3245 ea
1381 3188 1546 3259 pluris
1569 3188 1796 3243 aestimet
1829 3203 1948 3256 quae
1977 3187 2120 3242 veri-

535 3297 619 3345 tas
646 3291 849 3343 minora
880 3300 1001 3342 esse
1021 3283 1305 3339 convincit.
1328 3282 1461 3336 Cum
1482 3281 1624 3337 enim
1644 3296 1866 3352 corpora
1886 3280 2119 3335 cmlestia

534 3376 845 3446 corporibus
882 3372 1225 3429 terrestribus
1262 3386 1451 3441 magna
1485 3370 1780 3425 differentia
1816 3370 1951 3425 ratio
1982 3386 2119 3440 pra:-

534 3476 729 3539 pouat,
767 3464 885 3535 quis
927 3472 1106 3517 tamen
1142 3461 1437 3516 carnalium
1468 3460 1741 3515 hominum
1771 3475 1875 3515 non
1906 3461 2117 3527 mallet,

534 3558 616 3613 vel
647 3557 795 3627 plura
826 3555 1017 3611 deesse
1046 3554 1097 3608 in
1128 3552 1267 3609 caelo
1293 3551 1486 3618 sidera,
1512 3566 1667 3622 quam
1691 3566 1847 3605 unam
1871 3552 2122 3608 arbuscu-

536 3650 642 3705 lam
681 3649 734 3703 in
773 3662 900 3717 agro
938 3660 1063 3710 suo,
1102 3654 1194 3701 aut
1229 3660 1443 3700 vaccam
1475 3648 1528 3699 in
1553 3644 1829 3700 armento?
1855 3644 1960 3700 Sed
1984 3645 2123 3701 sicut

535 3748 694 3795 actate
719 3738 951 3809 majores
991 3736 1235 3792 homines
1261 3737 1345 3791 vel
1378 3735 1595 3790 omnino
1623 3744 2004 3802 contemnunt,
2036 3736 2119 3791 vel

535 3842 678 3890 certe
704 3832 967 3905 patienter
990 3829 1300 3900 corrigenda
1320 3835 1630 3899 exSpectant
1650 3827 1844 3897 judicia
1876 3828 2121 3897 parvulo-

534 3940 674 3990 rum,
697 3922 788 3995 qui
811 3921 1047 3993 exceptis
1067 3919 1381 3992 quibusdam
1404 3934 1630 3989 quorum
1651 3934 1832 3973 amore
1854 3920 2115 3987 laetantur,

533 4016 822 4089 quemlibet
862 4015 1136 4072 hominum
1169 4022 1488 4069 caeterorum
1529 4012 1662 4067 mori
1693 4013 1929 4080 malunt,
1959 4028 2120 4084 quam

533 4124 803 4182 passerem
829 4123 1014 4173 suum;
1040 4116 1096 4165 et
1123 4107 1289 4162 multo
1316 4106 1485 4177 magis
1509 4107 1553 4161 si
1582 4106 1742 4163 homo
1764 4108 1834 4162 sit
1857 4108 1945 4164 ille
1966 4110 2120 4165 terri-

532 4202 674 4268 bilis,
706 4216 890 4272 passer
911 4210 1087 4257 autem
1111 4214 1340 4256 canorus
1362 4208 1419 4255 et
1444 4200 1663 4269 pulcher
1687 4218 1700 4254 :
1724 4200 1795 4255 ita
1819 4201 1850 4256 ii
1874 4203 1964 4274 qui
1995 4218 2118 4273 pro.

534 4302 688 4349 vectu
710 4293 876 4348 animi
910 4292 977 4346 ad
1012 4292 1324 4361 sapientiam
1351 4290 1707 4361 proiecerunt,
1731 4291 2007 4361 imperitos
2026 4309 2119 4351 re-

534 4400 653 4442 rum
690 4382 1041 4440 aestimatores
1075 4397 1194 4438 cum
1230 4382 1526 4438 invenerint
1564 4383 1729 4438 Deum
1761 4383 2035 4442 laudantes
2061 4386 2117 4442 in

534 4474 793 4531 creaturis
822 4472 1142 4538 minoribus,
1171 4472 1259 4543 qui
1290 4487 1382 4528 eas
1418 4472 1715 4528 carnalibus
1742 4474 1850 4528 suis
1873 4476 2118 4532 sensibus

533 4566 983 4623 accommodatius
1009 4565 1293 4631 adhibent,
1336 4565 1389 4619 in
1427 4565 1786 4633 superioribus
1811 4581 1937 4623 vero
1960 4575 2118 4638 atque

534 4657 841 4712 melioribus
880 4656 1069 4726 partim
1106 4669 1227 4711 eum
1258 4670 1364 4709 non
1402 4653 1704 4719 laudantes,
1733 4656 1972 4711 minusve
1998 4656 2116 4713 lau-

534 4750 741 4816 dantes,
769 4749 957 4819 partim
982 4749 1141 4803 etiam
1171 4748 1469 4818 vituperare
1492 4756 1583 4801 aut
1606 4749 1891 4805 emendare
1915 4765 2117 4806 conan-

534 4848 635 4903 tes,
664 4841 852 4909 partim
873 4854 977 4894 non
993 4838 1273 4895 credentes
1292 4838 1431 4909 quod
1451 4852 1631 4893 earum
1654 4838 1741 4894 ille
1758 4840 1826 4894 sit
1844 4840 2112 4907 conditor;

537 4932 718 4988 talium
758 4929 952 5001 judicia
998 4932 1081 4986 vel
1114 4932 1331 4985 omnino
1369 4940 1744 4997 contemnere,
1779 4932 1824 4986 si
1852 4933 2117 5003 corrigere

536 5032 838 5095 nequeunt,
864 5024 946 5077 vel
982 5024 1151 5078 donec
1173 5024 1441 5093 corrigant
1458 5064 1474 5091 ,
1501 5039 1655 5094 mquo
1679 5025 1856 5080 animo
1887 5026 2116 5083 tolerare

533 5132 597 5173 ac
620 5116 883 5172 sustinere
902 5124 1268 5170 consuescant.

534 5206 761 5265 CAPUT
791 5203 878 5259 Vl.
913 5235 985 5245 —-
1012 5203 1175 5259 Nemo
1216 5222 1326 5260 vere
1367 5208 1549 5263 dixerit
1592 5225 1644 5263 se
1686 5209 1837 5263 malle
1874 5226 1975 5264 non
2013 5228 2115 5267 esse

1042 5311 1191 5364 quam
1220 5295 1452 5349 miserum
1478 5314 1600 5352 esse.

608 5389 695 5446 18.
723 5389 852 5457 Qua“:
874 5402 995 5443 cum
1025 5386 1097 5441 ita
1134 5400 1192 5441 se
1231 5387 1475 5449 habeant,
1506 5397 1706 5444 tantum
1731 5390 1881 5446 abest
1908 5406 1937 5445 a
1966 5407 2107 5458 vero,

535 5481 676 5555 quod
700 5480 937 5537 Creatori
976 5478 1272 5550 deputanda
1308 5479 1678 5535 existimantur
1718 5491 1929 5552 peccata
1959 5497 2113 5539 orca-

534 5665 646 5774 “ut”
634 5660 910 5725 tegendum
926 5665 1002 5709 est
1011 5659 1147 5721 juxta
1161 5666 1286 5719 Mss,
1300 5655 1460 5707 omnia
1472 5654 1598 5708 enim
1611 5656 1662 5707 in
1673 5656 1841 5708 ordine
1856 5672 1943 5710 suo
1955 5666 2118 5713 creata

536 5843 725 5907 perabit

1557 405 1644 464 DE
1681 403 1932 464 LIBERO
1969 397 2317 469 ARBITRIO,
2355 399 2413 458 S.
2453 399 2818 461 AUGUSTlNl

525 5761 753 5855 -":t-3‘dj_tt
768 5818 784 5845 ,
797 5782 900 5835 sine
912 5781 1013 5835 ulla
1025 5781 1315 5835 dubitatione
1334 5779 1589 5846 sameram.
1606 5789 1662 5834 Αι
1685 5790 1812 5847 Mss,
1825 5795 2009 5847 semper
2033 5798 2115 5838 su-
2132 5815 2160 5833 Α.

2231 525 2380 586 turae,
2406 520 2647 590 quamvis
2670 533 2887 575 necesse
2908 523 2992 575 est
3024 516 3154 575 ﬁant
3184 532 3304 591 quae
3327 516 3437 592 ipse
3459 518 3637 576 futura
3659 537 3780 592 pm-

2229 612 2397 677 scivit,
2425 621 2481 667 ut
2503 626 2620 667 cum
2649 621 2703 666 tu
2728 611 2925 666 dixeris
2951 626 3055 667 non
3077 620 3129 666 te
3148 611 3384 667 invenire
3405 612 3674 681 quomodo
3690 631 3777 671 non

2228 704 2276 759 ei
2302 703 2584 773 deputetur
2621 703 2872 774 quidquid
2916 703 2966 757 in
3005 703 3123 772 ejus
3158 712 3397 759 creatura
3436 702 3557 758 ﬁeri
3587 720 3775 763 necesse

2228 805 2343 862 est;
2368 812 2467 868 ego
2490 805 2670 851 contra
2698 812 2803 851 non
2828 796 3092 852 inveniam
3115 795 3353 862 modum,
3379 810 3556 867 neque
3583 796 3773 854 invenir‘

2228 902 2387 959 posse
2413 896 2571 957 atque
2597 887 2815 942 omnino
2851 901 2957 942 non
2984 901 3104 942 esse
3127 886 3435 941 conﬁrmem
3452 926 3470 951 ,
3500 901 3611 956 quo
3631 885 3677 943 ei
3698 888 3766 944 ἀει

2227 988 2439 1051 putetur
2460 979 2712 1051 quidquid
2737 978 2789 1035 in
2814 979 2930 1048 ejus
2953 988 3195 1034 creatura
3218 978 3290 1033 ita
3319 978 3430 1033 ﬁeri
3456 993 3674 1035 necesse
3692 993 3767 1049 est,

2226 1078 2285 1125 ut
2310 1071 2579 1126 voluntate
2614 1070 2937 1141 peccantium
2977 1070 3086 1125 ﬁat.
3131 1069 3188 1126 Si
3228 1071 3372 1125 enim
3412 1068 3539 1141 quis
3578 1070 3769 1137 dixerit,

2225 1161 2340 1218 Non
2353 1178 2490 1229 esse,
2504 1179 2661 1234 quam
2681 1164 2932 1217 miserum
2954 1177 3041 1217 me
3056 1175 3175 1217 esse
3190 1161 3404 1217 mallem
3419 1178 3433 1214 :
3447 1163 3768 1231 respondebo,

2226 1254 2483 1311 Mentiris.
2522 1254 2649 1309 Nam
2680 1263 2735 1310 et
2772 1268 2913 1310 nunc
2941 1253 3103 1309 miser
3126 1268 3220 1319 es,
3247 1267 3347 1308 nec
3387 1252 3458 1308 ob
3496 1253 3633 1309 aliud
3665 1257 3770 1313 mori

2225 1360 2331 1402 non
2357 1346 2457 1413 vis,
2485 1346 2584 1401 nisi
2611 1356 2667 1401 ut
2692 1345 2766 1401 sis
2793 1363 2805 1398 :
2834 1347 2904 1399 ita
2930 1359 3050 1400 cum
3070 1343 3235 1400 miser
3258 1344 3397 1399 nolis
3418 1358 3563 1410 esse,
3589 1347 3769 1403 essetis

2226 1446 2421 1492 tamen.
2465 1439 2575 1508 Age
2614 1437 2770 1508 igitur
2805 1436 3000 1506 gratias
3037 1452 3101 1491 ex
3141 1450 3206 1490 eo
3243 1433 3385 1504 quod
3413 1448 3478 1490 es
3505 1436 3703 1500 volens,
3730 1448 3770 1491 ut

2225 1528 2366 1599 quod
2396 1528 2588 1583 invitus
2611 1543 2671 1582 es
2699 1526 2989 1583 auferatur.
3031 1525 3221 1582 Volens
3246 1525 3394 1581 enim
3428 1540 3527 1591 es,
3559 1535 3611 1580 et
3640 1526 3774 1582 miser

2224 1619 2421 1675 invitus
2445 1634 2523 1675 es.
2559 1618 2711 1687 Quod
2751 1618 2796 1673 si
2836 1619 3071 1688 ingratus
3093 1633 3154 1673 es
3192 1617 3244 1672 in
3283 1631 3347 1671 eo
3378 1616 3524 1687 quod
3549 1630 3657 1673 esse
3684 1617 3771 1683 vis,

2220 1710 2340 1780 jure
2378 1711 2583 1780 cogeris
2621 1725 2741 1765 esse
2778 1708 2917 1780 quod
2957 1722 3059 1763 non
3103 1707 3203 1763 vis.
3242 1707 3319 1761 Ex
3356 1706 3447 1762 illo
3487 1706 3639 1777 igitur
3656 1708 3772 1778 quod

2224 1804 2383 1859 etiam
2412 1802 2647 1873 ingratus
2684 1801 2849 1858 habes
2877 1800 3019 1871 quod
3048 1800 3149 1865 vis,
3175 1798 3448 1855 Creatoris
3477 1797 3627 1854 laudo
3645 1800 3770 1854 boni-

2227 1902 2387 1951 tatem
2422 1912 2435 1948 :
2464 1908 2526 1949 ex
2556 1894 2646 1948 illo
2669 1903 2845 1948 autem
2872 1891 3013 1963 quod
3044 1890 3241 1961 pateris
3267 1890 3508 1961 ingratus
3532 1891 3663 1961 quod
3687 1907 3769 1947 non

2223 1983 2323 2047 vis,
2353 1982 2674 2038 ordinatoris
2711 1982 2869 2037 laudo
2892 1981 3171 2051 justitiam.

2296 2074 2383 2130 19.
2411 2072 2468 2128 Si
2493 2074 2702 2139 dixerit,
2726 2072 2841 2129 Non
2871 2072 2989 2129 ideo
3013 2071 3150 2127 mori
3170 2072 3311 2137 nolo,
3336 2072 3481 2144 quod
3507 2072 3672 2128 malim
3693 2074 3773 2129 mi-

2222 2178 2311 2219 ser
2332 2177 2451 2219 esse
2479 2178 2636 2233 quam
2662 2163 2878 2218 omnino
2910 2178 3015 2219 non
3043 2176 3193 2229 esse,
3226 2161 3321 2217 sed
3346 2177 3415 2218 ne
3440 2171 3557 2232 post
3582 2172 3769 2219 mortem

2223 2254 2470 2309 miserior
2491 2252 2593 2307 sim
2628 2270 2639 2306 :
2668 2252 3028 2322 respondebo,
3058 2252 3116 2309 Si
3143 2252 3244 2308 hoc
3270 2252 3523 2323 injustum
3556 2262 3662 2320 est,
3686 2270 3770 2308 non

2224 2357 2301 2399 διο
2329 2343 2470 2408 eris;
2498 2344 2543 2397 si
2576 2353 2752 2399 autem
2782 2344 2883 2399 hoc
2902 2344 3104 2414 justum
3130 2353 3232 2408 est,
3258 2343 3534 2399 laudemus
3558 2360 3672 2399 eum
3692 2361 3769 2400 cu-

2220 2435 2307 2506 jus
2329 2436 2530 2505 legibus
2554 2435 2632 2490 sic
2656 2435 2780 2490 eris.
2810 2435 2867 2491 Si
2900 2434 3115 2501 dixerit,
3144 2434 3293 2491 Unde
3325 2449 3630 2504 prmumam
3656 2435 3775 2504 quod

2224 2528 2267 2583 si
2292 2528 2392 2584 hoc
2421 2528 2669 2598 injustum
2699 2536 2799 2594 est,
2825 2541 2928 2581 non
2960 2527 3036 2581 sic
3061 2525 3190 2581 ero?
3216 2526 3531 2596 respondebo
3552 2567 3568 2593 ,
3590 2526 3713 2594 Quia
3736 2543 3774 2581 st

2225 2620 2333 2675 eris
2354 2620 2405 2674 in
2427 2628 2515 2673 tua
2538 2626 2817 2689 potestate,
2840 2625 2932 2673 aut
2957 2617 3121 2673 miser
3150 2631 3252 2671 non
3271 2616 3393 2681 eris,
3410 2624 3502 2671 aut
3524 2624 3577 2670 tu
3602 2617 3777 2686 ipsete

2225 2711 2420 2781 injuste
2446 2710 2698 2781 regendo,
2724 2711 2865 2782 juste
2892 2708 3000 2766 eris
3023 2708 3223 2775 miser;
3250 2716 3338 2763 aut
3366 2708 3578 2763 valendo
3600 2716 3653 2762 et
3678 2723 3773 2763 non

2225 2801 2450 2858 valendo
2476 2810 2526 2856 te
2550 2804 2692 2870 juste
2717 2816 2931 2872 regere,
2953 2817 3058 2858 non
3087 2801 3197 2857 eris
3234 2800 3286 2856 in
3321 2808 3405 2855 tua
3431 2809 3704 2870 potestate,
3729 2810 3773 2854 ct

2225 2902 2316 2948 aut
2332 2893 2383 2948 in
2403 2891 2597 2947 nullius
2619 2892 2747 2960 eris,
2769 2892 2934 2947 autin
2953 2891 3170 2947 alterius
3194 2908 3207 2944 :
3231 2891 3276 2946 si
3302 2892 3354 2946 in
3383 2892 3593 2956 nullius,
3612 2900 3690 2945 aut
3708 2892 3770 2944 in.

2226 2987 2386 3054 vitus,
2411 2995 2500 3040 aut
2529 2986 2712 3040 volens
2737 3002 2749 3038 :
2779 2984 2873 3041 sed
2898 2984 3096 3039 invitus
3121 2998 3239 3038 esse
3266 2982 3398 3037 nihil
3426 2992 3592 3053 potes,
3620 2983 3703 3036 nisi
3728 2990 3770 3035 te

2225 3078 2307 3133 vis
2332 3078 2505 3148 aliqua
2533 3077 2894 3148 superaverit;
2927 3089 3086 3146 porro
3108 3073 3249 3129 nulla
3276 3074 3328 3128 vi
3354 3073 3588 3144 superari
3610 3081 3764 3143 potest,

2224 3171 2312 3242 qui
2337 3179 2420 3226 est
2447 3168 2497 3223 in
2525 3168 2721 3223 nullius
2746 3176 3003 3238 potestate
3027 3185 3040 3219 :
3067 3167 3111 3220 si
3131 3174 3311 3221 autem
3337 3165 3522 3221 volens
3542 3166 3589 3219 in
3608 3164 3766 3218 nullius

2224 3262 2330 3317 eris
2361 3269 2641 3331 potestate,
2673 3258 2738 3313 ad
2767 3258 2867 3313 hoc
2894 3257 3029 3313 ratio
3055 3256 3303 3323 recurrit,
3336 3265 3398 3309 ut
3427 3254 3504 3310 sis
3529 3256 3575 3309 in
3602 3264 3673 3308 tua
3693 3270 3704 3317 ;
3727 3261 3770 3305 ct

2224 3362 2313 3408 aut
2343 3362 2392 3407 te
2423 3351 2617 3422 injuste
2655 3348 2887 3420 regendo
2920 3349 3062 3419 juste
3099 3362 3261 3402 miser
3301 3348 3412 3413 sis;
3442 3357 3535 3401 aut
3560 3346 3763 3416 quoniam

2224 3443 2499 3518 Quitdlibet
2528 3444 2712 3503 volens
2741 3442 2869 3508 eris,
2898 3440 3061 3503 habes
3086 3438 3259 3501 adhuc
3285 3438 3427 3493 unde
3453 3438 3639 3511 gratias
3666 3449 3762 3505 agas

2224 3538 2443 3596 bOnitati
2474 3540 2774 3596 Conditoris
2801 3541 2894 3596 tui.
2923 3540 3075 3610 Quod
3111 3542 3154 3596 si
3192 3541 3246 3595 in
3279 3551 3369 3595 tua
3409 3540 3654 3611 potestate
3684 3548 3765 3593 non

2224 3634 2352 3701 eris,
2387 3640 2481 3688 aut
2510 3634 2777 3704 potentior
2814 3633 3050 3704 profecto
3069 3674 3084 3699 ,
3109 3642 3200 3687 aut
3232 3632 3498 3688 inﬁrmior
3526 3644 3572 3689 te
3596 3631 3767 3687 habebit

2227 3725 2278 3779 in
2320 3734 2607 3796 potestate.
2648 3724 2799 3792 Quod
2841 3724 2886 3779 si
2926 3725 3207 3791 inﬁrmior,
3236 3732 3326 3780 tua
3353 3725 3548 3796 culpa,
3574 3734 3621 3780 et
3652 3724 3763 3792 justi

2223 3816 2437 3871 miseria
2468 3833 2481 3870 :
2517 3816 2715 3886 poteris
2738 3816 2882 3871 enim
2914 3815 3259 3872 inﬁrmiorem
3289 3832 3549 3885 superare
3568 3817 3608 3872 si
3628 3815 3759 3869 voles.

2224 3909 2281 3966 Si
2320 3919 2495 3965 autem
2534 3908 2799 3979 potentior
2842 3917 2894 3964 te
2936 3909 3281 3964 inﬁrmiorem
3314 3908 3535 3965 habebit
3565 3909 3614 3965 in
3647 3916 3762 3977 pote-

2223 4012 2391 4070 state,
2419 4002 2568 4057 nullo
2597 4001 2756 4057 modo
2784 4012 2891 4057 tam
2915 4012 3116 4059 rectam
3142 4001 3538 4059 ordinationem
3558 4008 3680 4057 recte
3700 3999 3763 4052 in-

2217 4096 2416 4167 justam
2455 4094 2681 4164 putabis.
2727 4093 3015 4150 Verissime
3055 4094 3213 4167 igitur
3241 4093 3445 4150 dictum
3477 4101 3555 4148 est
3577 4090 3653 4147 :Si
3678 4088 3763 4143 hoc

2225 4180 2477 4248 injustum
2505 4187 2615 4242 est,
2643 4193 2752 4234 non
2778 4179 2855 4233 sic
2879 4178 3019 4244 eris;
3058 4177 3104 4233 si
3144 4186 3323 4233 autem
3357 4177 3556 4248 justum
3573 4217 3588 4245 ,
3614 4172 3760 4230 laude-

2225 4285 2343 4326 mus
2364 4286 2485 4324 eum
2510 4269 2659 4339 cujus
2688 4269 2893 4340 legibus
2911 4269 2989 4325 sic
3006 4269 3134 4325 eris.

2224 4359 2450 4417 CAPUT
2472 4359 2658 4415 Vll.—
2684 4359 2810 4415 Esse
2836 4360 3066 4431 diligitur
3088 4368 3134 4414 et
3161 4376 3193 4414 α
3221 4359 3452 4427 umeris,
3478 4358 3592 4431 quia
3615 4355 3668 4410 ob
3692 4353 3761 4408 illo

2728 4463 2843 4509 sunt
2866 4454 2952 4526 qui
2972 4470 3164 4509 summe
3191 4465 3283 4509 est.

2292 4546 2382 4602 20.
2407 4545 2464 4602 Si
2484 4546 2708 4602 dixerit:
2729 4546 2853 4602 Ideo
2875 4547 3043 4617 magis
3063 4548 3184 4603 volo
3205 4548 3289 4604 vel
3311 4547 3462 4603 miser
3478 4560 3609 4607 esse.
3624 4558 3716 4613 qua
3731 4557 3770 4595 ιη

2222 4642 2438 4696 omnino
2464 4655 2570 4694 non
2599 4654 2739 4707 esse,
2765 4641 2886 4711 quia
2912 4640 3021 4710 jam
3048 4655 3199 4705 sum;
3231 4640 3276 4695 si
3300 4648 3475 4694 autem
3494 4637 3768 4709 priusquam
3806 4630 3807 4703 γ

2219 4748 2392 4789 essem
2423 4748 2634 4804 possem
2655 4733 2880 4799 consuli,
2902 4733 3150 4803 eligerem
3175 4746 3282 4786 non
3303 4746 3423 4788 esse
3442 4730 3611 4801 potius
3632 4738 3756 4796 quam
3806 4772 3807 4775 η

2221 4834 2278 4879 ιιι
2303 4838 2475 4880 essem
2502 4825 2680 4879 miser.
2712 4824 2859 4879 Nunc
2885 4824 3026 4879 enim
3045 4822 3185 4893 quod
3213 4823 3373 4877 timeo
3401 4837 3512 4877 non
3536 4835 3642 4876 esse
3662 4830 3756 4872 cum
3806 4832 3807 4837 ‘

2220 4917 2382 4972 miser
2410 4918 2508 4971 sim
2529 4957 2544 4983 ,
2568 4916 2634 4971 ad
2680 4917 2849 4987 ipsam
2878 4915 3143 4971 miseriam
3173 4915 3438 4986 pertinet,
3469 4930 3569 4985 qua
3600 4927 3688 4967 non
3715 4908 3754 4962 id

2219 5011 2360 5075 volo,
2378 5009 2519 5081 quod
2540 5010 2679 5065 velle
2699 5009 2979 5076 deberem;
2998 5008 3163 5079 magis
3185 5009 3329 5063 enim
3350 5022 3459 5063 non
3479 5023 3612 5073 esse,
3629 5016 3752 5076 quam

2219 5102 2383 5158 miser
2406 5117 2526 5158 esse
2562 5102 2697 5157 velle
2723 5100 2992 5157 deberem.
3021 5100 3172 5155 Nunc
3206 5115 3347 5171 vero
3366 5097 3541 5155 fateor
3561 5111 3639 5154 me
3665 5092 3753 5164 qui-

2218 5194 2340 5249 dem
2368 5194 2527 5249 malle
2552 5194 2636 5247 vel
2664 5193 2915 5247 miserum
2957 5206 3075 5247 esse
3118 5205 3274 5261 quam
3318 5190 3453 5246 nihil
3472 5188 3605 5256 ;.sed
3634 5191 3753 5261 tanto

2218 5285 2428 5339 stultius
2458 5284 2509 5338 id
2535 5283 2686 5349 volo,
2712 5292 2907 5353 quanto
2931 5280 3206 5337 miserius:
3236 5288 3381 5335 tanto
3418 5289 3590 5336 autem
3624 5276 3749 5333 mise-

2220 5377 2347 5442 rius,
2380 5384 2578 5447 quanto
2606 5376 2784 5430 verius
2806 5373 2960 5429 video
2985 5388 3091 5428 non
3119 5373 3220 5427 hoc
3245 5386 3331 5425 me
3354 5372 3495 5427 velle
3524 5367 3748 5426 debuisse.

2219 5466 2607 5539 Respondebo:
2632 5465 2774 5523 Cave
2800 5465 2974 5536 potius
2997 5478 3063 5519 ne
3092 5462 3175 5518 hic
3202 5478 3351 5518 erres
3368 5503 3384 5529 ,
3414 5463 3503 5519 ubi
3532 5473 3579 5518 te
3608 5457 3749 5541 videre

2218 5574 2400 5616 verum
2430 5567 2604 5631 putas.
2644 5557 2772 5613 Nam
2801 5558 2845 5613 si
2872 5557 3056 5612 beatus
3087 5569 3254 5621 esses,
3284 5555 3469 5627 utique
3493 5567 3607 5611 esse
3625 5558 3747 5621 quam

2220 5668 2325 5710 non
2347 5668 2465 5709 esse
2485 5652 2703 5718 malles;
2725 5661 2781 5708 et
2806 5667 2945 5706 nunc
2968 5652 3128 5705 miser
3154 5663 3274 5703 cum
3299 5649 3396 5715 sis,
3426 5648 3589 5704 mavis
3608 5654 3747 5701 tamen

2219 5759 2339 5801 esse
2362 5744 2446 5800 vel
2476 5744 2637 5799 miser
2659 5758 2811 5813 quam
2834 5742 3049 5797 omnino
3072 5755 3178 5795 non
3206 5753 3347 5805 esse,
3368 5753 3492 5795 cum
3510 5751 3620 5794 esse
3643 5730 3748 5789 nolis

2223 5837 2402 5895 miser.
2422 5835 2704 5894 Considera
2727 5835 2903 5906 igitur,
2918 5841 3167 5905 quantum
3182 5841 3359 5904 potes,
3372 5847 3531 5905 quam
3543 5834 3748 5903 ωίειιαω
