3824 6296
58 497 232 550 bonum
256 484 328 543 sit
357 483 534 556 ipsum
554 477 860 553 esse,un
877 487 933 538 et
959 477 1098 536 beati
1123 484 1178 535 et
1200 474 1384 532 miseri
1413 473 1616 530 volunt.

66 581 174 640 Nam
199 578 240 635 si
267 576 370 634 hoc
398 575 540 634 bene
566 572 1013 637 consideraveris,
1031 569 1234 627 videbis
1261 578 1314 625 te
1342 569 1394 624 in
1419 576 1621 623 tantum

75 689 165 731 esse
194 673 466 737 miserum,
494 669 547 726 in
578 677 833 741 quantum
875 681 980 722 non
1022 665 1345 738 propinquas
1387 663 1438 718 ei
1480 659 1622 732 quod

75 782 245 825 summe
271 775 390 828 est;
417 766 471 821 in
505 773 709 819 tantum
737 771 914 818 autem
944 768 1129 831 putare
1169 757 1359 814 melius
1384 769 1534 823 esse,
1563 762 1625 810 ut

74 864 260 934 quisque
280 875 386 916 non
407 860 651 930 sitquam
678 867 735 912 ut
757 856 922 912 miser
938 855 1026 921 sit,
1051 853 1107 908 in
1131 860 1385 924 quantum
1408 864 1517 905 non
1538 848 1621 904 vi-

74 957 142 1012 les
163 954 295 1026 quod
315 968 525 1010 summe
545 961 658 1008 est:
681 962 737 1008 et
763 950 882 1006 ideo
902 958 1080 1005 tamen
1101 957 1154 1004 te
1177 961 1298 1004 esse
1311 943 1468 1012 velle,
1490 957 1623 1016 quo-

67 1050 182 1104 niam
205 1047 383 1102 abillo
402 1061 464 1102 es
486 1045 577 1116 qui
598 1058 805 1099 summe
833 1051 933 1099 est.

121 1139 204 1194 2|.
229 1139 283 1196 Si
319 1139 399 1194 vis
433 1139 610 1208 itaque
647 1136 914 1193 miseriam
951 1134 1153 1208 fugere,
1175 1148 1293 1190 ama
1331 1133 1386 1188 in
1427 1141 1479 1189 te
1518 1131 1620 1188 hoc

65 1235 233 1304 ipsum,
252 1229 374 1301 quia
394 1244 516 1285 esse
535 1229 634 1284 vis.
665 1228 722 1284 Si
739 1228 881 1284 enim
905 1226 1072 1299 magis
1094 1224 1369 1297 magisque
1386 1237 1509 1280 esse
1528 1237 1624 1278 vo-

63 1324 220 1392 lueris,
239 1323 288 1379 ei
307 1321 450 1395 quod
469 1336 677 1377 summe
696 1329 777 1376 est
797 1318 1174 1391 propinquabis
1198 1335 1211 1371 :
1235 1327 1292 1374 et
1309 1315 1506 1388 gratias
1523 1331 1622 1388 age

64 1432 182 1472 nunc
203 1416 319 1486 quia
345 1429 425 1470 es.
452 1412 704 1483 Quamvis
731 1412 876 1468 enim
903 1410 1073 1468 beatis
1098 1410 1173 1466 sis
1199 1409 1436 1476 inferior,
1458 1422 1622 1479 supe-

65 1510 152 1563 rior
179 1517 352 1563 tamen
377 1521 436 1562 es
460 1522 617 1576 quam
645 1521 707 1560 ea
731 1521 849 1576 qua:
871 1518 975 1559 non
1004 1503 1201 1560 habent
1225 1502 1310 1557 vel
1333 1501 1619 1556 beatitudi-

61 1602 127 1656 nis
147 1600 501 1664 voluntatem;
529 1612 753 1668 quorum
783 1605 960 1651 tamen
987 1595 1151 1650 multa
1172 1594 1332 1650 etiam
1353 1609 1383 1647 a
1412 1592 1621 1648 miseris

60 1694 334 1749 laudamur.
370 1691 560 1748 Omnia
600 1701 777 1746 tamen
804 1705 870 1746 eo
899 1689 1015 1761 ipso
1040 1702 1148 1760 quo
1175 1695 1334 1754 sunt,
1357 1687 1480 1757 jure
1504 1686 1620 1740 lan-

65 1785 212 1842 danda
240 1793 398 1851 sunt;
421 1784 546 1854 quia
567 1797 633 1838 eo
653 1781 771 1854 ipso
795 1797 901 1854 quo
919 1788 1065 1847 sunt,
1088 1779 1226 1834 bona
1247 1787 1392 1834 sunt.
1415 1776 1622 1846 Quanto

60 1879 176 1934 enim
217 1876 449 1947 amplius
489 1890 611 1932 esse
649 1873 944 1941 amaveris,
992 1882 1139 1928 tanto
1184 1871 1411 1942 amplius
1457 1870 1621 1925 vitam

61 1981 286 2027 sternam
310 1968 661 2034 desiderabis,
685 1977 841 2040 teque
870 1967 943 2022 ita
981 1965 1199 2021 formari
1239 1963 1536 2035 exoptabis,
1566 1971 1624 2018 ut

60 2063 339 2118 all'ectiones
369 2072 472 2118 tua:
501 2075 606 2117 non
636 2061 742 2116 sint
770 2058 1117 2130 temporales,
1149 2056 1216 2113 de
1247 2057 1619 2128 temporalium

59 2169 208 2209 rerum
231 2153 508 2209 amoribus
537 2153 727 2233 iw
747 2159 801 2207 et
827 2151 1103 2220 impressa:
1128 2169 1140 2205 :
1163 2163 1283 2220 qua:
1309 2147 1622 2218 temporalia

60 2252 101 2300 et
117 2255 391 2316 antequam
414 2245 519 2299 sint
541 2259 648 2299 non
673 2253 814 2306 sunt,
830 2251 882 2299 et
901 2257 1023 2297 cum
1045 2251 1167 2296 sunt
1184 2239 1412 2311 fugiunt,
1425 2249 1479 2296 et
1499 2255 1622 2295 cum

60 2337 257 2407 fugerint
283 2352 392 2392 non
423 2345 601 2392 erunt.
630 2331 813 2405 itaque
840 2349 960 2389 cum
991 2333 1164 2389 futura
1203 2341 1351 2400 sunt,
1382 2331 1620 2387 nondum

59 2440 187 2496 sunt;
213 2447 337 2488 cum
362 2440 540 2487 autem
573 2433 838 2502 prmterita
863 2437 1007 2495 sunt,
1027 2429 1136 2497 jam
1163 2442 1270 2483 non
1298 2435 1441 2481 sunt.
1473 2425 1620 2495 Quo-

59 2522 192 2578 modo
216 2523 379 2594 igitur
413 2523 734 2577 tenebuntur
768 2532 826 2577 ut
868 2529 1152 2585 maneant,
1179 2521 1372 2591 quibus
1408 2522 1511 2574 hoc
1538 2531 1622 2574 εει

58 2612 265 2686 incipere
285 2623 346 2669 ut
369 2614 495 2680 sint,
523 2614 662 2685 quod
683 2625 765 2670 est
786 2629 1005 2685 pergere
1029 2623 1208 2668 utnon
1232 2612 1378 2668 sint?
1403 2613 1502 2681 Qui
1529 2627 1624 2666 auo

59 2715 136 2760 tem
167 2716 313 2762 amat
343 2723 494 2775 esse,
522 2707 711 2778 probat
737 2707 835 2762 ista
863 2707 914 2761 iu
944 2717 1199 2778 quantum
1226 2717 1374 2772 sunt,
1403 2715 1458 2761 et
1480 2713 1624 2760 amat

57 2801 169 2869 quod
197 2817 416 2872 semper
437 2809 540 2856 est.
582 2800 650 2856 Et
676 2801 722 2856 si
750 2802 1052 2856 variabatur
1077 2802 1128 2856 in
1159 2816 1343 2855 amore
1373 2802 1618 2866 istorum,

55 2895 300 2950 munietur
330 2895 382 2950 in
409 2895 550 2951 illius
576 2897 630 2960 ’ἶ
659 2905 712 2950 et
740 2894 786 2949 si
820 2895 1093 2950 difﬂuebat
1136 2895 1188 2949 in
1229 2910 1417 2952 amore
1445 2905 1620 2952 trans-

54 2989 294 3052 euntium,
319 2988 373 3042 in
402 2989 761 3058 permanentis
785 3003 968 3042 amore
993 2987 1327 3053 solidabttnr,
1359 2999 1413 3044 et
1439 2990 1620 3055 stabit,

58 3089 96 3132 et
113 3078 370 3134 obtinebit
397 3080 566 3148 ipsum
591 3094 730 3142 esse,
755 3079 894 3149 quod
915 3079 1123 3134 volebat
1139 3095 1259 3135 cum
1282 3080 1498 3144 timebat
1514 3096 1623 3136 non

62 3183 182 3235 esse,
201 3180 252 3225 et
280 3182 426 3227 stare
453 3185 554 3226 non
580 3182 782 3243 poterat
814 3173 1047 3228 irretitus
1077 3189 1261 3230 amore
1293 3176 1622 3244 fugientium.

66 3259 160 3316 Non
185 3263 339 3333 igitur
376 3263 470 3318 tibi
496 3263 793 3334 diSpliceat,
826 3265 933 3319 imo
959 3266 1191 3323 maxime
1228 3269 1454 3339 placeat.
1481 3269 1626 3341 quod

67 3353 208 3408 maris
234 3370 354 3410 esSe
383 3355 467 3410 vel
489 3355 670 3420 miser,
689 3372 846 3426 quam
875 3368 1152 3428 promeres
1179 3361 1341 3415 miser
1357 3376 1460 3416 non
1481 3376 1623 3430 esse,

68 3445 171 3514 quia
197 3446 321 3500 nihil
348 3448 475 3502 eris.
506 3446 638 3502 Huic
661 3453 803 3502 enim
831 3449 1052 3504 exordio
1073 3466 1178 3520 quo
1207 3467 1325 3507 esse
1347 3453 1446 3514 vis.
1465 3453 1510 3507 si
1534 3452 1629 3508 ad-

64 3537 193 3605 jicias
217 3541 382 3610 magis
412 3539 688 3611 magisque
717 3556 866 3606 csse,
895 3543 1173 3612 consurgis
1201 3552 1359 3612 atque
1387 3553 1630 3600 exstrue-

68 3629 133 3682 ris
156 3631 202 3684 in
229 3630 280 3686 id
308 3631 450 3702 quod
476 3645 684 3687 summe
705 3641 820 3697 est;
848 3642 1006 3702 atque
1037 3633 1106 3687 ita
1135 3641 1188 3688 te
1225 3634 1295 3687 ab
1327 3635 1472 3688 omni
1508 3633 1628 3690 labe

69 3722 344 3787 cohibebis,
372 3740 476 3796 qua
504 3725 692 3780 transit
718 3734 774 3779 ιιι
800 3740 908 3780 non
933 3726 1005 3780 sit
1047 3724 1191 3796 quod
1237 3725 1417 3781 intime
1443 3733 1545 3791 est,
1572 3734 1628 3780 et

67 3828 224 3868 serum
246 3817 476 3872 amantis
504 3817 644 3871 vires
672 3816 898 3872 subruit.
934 3816 1067 3870 Hinc
1097 3816 1188 3871 [iet
1218 3826 1274 3871 ut
1299 3816 1389 3888 qui
1429 3817 1630 3872 mavult

68 3921 156 3959 non
180 3922 318 3971 esse,
335 3923 402 3962 ne
431 3908 592 3962 miser
612 3907 836 3977 sit.quia
856 3924 959 3962 non
979 3922 1100 3962 esse
1121 3923 1225 3962 non
1251 3917 1447 3978 potest,
1464 3917 1630 3964 restet

67 4005 114 4047 ut
130 3999 278 4052 miser
293 4002 380 4054 sit.
400 3999 501 4067 Qui
516 4009 693 4054 autent
713 3999 828 4068 plus
844 4011 987 4054 amat
1003 4013 1122 4055 esse
1151 4015 1309 4071 quam
1327 4000 1436 4055 odit
1466 4001 1630 4056 miser

62 4101 189 4152 esse,
219 4089 512 4160 adjicicudo
531 4091 597 4145 ad
626 4091 676 4145 id
697 4090 838 4162 quod
859 4102 1022 4156 amat,
1045 4090 1186 4162 quod
1217 4091 1329 4147 odit
1352 4092 1625 4149 excludat:

62 4195 170 4234 cum
198 4183 335 4238 enim
365 4183 419 4238 in
447 4198 545 4238 suo
573 4199 767 4255 genere
793 4182 1030 4254 perfecte
1051 4200 1171 4240 esse
1196 4187 1437 4256 coeperit,
1467 4185 1630 4241 miser

61 4285 155 4324 non
179 4274 295 4327 erit.

62 4363 273 4422 CAPUT
300 4366 510 4422 Vlll.—
533 4365 654 4422 Non
678 4386 782 4424 esse
809 4387 840 4424 a
865 4370 1062 4424 neruine
1096 4370 1319 4442 eligitur,
1343 4389 1408 4428 ne
1429 4372 1629 4443 quidem

346 4459 407 4515 ab
433 4463 536 4516 illis
562 4464 646 4532 qui
675 4462 770 4517 sibi
796 4479 964 4518 necem
991 4466 1324 4519 consciscunt.

85 4629 90 4632 _
129 4547 210 4607 Ἡ.
239 4552 366 4608 Nam
399 4555 526 4608 illud
549 4556 668 4610 vide
689 4571 845 4626 quam
873 4555 1105 4612 absurde
1125 4567 1179 4611 et
1200 4557 1631 4616 inconvenienter

60 4637 252 4698 dicatur
275 4662 286 4674 ·
313 4645 523 4700 Mallem
554 4661 658 4701 non
684 4660 802 4702 esse
823 4663 979 4716 quam
1007 4648 1169 4702 miser
1193 4663 1330 4704 esse.
1361 4649 1461 4718 Qui
1487 4651 1628 4706 enim

61 4730 200 4801 dicit,
231 4734 433 4791 Mallem
469 4737 569 4791 hoc
593 4753 750 4808 quam
780 4737 931 4804 illud,
953 4739 1099 4810 eligit
1124 4741 1340 4811 aliquid.
1373 4741 1488 4797 Non
1509 4759 1631 4800 esse

62 4833 226 4880 autent
251 4845 353 4884 non
383 4839 463 4884 est
492 4831 708 4900 aliquid,
739 4831 832 4885 sed
875 4831 1038 4897 nihil;
1071 4845 1122 4887 et
1149 4832 1267 4888 ideo
1296 4837 1441 4891 nullo
1477 4847 1631 4907 pacto

61 4925 205 4984 poles
229 4931 367 4978 recte
396 4922 592 4994 eligere
613 4965 626 4987 ,
658 4926 870 4994 quando
906 4924 1044 4995 quod
1075 4927 1238 4996 eligas
1264 4943 1367 4982 non
1398 4938 1497 4983 est.
1537 4929 1629 4985 Di-

60 5009 142 5063 cis
157 5014 282 5070 velle
309 5025 356 5071 te
378 5016 591 5086 quidem
621 5031 762 5080 esse,
791 5031 913 5071 cum
943 5019 1019 5072 sis
1049 5018 1239 5087 miser,
1273 5019 1368 5076 sed
1395 5036 1498 5076 non
1528 5021 1633 5078 hoc

61 5101 190 5158 velle
207 5105 473 5163 debuisse.
504 5107 641 5174 Quid
680 5107 840 5180 igitur
877 5110 1013 5165 velle
1041 5110 1317 5168 debuisti?
1345 5112 1458 5169 Non
1488 5130 1628 5184 esse,

63 5190 248 5262 inquis,
274 5201 473 5270 potius.
503 5200 560 5255 Si
603 5200 701 5255 hoc
723 5202 858 5257 velle
886 5201 1134 5267 debuisti,
1163 5202 1263 5258 hoc
1290 5214 1373 5260 est
1403 5206 1627 5274 melius;

58 5286 194 5350 (μιοὰ
221 5301 395 5346 autem
420 5307 526 5346 non
547 5299 651 5359 est,
673 5293 862 5347 melius
877 5307 996 5348 esse
1015 5308 1123 5348 non
1146 5303 1320 5364 potest
1346 5314 1358 5350 :
1382 5313 1485 5351 non
1505 5313 1631 5369 ergo

61 5370 120 5424 id
153 5380 276 5437 velle
307 5381 573 5445 debuisti;
605 5383 946 5454 veraciorque
975 5400 1163 5441 sensus
1199 5397 1280 5441 est
1309 5405 1414 5454 quo
1449 5389 1498 5442 id
1527 5405 1630 5444 non

46 5465 164 5534 νῖε.
190 5493 347 5548 quam
369 5476 606 5549 opinatio
638 5493 732 5546 ter
760 5494 916 5548 quam
947 5487 998 5536 te
1033 5479 1084 5534 id
1114 5481 1250 5537 velle
1268 5480 1516 5537 debuisse
1541 5499 1629 5537 ar-

37 5552 282 5624 bi't‘aris.
308 5568 512 5624 Deinde
526 5569 668 5639 quod
688 5569 912 5641 quisque
933 5581 1076 5626 recte
1095 5570 1240 5638 eligit
1254 5573 1628 5642 appetendum,

21 5659 166 5716 (Ἰιή
192 5661 260 5716 ad
285 5660 339 5716 id
369 5661 695 5731 pervenerit,
725 5677 942 5717 necesse
969 5672 1052 5718 est
1078 5663 1268 5718 melior
1296 5667 1413 5729 tiat;
1445 5667 1633 5720 melior

0 5756 547 5864 nchemmeticelnsis
556 5774 736 5864 Coges,
836 5775 880 5826 si
899 5775 1113 5864 pariatur
1140 5777 1190 5828 in
1211 5781 1632 5864 .q‘mongorm;

73 5832 255 5907 "que
275 5851 393 5893 eum
405 5837 519 5890 aliis
534 5832 760 5889 undecim
775 5847 879 5890 Mss.
896 5840 1046 5892 habet
1058 5876 1073 5905 ,
1087 5840 1300 5895 munitm.
1313 5841 1364 5896 in

1397 355 1598 417 LIBER
1633 347 1951 416 TERTIUS.

3176 363 3314 426 1282

1729 483 1908 532 autem
1927 490 2046 534 esse
2061 489 2168 534 non
2189 475 2404 549 poterit,
2419 460 2512 549 qui
2530 490 2634 534 non
2655 475 2757 534 erit
2775 493 2788 532 :
2809 489 2967 534 nemo
2984 478 3143 551 igitur
3159 475 3312 542 recte

1726 579 1904 643 potest
1922 572 2115 644 eligere
2133 583 2192 630 ut
2213 590 2320 632 non
2339 574 2429 632 sit.
2449 573 2634 648 Neque
2650 575 2792 634 enim
2812 577 3014 635 moveri
3033 594 3134 638 nos
3150 595 3313 654 opor-

1728 673 1806 721 tet
1827 680 2009 721 eorum
2034 666 2256 736 judicio,
2283 668 2376 740 qui
2402 678 2625 741 urgente
2644 670 2856 727 miseria
2885 685 3004 728 sese
3028 671 3314 730 intereme-

1727 765 1873 813 runt.
1905 758 2012 812 Aut
2042 759 2185 814 enim
2209 773 2276 816 eo
2298 759 2681 833 confugerunt,
2709 761 2798 818 ubi
2836 763 3026 819 melius
3060 763 3171 820 [ore
3209 763 3312 820 sibi

1728 858 2010 921 mutarunt;
2041 858 2098 907 et
2123 866 2231 907 non
2257 861 2340 909 est
2365 855 2687 910 contrarium
2715 855 2907 911 rationi
2938 865 3311 927 nostrae,quo«

1726 956 1833 1011 quo
1860 940 2019 998 modo
2044 942 2370 1013 putaverint:
2398 952 2489 1000 aut
2512 945 2556 1000 si
2579 945 2755 1004 nullos
2783 961 2842 1003 se
2866 947 3071 1002 futuros
3090 947 3311 1003 omnino

1726 1033 2088 1103 crediderunt,
2109 1037 2278 1092 multo
2297 1037 2470 1094 minus
2491 1038 2622 1095 falsa
2644 1041 2836 1097 electio
2855 1041 2982 1097 nihil
2999 1041 3307 1112 eligentium

1726 1127 2096 1183 commovebit.
2129 1127 2409 1196 Quomodo
2431 1130 2572 1185 enim
2592 1146 2786 1203 sequar
2807 1132 3088 1204 eligentem
3103 1175 3120 1202 ,
3143 1151 3175 1190 a
3205 1151 3312 1207 quo

1726 1217 1772 1273 si
1802 1234 2036 1290 qumram
2064 1219 2192 1290 quid
2231 1219 2426 1291 eligat,
2454 1221 2829 1294 respondebit,
2854 1224 3030 1280 Nihil?
3055 1224 3188 1284 Nam
3219 1227 3312 1298 qui

1725 1311 1870 1383 eligit
1899 1326 2005 1368 non
2034 1327 2183 1380 esse,
2208 1314 2446 1384 profecto
2473 1328 2534 1371 se
2561 1314 2692 1370 nihil
2716 1315 2910 1387 eligere
2927 1358 2943 1386 ,
2965 1318 3174 1375 etiamsi
3201 1317 3308 1374 hoc

1725 1405 1858 1460 nolit
1884 1404 2228 1478 respondere,
2259 1406 2613 1463 convincitur.

1795 1498 1887 1554 23.
1917 1498 2294 1555 Verumtamen
2323 1509 2382 1556 ut
2418 1499 2484 1557 de
2509 1499 2611 1556 hac
2636 1507 2744 1556 tota
2771 1515 2862 1568 re,
2890 1501 2937 1556 si
2976 1511 3194 1573 potero,
3225 1503 3309 1560 di-

1725 1607 1844 1648 eam
1883 1591 2026 1664 quod
2065 1592 2278 1648 sentio:
2303 1609 2462 1649 nemo
2504 1593 2633 1650 mihi
2669 1593 2876 1650 videtur
2915 1608 3037 1650 cum
3077 1596 3310 1667 seipsum

1728 1694 1902 1750 necat,
1923 1695 2016 1740 aut
2038 1685 2278 1757 quolibet
2295 1686 2455 1742 modo
2474 1687 2641 1742 emori
2663 1687 2827 1758 cupit,
2854 1687 3050 1744 habere
3071 1688 3125 1744 in
3149 1703 3312 1746 sensu

1725 1777 1867 1848 quod
1899 1787 2018 1848 post
2045 1786 2275 1835 mortem
2303 1794 2410 1834 non
2448 1780 2516 1835 sit
2548 1778 2790 1845 futurus;
2819 1782 3028 1836 tametsi
3067 1781 3314 1854 aliquan-

1726 1875 1837 1922 tum
1863 1868 2034 1925 hocin
2057 1869 2309 1941 opinione
2328 1869 2539 1927 habeat.
2563 1869 2694 1926 Nam
2715 1870 2896 1942 opinio
2914 1879 3009 1926 aut
3031 1872 3084 1927 in
3106 1887 3311 1944 errore,

1726 1968 1816 2015 aut
1841 1961 1892 2016 in
1918 1962 2139 2018 veritate
2163 1963 2528 2018 ratiocinantis
2553 1972 2656 2031 est,
2687 1963 2768 2018 vel
2798 1962 3064 2019 credentis
3089 1983 3102 2020 :
3126 1979 3316 2022 sensus

1724 2063 1900 2110 autem
1920 2064 2012 2110 aut
2031 2055 2434 2123 consuetudine,
2453 2065 2542 2110 aut
2560 2065 2745 2111 natura
2757 2055 2925 2111 'valct.
2947 2055 3113 2113 Posse
3135 2066 3315 2113 autem

1726 2147 1843 2202 ﬁeri
1871 2156 1928 2202 ut
1945 2148 2086 2204 aliud
2107 2149 2176 2203 sit
2197 2149 2252 2204 iu
2281 2149 2548 2218 Opinione,
2573 2147 2713 2203 aliud
2737 2148 2788 2203 in
2808 2161 2990 2213 sensu,
3017 2148 3099 2202 vel
3120 2163 3186 2204 ex
3208 2148 3312 2205 hoc

1725 2255 2049 2312 cognoscere
2068 2241 2220 2297 facile
2239 2250 2340 2307 est,
2359 2239 2498 2312 quod
2522 2240 2830 2310 plerumque
2847 2237 2992 2297 aliud
3013 2238 3314 2296 faciendum

1728 2346 1848 2388 esse
1876 2333 2164 2398 credimus,
2185 2339 2241 2388 et
2263 2331 2404 2386 aliud
2442 2330 2620 2388 facere
2651 2331 2899 2387 delectat.
2933 2332 3000 2388 Et
3025 2329 3314 2402 aliquando

1726 2425 1966 2480 veracior
1985 2433 2068 2480 est
2094 2437 2283 2480 sensus
2309 2437 2466 2495 quam
2495 2423 2674 2495 opinio
2691 2465 2706 2490 ,
2725 2423 2770 2478 si
2797 2423 2883 2478 illa
2905 2422 2974 2480 de
2995 2439 3198 2490 errore,
3222 2426 3312 2483 ille

1726 2514 1793 2571 de
1813 2525 1998 2571 natura
2023 2524 2105 2572 est
2126 2533 2139 2570 :
2158 2516 2300 2570 velut
2318 2530 2441 2571 cum
2461 2529 2603 2586 aeger
2627 2515 2934 2587 plerumque
2959 2531 3093 2587 aqua
3120 2517 3310 2590 frigida

1726 2605 2130 2662 condncibiliter
2155 2605 2449 2662 delectatur
2478 2606 2496 2638 ³
2517 2646 2532 2671 ,
2564 2621 2721 2676 quam
2751 2615 2926 2662 tamen
2951 2607 3139 2672 credit,
3159 2609 3204 2664 si
3232 2608 3314 2665 bi-

1728 2697 1894 2766 berit,
1909 2713 2029 2754 esse
2047 2698 2362 2753 nocituram.
2387 2698 2685 2769 Aliquando
2700 2700 2940 2756 voracior
2953 2700 3134 2772 opinio
3151 2717 3313 2773 quatn

1727 2803 1938 2855 sensus,
1965 2790 2010 2844 si
2038 2789 2205 2846 credit
2233 2791 2335 2846 arti
2365 2788 2660 2855 medicinae,
2689 2790 2877 2846 obesse
2906 2791 3167 2864 frigidam,
3190 2809 3311 2849 cum

1727 2897 1914 2938 revera
1955 2881 2148 2951 oberit,
2193 2891 2247 2938 et
2287 2892 2462 2938 tamen
2506 2881 2691 2938 bibere
2733 2883 2960 2940 delectet
2990 2901 3004 2938 :
3030 2884 3315 2956 aliquando

1731 2985 2015 3048 utrumque
2039 2977 2092 3032 in
2117 2976 2341 3032 veritate
2375 2983 2482 3041 est,
2511 2991 2630 3031 cum
2662 2975 2714 3030 id
2757 2976 2900 3047 quod
2929 2978 3174 3048 prodest,
3207 2996 3316 3038 non

1731 3069 1904 3124 Solum
1937 3070 2009 3124 ita
2033 3069 2286 3135 creditur,
2307 3068 2400 3125 sed
2426 3069 2586 3124 etiam
2614 3068 2774 3136 libet;
2802 3069 3088 3142 aliquando
3113 3085 3318 3130 utrum-

1731 3178 1836 3234 que
1867 3163 1918 3218 in
1944 3177 2147 3229 errore,
2173 3177 2294 3218 cum
2332 3161 2383 3216 id
2412 3161 2552 3232 quod
2581 3171 2755 3228 nocet,
2784 3171 2838 3218 et
2865 3164 3120 3234 prodesse
3144 3165 3319 3222 credi-

1734 3265 1851 3323 tur,
1884 3264 1938 3311 et
1959 3254 2126 3310 libere
2155 3269 2260 3309 non
2285 3254 2498 3309 desinit.
2530 3254 2678 3310 Solet
2701 3264 2876 3311 autem
2905 3265 2958 3312 et
2975 3267 3114 3314 recta
3135 3260 3318 3329 opinio

1733 3361 1953 3418 pravam
1977 3345 2246 3415 corrigere
2265 3343 2702 3401 consuetudinem
2719 3385 2734 3410 ,
2757 3355 2811 3401 et
2840 3361 2999 3416 prava
3028 3349 3207 3418 Opinio
3233 3364 3320 3407 re-

1731 3447 1872 3495 ctam
1921 3439 2213 3509 depravare
2253 3447 2534 3493 naturam:
2560 3446 2702 3493 tanta
2731 3440 2811 3496 vis
2840 3449 2922 3496 est
2957 3440 3010 3495 in
3048 3440 3322 3499 dominatu

1732 3544 1787 3588 et
1845 3533 2140 3603 principatu
2193 3532 2434 3587 rationis.
2484 3532 2617 3588 Cum
2657 3549 2784 3606 ergo
2826 3535 3050 3607 quisque
3093 3536 3322 3594 credens

1733 3622 1875 3694 quod
1901 3633 2020 3695 post
2047 3633 2272 3678 mortem
2295 3637 2400 3679 non
2431 3627 2552 3688 erit,
2572 3623 2990 3682 intolerabilibus
3010 3636 3185 3684 tamen
3208 3643 3326 3684 mo-

1734 3714 1902 3770 lestiis
1925 3713 1990 3770 ad
2018 3723 2181 3769 totam
2209 3714 2553 3785 cupiditatem
2580 3717 2766 3772 mortis
2797 3716 3119 3788 impellitur.
3141 3727 3196 3775 et
3221 3719 3324 3775 de-

1735 3807 1907 3862 cernit
1937 3814 2094 3878 atque
2131 3805 2319 3878 arripit
2349 3814 2613 3874 mortem;
2640 3807 2692 3863 in
2720 3808 2971 3876 opinione
2993 3808 3152 3864 habet
3173 3825 3325 3866 erro-

1735 3914 1849 3954 rem
1877 3898 2198 3954 omnimodte
2234 3899 2569 3968 defectionis,
2603 3902 2654 3956 in
2685 3915 2847 3957 sensu
2880 3908 3056 3954 autem
3083 3901 3324 3958 naturale

1734 3989 1936 4046 desidet
1953 3991 2061 4045 ium
2083 3991 2298 4060 quietis.
2330 3990 2483 4058 Quod
2500 4002 2675 4047 autem
2701 3994 2942 4064 quietum
2966 4000 3069 4059 est,
3095 3983 3198 4046 nun
3238 4002 3323 4051 est

1734 4082 1905 4147 nihil;
1937 4084 2044 4136 imo
2082 4081 2242 4135 etiam
2274 4082 2440 4152 magis
2468 4090 2552 4138 est
2576 4098 2735 4152 quam
2765 4083 2818 4139 id
2857 4081 2998 4155 quod
3030 4082 3320 4152 inquietum
3367 4125 3370 4128 .

1733 4184 1834 4231 cst.
1868 4172 2180 4245 lnquietudo
2219 4173 2360 4229 enim
2394 4174 2562 4228 variat
2589 4173 2915 4243 affectiones,
2949 4182 3010 4228 ut
3046 4173 3207 4231 altera
3232 4174 3320 4237 al-

1733 4275 1899 4322 teram
1921 4266 2146 4337 perimat
2166 4282 2178 4319 :
2204 4263 2354 4336 quies
2372 4273 2548 4321 autem
2571 4264 2731 4321 habet
2748 4265 3117 4335 constantiam,
3138 4271 3188 4326 in
3211 4287 3313 4342 qua

1733 4359 1963 4414 maxime
1995 4357 2302 4429 intelligitur
2329 4357 2470 4429 quod
2495 4358 2708 4426 dicitur,
2738 4369 2820 4415 est
2844 4361 2887 4413 ³.
2925 4361 3108 4418 Omnis
3136 4362 3316 4434 itaque

1733 4448 1824 4506 ille
1847 4450 2110 4521 appetitus
2135 4451 2187 4506 in
2223 4449 2490 4507 voluntate
2520 4451 2738 4518 mortis,
2766 4466 2872 4507 non
2899 4454 3064 4524 utqui
3090 4455 3317 4511 moritur

1733 4559 1838 4600 non
1868 4543 1966 4611 sit,
1995 4542 2089 4599 sed
2119 4551 2176 4598 ut
2214 4543 2511 4614 requiescat
2540 4542 2850 4598 intenditur.
2890 4541 2961 4598 ιω
2986 4559 3106 4600 cum
3130 4561 3317 4605 errore

1733 4637 1911 4692 credat
1937 4649 2039 4689 non
2063 4649 2122 4689 se
2142 4633 2398 4703 futurum,
2420 4643 2604 4689 natura
2628 4644 2805 4690 tamen
2825 4636 3033 4706 quietus
3052 4652 3191 4706 esse,
3216 4639 3318 4697 hoc

1735 4737 1817 4784 est
1837 4726 2006 4798 magis
2025 4741 2145 4781 esse
2163 4724 2449 4780 desiderat.
2471 4724 2822 4796 Quapmpter,
2841 4727 2977 4784 sicut
2996 4729 3139 4785 nullo
3162 4740 3318 4800 pacto

1735 4819 1848 4875 ﬁeri
1880 4825 2054 4890 potest
2071 4826 2132 4872 ut
2158 4831 2262 4872 non
2290 4830 2410 4872 esse
2434 4816 2665 4886 aliquem
2691 4817 2884 4886 libeat;
2905 4819 2976 4875 ita
3001 4822 3146 4878 nullo
3163 4832 3318 4893 pacto

1735 4911 1852 4968 ﬁeri
1885 4919 2096 4982 oportet
2123 4919 2180 4966 ut
2202 4923 2270 4964 ex
2295 4923 2361 4966 eo
2382 4909 2523 4980 quod
2541 4917 2624 4966 est
2646 4910 2889 4982 quisque,
2912 4912 3130 4970 bonitati
3151 4913 3315 4972 Crea-

1735 5009 1864 5062 toris
1894 5007 2127 5077 ingratus
2151 5006 2238 5061 sit.

1736 5119 1962 5178 CAPUT
1986 5117 2485 5175 lX.—Peccantium
2510 5119 2794 5176 animarum
2817 5124 3017 5179 miseria
3039 5125 3228 5194 confert
3246 5123 3314 5178 ad

2219 5211 2570 5282 perfectionem
2599 5213 2835 5268 universi.

1807 5304 1897 5359 24.
1927 5303 1982 5360 Si
2011 5301 2206 5359 dixerit
2230 5320 2242 5355 :
2266 5301 2381 5356 Non
2409 5312 2525 5358 erat
2545 5311 2720 5359 tamen
2741 5302 2953 5358 dil'llcile
2975 5309 3064 5356 ant
3087 5300 3314 5358 laborio-

1737 5414 1856 5453 sum
1885 5395 2232 5467 omnipotenti
2264 5394 2393 5462 Deo,
2421 5405 2480 5451 ut
2507 5397 2684 5451 omnia
2714 5408 3057 5466 quascumque
3086 5392 3207 5449 fecit
3236 5395 3313 5452 sic

1802 5537 1933 5592 ἐιη
1959 5529 2082 5593 velut
2111 5542 2220 5593 amt
2249 5541 2380 5593 (eger
2415 5527 2692 5593 plerumque
2725 5539 2851 5590 aqua
2884 5523 3068 5591 frigida
3101 5539 3312 5578 cumam

1734 5594 1892 5652 obest,
1915 5589 2120 5645 ἄνα-ὑεῖ
2133 5589 2426 5652 delectatur;
2470 5597 2528 5640 ιι.

1798 5659 1818 5689 ³
1843 5647 1914 5705 Er.
1953 5663 2004 5706 et
2037 5651 2458 5716 t.ov.,intetligitur
2489 5663 2591 5702 esse
2624 5647 2964 5716 quod__dirtmn
2985 5657 3070 5701 est.
3096 5659 3152 5700 Αι
3173 5652 3315 5703 abest

1734 5732 1836 5772 esse
1869 5720 1929 5768 ab
1954 5717 2167 5767 editione
2200 5713 2306 5763 uad.
2329 5712 2387 5762 et
2416 5725 2444 5760 a
2477 5712 2661 5774 Mss._._e
2684 5712 2861 5772 quibus
2883 5720 3044 5762 tamen
3070 5717 3202 5774 lanci
3227 5727 3314 5774 pro

1735 5770 1863 5847 quod
1886 5778 2066 5830 dictum
2088 5782 2172 5836 est,
2188 5776 2388 5835 habent,
2411 5771 2538 5838 quod
2561 5770 2757 5836 dicitur,
2783 5780 2853 5824 est
2865 5786 3007 5839 ;qu.e
3030 5770 3147 5824 vera
3168 5770 3312 5824 lectio

1741 5845 1939 5896 videtur.
2048 5859 2053 5872 ‘-
