3822 6414
505 367 648 442 18βὸ

500 485 761 558 haberent
788 481 1026 536 ordinem
1057 492 1232 541 snttm,
1268 484 1323 529 ut
1352 474 1493 537 nulla
1537 482 1777 527 creatura
1822 483 1988 538 usque
2016 465 2105 537 ad,

500 566 770 649 miseriam
802 574 1099 648 perveniret
1119 568 1137 635 ;‘
1178 586 1281 624 non
1327 568 1467 625 enim
1499 568 1597 621 hoc
1626 580 1714 618 aut
1747 562 2086 630 omnipotens

503 677 608 741 non
642 671 830 746 potuit,
860 678 951 721 aut
980 666 1147 721 bonus
1174 664 1375 719 invidit.
1420 657 1795 733 Brspoudcbn,
1842 654 2107 723 ordinem

500 754 866 831 creaturarum
906 777 935 815 a
983 774 1185 815 summa
1228 772 1393 825 us;ue
1445 754 1790 808 ad'iulimam
1837 748 2088 819 gradibus

498 860 655 933 iustis
672 859 740 911 ita
764 855 1068 915 decurrere,
1092 859 1149 905 ιιι
1168 849 1253 903 ille
1273 848 1505 903 invideat
1521 846 1607 917 qui
1626 842 1839 907 dixerit,
1863 841 1961 894 Ista
1984 853 2087 903 non

501 938 675 1019 esset;
705 947 935 1004 inrideat
957 947 1119 1002 etiam
1148 944 1234 1002 ille
1260 942 1348 1012 qui
1383 939 1593 1001 dixerit,
1635 934 1735 990 Ista
1778 934 1895 989 talis
1923 939 2085 987 esset.

501 1046 559 1115 Si
584 1045 725 1115 enim
760 1040 920 1097 talem
953 1041 1061 1096 rult
1089 1053 1208 1093 esse
1244 1034 1416 1108 qualis
1444 1040 1527 1087 est
1568 1028 1832 1098 superior,
1860 1027 1968 1098 jam
1999 1024 2087 1079 illa

502 1150 606 1209 est,
624 1145 837 1201 ettanta
856 1144 938 1191 est
955 1143 1011 1188 ut
1028 1130 1182 1215 adjici
1202 1131 1249 1184 ei
1274 1143 1379 1182 non
1404 1130 1668 1196 oporteat,
1691 1120 1813 1191 quia
1854 1116 2087 1189 perfecta
2110 1192 2113 1195 ἰ

499 1243 601 1303 est.
623 1231 723 1302 Qui
744 1246 874 1300 ergo
897 1227 1045 1290 dicit,
1073 1210 1241 1282 Etiam
1267 1223 1363 1277 ista
1387 1219 1504 1279 talis
1525 1225 1687 1279 esset,
1723 1221 1814 1267 aut
1840 1210 2086 1283 perlecta:

501 1323 762 1399 superiori
786 1321 897 1377 vult
914 1319 1133 1384 addere,
1157 1326 1209 1369 et
1230 1315 1333 1368 erit
1357 1309 1739 1365 immoderatus
1763 1315 1817 1359 et
1840 1304 2083 1375 injustus;

501 1396 591 1477 aut
615 1421 769 1475 istam
792 1417 907 1472 vult
924 1413 1253 1475 interimere,
1280 1418 1334 1462 et
1355 1406 1455 1462 erit
1476 1404 1645 1458 malus
1664 1411 1821 1471 atque
1850 1396 2083 1452 invidus.

500 1513 601 1588 Qui
642 1524 819 1585 autem
863 1507 1079 1570 dixerit,
1126 1494 1365 1559 [station
1410 1510 1574 1567 esset,
1612 1494 1956 1552 nihilominus
1985 1491 2090 1547 erit

501 1587 674 1673 “italus
694 1617 853 1677 atque
875 1601 1103 1666 invidus,
1134 1614 1253 1655 cum
1281 1612 1400 1653 eam
1430 1611 1533 1649 ttutt
1568 1593 1677 1648 vult
1702 1605 1842 1655 esse,
1870 1604 1971 1659 qua
2004 1587 2086 1641 in-

501 1699 749 1759 feriorem
792 1697 1010 1754 laudare
1056 1694 1231 1749 adhuc
1258 1692 1485 1761 cogitur.
1519 1688 1674 1745 Velut
1701 1685 1746 1739 si
1777 1685 1939 1748 dicat,
1972 1680 2086 1736 Non

501 1804 645 1869 esset
674 1794 820 1856 luna,
846 1804 967 1844 cum
996 1788 1157 1843 etiam
1187 1785 1416 1839 lucerna:
1439 1782 1732 1836 claritatem
1765 1777 1919 1847 longe
1951 1774 2086 1828 inle-

502 1889 720 1957 rioretn,
743 1884 809 1941 in
826 1898 925 1941 suo
957 1891 1131 1938 tamen
1159 1894 1356 1951 genere
1374 1874 1671 1947 pulchram,
1691 1881 1742 1927 et
1763 1872 1990 1927 terrenis
2008 1878 2088 1923 te-

501 1966 684 2061 ngbris
708 1994 829 2037 esse
853 1978 1103 2034 decoram
1123 1976 1137 2007 ³
1161 1984 1319 2046 atque
1348 1981 1524 2043 aptam
1570 1967 1844 2024 nocturnis
1881 1961 2086 2025 usibus,

501 2055 663 2149 alque
688 2076 740 2131 in
768 2073 851 2129 bis
879 2072 1127 2127 omnibus
1147 2086 1246 2145 pro
1270 2083 1368 2123 suo
1396 2066 1609 2121 modulo
1638 2064 1815 2134 utique
1846 2055 2089 2114 laudabi-
2116 2114 2119 2115 ν

502 2151 610 2226 lem
635 2178 727 2225 aut
753 2167 999 2230 fateatur,
1018 2172 1112 2220 aut
1130 2162 1443 2217 stultissime
1462 2159 1541 2215 vel
1559 2155 1891 2213 contentiose
1911 2160 2087 2222 neget.

502 2260 782 2331 Quomodo
807 2274 936 2332 ergo
956 2268 1104 2313 recte
1122 2254 1303 2311 dicere
1321 2253 1555 2315 audebit,
1577 2250 1723 2306 Luna
1745 2264 1849 2303 non
1869 2253 2013 2301 esset
2039 2244 2089 2301 in

500 2338 683 2425 rebus,
705 2354 795 2427 qui
820 2338 1111 2412 sidiceret,
1136 2349 1378 2406 Lucerna
1417 2362 1520 2399 non
1543 2354 1705 2403 esset,
1737 2339 2088 2396 deridendum

499 2462 561 2521 se
576 2461 699 2517 esse
710 2444 969 2503 sentiret?
984 2443 1136 2519 Quod
1162 2440 1208 2498 si
1234 2456 1338 2497 non
1357 2440 1501 2504 dicit,
1520 2436 1669 2494 Luna
1686 2451 1789 2491 non
1807 2443 1967 2493 esset,
1992 2428 2091 2488 sed

499 2539 712 2617 qpalem
734 2537 905 2593 solem
934 2534 1094 2601 ridet,
1127 2533 1282 2588 talem
1312 2532 1439 2586 dicit
1466 2532 1643 2584 lunam
1678 2541 1797 2582 esse
1822 2524 2088 2589 debuisse,

500 2644 609 2697 non
637 2628 882 2700 intelligit
908 2626 1037 2682 nihil
1088 2622 1229 2682 aliud
1272 2638 1332 2679 se
1375 2622 1555 2678 dicere
1579 2635 1759 2694 quam,
1800 2618 1917 2673 Non
1946 2623 2091 2671 esset

500 2723 649 2801 luna,
676 2723 772 2780 sed
802 2730 983 2785 essent
1011 2721 1153 2776 soles
1199 2718 1325 2774 duo.
1370 2717 1427 2772 lu
1460 2731 1567 2786 quo
1610 2713 1895 2783 dupliciter
1923 2720 2088 2778 errat,

501 2816 645 2893 qpod
675 2830 853 2871 rerum
883 2812 1195 2886 perfectioni
1227 2820 1281 2865 et
1317 2808 1517 2865 addere
1543 2805 1741 2877 aliquid
1773 2804 1935 2874 cupit,
1966 2817 2089 2857 cum

501 2910 772 2985 desiderat
794 2909 1022 2981 alterum
1049 2907 1252 2973 solem;
1281 2912 1338 2961 et
1359 2902 1620 2967 minuere,
1643 2915 1762 2956 cum
1785 2898 1965 2953 lunam
1984 2894 2094 2951 vult

502 3002 729 3079 detrahi.
1555 3031 1557 3033 ι

572 3097 664 3153 25.
707 3095 803 3151 ilic
824 3094 1055 3152 fortasse
1095 3092 1256 3155 dicat,
1287 3090 1408 3148 ideo
1450 3088 1580 3146 nihil
1621 3103 1681 3145 se
1714 3086 1780 3141 de
1807 3085 1929 3140 luna
1959 3097 2091 3139 con-

503 3188 677 3263 queri,
699 3187 821 3259 quia
848 3186 1104 3258 splendor
1125 3188 1240 3255 ejus
1265 3184 1336 3240 ita
1358 3184 1535 3239 minor
1556 3190 1657 3243 est,
1703 3188 1760 3235 ut
1797 3178 1963 3234 miser
1985 3190 2093 3231 non

502 3280 606 3350 sit;
632 3281 702 3337 de
729 3280 1026 3337 animarum
1060 3289 1235 3335 autem
1264 3292 1371 3332 non
1400 3274 1742 3338 obscuritate,
1768 3272 1861 3329 sed
1882 3271 2094 3327 miseria

506 3394 569 3437 se
608 3378 812 3447 dolere.
855 3374 1057 3431 Sedulo
1103 3373 1320 3442 cogitet,
1355 3371 1424 3425 ita
1453 3371 1593 3424 hunc
1623 3369 1960 3440 splendorem
1988 3384 2093 3424 non

505 3483 627 3544 egse
655 3467 931 3531 misermn,
962 3473 1020 3521 ut
1046 3478 1145 3523 nec
1167 3461 1423 3531 splendor
1446 3461 1575 3515 snlis
1592 3460 1660 3514 sit
1675 3460 1879 3515 beatus.
1899 3459 2095 3528 Quam-

507 3562 590 3633 vis
614 3559 757 3617 enim
803 3572 1029 3627 corpora
1070 3555 1308 3612 caelestia
1348 3555 1477 3621 sint,
1509 3568 1731 3623 corpora
1762 3560 1887 3607 sunt
1915 3561 2094 3607 tamen

507 3660 765 3725 quantum
792 3650 857 3705 ad
888 3649 1058 3706 lucem
1085 3650 1238 3705 istam
1268 3647 1518 3718 pertinet,
1545 3662 1665 3717 qua:
1688 3660 1782 3715 per
1808 3658 2097 3715 corporeos

509 3745 696 3803 detritis
724 3743 911 3813 sentiri
947 3750 1142 3814 potest.
1171 3740 1326 3797 Nulla
1353 3749 1531 3795 autem
1561 3754 1806 3808 corpora,
1839 3746 2097 3810 quantum

507 3840 577 3900 ad
600 3855 724 3907 sese
750 3841 960 3905 attinet,
1003 3836 1093 3897 vel
1123 3835 1276 3899 beata
1324 3842 1548 3905 possunt
1596 3846 1733 3899 esse,
1764 3830 1846 3886 vel
1878 3830 2095 3895 misera;

507 3948 811 4007 quanquam
842 3931 1119 3995 beatorum
1161 3936 1255 3984 aut
1296 3926 1613 3982 miserorum
1644 3938 1867 3992 corpora
1896 3922 2101 3993 pos~iut

511 4044 652 4097 esse.
678 4026 784 4086 Sed
814 4025 882 4084 de
909 4026 1015 4093 illi.
1034 4022 1323 4080 luminibus
1349 4021 1641 4077 similitudo
1662 4019 1898 4074 adhibita
1927 4018 1977 4072 id
2003 4018 2100 4073 do-

508 4133 616 4187 cet,
644 4131 703 4177 ut
727 4118 1174 4193 quemadmodum
1200 4132 1485 4187 corporum
1503 4113 1829 4171 dtlrercntias
1858 4120 2100 4169 contem-

512 4215 727 4287 plando,
760 4214 943 4271 videns
965 4214 1066 4271 alia
1096 4211 1346 4275 clariora,
1380 4210 1574 4281 injuste
1602 4209 1738 4279 petis
1765 4207 1961 4263 animi
1980 4222 2098 4277 qua:

510 4308 817 4365 obscuriora
848 4306 1216 4378 conspexeris,
1235 4315 1325 4365 attt
1342 4304 1661 4361 clarioribus
1679 4301 1948 4371 adazquari
1967 4317 1982 4361 ;
2006 4300 2101 4355 sed

512 4402 578 4457 ad
608 4401 1005 4473 perfectionem
1023 4397 1384 4457 universitatis
1410 4396 1653 4453 referens
1674 4395 1873 4455 omnia,
1901 4400 2103 4461 quanto

513 4498 681 4566 magis
703 4496 946 4551 minusve
972 4493 1108 4553 inter
1129 4506 1191 4559 se
1216 4491 1358 4546 clara
1389 4498 1535 4554 sunt,
1567 4497 1712 4542 tanto
1735 4487 1902 4554 magis
1927 4484 2103 4539 cernis

512 4602 633 4651 esse
646 4587 825 4649 munia
842 4602 859 4651 ;
877 4594 975 4643 nec
997 4586 1088 4641 tibi
1113 4581 1348 4641 occurrit
1369 4581 1599 4653 perfecta
1628 4577 1969 4645 universitas,
2003 4574 2104 4633 nisi

516 4680 605 4736 ubi
635 4679 836 4747 maiora
862 4679 941 4735 sic
964 4687 1159 4748 pmsto
1179 4684 1324 4740 sunt,
1359 4686 1417 4730 ut
1447 4674 1652 4731 minora
1674 4670 2005 4728 nondesint:
2025 4668 2107 4728 sic

515 4771 675 4829 etiam
724 4770 1050 4829 dili'ercntias
1096 4768 1394 4825 animarum
1438 4767 1659 4837 cogites,
1688 4764 1741 4820 in
1781 4763 1975 4834 quibus
2004 4762 2106 4816 hoc

516 4877 729 4932 quoque
758 4862 1013 4925 invenies,
1036 4871 1095 4917 ut
1114 4860 1386 4917 miseriam
1410 4876 1567 4929 quam
1591 4859 1761 4922 doles,
1784 4856 1850 4911 ad
1888 4855 1940 4911 id
1975 4872 2107 4925 quo-

514 4968 622 5028 (με
650 4953 829 5010 Valere
853 4969 1167 5024 cognoscas,
1198 4962 1253 5008 ut
1278 4952 1640 5021 universitatis
1669 4948 1979 5018 pcrl'ectiuni
2009 4958 2125 5004 nec:

522 5049 630 5105 illa-
658 5045 832 5102 desint
858 5047 1064 5111 animae,
1096 5063 1212 5113 qua:
1244 5047 1451 5101 ntiserze
1480 5046 1592 5100 lieri
1627 5044 1951 5107 debuerunt,
1983 5040 2123 5110 quia

518 5140 847 5217 peccitrices
874 5155 993 5198 esse
1013 5140 1317 5211 rtdueruat.
1351 5141 1682 5209 Tantumque
1704 5139 1857 5199 abest
1884 5148 1938 5193 ut
1971 5137 2108 5193 Deus

518 5238 653 5291 tiles
681 5236 982 5289 facerenon
1013 5229 1279 5298 debuerit,
1318 5242 1374 5285 ut
1398 5234 1557 5286 etiam
1586 5241 1808 5285 crateras
1836 5239 2111 5285 creaturas

518 5325 859 5397 Itudabiliter
880 5325 1063 5381 fecerit
1088 5320 1245 5394 longe
1277 5324 1552 5379 inferiores
1582 5324 1774 5378 animis
1806 5320 2034 5379 miseris.

558 5466 563 5469 .
590 5422 679 5475 26.
699 5419 804 5476 Sed
823 5417 999 5475 adltuc
1016 5416 1226 5471 videtur
1242 5414 1418 5471 minus
1436 5416 1735 5484 intelligens
1750 5418 1889 5485 quod
1913 5416 2125 5471 dictum.

520 5524 624 5583 est,
654 5510 853 5571 habere
880 5514 1021 5586 quod
1060 5510 1411 5568 contradicat.
1447 5512 1578 5567 Dicit
1604 5512 1744 5564 enim
1770 5529 1781 5562 :
1805 5511 1858 5567 Si
1899 5511 2111 5566 univer-

522 5608 696 5663 sitatis
743 5607 1125 5679 perl'ectionem
1156 5605 1392 5677 complet
1438 5606 1597 5675 etiam
1647 5615 1829 5661 nostra
1871 5605 2125 5673 miseria,

524 5701 782 5762 delttiSSet
814 5705 1029 5779 aliquid
1071 5702 1195 5761 huic
1247 5698 1586 5776 pet'i'rettoni,
1639 5700 1685 5759 si
1728 5700 1871 5759 beati
1902 5714 2117 5777 semper

592 5851 612 5895 ι
644 5863 775 5919 ᾳιιῖιγ
796 5872 861 5915 ne
887 5869 1011 5919 \lss..
1035 5862 1409 5918 arconunadam.

1499 356 1586 413 DE
1624 350 1872 407 LIBERO
1911 347 2252 415 AltBlTBlD,
2308 346 2365 404 S.
2408 345 2770 417 ᾼιιςιιδτιΝι

3578 246 3603 273 κ

3645 347 3763 433 ΨΒ

2192 446 2451 519 essemus.
2481 463 2818 533 Quapropter
2865 462 2907 523 si
2952 460 3017 527 ad
3062 462 3326 539 miseriam
3354 463 3477 525 nisi
3506 452 3763 539 peccando

2192 570 2297 608 non
2322 556 2571 624 pervenit
2604 555 2797 617 anima,
2828 556 2985 609 etiam
3020 563 3233 629 peccata
3266 566 3451 625 nostra
3483 562 3759 633 necessaria

2193 654 2318 707 sunt
2349 645 2661 719 perfectioni
2712 647 3071 702 universitatis
3116 665 3271 718 quain
3322 652 3573 713 condidit
3624 654 3758 711 Deus.

2192 737 2470 809 Quomodo
2494 754 2622 810 ergo
2641 738 2784 808 justo
2806 749 3019 809 peccata
3052 740 3219 809 punit.
3252 720 3365 809 quae
3391 741 3438 794 si
3461 741 3755 812 defuissent,

2193 843 2433 885 creatura
2452 830 2567 902 ejus
2595 831 2747 900 pletta
2776 842 2827 899 et
2848 831 3075 902 perfecta
3108 849 3212 887 non
3242 834 3421 889 esset?
3444 834 3545 889 llic
3567 850 3759 906 respon.

2192 918 2369 987 detur,
2400 941 2503 976 non
2524 924 2633 993 ipsa
2659 934 2870 994 peccata
2894 926 2974 980 vel
2993 926 3157 994 ipsam
3179 925 3450 981 miscritm
3471 928 3757 995 pet-talioni

2193 1015 2555 1070 universitatis
2582 1031 2701 1072 esse
2732 1016 3051 1081 necessaria,
3084 1031 3176 1072 sec
3202 1016 3413 1073 anintas
3444 1019 3498 1072 in
3528 1030 3757 1089 quantum

2192 1110 2384 1193 animm
2422 1118 2575 1179 sunt;
2604 1125 2722 1179 qua:
2747 1110 2791 1165 si
2823 1110 3006 1175 velint,
3037 1122 3289 1180 peccant;
3332 1113 3376 1165 si
3422 1115 3753 1183 peccaverint,

2193 1202 2402 1259 misera:
2421 1203 2571 1258 limit.
2593 1201 2647 1258 Si
2668 1203 2808 1258 enim
2828 1205 3059 1274 peccatis
3080 1221 3261 1260 earmn
3289 1203 3554 1260 detractis
3572 1208 3755 1265 miseria

2193 1309 2517 1377 perseverat,
2548 1309 2639 1353 aut
2668 1299 2827 1355 etiam
2859 1308 3070 1369 peccata
3109 1298 3379 1368 prteeedit,
3429 1310 3578 1354 recte
3603 1302 3756 1357 detor-

2192 1392 2326 1447 mari
2370 1392 2564 1448 dicitur
2608 1391 2743 1447 ordo
2785 1404 2947 1464 atque
2976 1392 3367 1447 administratio
3400 1394 3750 1450 universitatis.

2193 1484 2419 1551 Rursus,
2451 1486 2495 1539 si
2528 1495 2741 1555 peceata
2766 1483 2914 1547 ﬁant,
2936 1493 2991 1539 et
3018 1483 3156 1539 desit
3178 1484 3415 1546 miseria,
3441 1484 3754 1543 nihilominus

2194 1576 2511 1632 dehonestat
2543 1576 2784 1641 ordinem
2831 1576 3098 1645 iniquitas.
3128 1574 3258 1629 (lum
3286 1584 3473 1630 autem
3514 1593 3612 1650 non
3654 1595 3756 1648 pec-

2193 1670 2435 1725 cantilms
2460 1670 2612 1726 adest
2630 1670 2919 1735 beatitudo,
2940 1671 3170 1740 perlecta
3188 1679 3268 1724 est
3287 1670 3624 1736 universitas.
3642 1676 3753 1727 Cum

2194 1756 2323 1816 vero
2351 1762 2693 1835 peccantibus
2722 1762 2874 1819 adest
2900 1761 3133 1829 miseria,
3170 1763 3521 1833 nihilominus
3552 1764 3755 1843 perfecta

2194 1865 2275 1911 est
2302 1857 2639 1913 universitas.
2671 1856 2823 1926 Quod
2854 1867 3031 1911 autem
3061 1856 3188 1929 ipsze
3218 1875 3322 1925 non
3350 1858 3546 1933 desunt
3568 1861 3749 1928 anitum,

2193 1964 2327 2021 quas
2357 1951 2436 2009 vel
2468 1960 2749 2022 peccantes
2777 1949 3015 2023 sequitur
3035 1951 3272 2018 miseria,
3296 1953 3381 2007 vel
3413 1964 3557 2017 recte
3583 1955 3750 2025 facieti-

2196 2051 2276 2098 tes
2322 2043 2614 2117 beatitudo,
2655 2058 2869 2113 semper
2914 2043 3121 2097 naturis
3165 2044 3419 2100 on'tuihus
3472 2046 3751 2107 universitas

2197 2135 2352 2206 plena
2383 2145 2542 2207 atque
2574 2134 2803 2206 perfecta
2832 2144 2933 2190 est.
2958 2134 3074 2190 Non
3099 2137 3240 2190 enim
3276 2147 3552 2209 peccatum
3575 2148 3625 2193 et
3642 2154 3748 2209 ευρ.

2196 2224 2412 2297 plicium
2442 2228 2642 2296 peccati
2673 2235 2873 2280 natura:
2894 2238 3018 2280 sunt
3038 2226 3305 2296 quaedam.
3344 2228 3441 2283 sed
3473 2231 3749 2293 atl'eetiones

2197 2324 2527 2381 naturarum,
2546 2317 2630 2371 illa
2648 2317 2969 2383 voluntaria,
2991 2319 3087 2371 ista
3105 2320 3347 2387 pmualis.
3364 2319 3471 2375 Sed
3489 2322 3748 2377 voluntaria

2196 2424 2314 2479 qum
2341 2408 2391 2463 in
2422 2418 2637 2478 peccato
2679 2410 2755 2473 fit,
2804 2409 2974 2481 turpis
2996 2409 3208 2465 aﬂ‘ectio
3234 2423 3335 2464 εει.
3376 2412 3469 2465 Cui
3492 2423 3749 2484 propterea

2201 2500 2427 2572 pcenalis
2444 2500 2749 2566 adhibetur,
2770 2511 2822 2554 ut
2839 2501 3049 2556 ordinet
3070 2517 3211 2559 eam.
3233 2500 3321 2556 ubi
3342 2503 3493 2556 talem
3520 2520 3635 2559 esse
3654 2519 3748 2560 non

2198 2604 2352 2665 turpe
2392 2595 2484 2661 sit,
2509 2604 2566 2648 et
2593 2594 2771 2649 decori
2804 2596 3167 2649 universitatis
3194 2611 3469 2667 ceitgruere
3502 2606 3667 2667 cogat,
3692 2607 3750 2652 ut

2198 2688 2402 2761 peccati
2425 2687 2659 2744 dedecus
2683 2688 2932 2744 emcmlet
2964 2704 3119 2759 ptena
3152 2691 3368 2761 peccati.

2267 2779 2359 2834 27.
2404 2779 2537 2835 lliuc
2567 2780 2622 2832 lit
2649 2790 2707 2834 ut
2735 2795 2963 2849 peccans
2990 2791 3234 2834 creatura
3277 2780 3534 2852 superior,
3560 2794 3587 2832 a
3615 2794 3749 2835 crea-

2200 2876 2331 2931 turis
2354 2873 2693 2931 interioribus
2719 2873 2987 2944 puniatur,
3014 2874 3135 2943 quia
3159 2871 3265 2927 illa:
3287 2882 3394 2926 tam
3417 2882 3537 2929 sunt
3555 2873 3744 2940 iulium,

2196 2977 2255 3024 ut
2282 2966 2461 3023 ornari
2492 2968 2650 3022 etiam
2676 2980 2706 3020 a
2748 2966 2987 3036 turpibus
3032 2965 3225 3019 animis
3254 2967 3479 3035 possint,
3524 2975 3664 3038 atque
3688 2965 3747 3018 ita

2198 3059 2377 3115 decori
2396 3057 2754 3114 universitatis
2769 3072 3083 3127 congruere.
3103 3056 3238 3125 Quid
3258 3056 3405 3112 enim
3421 3066 3522 3111 tam
3539 3070 3748 3128 mgnum

2199 3153 2253 3208 in
2283 3152 2445 3207 domo
2485 3160 2570 3206 est
2611 3166 2769 3222 quam
2816 3149 3020 3205 homo?
3063 3160 3118 3205 et
3146 3150 3271 3220 quid
3306 3159 3419 3204 tam
3445 3150 3681 3221 alijecttun
3702 3158 3747 3203 et

2200 3246 2439 3301 intimum
2470 3260 2629 3315 quam
2676 3244 2856 3298 cloaca
2886 3242 3110 3298 domus?
3159 3242 3359 3297 Servus
3416 3237 3747 3296 tatnenitttali

2202 3346 2421 3409 peccato
2450 3337 2713 3399 detectus,
2745 3345 2803 3391 ut
2828 3334 3144 3389 mundandae
3159 3333 3362 3389 cloaca.-
3380 3333 3564 3404 dignus
3587 3329 3748 3385 baltea-

2204 3439 2308 3495 tur,
2345 3439 2501 3483 ornat
2541 3444 2661 3484 eam
2706 3429 2867 3484 etiam
2900 3426 3227 3497 turpitudine
3252 3440 3389 3491 sua;
3436 3436 3487 3482 et
3513 3433 3749 3493 utrumque

2202 3523 2413 3589 horum,
2449 3521 2502 3577 id
2540 3532 2625 3578 est
2654 3521 2928 3593 turpitudo
2965 3520 3127 3584 servi,
3168 3530 3222 3576 ει
3264 3520 3542 3575 inundatio
3565 3517 3745 3583 cloaca,

2197 3614 2308 3686 jam
2334 3613 2678 3686 conjuncttun
2700 3624 2755 3669 ει
2775 3613 3048 3670 redactum
3077 3614 3128 3667 in
3156 3613 3450 3685 quamdam
3482 3613 3558 3667 sui
3577 3609 3749 3682 generis

2205 3708 2488 3776 unitatem,
2532 3708 2603 3763 ita
2646 3709 2920 3781 disposita:
2949 3708 3129 3762 domui
3157 3716 3447 3776 coaptatur
3481 3716 3625 3779 atque
3647 3703 3748 3758 sub.

2205 3801 2424 3865 texitur,
2455 3808 2513 3856 ιιι
2536 3800 2650 3871 ejus
2673 3799 3005 3856 universitati
3029 3799 3437 3856 ordinatissime
3463 3798 3748 3854 decerecon-

2204 3895 2405 3949 veniat.
2445 3892 2543 3963 Qui
2585 3902 2763 3950 tamen
2803 3908 2989 3948 servus
3041 3893 3086 3947 si
3129 3909 3351 3963 peccare
3383 3894 3639 3953 uoluisset,
3666 3902 3750 3943 nrtt

2205 3985 2464 4042 defuisset
2508 3985 2817 4041 domestch
2867 3984 3165 4055 disciplina:
3216 3984 3319 4039 alia
3368 3984 3620 4054 provisio,
3666 3994 3750 4049 qua

2206 4078 2509 4135 necessaria
2540 4076 2946 4133 mundarcntur.
2974 4077 3109 4144 Quid
3142 4078 3322 4148 itaque
3353 4087 3465 4132 tam
3485 4076 3683 4132 intimum
3704 4070 3749 4122 in

2208 4173 2370 4226 rebus
2391 4188 2549 4241 quam
2572 4186 2767 4240 corpus
2793 4187 2954 4227 omne
2976 4169 3285 4225 terrenum?
3307 4172 3460 4227 llauc
3480 4181 3630 4225 tanien
3649 4179 3748 4218 cor-

2208 4263 2511 4333 ruptibilem
2542 4278 2758 4316 carnem
2803 4263 2962 4317 etiam
3006 4264 3274 4333 peccatrix
3310 4264 3487 4317 anima
3513 4262 3582 4315 sic
3605 4265 3747 4325 omni.

2212 4363 2269 4408 ut
2289 4354 2336 4408 ei
2358 4355 2590 4427 speciem
2608 4353 3039 4411 decentissimam
3060 4355 3319 4424 pra-beat,
3337 4341 3628 4425 motumque
3642 4350 3751 4404 vita-

2212 4445 2337 4499 lem.
2364 4444 2684 4499 llabitatioui
2710 4462 2838 4515 ergo
2860 4446 3063 4501 emit-sti
3089 4446 3206 4502 talis
3228 4431 3524 4519 animalnon
3546 4439 3755 4511 congruit
3804 4468 3805 4505 ξ

2212 4552 2309 4622 per
2326 4547 2620 4617 peccatum,
2640 4538 2875 4592 terrestri
2896 4546 3073 4592 autem
3089 4539 3332 4608 congrui:
3349 4554 3441 4611 per
3454 4534 3753 4607 supplicium;
3804 4552 3805 4622 ί

2215 4638 2270 4683 ιιι
2307 4628 2579 4699 quodlibet
2616 4628 2858 4700 elegerit,
2894 4642 3107 4699 semper
3130 4631 3196 4683 sit
3227 4630 3448 4703 pulchra
3478 4625 3756 4699 universitas

2213 4720 2607 4777 decentissimis
2649 4720 2888 4799 partibus
2933 4722 3197 4786 ordinata,
3231 4722 3390 4792 cujus
3434 4730 3514 4777 est
3552 4715 3755 4778 conditur

2213 4808 2269 4869 et
2296 4814 2698 4871 administrator
2727 4817 2887 4871 Deus.
2919 4814 3158 4887 Namque
3187 4817 3406 4887 optima:
3444 4814 3622 4870 animm
3653 4821 3749 4864 cnut

2215 4908 2269 4963 in
2297 4907 2493 4963 intimis
2517 4908 2780 4964 creaturis
2820 4905 3081 4972 habitant,
3111 4924 3216 4981 non
3244 4923 3337 4963 eas
3363 4917 3556 4963 urinam
3582 4899 3753 4958 miseria

2216 5016 2331 5064 sua,
2354 5016 2513 5071 quam
2539 5016 2641 5055 non
2666 5001 2883 5066 habent,
2906 5002 3001 5055 sed
3027 5017 3121 5056 usu
3140 5018 3324 5057 earum
3361 5002 3521 5057 bono.
3544 4999 3594 5056 Si
3615 5005 3752 5061 autem

2221 5096 2545 5165 peecatrices
2583 5095 2777 5151 animae
2796 5095 3174 5167 permittantur
3204 5095 3450 5150 habitare
3476 5095 3529 5149 in
3553 5084 3767 5167 sublimi?

2219 5188 2320 5244 bus
2349 5188 2501 5251 locis,
2531 5187 2869 5243 inhonestum
2894 5198 3007 5256 est;
3032 5187 3153 5257 quia
3184 5203 3291 5241 non
3326 5185 3641 5255 conveniunt
3656 5177 3752 5239 illis.

2219 5280 2413 5355 quibus
2441 5295 2538 5335 nec
2568 5279 2703 5335 bene
2741 5279 2819 5336 uti
2864 5289 3107 5351 possunt,
3156 5294 3256 5339 nec
3282 5277 3578 5347 omamemi

2220 5374 2523 5430 conterunt.

2291 5468 2379 5523 28.
2428 5468 2550 5525 Ideo
2574 5481 2876 5538 quanquam
2922 5466 3070 5521 orbis
3100 5466 3200 5522 iste
3226 5474 3473 5520 terrenus
3500 5453 3646 5527 rebus
3666 5462 3754 5521 συθ

2222 5561 2564 5632 mptibilibus
2605 5561 2889 5631 deputatus
2934 5562 3022 5627 sit,
3071 5569 3248 5615 tamen
3278 5572 3499 5615 servans
3544 5540 3753 5624 quam

2223 5660 2400 5731 potest
2425 5654 2705 5726 imaginem
2726 5652 3080 5723 superiorum,
3098 5649 3346 5723 exctnpla
3374 5646 3527 5710 nobis
3538 5653 3585 5699 et

2224 5722 2469 5828 quaedam
2496 5722 2862 5802 demonstrare
2911 5757 3018 5799 non
3055 5736 3331 5825 cessat.Si
3360 5736 3499 5811 enini

2225 5794 2479 5915 ait...
2500 5794 3258 5917 Isaiam
3594 5794 3753 5909 es
