3824 6296
332 5894 387 5943 Ἢ.

503 439 641 501 1287

500 551 832 616 infidelitatis
857 545 1306 622 perseverantiam
1338 540 1711 615 persuasisset,
1738 537 1881 608 juste
1909 548 2090 591 secum

501 648 725 705 haberet
748 645 801 700 in
822 648 1075 715 perpetua
1099 635 1441 694 damnatione
1466 641 1762 690 consortes.
1800 626 1877 684 ita
1898 628 2093 682 factum

501 750 585 798 est
609 747 667 795 ut
692 751 867 808 neque
899 732 1112 790 diabolo
1135 747 1230 801 per
1256 728 1361 783 vim
1384 726 1681 797 eriperetur
1705 721 1868 776 homo
1886 762 1903 789 ,
1932 732 2094 790 quem

504 846 605 889 nec
627 830 739 901 ipse
758 828 830 890 vi.
857 824 949 883 sed
967 821 1312 896 persuasione
1330 826 1545 889 ceperat
1564 835 1577 872 :
1594 825 1646 871 et
1667 813 1756 884 qui
1772 813 1915 882 juste
1939 811 2055 881 plus
2074 810 2093 841 ί

508 920 817 979 humiliatus
843 925 961 985 est,
990 924 1045 971 ut
1072 915 1299 971 serviret
1332 911 1417 966 cui
1456 909 1520 963 ad
1561 906 1757 963 malum
1802 916 2095 958 consense-

505 1023 609 1081 rat,
633 1012 775 1082 juste
798 1025 892 1082 per
913 1023 1033 1063 eum
1058 1004 1143 1062 cui
1163 1003 1229 1059 ad
1246 1003 1441 1058 bonum
1464 996 1737 1055 consensit
1753 994 2092 1056 liberaretur;

508 1108 632 1179 quia
662 1105 836 1160 minus
873 1103 973 1157 iste
1015 1101 1068 1155 in
1104 1093 1485 1155 consentiendo
1508 1134 1524 1161 ,
1569 1105 1726 1162 quam
1756 1088 1845 1145 ille
1876 1086 1928 1142 in
1957 1084 2095 1141 male

505 1194 785 1255 suadendo
811 1199 1139 1265 peccaverat.

503 1324 728 1385 CAPUT
753 1322 847 1380 XI.
887 1351 960 1364 —-
995 1320 1236 1376 Crentura
1275 1316 1376 1371 sive
1406 1314 1459 1369 in
1486 1312 1689 1386 justitia
1746 1323 2092 1380 permansura,

645 1420 747 1477 sive
764 1420 973 1490 lapsura
988 1455 1007 1484 ,
1031 1414 1098 1467 ad
1127 1418 1474 1466 ornamentum
1498 1403 1715 1461 universi
1738 1406 1951 1475 confert.

585 1534 674 1592 32.
707 1533 929 1588 Naturas
958 1527 1116 1599 igitur
1141 1538 1327 1580 omnes
1355 1522 1494 1577 Deus
1523 1520 1647 1575 fecit
1669 1560 1683 1586 ,
1712 1532 1815 1574 non
1841 1518 2017 1572 solum
2042 1515 2094 1571 in

510 1629 705 1683 virtute
733 1633 890 1695 atque
923 1619 1125 1691 justitia
1154 1627 1525 1688 permansuras
1549 1654 1563 1673 .
1592 1610 1685 1666 sed
1712 1611 1870 1665 etiam
1906 1623 2095 1679 pecca-

512 1730 692 1784 turas;
720 1733 825 1773 non
858 1723 914 1770 ut
940 1719 1240 1784 peccarent,
1272 1707 1367 1763 sed
1398 1714 1455 1762 ut
1480 1713 1661 1762 essent
1686 1712 1953 1758 ornatura:
1982 1699 2097 1754 uni-

512 1828 725 1870 versum
755 1812 798 1878 ¹,
826 1809 938 1864 sive
979 1819 1219 1877 peccare,
1254 1802 1366 1857 sive
1397 1815 1500 1853 non
1526 1810 1748 1868 peccare
1783 1793 2093 1848 voluissent.

515 1907 571 1963 Si
596 1906 736 1961 enim
777 1902 937 1958 rebus
975 1898 1226 1955 deessent
1254 1894 1447 1949 animae
1473 1907 1591 1963 qum
1630 1890 1800 1958 ipsum
1830 1886 2097 1958 fastigium

514 1998 717 2056 ordinis
744 1996 798 2052 in
824 1994 1066 2053 universa
1091 1998 1332 2045 creatum
1364 1986 1444 2042 sic
1467 1984 1790 2048 obtinerent,
1822 1990 1880 2036 ut
1904 1980 1947 2035 si
1978 1994 2100 2050 pec-

512 2107 637 2149 care
665 2088 971 2149 voluissent,
999 2083 1358 2138 infirmaretur
1381 2087 1436 2134 et
1461 2076 1871 2131 labefactaretur
1892 2073 2103 2127 univer-

514 2183 664 2247 sitas,
688 2193 933 2249 magnum
956 2173 1206 2247 quiddam
1234 2171 1447 2227 deesSet
1472 2176 1733 2224 creatura:
1765 2184 1777 2220 :
1808 2163 1935 2221 illud
1957 2163 2099 2219 enim

518 2272 753 2339 deesset,
785 2286 891 2340 quo
922 2276 1127 2324 remoto
1168 2263 1425 2320 stabilitas
1453 2275 1630 2316 rerum
1656 2267 1815 2329 atque
1841 2255 2102 2311 connexio

516 2365 836 2421 turbaretur.
863 2360 1018 2416 Tales
1037 2366 1161 2413 sunt
1186 2356 1421 2427 Optimae.
1452 2364 1505 2409 et
1532 2360 1751 2418 sanctae,
1774 2361 1828 2406 et
1848 2349 2103 2405 sublimes

514 2466 771 2513 creatura:
799 2452 1095 2509 caelestium
1138 2448 1225 2503 vel
1264 2445 1720 2517 superctelestium
1748 2450 2065 2513 potestatum
2085 2481 2099 2507 ,

516 2550 709 2621 quibus
732 2547 879 2602 solus
904 2546 1043 2599 Deus
1073 2543 1327 2613 imperat;
1361 2540 1639 2594 universus
1674 2546 1851 2593 autem
1879 2536 2105 2591 mundus

516 2642 790 2712 subjectus
817 2648 921 2695 est.
948 2638 1077 2694 Sine
1100 2637 1318 2692 istarum
1342 2632 1531 2689 ofﬁciis
1556 2632 1714 2703 justis
1740 2641 1901 2701 atque
1931 2629 2104 2701 perfe-

516 2735 617 2791 ctis
636 2749 754 2789 esse
775 2730 1091 2787 universitas
1113 2742 1215 2783 non
1243 2734 1434 2799 potest.
1461 2724 1613 2791 Item,
1640 2724 1684 2778 si
1704 2723 1955 2779 deessent
1982 2737 2105 2792 quae

519 2827 633 2882 sive
655 2832 956 2897 peccarent,
986 2821 1098 2877 sive
1125 2835 1231 2876 non
1264 2825 1564 2889 peccarent,
1593 2814 1726 2870 nihil
1753 2813 2108 2869 universitatis

516 2918 1048 2979 ordiniminueretur,
1071 2912 1231 2969 etiam
1254 2910 1331 2966 sic
1348 2909 1630 2981 plurimum
1648 2907 1877 2963 deesset.
1902 2906 2107 2961 Anima:

522 3018 647 3066 sunt
670 3009 814 3066 enim
837 3005 1145 3075 rationales,
1176 3013 1231 3062 et
1256 3003 1361 3060 illis
1396 3000 1761 3074 superioribus
1790 2999 1967 3054 officio
1993 2998 2110 3070 qui-

521 3100 642 3161 dem
674 3101 925 3176 impares,
965 3100 1058 3157 sed
1089 3108 1273 3155 natura
1306 3110 1462 3167 pares
1500 3112 1513 3149 :
1543 3093 1736 3163 quibus
1772 3090 1943 3145 adhuc
1971 3090 2107 3147 infer

521 3200 692 3256 riores
719 3205 843 3252 sunt
868 3192 1039 3257 multi,
1071 3200 1124 3246 et
1167 3199 1341 3244 tamen
1386 3183 1677 3240 laudabiles
1705 3199 1735 3237 a
1764 3196 1974 3238 summo
2002 3181 2110 3236 Deo

520 3288 923 3346 constitutarum
949 3298 1127 3339 rerum
1149 3279 1361 3351 gradus.

595 3381 683 3437 ⁸55.
714 3378 803 3433 llla
834 3392 960 3447 ergo
987 3383 1173 3429 natura
1203 3369 1529 3427 soblimioris
1548 3366 1709 3423 officii
1732 3376 1834 3434 est,
1864 3382 1983 3438 qua:
2002 3382 2109 3425 non

531 3470 705 3527 solum
739 3469 782 3523 si
812 3482 918 3523 non
956 3472 1119 3528 esset,
1164 3460 1259 3518 sed
1305 3459 1512 3515 etiamsi
1558 3468 1820 3530 peccaret,
1850 3459 2112 3514 minueret

530 3563 771 3621 ordinem
806 3556 1183 3615 universitatis.
1217 3553 1486 3610 lttferiut'is
1527 3552 1687 3608 officii
1716 3561 1798 3608 est
1824 3551 1922 3607 ista
1948 3593 1965 3620 ,
1993 3567 2111 3623 qua:

532 3651 897 3713 tantummodo
919 3650 964 3707 si
995 3664 1099 3703 non
1124 3655 1285 3707 esset.
1311 3661 1418 3699 non
1447 3652 1625 3699 autem
1657 3644 1701 3699 si
1725 3651 1988 3714 peccaret,
2015 3642 2113 3697 ali-

527 3745 652 3819 quid
685 3745 859 3799 minus
885 3741 1103 3796 haberet
1125 3736 1460 3793 universitas.
1488 3732 1567 3789 Illi
1610 3733 1735 3788 data
1770 3741 1852 3789 est
1879 3731 2111 3803 potentia

525 3837 701 3895 omnia
746 3830 1051 3891 continendi
1098 3827 1275 3885 officio
1325 3825 1577 3897 proprio,
1624 3822 1766 3895 quod
1805 3838 1983 3879 rermn
2028 3839 2115 3878 or.

524 3929 634 3986 dini
678 3927 867 3984 deesse
909 3939 1016 3980 non
1042 3921 1212 3995 possit
1242 3937 1254 3972 :
1290 3933 1389 3975 nec
1425 3916 1547 3973 ideo
1574 3916 1626 3971 in
1657 3916 1796 3972 bona
1844 3915 2116 3971 voluntate

527 4028 822 4095 permanet,
864 4016 986 4088 quia
1015 4014 1117 4069 hoc
1142 4010 1349 4082 accepit
1377 4009 1606 4065 officium
1630 4024 1644 4075 ;
1690 4006 1785 4063 sed
1812 4007 1931 4062 ideo
1958 4022 2114 4063 acce-

524 4118 622 4187 pit.
648 4111 899 4186 quoniam
921 4108 988 4164 ab
1015 4107 1103 4163 illo
1129 4105 1219 4177 qui
1239 4103 1383 4160 dedit
1404 4116 1747 4174 permansura
1775 4102 1995 4172 praevisa
2012 4111 2111 4157 est.

528 4206 635 4261 Nec
663 4214 841 4259 tamen
867 4215 961 4256 sua
1002 4198 1281 4268 majestate
1317 4194 1554 4251 continet
1578 4194 1777 4259 omnia,
1824 4192 1917 4248 sed
1946 4192 2114 4247 iuba:-

529 4296 695 4354 rendo
739 4294 879 4349 illius
901 4289 1182 4362 majestati,
1234 4297 1288 4343 et
1348 4288 1467 4354 ejus
1506 4284 1744 4355 imperiis
1773 4283 2117 4339 devotissime

525 4383 1013 4456 obtemperando,a
1043 4394 1148 4452 quo
1168 4388 1221 4434 et
1247 4393 1341 4449 per
1372 4391 1529 4447 quem
1558 4376 1682 4431 etin
1700 4390 1806 4446 quo
1832 4374 1966 4429 facta
1995 4383 2118 4429 sunt

525 4480 723 4537 omnia.
742 4476 876 4532 lluic
891 4481 1067 4529 autem
1090 4471 1271 4526 datum
1303 4478 1385 4525 est
1407 4467 1620 4539 quidem
1645 4463 1748 4520 non
1773 4465 2012 4537 peccanti
2032 4480 2118 4535 p0-

529 4570 882 4627 tentissimum
940 4563 1173 4620 officium
1220 4559 1527 4617 continendi
1564 4558 1739 4613 omnia
1763 4574 1777 4624 ;
1801 4572 1907 4612 non
1940 4566 2116 4611 tamen

530 4663 822 4735 proprium,
863 4657 959 4715 sed
1010 4674 1133 4714 cum
1164 4656 1271 4721 illa,
1321 4663 1570 4726 tanquam
1601 4653 1653 4708 ei
1694 4668 1813 4724 qua:
1835 4660 2115 4722 peccatura

531 4753 846 4826 pra-cognita
870 4758 971 4807 est.
1009 4750 1218 4805 Habent
1249 4763 1380 4804 sane
1413 4744 1704 4818 spiritualia
1735 4758 1957 4815 quaeque
1981 4743 2117 4798 inter

529 4859 592 4902 se
634 4852 691 4898 et
733 4842 1158 4912 conjunctionem
1191 4841 1310 4895 sine
1355 4838 1591 4904 cumulo,
1632 4844 1686 4892 et
1731 4836 2115 4904 sejunctionem

529 4935 650 4991 sine
670 4932 1017 4989 diminutione
1043 4949 1058 4986 :
1083 4940 1140 4987 ut
1157 4945 1330 5001 neque
1348 4929 1691 5000 adjuvaretur
1708 4927 1793 4982 illa
1816 4928 1866 4983 in
1892 4926 2116 4982 actionis

532 5043 643 5084 sua:
683 5024 956 5092 facilitate,
994 5039 1115 5079 cum
1158 5023 1273 5079 lucc
1318 5023 1421 5080 sibi
1464 5021 1910 5093 conjungeretur;
1944 5033 2117 5091 neque

533 5119 799 5177 difficilior
836 5117 911 5173 illi
940 5116 1080 5172 actio
1109 5116 1260 5171 fieret
1283 5156 1298 5181 ,
1326 5114 1373 5169 si
1402 5113 1517 5171 bace
1545 5112 1779 5169 oflicium
1804 5128 1957 5168 suum
1986 5126 2117 5184 pec-

532 5211 701 5269 cando
728 5210 1019 5267 desereret.
1049 5206 1165 5262 Non
1203 5206 1344 5261 enim
1377 5206 1508 5263 locis
1548 5215 1604 5263 et
1633 5205 1774 5262 mole
1806 5219 2113 5276 corporum,

531 5303 622 5361 sed
650 5303 918 5377 parilitate
942 5300 1228 5358 affectuum
1252 5297 1421 5369 jungi,
1456 5308 1511 5355 et
1539 5298 1892 5369 disparilitate
1912 5297 2117 5370 sejungi

531 5405 755 5468 possunt
798 5394 1101 5466 spirituales
1143 5400 1404 5447 creaturae
1427 5431 1442 5459 ,
1482 5391 1725 5463 quamvis
1770 5405 1993 5461 corpora
2022 5404 2118 5446 sua

532 5526 756 5584 quaeque
783 5510 1109 5583 possideant.

604 5603 696 5662 34.
724 5603 781 5659 In
814 5604 1125 5677 corporibus
1153 5610 1330 5658 autem
1362 5598 1702 5657 inferioribus
1737 5608 1894 5675 atque
1919 5608 2121 5657 morta-

598 5781 616 5813 ι
642 5778 779 5853 editi,
793 5780 923 5853 justo
952 5779 1086 5853 plus,
1112 5780 1292 5853 quibus
1321 5781 1438 5853 rari_
1622 5778 1972 5845 suffragantur;
2012 5790 2123 5833 nam

538 5837 1026 5912 duodecim'melioris
1196 5843 1395 5912 trahent,
1409 5840 1541 5912 fuste
1551 5840 1675 5906 plus.

602 5903 625 5933 ι
646 5900 833 5965 Aliquot
852 5908 957 5953 uss.
984 5914 1013 5952 e
1038 5903 1321 5967 potioribus,
1340 5900 1586 5957 (tt-naturis
1604 5901 1941 5957 wdversit..tis.

1498 424 1584 480 DE
1623 421 1875 479 LIBERO
1914 414 2265 486 ARBITRIO,
2310 418 2369 475 S.
2406 419 2777 481 AUGUSTINI

2197 530 2336 589 libus
2380 546 2501 607 post
2545 548 2819 610 peccatum
2861 540 3036 596 anima
3079 538 3360 606 ordinata,
3410 541 3549 614 regit
3586 556 3752 614 corpus

2199 639 2374 694 suum,
2428 644 2533 685 non
2562 631 2871 687 omnimodo
2914 646 3009 704 pro
3050 632 3272 688 arbitrio
3294 674 3308 698 ,
3337 631 3435 689 sed
3464 633 3601 689 sicut
3638 633 3756 705 leges

2198 720 2561 779 universitatis
2606 724 2807 782 sinunt.
2838 724 2949 783 Nec
2996 727 3114 783 ideo
3140 738 3317 783 tamen
3350 727 3470 782 talis
3497 728 3665 783 anima
3692 732 3755 785 in-

2200 810 2363 867 ferior
2387 824 2471 869 est
2494 830 2719 888 corpore
2749 818 2954 875 caelesti
2980 861 2996 886 ,
3022 819 3106 875 cui
3136 819 3352 889 corpori
3382 819 3543 873 etiam
3569 831 3755 889 ωψοη

2201 914 2413 964 terrena
2442 910 2677 980 subjecta
2702 922 2848 968 sunt.
2878 912 3119 968 Pannosa
3139 913 3338 983 quippe
3369 913 3533 967 vestis
3559 912 3753 969 damnati

2200 1000 2341 1053 servi
2384 1000 2551 1056 multo
2576 1012 2658 1057 est
2692 1002 2916 1059 inferior
2938 1016 3087 1059 vecte
3125 1003 3265 1059 bene
3294 1004 3493 1070 meriti,
3534 1014 3585 1059 et
3610 1003 3655 1059 in
3682 1004 3755 1058 ho-

2202 1107 2334 1148 nore
2364 1110 2558 1165 magno
2599 1098 2737 1167 apud
2778 1097 3051 1154 dominum
3080 1098 3387 1160 constituti;
3428 1096 3523 1151 sed
3550 1098 3649 1167 ipse
3670 1114 3755 1153 ser-

2202 1200 2299 1240 vus
2328 1186 2516 1243 melior
2534 1198 2615 1245 est
2635 1190 2870 1261 qualibet
2906 1201 3055 1247 veste
3096 1192 3351 1263 pretiosa,
3373 1190 3495 1261 quia
3522 1189 3665 1245 homo
3677 1202 3751 1248 est.

2198 1278 2293 1336 Illa
2316 1297 2443 1353 ergo
2465 1284 2689 1340 inhtcrel.
2714 1284 2844 1353 Deo,
2875 1294 2929 1342 et
2954 1285 3005 1342 in
3045 1285 3253 1341 cmlesti
3276 1298 3526 1355 corpore,
3554 1284 3749 1355 angelica

2200 1382 2482 1444 potestate,
2512 1378 2670 1432 etiam
2702 1386 2953 1433 terrestre
3009 1392 3205 1448 corpus
3246 1384 3406 1433 ornat
3429 1385 3485 1432 et
3509 1378 3648 1446 regit.
3672 1378 3757 1431 sic-

2200 1474 2258 1520 ut
2300 1466 2452 1536 jubet
2492 1468 2581 1524 ille
2609 1468 2761 1539 cujus
2797 1478 2980 1526 nutum
3018 1470 3252 1525 intuetur
3289 1466 3637 1524 ineffabiliter.
3674 1466 3753 1523 bta

2200 1572 2329 1613 vero
2358 1560 2670 1616 mortalibus
2690 1562 2943 1618 membris
2971 1570 3208 1625 onerata,
3251 1561 3340 1615 vix
3370 1560 3473 1615 hoc
3498 1560 3651 1629 ipsum
3676 1574 3756 1629 quo

2202 1651 2479 1721 premitur,
2501 1650 2831 1707 administrat
2847 1653 3178 1720 intrinsecus,
3200 1660 3253 1707 et
3279 1659 3458 1707 tamen
3475 1663 3761 1721 ornatqoans

2202 1748 2312 1796 tum
2338 1753 2512 1814 potest
2537 1763 2551 1799 :
2580 1753 2770 1800 cmtera
2799 1759 2924 1801 vero
2948 1748 3277 1801 extrinsecus
3296 1744 3609 1813 adjacentia,
3632 1742 3755 1811 longe

2221 1835 2511 1893 infirmiore
2555 1839 2866 1908 operatione
2925 1839 3259 1895 extrinsecus
3313 1835 3479 1892 afﬁcit
3529 1836 3648 1890 sicut
3684 1849 3757 1906 po-

2203 1940 2328 1988 test.

2204 2024 2429 2084 CAPUT
2476 2026 2593 2084 XII.
2644 2058 2715 2070 —
2754 2027 3065 2084 Gubernatio
3111 2026 3333 2083 universi
3384 2041 3486 2081 non
3518 2026 3754 2081 turbaretur

2415 2122 2611 2177 etiamsi
2631 2123 2866 2194 angelica
2886 2123 3056 2178 omnis
3079 2132 3317 2177 creatura
3344 2129 3584 2191 peccaret.

2277 2213 2365 2269 35.
2395 2211 2549 2270 Unde
2571 2214 2837 2285 colligitur
2862 2229 2967 2269 non
2997 2212 3310 2269 defuturum
3356 2211 3516 2267 fuisse
3556 2220 3756 2265 ornatum

2207 2303 2737 2373 congruentissimum
2761 2303 2955 2359 infirme
2972 2317 3246 2373 corporea:
3265 2311 3519 2356 creatura:
3532 2342 3548 2367 ,
3582 2300 3758 2356 etiamsi

2210 2393 2309 2449 ista
2354 2410 2578 2465 peccare
2621 2395 2896 2452 noluisset.
2947 2395 3211 2464 Quoniam
3259 2411 3374 2466 qua:
3418 2404 3572 2449 totum
3610 2400 3761 2464 potest

2209 2502 2412 2557 regere,
2433 2487 2592 2543 etiam
2620 2500 2821 2559 partem
2852 2489 3019 2561 regit;
3044 2505 3165 2559 qua:
3187 2498 3355 2542 autem
3382 2487 3546 2541 minus
3576 2494 3756 2557 potest,

2212 2594 2317 2634 non
2344 2580 2601 2635 continuo
2631 2588 2805 2650 potest
2832 2579 3110 2651 ampliora.
3152 2576 3412 2633 Perfectus
3449 2577 3577 2631 enim
3606 2574 3763 2628 inedi-

2211 2684 2306 2725 cus
2333 2670 2494 2725 etiam
2522 2671 2753 2727 scabiem
2781 2678 2933 2726 sanat
2959 2670 3252 2725 efficaciter
3276 2685 3292 2734 ;
3318 2677 3374 2724 at
3398 2684 3495 2723 non
3533 2667 3763 2722 continuo

2212 2764 2300 2834 qui
2330 2763 2575 2819 scabioso
2600 2763 2799 2819 utiliter
2824 2762 3072 2830 consulit,
3104 2763 3367 2818 universa:
3390 2760 3617 2815 humana:
3642 2756 3758 2811 vale-

2214 2854 2383 2909 tudini
2427 2854 2631 2911 mederi
2678 2864 2871 2926 potest.
2904 2855 2972 2909 Et
3000 2855 3134 2910 ratio
3176 2854 3391 2925 quidem
3418 2851 3463 2906 si
3487 2863 3618 2906 certa
3652 2864 3754 2905 con-

2213 2948 2454 3018 spicitur,
2481 2964 2583 3018 qua
2614 2947 2950 3003 manifestum
2977 2946 3067 3002 fiat
3110 2961 3231 3003 esse
3256 2945 3551 3017 oportuisse
3584 2950 3753 2998 creatu-

2215 3054 2329 3094 ram
2376 3055 2495 3110 quae
2540 3055 2808 3110 nunquam
2851 3040 3177 3110 peccaverit,
3225 3051 3497 3108 nunquam
3525 3042 3755 3107 peceatum

2215 3132 2306 3198 sit,
2336 3138 2497 3187 etiam
2531 3132 2655 3187 illud
2685 3130 2873 3188 eadem
2899 3133 3036 3187 ratio
3060 3130 3335 3186 renuntiat
3354 3143 3386 3183 a
3412 3137 3616 3199 peccato
3641 3124 3752 3178 illam

2216 3222 2380 3279 libera
2428 3224 2698 3279 voluntate
2725 3223 3012 3288 abstinere,
3057 3236 3229 3293 neque
3259 3228 3502 3277 coactam
3537 3233 3630 3273 non
3648 3229 3749 3287 pec-

2215 3332 2359 3383 care,
2382 3317 2473 3373 sed
2499 3316 3086 3388 sponte.\’crumt:unen
3114 3315 3326 3371 etiamsi
3351 3322 3585 3385 peccaret
3608 3311 3753 3383 (quaa-

2217 3425 2372 3479 quam
2402 3423 2506 3462 non
2535 3409 2771 3479 peccavit
2794 3450 2809 3475 ,
2838 3409 2976 3463 sicut
3009 3422 3126 3462 eam
3156 3422 3260 3461 non
3286 3415 3612 3475 peccaturam
3642 3416 3750 3472 pm

2218 3499 2371 3553 scivit
2400 3498 2560 3569 Deus)
2587 3516 2599 3551 :
2631 3507 2809 3555 tamen
2838 3498 2881 3553 si
2903 3498 3062 3553 etiam
3091 3498 3202 3568 ipsa
3236 3507 3501 3566 peccaret,
3538 3492 3755 3547 sufficeret

2220 3590 2313 3645 Dei
2362 3598 2597 3661 potestas
2641 3590 2921 3646 ineffabilis
2957 3588 3209 3662 potentiae
3237 3587 3305 3642 ad
3338 3587 3609 3659 regendam
3635 3585 3754 3639 istam

2220 3683 2649 3748 universitatem,
2678 3678 2751 3736 ut'
2772 3680 3020 3736 omnibus
3065 3695 3301 3751 eongrua
3332 3690 3386 3734 et
3420 3676 3656 3748 condigna
3680 3689 3748 3729 re-

2221 3776 2481 3841 tribuens,
2512 3773 2641 3828 nilnil
2668 3773 2719 3828 in
2746 3780 2860 3827 toto
2899 3770 3126 3843 imperio
3147 3787 3246 3826 suo
3274 3782 3425 3841 turpe
3464 3780 3607 3838 atque
3633 3764 3753 3820 inde-

2220 3885 2404 3925 corum
2449 3882 2568 3924 essc
2599 3866 2947 3939 permitteret.
2978 3865 3110 3931 Quia
3138 3864 3252 3919 sive
3282 3879 3374 3935 per
3400 3862 3557 3917 nullas
3590 3858 3650 3913 ad
3675 3857 3756 3911 hoc

2225 3964 2401 4035 ipsum
2427 3960 2669 4017 conditas
2697 3969 3007 4032 potestates,
3040 3957 3085 4013 si
3131 3957 3310 4012 omnis
3352 3955 3561 4027 angelica
3591 3960 3756 4005 natura

2220 4054 2289 4110 ab
2314 4056 2430 4124 ejus
2456 4052 2735 4124 prmceptis
2761 4049 3034 4121 peccando
3062 4046 3372 4112 defecisset,
3398 4046 3644 4115 majestate
3669 4052 3754 4093 sua

2225 4147 2241 4177 ¹
2270 4144 2644 4200 decentissime
2684 4150 2841 4214 atque
2873 4141 3073 4213 optime
3101 4150 3313 4212 regeret
3340 4138 3507 4194 ontnia
3531 4154 3545 4191 :
3568 4147 3658 4190 nec
3692 4131 3754 4185 sic

2224 4237 2468 4293 invidens
2493 4246 2749 4291 creaturzc
2773 4232 3030 4304 spirituali
3056 4241 3108 4287 ut
3136 4240 3313 4297 esset;
3338 4232 3425 4301 qui
3446 4230 3592 4287 etiam
3607 4238 3755 4293 corpo.

2226 4330 2392 4385 ralem
2424 4328 2762 4400 peccantibus
2782 4340 2993 4397 quoque
3017 4324 3383 4396 spiritualibus
3408 4322 3554 4392 longe
3575 4317 3751 4374 interio-

2226 4437 2363 4485 rem,
2417 4429 2561 4475 tanta
2610 4420 2852 4490 largitate
2878 4416 3129 4472 bonitatis
3168 4416 3417 4481 instituit,
3455 4424 3509 4468 ut
3529 4413 3681 4466 nullus
3704 4408 3753 4463 sit

2223 4513 2418 4568 ctelum
2461 4521 2764 4581 terramque
2805 4508 3188 4564 rationabiliter
3231 4508 3460 4571 intuens,
3508 4512 3750 4569 omnesqltc

2223 4612 2439 4658 naturas
2464 4600 2704 4657 visibiles
2735 4601 2786 4655 in
2813 4599 2926 4655 suis
2942 4598 3225 4667 generibus
3250 4599 3569 4662 moderatas,
3595 4595 3754 4648 forma-

2223 4705 2324 4762 tas,
2350 4694 2641 4762 Ordinatas,
2672 4694 2763 4764 qui
2784 4693 2867 4749 vel
2892 4692 3053 4747 alium
3077 4690 3261 4747 credat
3282 4689 3535 4745 artificem
3562 4682 3754 4740 orantium

2222 4803 2341 4845 esse
2365 4802 2524 4859 quam
2569 4787 2754 4853 Deum,
2787 4786 2873 4841 Vel
2902 4800 3007 4840 non
3046 4799 3168 4839 eum
3206 4781 3540 4837 iuefl'abiliter
3576 4776 3753 4833 laudan-

2221 4881 2348 4938 dum
2374 4896 2493 4938 esse
2520 4882 2765 4937 fateatur.
2807 4878 2930 4935 Sive
2958 4877 3099 4933 niilta
3127 4885 3211 4932 est
3236 4878 3257 4909 ³
3282 4876 3473 4931 melior
3507 4886 3665 4929 rerum
3688 4881 3751 4920 0f-

2222 4974 2440 5038 dinatio,
2494 4971 2594 5027 nisi
2638 4978 2873 5043 potestas
2900 4968 3133 5041 angelica
3176 4976 3381 5023 natura:
3414 4961 3693 5021 excedentia
3718 4966 3751 5009 ei

2222 5065 2459 5121 bonitate
2496 5063 2785 5118 voluntatis
2829 5061 2884 5117 in
2931 5060 3281 5132 dispositione
3326 5053 3662 5113 universitatis
3687 5064 3751 5103 so-

2224 5155 2569 5230 peremineat,
2601 5153 2808 5211 etiamsi
2833 5166 3019 5208 omnes
3042 5160 3351 5224 peccassent
3371 5147 3570 5220 Angeli,
3590 5144 3749 5200 nullam

2223 5250 2455 5323 inopiam
2478 5247 2719 5305 facerent
2739 5247 2807 5303 ad
2828 5244 3115 5318 regendum
3148 5242 3431 5316 imperium
3460 5255 3603 5297 suum
3622 5236 3747 5293 Cm-

2225 5343 2328 5398 tori
2353 5341 2697 5413 Angelorum.
2728 5338 2846 5396 Non
2872 5337 3013 5394 enim
3044 5337 3127 5394 vel
3157 5337 3364 5391 bonitas
3388 5335 3499 5405 ejus
3525 5330 3663 5403 quasi
3680 5326 3749 5381 ali-

2225 5453 2330 5509 quo
2357 5412 2536 5502 ta:dio,
2575 5434 2661 5490 vel
2686 5431 3067 5503 omnipotentia
3108 5427 3423 5484 difficultate
3448 5424 3675 5481 deﬁceret
3700 5412 3746 5469 ad

2227 5528 2487 5586 creandos
2511 5528 2669 5591 alios,
2699 5541 2835 5597 quos
2857 5525 2911 5581 in
2945 5525 3026 5579 eis
3068 5521 3282 5578 sedibus
3323 5520 3629 5583 collocaret,
3650 5518 3749 5582 qui

2225 5621 2500 5697 peccando
2536 5619 2627 5676 alii
2676 5618 3063 5683 deseruissent;
3114 5622 3206 5671 aut
3234 5622 3473 5671 emtum
3506 5603 3747 5680 spiritalis

2296 5844 2314 5875 ι
2339 5847 2545 5906 mutuor
2565 5844 2672 5889 uss.
2697 5832 2957 5906 derassa.
2981 5832 3069 5906 εεά
3343 5841 3447 5906 se;
3468 5814 3719 5906 520.93";

2298 5906 2320 5937 ¹
2342 5881 2551 5957 {EI-ia
2566 5881 3062 5964 “ﬁrmittem
3082 5881 3182 5948 ea:
3193 5881 3248 5948 lt
3265 5881 3375 5945 ead.
3393 5898 3462 5952 Er.
3486 5896 3536 5943 et
3567 5891 3663 5938 uss.
3680 5881 3755 5932 επ*
