3824 6296
127 539 247 599 uso

121 652 412 726 quantilibet
433 653 634 710 numeri
662 654 702 720 ⁸,
722 654 768 711 si
794 669 897 726 pro
937 654 1050 711 suis
1077 657 1282 713 meritis
1309 656 1675 728 damnaretur,

119 754 380 818 angustare
395 753 575 816 posset
597 744 858 813 ordinem,
888 745 978 818 qui
1002 748 1382 805 convenienter
1407 759 1464 806 et
1485 749 1678 807 decen-

123 853 192 895 ter
226 839 416 909 excipit
457 853 817 912 quoscumque
836 837 1165 898 damnandos
1187 845 1228 897 ⁸.
1253 843 1595 916 Quacumque
1617 858 1678 902 se

120 934 259 1004 igitur
303 932 657 990 consideratio
701 943 884 991 nostra
927 937 1292 1006 converterit,
1341 937 1702 994 inen‘abiliter.

122 1025 416 1082 laudandum
430 1025 632 1084 invenit
657 1029 823 1086 Deum
845 1040 1151 1086 naturarum
1169 1032 1407 1088 omnium
1427 1032 1674 1090 condito-

121 1133 216 1174 rem
238 1119 510 1188 optimum,
535 1129 591 1176 et
616 1120 1102 1179 administratorem
1118 1123 1494 1194 justissimum.

174 1209 250 1268 36.
303 1210 600 1280 Postremo,
629 1222 687 1269 ut
757 1215 1120 1286 relinquamus
1165 1217 1670 1289 contemplationem

116 1299 492 1374 pulchritudinis
534 1319 713 1359 rerum
742 1305 808 1362 iis
836 1305 926 1377 qui
975 1321 1093 1362 eam
1137 1307 1316 1364 divino
1344 1323 1566 1365 munere
1586 1308 1668 1364 vi-

117 1395 221 1451 dere
243 1403 477 1466 possunt,
506 1411 605 1452 nec
624 1410 719 1452 eos
738 1397 828 1469 qui
852 1413 958 1454 non
988 1407 1214 1469 possunt
1237 1399 1260 1432 ³
1288 1399 1356 1455 ad
1383 1399 1668 1456 ineﬂabilia

115 1485 382 1542 contuenda
411 1486 588 1544 verbis
615 1503 871 1544 conemur
913 1489 1176 1547 adducere
1197 1533 1214 1557 ,
1243 1499 1302 1549 et
1327 1502 1503 1548 tamen
1544 1507 1668 1564 pro-

115 1590 209 1648 pter
232 1579 474 1651 loquaces
520 1591 612 1637 aut
658 1581 899 1638 inﬁrmos
945 1593 1043 1639 aut
1092 1584 1378 1641 insidiosos
1419 1585 1665 1642 homines

116 1684 282 1728 tantam
339 1675 690 1746 quzestionem
733 1676 1047 1734 brevissima
1107 1677 1474 1750 complexione
1543 1693 1665 1750 pcr-

115 1781 317 1835 agamus.

113 1857 301 1914 C.\PUT
323 1857 460 1914 XIII.
488 1890 559 1901 ——
582 1859 668 1915 Ea:
690 1870 933 1917 creatum
947 1863 1267 1933 emptione
1285 1872 1331 1917 et
1346 1879 1409 1917 ea:
1430 1862 1537 1916 uitii
1553 1863 1662 1933 ejus

316 1952 680 2027 vituperatione
701 1955 897 2010 bonitas
937 1955 1099 2025 ipsius
1123 1956 1414 2010 ostenditur.

165 2043 324 2100 Omnis
361 2054 552 2101 natura
587 2062 706 2117 quae
753 2047 926 2103 minus
957 2048 1095 2103 bona
1124 2048 1234 2104 ﬁeri
1282 2058 1490 2120 potest,
1523 2050 1658 2104 bona

112 2148 167 2190 est
187 2153 200 2202 ;
217 2145 264 2191 et
287 2136 461 2192 omnis
478 2147 665 2194 natura
679 2138 802 2194 dum
815 2141 1188 2210 corrumpitur,
1212 2141 1390 2196 minus
1409 2142 1545 2196 bona
1577 2139 1655 2196 iit.

108 2231 191 2284 Aut
214 2233 340 2284 enim
367 2247 480 2287 non
504 2233 549 2288 ei
577 2234 1038 2304 nocctcorrnptio,
1063 2242 1117 2289 et
1137 2249 1242 2290 non
1270 2234 1654 2304 corrumpitur;

110 2333 176 2374 aut
201 2327 237 2377 si
262 2325 639 2394 corrumpitur,
668 2334 825 2381 uocet
863 2326 912 2382 ei
963 2327 1234 2397 corruptio
1273 2335 1370 2382 :ct
1391 2327 1436 2382 si
1475 2335 1653 2394 nocet,

109 2414 259 2468 minuit
276 2415 476 2484 aliquid
494 2414 561 2471 de
600 2416 738 2472 bono
766 2417 903 2487 ejus,
932 2425 986 2472 et
1008 2432 1124 2472 eam
1154 2417 1330 2472 minus
1357 2418 1549 2474 bonam
1579 2417 1658 2472 fa-

110 2505 178 2559 cit.
204 2505 318 2560 Nam
345 2507 398 2563 si
439 2508 646 2577 penitus
675 2523 791 2563 eam
825 2509 996 2578 privat
1021 2510 1163 2564 omni
1195 2509 1334 2564 bono
1357 2552 1372 2576 ,
1400 2511 1654 2581 quidquid

108 2598 194 2664 ejus
215 2599 524 2664 remanebit,
549 2599 658 2669 jam
686 2602 957 2670 corrumpi
997 2616 1103 2656 non
1138 2603 1332 2671 poterit
1352 2617 1366 2668 ;
1386 2603 1506 2671 quia
1538 2602 1655 2656 nul-

107 2687 188 2742 lum
200 2690 289 2745 erit
323 2691 527 2746 bonum
557 2690 708 2760 cujus
727 2691 1066 2762 ademptione
1096 2691 1264 2761 possit
1293 2707 1489 2748 nocere
1525 2708 1651 2748 cor-

105 2784 240 2851 mptio
264 2800 278 2837 :
307 2783 399 2839 cui
428 2793 605 2838 autem
645 2799 749 2837 non
779 2791 954 2853 potest
978 2798 1169 2839 nocere
1208 2786 1478 2855 corruptio
1501 2826 1515 2850 ,
1548 2800 1652 2840 non

104 2876 443 2944 corrumpitur.
493 2875 660 2930 Porro
704 2883 892 2929 natura
930 2890 1053 2946 quae
1111 2891 1216 2930 non
1257 2877 1648 2946 corrumpitur,

103 2965 487 3038 incorruptibilis
541 2975 624 3022 est
667 2984 679 3019 :
726 2967 828 3021 erit
867 2981 994 3036 ergo
1037 2977 1244 3032 natura,
1297 2968 1438 3038 quod
1464 2969 1650 3022 absur-

103 3057 332 3113 dissimum
390 3067 473 3113 est
514 3057 692 3114 dicere
717 3099 732 3124 ,
778 3060 1116 3127 corruptione
1161 3060 1294 3114 facta
1337 3059 1653 3130 incorrupti-

102 3150 210 3205 bilis.
232 3151 568 3222 Quapropter
594 3151 737 3222 quod
789 3151 1064 3207 verissime
1095 3153 1304 3219 dicitur,
1359 3154 1532 3208 omnis
1567 3169 1652 3209 na-

103 3248 189 3292 tura
207 3241 252 3295 in
276 3251 534 3312 quantum
564 3250 750 3298 natura
781 3251 882 3307 est,
906 3243 1040 3297 bona
1068 3255 1149 3298 est
1167 3261 1181 3297 :
1200 3245 1320 3314 quia
1347 3245 1391 3298 si
1414 3245 1652 3300 incorru-

103 3330 264 3396 ptibilis
298 3343 407 3399 est,
445 3332 638 3388 melior
661 3342 742 3388 est
778 3349 935 3404 quam
966 3335 1356 3404 corruptibilis;
1385 3336 1428 3390 si
1473 3345 1648 3392 autem

102 3424 420 3494 corruptibilis
461 3424 855 3494 est,quoniam
906 3423 1032 3479 dum
1078 3429 1433 3498 corrumpitur
1476 3429 1651 3484 minus

103 3512 206 3570 bona
239 3519 330 3583 lit,
386 3516 504 3572 sine
545 3515 874 3574 dubitatione
926 3519 1062 3575 bona
1098 3527 1198 3574 est.
1234 3518 1420 3574 Omnis
1473 3531 1648 3576 autem

102 3615 246 3661 natura
271 3617 368 3663 aut
393 3609 752 3679 corruptibilis
777 3618 897 3676 est,
928 3621 1018 3665 aut
1046 3610 1486 3681 incorruptibilis.
1517 3611 1649 3669 0m-

102 3696 503 3769 nisergonatura
526 3698 660 3754 bona
687 3710 770 3756 est
797 3717 811 3753 :
838 3711 1080 3755 naturam
1110 3717 1243 3758 voco
1271 3718 1390 3773 qua:
1422 3713 1477 3760 et
1518 3704 1648 3760 sub-

99 3792 254 3845 stantia
270 3791 378 3847 dici
394 3792 550 3847 solet.
568 3792 753 3847 Omnis
779 3793 936 3862 igitur
960 3793 1251 3850 substantia
1269 3805 1361 3851 aut
1380 3796 1538 3862 Deus,
1559 3806 1652 3854 aut

97 3893 144 3933 ex
166 3881 292 3951 Deo;
320 3883 448 3954 quia
491 3897 648 3939 omne
675 3883 870 3938 bonum
920 3893 1010 3939 aut
1040 3885 1199 3950 Deus,
1229 3897 1318 3941 aut
1351 3903 1416 3943 ex
1447 3889 1574 3944 Deo.

149 3975 225 4029 57.
268 3976 476 4046 Quibus
522 3976 825 4032 constitutis
866 3987 1025 4048 atque
1055 3977 1276 4034 ﬁrmatis
1318 3989 1565 4052 tanquam
1595 3982 1647 4036 in

95 4065 238 4134 capite
288 4067 715 4123 ratiocinationis
761 4077 961 4124 nostrae
985 4110 1002 4136 ,
1031 4071 1246 4127 attende
1285 4071 1411 4142 quid
1452 4072 1646 4128 dicam.

93 4155 248 4213 Omnis
270 4169 463 4215 natura
485 4160 775 4223 rationalis,
804 4175 924 4216 cum
948 4161 1114 4218 libero
1135 4163 1418 4220 voluntatis
1430 4165 1650 4220 arbitrio

93 4249 295 4316 condita,
324 4251 371 4304 si
401 4259 581 4306 manet
610 4249 660 4304 in
688 4249 910 4307 l‘rnendo
935 4266 1142 4307 summo
1165 4263 1322 4324 atque
1352 4259 1646 4311 incommu-

93 4339 213 4393 laiilii
244 4342 385 4396 bono
403 4384 419 4408 ,
448 4342 630 4412 procul
648 4342 811 4398 dubio
833 4343 1088 4399 laudanda
1113 4354 1228 4411 est;
1257 4356 1311 4402 et
1329 4350 1504 4406 omnis
1531 4366 1648 4419 quae

95 4432 238 4487 tendit
266 4444 325 4488 ut
355 4443 588 4496 maneat.
608 4434 770 4490 etiam
797 4434 909 4504 ipsa
937 4434 1194 4490 laudanda
1217 4446 1300 4492 est
1321 4455 1334 4492 :
1353 4441 1528 4496 omnis
1555 4457 1649 4496 au-

94 4529 179 4576 tem
205 4541 324 4596 quae
351 4541 454 4581 non
482 4527 534 4580 in
560 4540 626 4582 eo
656 4535 854 4593 manet,
881 4535 934 4581 et
972 4541 1076 4582 non
1115 4529 1226 4583 vult
1253 4544 1411 4602 agere
1450 4542 1504 4586 ut
1531 4548 1646 4587 ma-

91 4628 214 4685 neat,
240 4620 291 4675 in
311 4628 565 4690 quantum
588 4619 659 4674 ibi
677 4633 780 4674 non
808 4628 909 4684 est,
933 4629 987 4675 et
1008 4619 1058 4674 in
1073 4631 1324 4691 quantum
1348 4637 1452 4677 non
1473 4623 1522 4678 id
1539 4626 1648 4696 agit

95 4722 140 4765 ut
162 4714 230 4770 ibi
259 4716 349 4781 sit,
373 4713 719 4784 vituperanda
741 4723 840 4768 est.
871 4711 926 4769 Si
953 4729 1080 4783 ergo
1102 4713 1346 4770 laudatur
1375 4717 1648 4773 rationalis

90 4815 264 4860 natura
293 4824 412 4876 quae
451 4814 533 4861 est
562 4805 718 4871 facta,
750 4821 908 4861 nemo
931 4805 1133 4861 dubitat
1163 4806 1486 4863 laudandum
1529 4825 1647 4865 esse

91 4896 170 4963 qui
195 4898 348 4964 iecit;
377 4909 431 4955 et
454 4902 499 4954 si
528 4900 872 4968 vituperatur,
902 4913 1060 4953 nemo
1089 4897 1293 4954 dubitat
1322 4901 1436 4969 ejus
1455 4899 1648 4958 Condi-

91 4996 244 5047 torem
275 4992 328 5047 in
370 4993 482 5063 ipsa
519 4990 636 5063 ejus
663 4991 1049 5061 vituperatione
1073 4990 1296 5048 laudari.
1324 4989 1456 5048 Cum
1503 4995 1645 5050 enim

87 5095 356 5151 proliterea
384 5085 748 5156 vituperamus
777 5082 911 5139 hanc
929 5125 944 5151 ,
975 5085 1224 5155 quoniam
1257 5101 1466 5141 summo
1485 5095 1538 5142 et
1561 5087 1645 5142 in-

88 5179 433 5234 commutabili
459 5178 618 5243 bono,
650 5177 702 5234 id
730 5186 813 5233 est
850 5177 1103 5234 Creatore
1127 5193 1225 5233 suo
1253 5177 1359 5234 frui
1385 5195 1491 5236 non
1513 5180 1642 5249 vult,

84 5310 203 5386 99"!“
235 5318 334 5386 est:
357 5325 470 5386 om
490 5312 639 5386 lectio
661 5311 959 5386 inditum
990 5317 1104 5386 ωῖι
1133 5311 1192 5386 εκ)
1225 5314 1500 5386 marginem
1521 5314 1646 5386 haud

83 5382 206 5424 recte
228 5374 409 5437 rejects
432 5383 526 5434 est,
550 5387 660 5424 cum
680 5374 964 5446 disiunctiva
987 5374 1215 5448 particula
1237 5374 1356 5448 sive,
1367 5376 1648 5428 indieetboc

83 5444 184 5501 esse
206 5437 475 5501 membrum
497 5437 704 5487 alterum
725 5444 998 5499 oppositum
1017 5448 1272 5499 superiori,
1287 5449 1385 5488 ειυς
1393 5450 1480 5501 per
1489 5437 1647 5491 nullas

80 5494 500 5612 ad‘hgmibus
527 5559 741 5622 quinque
776 5559 982 5610 vetustis
1012 5571 1108 5610 nec
1125 5559 1388 5612 deterioris
1408 5568 1536 5613 notae
1558 5564 1644 5614 ba-

78 5614 230 5663 betnr.
255 5620 529 5663 mamilth
549 5620 775 5663 minimis-

828 5682 1362 5761 sumtis-
1387 5690 1647 5761 ,βιριιιιξιί-

75 5745 379 5852 (ῐῖἓέξῐέαιιωο,
405 5745 522 5810 quia
541 5745 797 5809 redundat,
821 5747 1062 5810 abestque
1083 5759 1113 5797 a
1135 5746 1243 5797 Bad.
1269 5755 1320 5799 et
1340 5758 1369 5796 a
1387 5745 1492 5799 Itss'.
1507 5752 1646 5814 quin-

133 5841 287 5939 3:i'£iti
309 5878 363 5939 e_t
383 5877 491 5921 Mss.
519 5869 744 5939 plerique
777 5879 945 5939 carent
980 5872 1084 5924 istis
1106 5872 1270 5939 verbis
1286 5908 1301 5934 ,
1324 5871 1408 5939 qui
1428 5886 1521 5924 non
1542 5889 1645 5939 pos-

72 5933 193 5996 sunt,
212 5941 315 5993 quae
336 5932 432 5996 huc
465 5932 735 5996 revocanda
759 5936 1030 5996 putavimus
1053 5947 1082 5985 e
1107 5935 1271 5986 codice
1289 5932 1454 5988 altero
1473 5932 1645 5988 5οὲὺο-

70 5992 174 6043 uico
190 5992 240 6046 et
264 6007 326 6048 ex
349 5995 460 6047 aliis
477 5993 684 6047 duobus.

332 6080 563 6149 Sutor.
596 6081 874 6148 Ausus'r.
899 6081 956 6148 ι.

1417 540 1622 598 LIBER
1659 541 1976 604 TERTIUS.

3221 571 3359 627 1290

1784 660 1933 760 illum
1976 666 2094 723 sine
2117 668 2223 725 ulla
2247 670 2575 731 dubitatione
2603 676 2898 736 laudamus.
2937 660 3206 750 Quantum
3234 705 3362 760 ergo

1783 754 2001 822 bonum,
2027 770 2082 814 et
2102 776 2260 832 quam
2287 766 2370 822 vel
2398 767 2737 826 inelI‘abiliter
2763 773 2955 844 linguis
2981 779 3248 845 omnibus,
3278 754 3363 838 vel

1781 846 2122 907 ineﬂ'abiliter
2168 857 2574 926 cogitationibus
2619 863 2866 919 omnibus
2910 867 3279 935 prmdicandus
3309 883 3364 928 et

1779 938 2121 1000 honorandus
2168 956 2251 1002 est
2297 961 2508 1008 creator
2559 955 2795 1011 omnium
2835 958 2996 1025 Deus,
3050 962 3166 1016 sine
3209 967 3362 1032 cujus

1776 1029 1934 1087 laude
1983 1049 2085 1091 nec
2138 1036 2340 1094 laudari
2391 1056 2693 1112 possumus,
2744 1063 2844 1104 nec
2884 1051 3200 1123 vituperari!
3241 1029 3359 1111 Non

1775 1120 1920 1176 enim
1949 1124 2239 1196 vituperari
2270 1145 2564 1199 possumus
2602 1138 2722 1206 quia
2753 1139 2805 1194 in
2829 1156 2896 1196 eo
2921 1120 3026 1197 non
3057 1160 3355 1217 manemus,

1775 1211 1878 1268 nisi
1917 1215 2038 1285 quia
2069 1233 2318 1289 magnum
2361 1232 2417 1279 et
2455 1240 2718 1284 summum
2763 1241 2819 1286 et
2847 1234 3071 1302 primum
3118 1249 3358 1296 nostrum

1772 1302 1971 1360 bonum
1994 1317 2077 1364 est
2103 1325 2324 1369 manere
2353 1314 2405 1370 in
2429 1315 2521 1370 illo
2552 1333 2564 1370 :
2599 1319 2740 1375 unde
2763 1332 2938 1378 autem
2965 1324 3086 1393 hoc,
3109 1328 3209 1383 nisi
3232 1330 3357 1400 quia

1773 1394 1861 1452 ille
1889 1397 2156 1458 ineﬂabile
2176 1403 2372 1460 bonum
2397 1409 2518 1463 est?
2541 1409 2674 1476 Quid
2692 1428 2817 1484 ergo
2851 1416 3073 1474 inveniri
3101 1394 3274 1491 potest
3298 1422 3356 1480 iu

1771 1491 1968 1546 nostris
1986 1495 2217 1562 peccatis
2235 1497 2372 1553 unde
2388 1499 2476 1556 ille
2495 1501 2844 1572 vituperetur,
2864 1510 3070 1578 quando
3082 1512 3192 1573 vitu
3202 1529 3356 1584 pera-

1769 1581 1847 1636 tio
1865 1593 2197 1651 peccatorum
2212 1597 2512 1646 nostrorum
2538 1595 2682 1648 nulla
2696 1604 2796 1662 est,
2827 1599 2928 1652 nisi
2955 1601 3043 1656 ille
3068 1581 3311 1660 laudetur
3326 1606 3352 1664 i

1840 1671 1928 1727 38.
1959 1673 2116 1744 Quid,
2149 1680 2288 1748 quod
2318 1681 2477 1737 etiam
2501 1683 2553 1738 in
2580 1684 2708 1755 ipsis
2725 1689 2885 1743 rebus
2904 1705 3024 1760 qum
3051 1693 3354 1764 vituperan-

1769 1769 1875 1828 tur,
1923 1766 2122 1821 nullius
2169 1770 2500 1841 vituperatur
2539 1775 2641 1830 nisi
2690 1777 2913 1832 vitium?
2942 1780 3147 1838 Nullius
3175 1795 3352 1842 autem

1765 1853 2097 1924 vituperatur
2131 1860 2339 1930 vitium,
2384 1863 2486 1919 nisi
2518 1865 2671 1936 cujus
2701 1878 2886 1923 natura
2930 1869 3192 1929 laudatur.
3243 1877 3352 1933 Aut

1767 1947 1913 2000 enim
1941 1951 2228 2006 secundum
2264 1963 2507 2011 naturam
2549 1967 2632 2013 est
2660 1961 2801 2029 quod
2829 1962 3097 2032 vituperas
3122 1984 3134 2033 ;
3162 1980 3216 2023 et
3243 1984 3351 2026 non

1764 2047 1846 2093 est
1870 2041 2054 2096 vitium
2079 2087 2089 2105 ,
2124 2054 2285 2116 tuque
2311 2049 2480 2118 magis
2503 2051 2869 2107 emendandus
2894 2069 2954 2110 es
2974 2097 2989 2121 ,
3018 2066 3076 2112 ut
3101 2068 3244 2116 recte
3268 2065 3350 2117 vi-

1763 2137 2010 2200 tuperare
2027 2137 2256 2202 noveris,
2279 2152 2435 2209 quam
2459 2140 2587 2196 illud
2611 2142 2750 2212 quod
2763 2159 2870 2198 non
2891 2156 3034 2203 recte
3049 2149 3345 2221 vituperas;

1762 2231 1854 2278 aut
1881 2225 1926 2278 si
1964 2226 2146 2282 vilium
2191 2238 2311 2294 est,
2357 2240 2413 2286 ut
2449 2241 2594 2288 recte
2633 2233 2921 2305 vituperari
2959 2241 3162 2310 possit,
3186 2244 3346 2320 etiam

1761 2325 1949 2373 contra
1977 2329 2218 2376 naturam
2245 2323 2313 2378 sit
2339 2339 2558 2381 necesse
2583 2335 2684 2382 est.
2713 2329 2883 2384 Omne
2907 2332 3101 2403 quippe
3136 2335 3343 2406 vitium,

1759 2421 1825 2462 eo
1850 2408 1966 2478 ipso
1990 2425 2096 2480 quo
2122 2413 2307 2468 vitium
2333 2425 2442 2482 est,
2471 2427 2656 2474 contra
2699 2429 2939 2476 naturam
2969 2433 3070 2478 est.
3103 2424 3158 2481 Si
3198 2428 3343 2484 enim

1758 2508 1963 2556 natura:
1987 2517 2090 2558 non
2118 2515 2294 2570 nocet,
2320 2522 2420 2564 nec
2445 2509 2626 2564 vitium
2644 2520 2728 2568 est
2745 2514 2816 2577 ;si
2843 2521 3017 2570 autem
3041 2518 3160 2587 quia
3189 2531 3344 2576 nocet

1758 2593 1880 2648 ideo
1908 2595 2090 2651 vitium
2120 2608 2200 2653 est
2221 2639 2236 2664 ,
2267 2599 2387 2655 ideo
2416 2601 2599 2657 vitium
2625 2615 2710 2663 εει
2737 2606 2857 2676 quia
2887 2616 3070 2662 contra
3101 2623 3348 2668 naturam

1757 2693 1862 2739 est.
1906 2686 2060 2754 Quod
2088 2689 2130 2743 si
2162 2706 2268 2744 non
2299 2704 2416 2758 suo,
2443 2692 2536 2748 sed
2575 2695 2749 2750 alieno
2775 2697 2904 2752 vitio
2937 2699 3110 2768 aliqua
3155 2711 3340 2759 natura

1756 2779 2135 2848 corrumpitur,
2181 2780 2373 2850 injuste
2401 2785 2750 2856 vituperatur,
2799 2797 2851 2843 et
2892 2793 3232 2859 quaerendum
3258 2805 3340 2850 est

1756 2876 1933 2922 utrum
1965 2868 2054 2924 illa
2087 2880 2272 2928 natura
2298 2889 2403 2928 non
2431 2888 2803 2948 corrumpatur
2847 2881 2975 2935 vitio
3019 2897 3136 2948 suo,
3183 2887 3336 2955 cujus

1755 2960 1884 3015 vitio
1933 2963 2104 3032 potuit
2143 2964 2313 3020 aliena
2363 2977 2548 3024 natura
2588 2972 2881 3042 corrumpi.
2925 2973 3029 3028 Sed
3073 2975 3202 3044 quid
3255 2987 3340 3033 est

1755 3048 1897 3106 aliud
1931 3051 2139 3121 vitiari,
2167 3054 2270 3108 nisi
2295 3055 2422 3112 vitio
2461 3061 2772 3129 corrumpi?
2815 3061 2983 3118 Porro
3009 3075 3192 3119 natura
3215 3081 3338 3138 quae

1753 3155 1862 3196 non
1891 3141 2143 3209 vitiatur,
2170 3155 2318 3202 caret
2343 3148 2472 3203 vitio
2523 3166 2537 3204 :
2583 3150 2733 3220 cujus
2775 3163 2952 3209 autem
2993 3155 3121 3211 vitio
3167 3159 3338 3214 aliena

1754 3241 1942 3288 natura
1966 3237 2324 3307 corrumpitur
2345 3278 2361 3304 ,
2390 3238 2546 3295 habet
2572 3242 2750 3311 utique
2777 3243 2982 3299 vitium.
3015 3246 3166 3301 I’rior
3212 3264 3340 3320 ergo

1753 3324 1943 3381 vitiosa
1971 3335 2072 3394 est,
2096 3336 2148 3383 ct
2175 3329 2319 3398 prior
2370 3331 2728 3401 corrumpitur
2767 3334 2897 3389 vitio
2942 3351 3060 3402 suo,
3087 3338 3236 3408 cujus
3263 3341 3340 3394 vi-

1755 3420 1830 3474 tio
1857 3419 1960 3474 alia
1999 3436 2210 3491 quoque
2248 3425 2516 3493 corrumpi
2563 3435 2756 3494 potest.
2789 3427 2865 3482 Ex
2905 3445 3009 3499 quo
3052 3431 3336 3502 colligitur,

1753 3518 1938 3565 contra
1964 3521 2205 3567 naturam
2232 3529 2352 3570 esse
2381 3531 2539 3571 omne
2568 3516 2770 3582 vitium,
2794 3521 2954 3575 etiam
2983 3522 3098 3592 ejus
3124 3526 3199 3580 rei
3234 3542 3333 3580 cu-

1747 3600 1836 3670 jus
1862 3610 1945 3656 est
1971 3603 2176 3658 vitium.
2217 3603 2554 3677 Quapropter
2575 3649 2590 3674 ,
2623 3612 2871 3679 quoniam
2925 3612 2978 3666 in
3009 3629 3342 3686 quacumque

1752 3707 1812 3748 re
1836 3708 1942 3748 non
1970 3695 2301 3766 vituperatur
2322 3698 2426 3755 nisi
2454 3700 2662 3770 vitium,
2683 3703 2802 3758 ideo
2823 3714 3000 3760 autem
3029 3708 3337 3779 vitiumest,

1752 3787 1875 3857 quia
1905 3798 2088 3843 contra
2119 3799 2360 3845 naturam
2407 3793 2525 3861 ejus
2563 3795 2638 3848 rei
2683 3805 2765 3849 est
2801 3797 2952 3866 cujus
2992 3808 3075 3852 est
3116 3801 3336 3868 vitium,

1755 3877 1951 3934 nullius
1998 3881 2074 3935 rei
2110 3891 2256 3936 recte
2297 3883 2628 3953 vituperatur
2653 3886 2838 3941 vitium
2861 3928 2874 3949 ,
2919 3889 3018 3941 nisi
3062 3891 3213 3958 cujus
3243 3909 3339 3946 na-

1753 3976 1875 4026 tura
1903 3969 2166 4026 laudatur.
2194 3971 2312 4028 Nun
2338 3975 2480 4028 enim
2507 3974 2598 4028 tibi
2625 3986 2770 4030 recte
2819 3977 2870 4030 in
2897 3978 3024 4033 vitio
3066 3979 3332 4052 displicet,

1755 4062 1854 4116 nisi
1885 4062 2007 4133 quia
2037 4063 2182 4116 vitiat
2211 4063 2352 4133 quod
2383 4066 2434 4118 in
2466 4075 2650 4119 natura
2684 4065 2871 4135 placet.

1753 4150 1978 4208 CAPUT
2040 4151 2179 4208 XIV.
2218 4182 2290 4193 —
2328 4153 2450 4208 Non
2486 4155 2648 4209 ontnis
2685 4160 2940 4229 corruptio
2977 4160 3338 4232 vituperatione

2399 4245 2555 4315 digna
2591 4256 2684 4300 est.

1821 4329 1911 4385 39.
1942 4331 2238 4387 Videndum
2268 4341 2350 4388 est
2382 4335 2538 4389 etiam
2579 4335 2705 4391 illud
2726 4378 2740 4401 ,
2768 4348 2944 4394 utrum
2976 4355 3098 4395 vere
3127 4341 3332 4400 dicatur

1751 4423 1982 4494 aliquam
2013 4434 2250 4480 naturam
2275 4437 2475 4482 natura:
2493 4428 2711 4483 alterius
2731 4431 2856 4484 vitio
2875 4433 3163 4501 corrumpi,
3190 4437 3332 4492 nullo

1753 4513 2002 4584 adjuncto
2030 4515 2156 4570 vitio
2183 4531 2297 4571 suo.
2327 4514 2383 4572 Si
2411 4517 2552 4572 enim
2596 4528 2778 4574 natura
2813 4537 2931 4590 qua:
2968 4524 3172 4578 accedit
3208 4541 3331 4582 cum

1750 4607 1883 4661 vitio
1906 4621 2003 4661 suo
2027 4607 2093 4662 ad
2118 4607 2274 4661 aliam
2300 4609 2760 4678 corrumpendam,
2788 4613 2964 4667 nonin
2987 4629 3047 4668 ea
3069 4619 3332 4685 corrupti.

1751 4695 1857 4751 bile
1881 4696 2076 4767 aliquid
2102 4697 2320 4761 invenit,
2351 4713 2455 4752 non
2481 4713 2596 4753 eam
2625 4701 2935 4771 corrumpit.
2963 4702 3017 4758 Si
3048 4714 3223 4760 autem
3252 4707 3332 4762 in-

1750 4789 1914 4855 venit,
1940 4789 2188 4859 adjuncto
2212 4789 2326 4859 ejus
2351 4791 2478 4846 vitio
2502 4785 2894 4862 corruptionem
2918 4797 3032 4866 ejus
3057 4809 3326 4868 Operatnr.

1751 4879 2022 4936 Potentior
2049 4881 2190 4935 enim
2221 4881 2289 4935 ab
2316 4881 2608 4937 inﬁrmiore
2637 4884 2682 4937 si
2711 4889 2977 4956 corrumpi
3017 4891 3181 4953 nolit,
3225 4908 3330 4948 non

1748 4973 2143 5044 corrumpitur:
2176 4972 2222 5028 si
2257 4982 2434 5029 autem
2473 4974 2629 5040 velit,
2666 4976 2812 5044 prius
2850 4978 3031 5050 incipit
3067 4998 3164 5037 suo
3203 4983 3330 5037 vitio

1749 5065 2017 5135 corrumpi
2071 5079 2229 5135 quam
2282 5065 2478 5121 alieno.
2522 5064 2762 5136 IEqualis
2808 5079 2983 5126 autem
3029 5073 3095 5126 ab
3139 5074 3329 5141 aequali

1748 5157 2092 5214 nihilominus
2120 5157 2167 5211 si
2195 5158 2463 5228 corrumpi
2492 5157 2645 5226 nolit,
2677 5175 2784 5213 non
2811 5171 3001 5230 potest.
3031 5162 3158 5215 Nam
3185 5179 3330 5231 qua:-

1750 5265 1976 5321 cumque
2011 5257 2197 5304 natura
2225 5264 2348 5305 cum
2377 5250 2506 5305 vitio
2530 5250 2596 5304 ad
2624 5266 2740 5306 eam
2769 5268 2888 5322 quze
2914 5254 3027 5306 sine
3055 5253 3180 5306 vitio
3209 5265 3289 5308 est
3309 5297 3324 5321 ,

1748 5350 1807 5396 ut
1843 5350 2148 5412 corrumpat
2185 5339 2425 5408 accedit,
2459 5355 2525 5396 eo
2563 5341 2678 5412 ipso
2710 5357 2816 5396 non
2850 5341 3054 5396 accedit
3087 5346 3322 5413 :cqnalis,

1747 5433 1842 5489 scd
1867 5434 2126 5489 inﬁrmior
2153 5433 2278 5488 vitio
2307 5447 2422 5488 suo.
2447 5431 2502 5488 Si
2525 5449 2652 5489 vero
2677 5435 2941 5503 potentior
2963 5433 3327 5492 invalidiorem

1746 5526 2070 5596 corrumpit,
2097 5534 2189 5580 aut
2217 5527 2490 5597 utriusque
2513 5526 2643 5582 vitio
2670 5525 2758 5589 iit,
2789 5525 2836 5580 si
2863 5523 3135 5594 utriusque
3167 5542 3326 5596 prava

1747 5619 2037 5690 cupiditate
2067 5621 2159 5686 iit;
2191 5628 2276 5675 aut
2308 5620 2438 5675 vitio
2475 5617 2822 5688 potentioris,
2862 5618 2908 5672 si
2945 5626 3146 5673 naturae
3183 5628 3325 5674 tanta

1748 5710 2051 5782 praestantia
2077 5719 2178 5776 est,
2207 5719 2264 5765 ut
2292 5708 2591 5764 inferiorem
2617 5722 2776 5778 quam
2813 5709 3137 5779 corrumpit,
3168 5710 3324 5763 etiam

1748 5804 1936 5858 vitiosa
1959 5801 2242 5873 praecedat.
2257 5800 2384 5868 Quis
2404 5800 2546 5855 enim
2563 5806 2708 5855 recte
2724 5799 3106 5870 vituperaverit
3124 5799 3326 5856 fructus

1750 5906 1904 5951 terra:
1923 5934 1938 5960 ,
1966 5893 2104 5964 quod
2132 5892 2372 5947 homines
2397 5895 2474 5949 eis
2498 5909 2604 5949 non
2630 5902 2847 5953 utantur
2870 5895 3006 5951 bene
3023 5937 3040 5963 ,
3067 5896 3326 5966 corruptis

1747 6005 1852 6064 que
1877 5989 2006 6046 vitio
2030 6001 2146 6055 suo,
2173 5995 2516 6056 corrumpant
2538 6001 2631 6042 eos
2655 5986 2920 6042 abutendo
2940 5989 3005 6043 ad
3035 5989 3325 6056 luxuriam;

2422 6081 2989 6160 {QuarantthneJ
