3824 6296
516 440 655 500 ιεθδ

515 558 652 615 ditas
691 569 810 628 est;
865 557 1123 629 cupiditas
1163 569 1325 627 porro
1390 551 1634 624 improha
1678 551 1923 606 voluntas
1983 558 2085 603 est.

507 653 649 727 Ergo
701 652 939 723 improba
984 650 1257 713 voluntas,
1319 644 1579 700 malorum
1638 643 1878 700 omnium
1931 653 2088 696 causa

509 758 613 805 est.
653 747 785 816 Quae
820 745 864 801 si
917 741 1208 799 secundum
1259 747 1497 793 naturam
1534 743 1710 803 esset,
1749 738 2090 790 conservaret

507 838 691 908 utique
743 847 1011 900 naturam,
1063 848 1163 888 nec
1203 832 1252 887 ei
1297 829 1595 902 perniciosa
1646 835 1823 894 esset,
1876 834 1931 881 et
1970 824 2090 880 ideo

506 945 613 988 non
642 937 785 984 esset
817 925 1075 998 improba.
1114 923 1268 980 Unde
1291 922 1556 991 colligitur
1586 918 1816 975 radicem
1850 916 2087 972 omnium

505 1022 765 1078 malorum
808 1035 912 1073 non
960 1031 1078 1073 esse
1129 1013 1419 1070 secundum
1466 1021 1742 1074 naturam;
1789 1008 1928 1079 quod
1975 1008 2087 1063 suf-

504 1112 613 1169 ﬁcit
655 1111 907 1166 adversus
954 1123 1141 1163 omnes
1190 1105 1281 1176 qui
1325 1104 1503 1160 volunt
1554 1117 1805 1157 accusare
1853 1111 2084 1155 naturas.

505 1203 585 1260 Tu
615 1212 788 1257 autem
820 1202 864 1257 si
899 1200 1057 1270 hujus
1082 1198 1273 1254 radicis
1298 1211 1513 1251 causam
1547 1195 1794 1264 requiris,
1823 1191 2088 1263 quomodo

504 1294 609 1351 erit
651 1294 747 1347 ista
777 1292 926 1346 radix
950 1290 1186 1347 omnium
1215 1285 1508 1342 malorum?
1539 1287 1626 1340 Illa
1651 1285 1792 1339 enim
1831 1285 1932 1339 erit
1969 1299 2088 1353 quae

504 1403 663 1444 causa
706 1388 862 1457 hujus
889 1396 990 1451 est,
1022 1400 1181 1456 quam
1208 1398 1329 1438 cum
1374 1381 1659 1445 inveneris,
1690 1387 1745 1433 ut
1770 1378 1899 1444 dixi,
1928 1377 2086 1431 etiam

504 1485 673 1554 ipsius
691 1497 907 1538 causam
934 1479 1250 1551 quaesiturus
1276 1491 1354 1543 es,
1380 1485 1433 1531 et
1452 1473 1725 1545 quwrendi
1761 1472 1959 1526 nullum
1993 1468 2087 1524 ha-

505 1577 661 1634 bebis
687 1574 927 1629 modum.

576 1670 665 1725 49.
692 1667 795 1723 Sed
836 1681 955 1736 quae
992 1664 1202 1720 tandem
1231 1677 1350 1717 esse
1374 1659 1570 1729 poterit
1610 1667 1733 1712 ante
1760 1656 2087 1710 voluntatem

507 1774 670 1817 causa
697 1754 1014 1821 voluntatis?
1042 1760 1145 1809 Aut
1170 1753 1311 1809 cnim
1332 1762 1384 1808 et
1407 1752 1519 1822 ipsa
1545 1751 1790 1805 voluntas
1819 1756 1902 1804 est
1925 1764 1939 1813 ;
1974 1755 2029 1802 et
2055 1761 2087 1801 a

504 1849 689 1910 radice
716 1850 814 1904 ista
852 1847 1135 1901 voluntatis
1166 1862 1269 1899 non
1297 1843 1563 1899 receditur
1587 1860 1599 1897 :
1632 1850 1724 1896 aut
1750 1857 1854 1894 non
1881 1851 1958 1894 est
1987 1854 2086 1893 vo-

503 1943 715 2008 luntas;
746 1951 800 1996 ct
846 1947 1115 2010 peccatum
1162 1938 1364 1992 nullum
1413 1936 1588 1990 habet.
1639 1936 1743 1989 Aut
1786 1934 1944 2001 igitur
1973 1934 2085 2004 ipsa

504 2033 751 2089 voluntas
779 2040 860 2085 est
890 2030 1055 2099 prima
1084 2043 1240 2084 causa
1279 2026 1552 2097 peccandi,
1593 2035 1685 2080 aut
1724 2025 1925 2079 nullum
1958 2039 2083 2094 pec-

503 2132 680 2179 catum
713 2130 795 2177 est
828 2120 995 2191 prima
1037 2133 1196 2173 causa
1231 2115 1504 2186 peccandi.
1548 2114 1657 2170 Nec
1697 2122 1778 2169 est
1812 2114 1896 2168 cui
1942 2122 2087 2169 recte

502 2217 793 2286 imputetur
818 2221 1090 2284 peccatum
1131 2210 1230 2265 nisi
1264 2209 1522 2279 peccauti.
1551 2207 1666 2263 Non
1702 2214 1787 2263 est
1830 2222 1958 2277 ergo
2002 2206 2086 2261 cui

501 2316 649 2363 recte
670 2306 957 2375 imputetur
982 2302 1081 2358 nisi
1112 2304 1308 2357 volenti
1332 2300 1410 2375 (a)
1445 2320 1458 2354 :
1496 2300 1588 2356 sed
1619 2300 1800 2354 nescio
1822 2314 1917 2355 cur
1943 2297 2087 2354 aliud

501 2406 557 2454 te
581 2412 820 2469 quaerere
850 2395 1031 2450 libeat.
1083 2393 1284 2450 Deinde
1315 2408 1664 2465 qutecumque
1707 2392 1795 2447 illa
1822 2408 1980 2448 causa
2007 2402 2089 2448 est

499 2488 807 2550 voluntatis,
829 2495 921 2541 aut
935 2486 1075 2556 justa
1096 2484 1331 2554 profecto
1355 2494 1457 2550 est,
1486 2494 1577 2538 aut
1606 2485 1820 2552 iniusta.
1845 2484 1900 2539 Si
1913 2488 2078 2555 justa,

499 2579 740 2652 quisquis
772 2577 822 2636 ei
861 2577 1312 2648 obtemperaverit
1335 2593 1442 2632 non
1486 2575 1727 2647 peccabit
1758 2578 1839 2632 :si
1870 2576 2083 2648 injusta,

500 2687 611 2729 non
638 2672 689 2727 ei
717 2673 1069 2741 obtemperet,
1094 2680 1149 2726 et
1179 2687 1281 2725 non
1304 2669 1564 2743 peccabit.

499 2764 727 2824 CAPUT
770 2763 957 2821 XVIII.
983 2790 1048 2806 -—
1080 2763 1163 2818 An
1187 2764 1370 2833 aliquis
1396 2773 1561 2835 peccet
1589 2765 1643 2819 in
1670 2780 1728 2820 eo
1762 2763 1898 2835 quod
1925 2763 2088 2818 caveri

984 2920 999 2931 ι
1135 2871 1236 2910 non
1273 2864 1452 2927 potest.

570 2950 658 3007 50.
695 2951 777 3005 An
821 2949 957 3005 forte
999 2949 1227 3003 violenta
1252 2959 1334 3004 est
1382 2960 1436 3004 et
1477 2951 1616 3019 cogit
1658 2948 1918 3003 invitum?
1949 2948 2085 3004 Num

499 3041 686 3098 eadem
739 3041 894 3097 toties
933 3042 1239 3111 replicaturi
1271 3042 1488 3096 sumus?
1518 3041 1883 3097 Reminiscere
1929 3057 2087 3111 supe-

498 3130 721 3193 riorum,
752 3146 870 3201 qua:
896 3146 926 3184 a
957 3131 1111 3185 nobis
1139 3141 1244 3185 tam
1288 3131 1451 3185 multa
1479 3132 1546 3186 de
1573 3142 1788 3199 peccato
1819 3141 1873 3188 et
1901 3132 2087 3187 volun-

497 3227 609 3275 tate
645 3220 810 3276 libera
839 3220 976 3274 dicta
1022 3228 1166 3275 sunt.
1193 3219 1301 3276 Sed
1344 3220 1390 3274 si
1438 3221 1761 3276 laboriosum
1799 3231 1882 3276 est
1908 3222 2086 3277 omnia

497 3312 753 3369 mandare
781 3312 1073 3379 memoriae,
1104 3312 1203 3367 hoc
1231 3313 1599 3367 brevissimum
1630 3323 1768 3368 tene.
1801 3317 2083 3380 Qnarcum-

498 3418 603 3473 que
633 3404 730 3458 ista
759 3418 918 3457 causa
947 3412 1030 3459 est
1054 3404 1359 3468 voluntatis,
1389 3404 1433 3458 si
1471 3421 1573 3459 non
1601 3407 1650 3461 ei
1680 3414 1851 3475 potest
1881 3408 2081 3473 resisti,

498 3495 617 3549 sine
642 3502 858 3563 peccato
885 3495 933 3549 ei
960 3494 1197 3549 ceditur:
1226 3495 1270 3548 si
1295 3504 1469 3551 autem
1500 3505 1690 3565 potest,
1722 3513 1826 3551 nntt
1854 3498 1900 3552 ei
1929 3498 2085 3554 ceda-

497 3596 607 3653 tur,
638 3595 694 3641 et
724 3601 827 3640 non
856 3586 1176 3656 peccabitur.
1199 3588 1279 3641 An
1302 3586 1436 3643 forte
1459 3588 1589 3644 fallit
1613 3590 1920 3646 incautum?
1945 3592 2085 3663 Ergo

497 3688 684 3734 caveat
724 3693 794 3735 ne
835 3679 1063 3733 fallatur.
1114 3683 1197 3734 An
1238 3690 1377 3734 tanta
1425 3681 1630 3737 fallacia
1668 3695 1766 3749 est,
1814 3695 1870 3739 ut
1908 3686 2083 3740 caveri

495 3768 716 3824 omnino
739 3784 841 3823 non
864 3769 1068 3840 possit?
1087 3769 1142 3825 Si
1169 3772 1237 3825 ita
1261 3780 1359 3834 est,
1386 3773 1524 3826 nulla
1546 3785 1761 3844 peccata
1788 3786 1930 3831 sunt.
1953 3778 2083 3844 Quis

495 3861 639 3917 enim
665 3872 848 3930 peccat
878 3861 928 3915 in
960 3876 1025 3916 eo
1050 3861 1189 3931 quod
1221 3862 1367 3917 nullo
1389 3864 1547 3918 modo
1572 3867 1745 3920 caveri
1769 3877 1942 3937 potest
1968 3866 2082 3942 (b)?

492 3951 753 4009 Peccatnr
786 3962 960 4008 autem
988 3967 1005 4007 :
1037 3955 1210 4009 caveri
1254 3956 1411 4026 igitur
1436 3969 1607 4026 potest
1637 3959 1730 4032 (ε).

566 4047 656 4103 51.
688 4047 757 4102 Ει
783 4054 957 4103 tamen
988 4048 1148 4102 etiam
1181 4064 1273 4118 per
1301 4050 1650 4120 ignorantiam
1680 4053 1814 4109 facta
1836 4056 2080 4127 quaedam

492 4139 882 4209 improbantur,
919 4149 971 4194 et
1001 4142 1311 4212 corrigenda
1342 4145 1664 4213 judicantur,
1699 4148 1833 4205 sicut
1862 4153 1913 4205 in
1941 4151 2079 4206 divi-

494 4229 579 4284 nis
620 4232 1021 4287 auctoritatibus
1049 4231 1273 4303 legimus
1304 4258 1317 4290 :
1358 4239 1429 4292 ait
1459 4240 1598 4294 enim
1636 4241 1938 4309 Apostolus,
1973 4242 2077 4297 Mi-

492 4323 820 4377 sericordia»:
850 4339 1146 4382 consecutus
1170 4346 1300 4389 sunt.
1326 4330 1443 4399 quia
1472 4333 1709 4402 ignorans
1731 4334 1828 4403 feci
1854 4333 1909 4403 (ι
1938 4331 2077 4391 Tim.

493 4426 535 4480 ι,
560 4412 682 4485 15);
712 4416 786 4471 ait
813 4427 865 4472 et
895 4418 1176 4489 propheta,
1208 4419 1401 4475 Delicta
1406 4423 1683 4493 juventutis
1710 4433 1755 4477 ct
1781 4424 2081 4495 ignorantia:

490 4523 618 4563 mea:
653 4527 715 4563 ne
739 4512 1020 4567 memineris
1060 4511 1228 4586 (Psal.
1258 4531 1408 4581 xxrv,
1443 4517 1517 4588 7).
1548 4516 1681 4573 Sunt
1704 4519 1862 4573 etiam
1893 4535 2080 4576 ueces-
2135 4529 2174 4563 -ῖ

490 4598 652 4653 sitate
689 4598 827 4655 facta
857 4602 1222 4672 improbanda,
1263 4604 1349 4660 ubi
1384 4607 1489 4661 \ult
1521 4608 1680 4663 homo
1706 4618 1849 4665 recte
1879 4608 2074 4680 facere,

491 4698 548 4743 et
578 4705 680 4744 non
711 4702 880 4760 potest
908 4711 922 4749 :
951 4710 1071 4749 nam
1113 4697 1254 4752 unde
1281 4708 1403 4752 sunt
1438 4699 1540 4753 illa:
1570 4717 1750 4768 voces,
1786 4702 1907 4758 Non
1944 4706 2077 4760 enim

490 4779 630 4851 quod
656 4782 766 4835 volo
786 4785 917 4854 facio
946 4787 1148 4854 bonum,
1176 4789 1265 4842 sed
1290 4790 1426 4861 quod
1448 4791 1563 4845 nolo
1584 4794 1793 4858 malum,
1819 4798 1912 4851 hoc
1940 4815 2076 4868 ago;

491 4879 547 4925 ct
574 4869 724 4933 illttd,
768 4871 905 4928 Velle
927 4876 1125 4948 adjaret
1146 4881 1288 4945 mihi,
1318 4883 1554 4951 perﬁcere
1580 4895 1745 4941 autem
1770 4889 1952 4943 bonum
1973 4908 2075 4946 non

489 4960 689 5053 inuenio
719 4960 906 5035 (Rom.
959 4982 1063 5034 vu,
1098 4969 1223 5041 I9);
1280 4980 1333 5026 et
1382 4972 1531 5037 illud,
1584 4976 1712 5031 Caro
1765 4983 2075 5053 concupiscit

490 5051 731 5107 adversm
758 5054 1012 5123 spiritum,
1033 5060 1239 5128 spiritus
1264 5073 1433 5118 autem
1460 5066 1696 5123 adversus
1717 5051 1950 5127 carnem:
1965 5074 2073 5129 [nec

492 5147 625 5200 enim
653 5147 864 5201 incitent
887 5151 1248 5219 adversantur;
1274 5168 1327 5212 ut
1356 5175 1455 5214 non
1475 5177 1535 5216 ea
1560 5178 1673 5233 qua:
1698 5166 1846 5221 vultis
1873 5168 2072 5237 faciatis

572 5283 623 5355 ᾳ)
644 5283 744 5355 vid.
768 5291 973 5355 t3_e_tt_'act.
995 5287 1079 5338 lib.
1101 5291 1148 5352 1,
1167 5302 1271 5355 cap.
1292 5294 1341 5355 9,
1371 5310 1419 5346 n.
1441 5298 1489 5347 3.

577 5342 627 5397 bl
651 5347 751 5396 Vid.
778 5348 894 5397 ibid.

574 5406 1321 5494 ¹99ο.;ῖ.ε;ι;ρξτξιιῑι.,ιξςβιξε
1352 5419 1575 5494 Pelagus
1607 5426 1679 5476 sic
1712 5431 1975 5494 τεγίοοίιιιι·
2006 5433 2072 5485 ab

489 5470 850 5552 f“.§‘l§‘.‘.“‘3.‘9.
869 5470 1103 5552 “ltiti?
1118 5484 1297 5552 Μιυντί
1335 5489 1386 5532 et
1419 5470 1591 5552 δι”ἒιῖἐρ
1607 5470 2065 5552 Ἑιιῖῖίῖῖῗῖθονέ

495 5545 519 5621 1‘
542 5535 956 5621 5’2.‘P?i.iig°.,fl
974 5548 1155 5621 ἓὲυὲεὲι
1176 5553 1495 5621 ίξὲἓεψὲςυε
1534 5535 1614 5621 ίιίξι
1640 5535 1741 5621 egi;
1770 5535 2071 5621 ἱὲέῇεῦΐιῖοἰ

493 5606 518 5673 ξ
542 5590 967 5673 εὲἓὶῲἒεὶἔῖεξηι
981 5599 1028 5673 "3
1064 5590 1173 5673 11.05:.
1193 5590 2066 5673 ἓιάὶιιιοιτίιῖὦῖρὸδῖυῖτῖιὶἶιιὲᾜεᾙιὲεἶ

494 5666 518 5746 :
539 5657 1514 5746 sissetsisssuttz‘aéetquod'
1532 5657 2068 5746 άάὶιῖᾷῑιῖωῖῖιῖΐοί

494 5728 519 5799 ξ
539 5704 2070 5799 ᾕὲεφέίεὶὲοιιεέἷ

836 5783 1016 5843 caveri,
1061 5786 1152 5836 sed
1207 5783 1473 5850 opitulante
1516 5794 1601 5848 illo
1618 5783 1890 5865 iiii};

1512 430 1602 488 DE
1639 427 1890 487 ΗΒΕΒο
1925 424 2267 493 ΔΒΒΠΈΙΟ,
2308 425 2366 483 S.
2408 426 2772 485 AUGUSTINI

3610 432 3711 495 I296

2198 543 2393 618 (Galat.
2422 562 2475 612 v,
2511 546 2635 620 l7)?
2657 546 2763 603 Sed
2790 548 2905 603 hac
2932 547 3105 603 omnia
3128 546 3403 604 hominum
3427 557 3561 617 sunt,
3585 566 3638 608 ea
3653 555 3712 611 illa

2192 638 2382 693 mortis
2408 637 2749 695 damnatione
2785 639 3109 694 venientium
3142 656 3155 694 :
3187 654 3309 695 nam
3336 640 3382 695 si
3411 655 3512 696 non
3547 652 3618 698 est
3644 644 3714 699 ista
3788 654 3789 699 ἡ

2193 657 2382 693 morus
2408 657 2749 695 aamnauone
2785 657 3109 694 venientium
3142 657 3155 694 :
3187 657 3309 695 nam
3336 657 3382 695 8|
3411 657 3512 696 non
3547 657 3618 698 εει
3644 661 3656 699 I

2193 743 2352 800 paena
2380 729 2631 795 hominis,
2657 729 2754 787 sed
2780 741 2989 797 natura,
3020 731 3165 785 nulla
3190 733 3289 787 ista
3313 742 3523 803 peccata
3543 657 3718 805 ωηιὲ

2191 821 2335 877 enim
2364 836 2472 877 non
2498 822 2764 878 receditur
2790 822 2858 877 ab
2877 838 2944 879 eo
2968 822 3128 879 modo
3147 838 3253 894 quo
3274 824 3573 880 naturaliter
3594 826 3714 884 factus

2191 926 2296 981 est,
2328 915 2398 970 ita
2429 923 2488 970 ut
2513 916 2703 972 melius
2728 931 2847 972 esse
2874 932 2980 972 non
3012 918 3200 988 possit,
3228 934 3292 974 ea
3317 933 3435 989 quae
3452 918 3597 975 debet
3608 920 3712 989 facit,

2190 1020 2313 1061 cum
2342 1005 2457 1061 haec
2480 1005 2622 1062 facit.
2663 1004 2719 1063 Si
2762 1017 2942 1063 autent
2971 1008 3144 1063 bonus
3174 1008 3334 1064 homo
3357 1020 3517 1078 esset,
3543 1011 3582 1066 si
3602 1013 3713 1071 alite

2190 1106 2335 1153 esset
2367 1099 2417 1165 ις
2447 1115 2587 1154 nunc
2610 1108 2789 1155 autem
2812 1101 2937 1171 quia
2967 1102 3039 1156 ita
3067 1113 3170 1165 est,
3202 1118 3311 1157 non
3340 1112 3423 1158 est
3447 1103 3615 1170 bonus,
3647 1121 3714 1163 nec
3788 1099 3789 1145 ἶ

2192 1188 2351 1243 habet
2380 1190 2430 1244 in
2459 1200 2721 1261 potestate
2744 1201 2801 1247 ut
2827 1192 2999 1248 bonus
3018 1193 3107 1261 sit,
3135 1194 3249 1250 sive
3273 1210 3382 1250 non
3407 1195 3713 1270 videndoqua.

2190 1281 2257 1336 lis
2282 1296 2400 1336 esse
2444 1282 2657 1350 debeat,
2704 1283 2816 1338 sive
2846 1284 3075 1359 videndo
3114 1293 3172 1341 et
3222 1302 3328 1342 non
3374 1287 3583 1345 valendo
3610 1304 3709 1359 esse,

2190 1373 2400 1444 qualem
2429 1373 2629 1431 debere
2657 1390 2777 1430 esse
2801 1391 2861 1431 se
2884 1355 3306 1458 videt3pmnam
3338 1379 3489 1435 istam
3509 1395 3611 1437 esse
3630 1355 3712 1453 quis
3788 1398 3789 1458 ᾖ

2190 1463 2428 1522 dubitet?
2453 1466 2639 1523 Omnis
2658 1477 2835 1525 autem
2862 1484 3017 1539 paena
3033 1470 3081 1527 si
3100 1470 3244 1541 justa
3269 1482 3373 1540 est,
3404 1476 3711 1547 peeeatipnna

2191 1568 2293 1626 est,
2325 1568 2379 1613 et
2411 1560 2728 1631 supplicium
2772 1563 3115 1618 nominatur:
3152 1565 3199 1620 si
3238 1574 3416 1621 autem
3458 1566 3626 1638 iniusta
3656 1580 3716 1626 est

2190 1665 2369 1722 pruna,
2401 1654 2649 1722 quoniam
2695 1669 2904 1725 pmnam
2949 1671 3070 1713 esse
3097 1673 3257 1713 nemo
3296 1660 3527 1731 ambigit,
3566 1661 3716 1732 injuste

2190 1744 2368 1814 aliquo
2396 1745 2703 1802 dominante
2730 1746 2933 1802 homini
2964 1748 3208 1820 imposita
3236 1760 3341 1807 est.
3367 1750 3526 1807 Porro
3548 1754 3646 1824 quia
3666 1754 3714 1811 de

2190 1838 2575 1907 omnipotentia
2620 1839 2713 1893 Dei
2750 1848 2805 1894 et
2842 1839 3047 1910 justitia
3087 1840 3333 1897 dubitare
3366 1843 3607 1900 dementis
3638 1856 3710 1911 est,

2184 1926 2326 1999 justa
2352 1929 2469 1985 haec
2507 1945 2662 2000 ptena
2690 1939 2800 2000 est,
2824 1941 2879 1988 et
2907 1947 3004 2002 pro
3030 1940 3251 2003 peccato
3292 1933 3469 2007 aliquo
3502 1937 3711 2008 penditur.

2188 2018 2304 2075 Non
2334 2020 2476 2075 enim
2501 2021 2782 2094 quisquam
2814 2024 3043 2094 iniustus
3071 2023 3373 2081 dominator
3398 2036 3486 2082 aut
3507 2030 3713 2099 surripere

2190 2112 2462 2168 hominem
2486 2116 2674 2184 potuit,
2702 2115 2845 2171 velut
2877 2115 3142 2186 ignoranti
3173 2117 3317 2181 Deo;
3345 2126 3437 2172 aut
3460 2128 3715 2191 extorquere
3788 2122 3789 2191 ἢ

2190 2205 2379 2274 invito,
2414 2215 2662 2278 tanquam
2710 2207 3028 2276 lnvalidiori,
3060 2208 3145 2264 vel
3184 2209 3433 2265 terrendo
3458 2211 3534 2267 vel
3572 2211 3715 2267 mulli-

2191 2299 2389 2370 gendo,
2421 2309 2481 2355 ut
2507 2300 2774 2357 hominem
2799 2302 2991 2373 injuste
3010 2317 3167 2373 paena
3192 2304 3468 2360 cruciaret.
3492 2304 3717 2376 Relinqui-
3788 2299 3789 2376 ξ

2191 2401 2277 2448 tur
2302 2408 2431 2464 ergo
2458 2402 2516 2449 ut
2542 2393 2657 2451 haec
2679 2395 2823 2466 justa
2852 2409 3012 2466 poena
3055 2394 3124 2451 de
3165 2395 3496 2454 damnatione
3531 2396 3721 2454 hominis

2190 2486 2368 2541 veniat
2406 2485 2504 2557 (a).

2262 2576 2350 2632 52.
2385 2576 2496 2632 Nec
2522 2576 2822 2633 mirandum
2851 2587 2934 2636 est
2957 2577 3100 2650 quod
3128 2579 3215 2636 vel
3243 2580 3506 2651 ignorando
3527 2598 3620 2637 non
3639 2582 3720 2637 Ita-

2188 2668 2313 2724 heat
2337 2668 2610 2723 arbitrium
2654 2668 2881 2724 liberum
2908 2669 3199 2726 voluntatis
3223 2671 3291 2727 ad
3318 2671 3591 2743 eligendum
3614 2673 3721 2743 quid

2189 2771 2335 2817 reete
2361 2760 2516 2816 faciat
2546 2762 2665 2817 :veI
2693 2761 2977 2818 resistente
3003 2763 3210 2819 carnali
3231 2764 3608 2831 consuetudine,
3630 2780 3722 2835 qua:

2188 2853 2439 2909 violentia
2467 2854 2707 2910 mortalis
2732 2856 3087 2911 successionis
3108 2857 3495 2928 quodammodo
3521 2856 3720 2913 naturali-
3788 2854 3789 2925 ξ

2190 2952 2276 3000 ter
2301 2945 2536 3013 inolevit,
2573 2946 2751 3002 videat
2779 2947 2906 3018 quid
2937 2956 3079 3004 recte
3105 2949 3404 3006 faciendum
3436 2950 3520 3018 sit,
3541 2959 3590 3006 et
3609 2950 3721 3013 velit,

2190 3052 2292 3093 nec
2318 3038 2483 3107 possit
2510 3038 2753 3109 implere.
2785 3039 2876 3095 Illa
2901 3050 2984 3096 est
3005 3042 3146 3097 enim
3176 3044 3381 3111 peccati
3414 3058 3556 3114 petua
3574 3043 3717 3115 justis-

2190 3133 2347 3195 sima,
2377 3137 2433 3184 ut
2459 3130 2666 3184 amittat
2705 3132 2928 3201 quisque
2980 3147 3086 3203 quo
3130 3132 3271 3189 bene
3300 3134 3373 3190 uti
3417 3135 3587 3199 noluit,
3626 3149 3714 3189 cum

2189 3221 2305 3275 sine
2332 3221 2436 3274 ulla
2460 3230 2643 3291 posset
2671 3221 3001 3292 difficultate,
3029 3225 3073 3278 si
3095 3224 3276 3282 vellet.
3302 3224 3360 3280 Id
3384 3236 3465 3282 est
3488 3237 3652 3294 autem,
3667 3234 3710 3279 ut

2189 3315 2276 3385 qui
2306 3315 2481 3392 sciens
2509 3326 2654 3371 recte
2682 3331 2789 3371 non
2828 3315 2972 3385 facit,
3003 3319 3214 3373 amittat
3239 3321 3382 3376 scire
3417 3319 3536 3392 quid
3558 3328 3714 3375 rectum

2189 3407 2286 3473 sit;
2317 3390 2372 3463 εἰ
2399 3408 2490 3478 qui
2515 3420 2662 3465 recte
2692 3409 2885 3479 facere,
2921 3426 3040 3467 cum
3084 3423 3287 3483 posset,
3334 3390 3518 3483 noluit,
3557 3414 3718 3470 amittat

2189 3512 2346 3568 posse
2370 3513 2488 3553 cum
2518 3500 2662 3554 velit.
2689 3500 2824 3555 Nam
2861 3510 2984 3556 sunt
3008 3518 3197 3558 revera
3225 3506 3372 3560 omni
3400 3506 3614 3577 peccanti
3632 3505 3717 3561 aui-

2189 3604 2291 3643 mae
2329 3587 2434 3643 duo
2476 3588 2577 3645 ista
2623 3592 2871 3660 poenalia,
2913 3592 3207 3663 ignorantia
3249 3605 3306 3651 et
3351 3595 3627 3652 difﬁcultas.
3658 3596 3716 3650 Ει

2188 3678 2481 3749 ignorantia
2507 3680 2822 3737 dehonestat
2856 3698 3028 3750 error,
3063 3699 3129 3739 ex
3157 3683 3471 3742 difﬁcultate
3499 3687 3716 3742 cruciatus

2187 3768 2392 3841 afﬂigit.
2425 3770 2529 3826 Sed
2552 3772 2845 3842 approbare
2874 3771 3003 3828 falsa
3030 3789 3129 3846 pro
3157 3777 3320 3845 veris,
3364 3786 3419 3831 ut
3449 3788 3575 3833 erret
3606 3776 3714 3831 invi-

2187 3869 2293 3929 tus,
2321 3873 2372 3918 et
2394 3865 2675 3921 resistente
2696 3877 2856 3938 atque
2883 3877 3166 3941 torquente
3188 3870 3377 3928 dolore
3401 3872 3604 3928 carnalis
3624 3871 3717 3924 vin-
3780 3918 3783 3923 .

2185 3957 2311 4021 culi,
2346 3972 2448 4012 non
2474 3974 2630 4029 posse
2658 3976 2686 4013 a
2710 3961 3008 4018 libidinosis
3033 3965 3290 4033 operibus
3316 3977 3592 4036 tetuperare,
3625 3979 3716 4017 non

2185 4057 2268 4103 est
2292 4058 2478 4106 natura
2506 4053 2728 4107 instituti
2756 4053 3008 4122 hominis,
3036 4057 3132 4112 sed
3173 4074 3332 4127 pmna
3356 4057 3573 4114 damnati.
3598 4055 3714 4111 Cum

2184 4149 2360 4195 autem
2392 4141 2642 4199 delibera
2670 4144 2940 4201 voluntate
2974 4155 3122 4204 recte
3146 4148 3371 4205 faciendi
3392 4147 3644 4220 loquimur,
3666 4145 3720 4200 de

2183 4229 2272 4284 illa
2303 4231 2505 4288 scilicet
2526 4234 2577 4288 in
2598 4251 2698 4305 qua
2721 4234 2881 4291 homo
2904 4235 3076 4292 factus
3099 4250 3185 4294 est
3211 4240 3473 4311 loquimur
3488 4241 3573 4311 (ὁ).

2183 4317 2410 4377 CAPUT
2440 4321 2581 4378 XIX.
2607 4324 2967 4382 —Peccantes
2989 4329 3329 4400 ignorantiam
3350 4341 3394 4387 et
3431 4331 3717 4403 diﬁcitth

2273 4416 2533 4484 transfusa
2561 4416 2615 4469 in
2641 4434 2696 4471 se
2718 4433 2781 4472 ea:
2808 4418 2936 4474 Atla:
2962 4430 3165 4490 peccato
3193 4423 3315 4477 vitia
3340 4442 3403 4479 ne
3424 4433 3649 4478 excusent.

2254 4502 2343 4559 55.
2386 4503 2483 4558 Hic
2510 4508 2743 4562 occurrit
2770 4508 2856 4562 illa
2896 4511 3121 4579 qumstio
3139 4553 3155 4579 ,
3185 4529 3344 4584 quam
3374 4514 3505 4569 inter
3527 4529 3580 4569 se
3600 4526 3716 4566 mur-

2183 4605 2457 4652 murantes
2478 4596 2726 4655 homines
2747 4600 2935 4657 rodere
2956 4615 3367 4675 consueverunt,
3393 4608 3478 4678 qui
3498 4604 3718 4678 quodlibet

2181 4687 2324 4743 aliud
2356 4689 2406 4743 in
2446 4691 2713 4760 peccando
2736 4708 2895 4764 quam
2925 4710 2984 4751 se
3015 4710 3268 4753 accusare
3303 4700 3469 4770 parati
3496 4707 3620 4755 sunt.
3646 4696 3715 4751 Di-

2186 4792 2317 4836 cunt
2344 4782 2486 4837 enim
2516 4802 2530 4838 :
2573 4784 2628 4841 Si
2659 4785 2827 4840 Adam
2850 4797 2906 4842 et
2929 4787 3038 4843 Eva
3069 4803 3454 4861 peccaverunt,
3498 4792 3610 4864 quid
3643 4804 3715 4845 nos

2180 4872 2362 4927 miseri
2392 4872 2637 4942 fecimus,
2666 4885 2726 4932 ut
2751 4892 2870 4933 cum
2898 4878 3207 4950 ignorantia:
3230 4884 3469 4940 caecitate
3488 4927 3501 4951 ,
3539 4894 3588 4941 et
3607 4880 3714 4936 difﬁ-

2180 4962 2393 5019 cultatis
2420 4968 2740 5023 cruciatibus
2768 4985 3107 5027 nasceremur
3124 5013 3139 5037 ,
3183 4982 3238 5029 et
3266 4977 3438 5046 primo
3463 4986 3712 5032 erraremus

2178 5055 2478 5111 nescientes
2518 5056 2642 5127 quid
2689 5060 2843 5115 nobis
2880 5071 3021 5117 esset
3067 5062 3403 5133 faciendum;
3448 5065 3620 5122 deinde
3646 5060 3713 5117 ubi

2177 5147 2334 5201 nobis
2366 5147 2661 5220 inciperent
2703 5153 2896 5223 aperiri
2939 5164 3198 5225 praecepta
3220 5156 3471 5226 justitiaa,
3502 5157 3713 5213 vellemus

2182 5252 2245 5294 ea
2274 5238 2468 5304 facere,
2497 5251 2551 5295 et
2576 5242 2839 5300 renitente
2865 5247 3091 5301 carnalis
3114 5250 3547 5320 concupiscentia:
3567 5246 3711 5303 uestio
3747 5228 3759 5243 ’

2175 5346 2279 5403 qua
2307 5333 2624 5391 necessitate
2649 5350 2754 5391 non
2781 5337 3112 5394 valcremus?
3153 5340 3357 5408 Quibus
3392 5342 3608 5399 breviter
3642 5351 3707 5392 re-

2174 5425 2466 5495 spondetur
2490 5435 2548 5482 ut
2568 5412 2863 5498 quiescant,
2887 5440 2942 5486 et
2963 5430 3217 5489 adversus
3238 5434 3403 5491 Deum
3421 5444 3709 5491 murmurare

2175 5515 2455 5575 desistant.
2485 5520 2651 5577 Recte
2681 5522 2823 5579 enim
2848 5522 3073 5581 fortasse
3100 5541 3460 5597 quererentur,
3485 5528 3526 5582 si
3543 5523 3706 5583 erroris

2240 5675 2399 5752 Ἢίέἓ
2423 5689 2435 5727 ε
2459 5674 2688 5752 ξέσταεηι
2731 5676 2875 5752 θρξηιδ
2897 5679 3034 5732 homo
3066 5693 3223 5752 esset.
3250 5686 3706 5752 aluum;m-

2175 5736 2405 5801 particula
2424 5737 2484 5800 si,
2510 5752 2653 5804 quam
2671 5754 2733 5791 ex
2758 5747 2862 5793 Mss.
2886 5747 3206 5805 reposuimus.

2238 5820 2314 5891 (a)
2336 5823 2437 5891 \fid.
2462 5830 2663 5891 detinet.
2690 5822 2773 5876 lib.
2801 5825 2845 5887 I,
2869 5837 2973 5891 cap.
2995 5826 3044 5888 9,
3066 5841 3119 5880 tt.
3141 5830 3192 5883 5.

2247 5882 2322 5948 (ὁ)
2356 5884 2456 5936 vid.
2480 5885 2594 5937 nitu.
