3824 6296
75 381 208 444 129⁸1

76 512 118 561 ει
170 497 393 556 libidinis
423 499 602 556 nullus
643 500 919 557 hominum
959 501 1127 557 victor
1171 500 1427 557 existeret
1461 516 1474 553 :
1518 516 1641 557 cum

74 607 195 650 vero
216 592 409 662 ubique
435 592 506 648 sit
532 607 783 662 praesens,
810 594 899 664 qui
926 593 1107 648 multis
1130 594 1301 648 modis
1325 610 1417 662 per
1436 604 1643 650 creatu-

75 683 295 745 nmsibi
326 683 550 738 Domino
588 685 906 740 servientem
945 700 1190 742 aversum
1227 694 1414 755 vocet,
1453 685 1645 742 doceat

75 776 387 843 credentem,
416 778 725 833 consoletur
751 789 1073 848 sperantem.
1104 777 1411 850 diligentem
1440 778 1639 836 adhor-

78 883 226 937 tetur,
251 878 529 926 conantem
555 870 801 941 adjuvet,
827 873 1072 928 exaudiat
1097 873 1500 944 deprecantem;
1533 890 1640 932 non

76 963 167 1019 tibi
201 961 476 1032 deputatur
520 961 587 1017 ad
624 962 836 1033 culpam
874 963 1015 1033 quod
1044 964 1239 1021 invitus
1268 966 1478 1038 ignoras
1498 1010 1513 1033 ,
1545 967 1641 1024 sed

75 1057 207 1131 quod
224 1056 439 1127 ncgligis
458 1072 699 1127 qutun-ere
717 1056 857 1127 quod
884 1058 1126 1126 ignoras;
1156 1075 1329 1130 neque
1350 1060 1475 1115 illud
1497 1062 1639 1132 quod

72 1150 328 1207 vulnerata
358 1150 596 1204 membra
634 1164 739 1205 non
782 1150 1016 1221 colligis,
1062 1151 1156 1207 sed
1193 1152 1334 1224 quod
1374 1153 1640 1210 volentem

71 1259 247 1303 sanare
281 1243 631 1299 contemnis:
680 1242 782 1299 ism
837 1253 923 1298 tua
971 1245 1181 1315 propria
1230 1257 1441 1316 peccata
1491 1256 1638 1305 sunt.

71 1337 203 1396 hulli
236 1336 373 1391 enim
417 1335 618 1391 homini
664 1336 896 1391 ablatum
932 1346 1015 1392 est
1056 1337 1195 1393 scire
1233 1337 1435 1395 utiliter
1472 1339 1640 1410 (ιιιωή

91 1430 208 1503 quod
234 1429 486 1484 inutiliter
511 1430 780 1500 ignoratur
804 1430 845 1498 ³,
884 1439 938 1485 ει
974 1429 1244 1486 humiliter
1282 1432 1638 1486 cnttfiteudam

95 1536 188 1578 esse
207 1520 637 1586 imbecillitatem,
670 1530 729 1577 ιιι
755 1524 1012 1592 quzrrenti
1028 1531 1083 1578 et
1106 1523 1378 1579 confitenti
1406 1524 1497 1580 ille
1522 1523 1640 1580 sub-

94 1614 251 1676 veniat,
279 1613 365 1683 qui
388 1629 488 1669 nec
514 1606 806 1670 errat'dum
833 1616 1096 1682 subvenit,
1126 1631 1226 1672 nec
1253 1616 1479 1673 laborat.

147 1707 220 1765 54.
248 1707 372 1762 Nam
403 1707 534 1763 illud
559 1708 700 1778 quod
725 1710 974 1779 ignorans
1001 1710 1224 1780 quisque
1247 1726 1351 1764 non
1379 1720 1526 1766 recte
1555 1710 1635 1766 fa-

93 1800 174 1864 cit,
211 1808 258 1853 et
288 1798 428 1870 quod
459 1807 602 1856 recte
627 1801 812 1856 volens
837 1801 1011 1857 facere
1040 1817 1145 1855 nou
1174 1810 1368 1872 potest,
1412 1804 1530 1859 ideo
1556 1804 1635 1859 di-

92 1900 246 1945 cuntur
264 1900 476 1962 peccata
495 1933 511 1955 .
543 1892 664 1963 quia
689 1892 755 1947 de
779 1903 998 1963 peccato
1020 1894 1110 1948 illo
1139 1894 1321 1949 liberae
1349 1895 1635 1952 voluntatis

90 1983 325 2056 originem_
346 1983 548 2039 ducunt
584 2001 598 2038 :
643 1984 768 2039 illud
798 1987 940 2042 enim
970 1986 1274 2056 praecedens
1303 1989 1498 2043 meruit
1536 1988 1635 2045 ista

90 2050 342 2144 sequentia.
397 2074 530 2130 Nam
577 2075 714 2131 sicut
763 2050 996 2148 linguam
1040 2077 1265 2134 dicimus
1307 2095 1412 2134 non
1460 2081 1632 2136 solum

90 2165 349 2220 membrum
388 2166 529 2235 quod
569 2184 843 2223 movemus
873 2169 924 2224 in
954 2185 1048 2224 ore
1072 2170 1197 2225 dum
1224 2170 1508 2242 loquimur,
1537 2173 1633 2229 sed

89 2257 218 2312 etiam
251 2257 373 2312 illud
417 2258 560 2328 quod
600 2259 754 2329 hujus
782 2260 1007 2316 membri
1033 2273 1234 2317 motum
1264 2266 1629 2333 consequitur,

88 2349 131 2403 id
146 2347 443 2405 cstformam
464 2361 809 2423 tenoremque
829 2353 1134 2420 verborum,
1160 2356 1452 2411 secundum
1472 2372 1632 2427 quem

88 2443 266 2498 modum
295 2444 488 2499 dicitur
512 2446 611 2499 alia
642 2445 816 2516 lingua
838 2462 1033 2518 grzeca,
1060 2448 1162 2503 alia
1193 2449 1352 2503 latina
1379 2468 1393 2503 :
1421 2449 1499 2505 sic
1525 2466 1631 2506 non

89 2534 229 2590 solum
253 2543 523 2606 peccatum
559 2537 687 2592 illud
713 2537 939 2595 dicimus
958 2580 973 2602 ,
1006 2540 1147 2610 quod
1176 2542 1389 2611 proprie
1415 2554 1634 2599 vocatur

84 2637 320 2696 peccatum
342 2670 358 2694 ,
398 2629 565 2685 libera
592 2630 735 2685 enim
774 2632 1045 2687 voluntate
1069 2641 1123 2687 et
1149 2632 1216 2687 ab
1244 2635 1445 2689 sciente
1485 2651 1634 2691 com-

85 2720 305 2787 mittitur;
333 2721 425 2776 sed
451 2723 612 2777 etiam
637 2722 763 2778 illud
793 2723 936 2794 quod
957 2725 1067 2794 jam
1095 2725 1162 2782 de
1184 2724 1344 2796 hujus
1369 2728 1633 2797 supplicio

83 2821 400 2881 consequatur
437 2828 657 2869 necesse
694 2822 796 2869 est.
844 2815 932 2871 Sic
976 2816 1134 2871 etiam
1178 2818 1342 2888 ipsam
1388 2831 1631 2876 naturam

82 2899 210 2954 aliter
228 2901 469 2969 dicimus,
498 2918 618 2960 cum
648 2906 859 2976 proprie
893 2906 1177 2977 loquimur,
1206 2918 1445 2964 naturam
1470 2911 1632 2967 homi-

83 2991 178 3055 nis.
204 2994 251 3049 in
283 3010 382 3065 qua
419 2995 645 3064 primum
674 2997 724 3050 in
750 3013 849 3052 suo
874 3013 1073 3068 genere
1102 2999 1436 3072 inculpabilis
1460 3002 1631 3060 factus

83 3092 148 3138 est
175 3101 187 3138 :
227 3087 378 3144 aliter
408 3089 564 3144 istam
589 3131 605 3154 ,
634 3090 685 3145 in
714 3105 817 3161 qua
844 3106 912 3146 ex
937 3091 1079 3148 illius
1104 3093 1337 3150 damnati
1369 3112 1545 3166 poena,
1577 3106 1633 3154 et

83 3177 301 3233 mortales
339 3188 395 3234 et
440 3180 606 3251 ignari
646 3189 700 3237 et
736 3182 884 3239 carni
912 3183 1107 3239 subditi
1145 3187 1446 3254 nascimur;
1472 3187 1630 3257 juxta

83 3281 210 3336 quem
235 3270 444 3325 modum
466 3270 594 3327 dicit
614 3274 898 3343 Apostolus
916 3316 932 3341 ,
963 3273 1177 3331 Fuimus
1200 3279 1336 3332 enim
1360 3288 1407 3333 et
1425 3296 1517 3335 nos
1536 3297 1631 3334 na-

87 3360 281 3415 turaliter
303 3361 399 3431 ﬁlii
426 3363 538 3429 irae,
568 3364 700 3418 sicut
722 3373 767 3418 et
794 3367 961 3421 ceteri
990 3366 1205 3440 (Ep/tes.
1237 3386 1294 3436 tt,
1324 3372 1399 3444 3).

86 3446 275 3509 CAPUT
296 3454 415 3512 XX.
438 3486 510 3498 —
531 3455 768 3513 Pomafes
787 3458 1009 3532 defectus
1024 3461 1076 3515 in
1096 3462 1225 3519 Adae
1241 3475 1466 3536 posteros
1490 3469 1631 3524 haud

138 3543 300 3616 injuste
325 3546 640 3618 demanasse,
663 3568 990 3624 qmecumque
1009 3554 1208 3610 demum
1230 3575 1346 3613 vera
1363 3560 1427 3614 sit
1442 3561 1505 3616 de
1516 3564 1632 3617 ani-

138 3650 310 3693 marum
336 3640 533 3712 origine
548 3643 813 3699 sententia.

137 3725 211 3783 55.
247 3730 315 3788 Ut
336 3738 513 3787 autem
540 3733 607 3788 de
634 3734 726 3789 illo
752 3736 926 3805 primo
948 3739 1215 3811 conjngio,
1243 3751 1296 3798 et
1325 3759 1446 3800 cum
1471 3745 1627 3819 igno-

80 3821 218 3874 rantia
237 3863 253 3887 ,
281 3831 476 3878 etcum
506 3824 834 3893 difficultate,
863 3837 1062 3886 etcum
1090 3835 1411 3893 mortalitate
1441 3854 1626 3895 nasca-

79 3921 190 3977 mur,
214 3916 459 3984 quoniam
482 3918 555 3973 illi
581 3935 699 3974 cum
728 3924 1117 3993 peccavissent,
1137 3936 1191 3983 et
1216 3928 1266 3984 in
1292 3946 1552 4002 errorem,
1571 3942 1628 3990 ει

78 3996 118 4053 in
142 4018 441 4071 arumnam,
472 4010 600 4064 etin
630 4020 853 4067 mortem
885 4017 1194 4085 praecipitati
1237 4031 1397 4089 sunt,
1444 4041 1622 4081 rerum

76 4096 364 4155 moderatori
414 4116 623 4157 summo
665 4105 775 4161 Deo
804 4106 1099 4177 justissime
1143 4112 1372 4180 placuit;
1406 4125 1463 4171 ut
1489 4119 1623 4173 etin

75 4193 174 4241 ortu
196 4188 420 4248 hominis
448 4194 775 4265 originaliter
794 4210 1075 4268 appareret
1092 4201 1296 4270 justitia
1326 4205 1618 4275 punientis,

74 4282 115 4326 et
139 4275 185 4332 in
207 4292 451 4350 provectu
480 4285 841 4342 misericordia
869 4288 1161 4346 liherantis.
1200 4293 1314 4349 Non
1343 4297 1483 4352 enim
1526 4299 1620 4355 da-

74 4378 228 4426 mnato
271 4375 442 4444 primo
486 4376 688 4435 homini
725 4382 802 4437 sic
843 4383 1091 4456 adempta
1120 4396 1203 4442 est
1244 4389 1533 4457 beatitudo,
1566 4403 1623 4449 ut

73 4460 207 4518 etiam
232 4469 518 4525 fecunditas
535 4471 875 4531 adimeretur.
908 4477 1122 4535 Poterat
1143 4482 1284 4536 enim
1308 4492 1360 4537 et
1383 4485 1451 4541 de
1473 4488 1623 4556 prole

73 4548 188 4619 ejus,
215 4563 449 4629 quamvis
472 4566 670 4620 carnali
702 4576 755 4623 ct
782 4572 1027 4636 mortali,
1072 4574 1280 4644 aliquod
1311 4578 1362 4631 in
1400 4594 1497 4633 suo
1525 4596 1618 4651 ge-

73 4653 182 4702 nere
212 4650 315 4706 fieri
355 4652 519 4710 decus
543 4668 1021 4732 ornamentumque
1050 4672 1331 4721 terrarum.
1374 4669 1620 4727 Jamvero

70 4740 114 4784 ιιι
134 4742 371 4800 meliores
398 4748 639 4819 gigneret
667 4767 825 4821 quam
858 4753 972 4823 ipse
997 4766 1159 4824 esset,
1184 4773 1287 4813 non
1315 4771 1428 4815 erat
1453 4764 1619 4832 atqui-

66 4825 316 4892 lilis:sed
342 4853 406 4894 ex
434 4843 784 4897 conversione
809 4845 875 4899 ad
905 4846 1091 4913 Deum,
1124 4859 1174 4902 ut
1206 4851 1441 4907 vinceret
1476 4855 1622 4924 quis-

56 4927 161 4983 que
173 4928 471 4998 supplicium
493 4934 633 5004 quod
655 4935 804 5007 origo
824 4937 938 5009 ejus
954 4955 1019 4995 ex
1035 4942 1312 5000 aversione
1332 4957 1616 5015 meruerat,

54 5019 161 5069 non
176 5020 332 5077 solum
354 5024 616 5082 volentem
639 5043 743 5084 non
765 5030 1054 5101 prohiberi,
1083 5036 1174 5090 sed
1199 5038 1359 5094 etiam
1383 5041 1618 5111 adjuvari

48 5109 352 5181 Oportebat;
399 5115 559 5171 etiam
601 5118 679 5173 sic
720 5120 861 5175 enim
905 5138 1082 5180 rerum
1125 5125 1347 5184 Creator
1391 5109 1623 5190 ostendit

44 5202 239 5259 ‘lminta
262 5205 510 5264 facilitate
540 5211 799 5280 potuisset
819 5212 1000 5282 homo,
1025 5216 1068 5272 si
1092 5219 1363 5288 voluisset,
1393 5228 1620 5282 retinere

37 5291 197 5347 quDd
212 5295 372 5353 factus
401 5308 502 5365 est,
528 5314 648 5356 cum
679 5302 855 5372 proles
873 5305 988 5376 ejus
1006 5309 1174 5377 potuit
1190 5313 1347 5367 etiam
1369 5329 1620 5385 superare

34 5381 193 5437 (Ψειά
215 5395 327 5442 nata
357 5400 459 5445 est.

107 5486 281 5588 ληξἒέ
649 5519 884 5588 tetetete»
900 5514 1028 5588 φαμι
1050 5512 1282 5588 mater
1303 5518 1507 5588 ίςιηονατ.
1535 5532 1623 5576 An-

75 5616 554 5741 ςξξιιξετ
568 5616 652 5681 xiii
666 5616 1487 5713 agitata-fa‘é‘étiaainimrh
1492 5616 1622 5702 Ἐῐέἰὶ

75 5737 194 5760 mm
283 5752 294 5760 ,
329 5693 714 5760 eiii/Win“,
726 5700 966 5760 Sorbonict
986 5701 1621 5760 duo,cermanensis.cem-

74 5706 223 5782 3:1“
238 5706 415 5763 tiquex,
434 5706 714 5756 Vtetortnus,
726 5706 973 5774 Sat-bonici
986 5706 1100 5764 duo,
1113 5709 1467 5779 Germanensis,
1482 5716 1621 5762 Gem-

71 5740 340 5853 mas
1068 5777 1221 5828 συωη
1242 5769 1369 5833 quod
1390 5770 1618 5826 ηηαειίεεν

181 5815 285 5869 πτειν
310 5826 329 5864 :
348 5815 769 5878 quamlectionem
788 5821 1027 5887 eligimus.

1416 380 1621 440 LIBER
1653 379 1968 443 TERTIUS.

3196 409 3337 474 1298

1822 503 1908 558 56.
1937 504 2152 576 Deinde,
2179 513 2341 567 siuna
2370 515 2545 572 anima
2573 515 2711 575 facta
2737 528 2840 587 est,
2869 538 2935 580 ex
2963 539 3066 597 qua
3093 531 3338 589 omnium

1750 594 2023 652 hominum
2056 603 2245 658 animat
2286 606 2569 664 trahuntur
2611 616 2938 670 nascentium
2958 594 2994 682 ,v
3014 621 3131 689 quis
3158 631 3336 692 potest

1750 685 1931 743 dicere
1955 704 2059 744 non
2088 707 2145 750 se
2165 709 2436 765 peccasse,
2469 716 2587 756 cum
2616 704 2816 773 primus
2841 706 2929 762 ille
2952 685 3230 777 peccavit?
3275 714 3335 772 Si

1750 792 1927 836 autem
1955 783 2255 855 singillatim
2280 788 2411 846 fiunt
2432 793 2482 846 in
2508 809 2827 868 unoquoque
2848 803 3201 871 nascentium,
3225 822 3332 863 non

1749 880 1832 926 est
1855 888 2185 944 perversum,
2215 879 2322 935 imo
2345 886 2902 944 convenientissimum
2932 900 2986 946 et
3007 892 3337 953 ordinatissi-

1750 978 1896 1018 mum
1925 976 2164 1035 apparet,
2196 981 2250 1023 ut
2281 973 2478 1028 malum
2511 978 2755 1033 meritum
2789 982 2998 1050 prioris,
3030 996 3215 1041 natura
3242 1003 3333 1045 se-

1747 1058 1961 1127 quentis
1999 1060 2099 1125 sit;
2140 1071 2195 1117 et
2235 1062 2435 1141 bonum
2481 1071 2725 1125 meritum
2783 1078 3091 1145 sequentis,
3144 1090 3330 1138 natura

1748 1148 1939 1217 prioris
1977 1150 2066 1205 sit.
2110 1152 2245 1218 Quid
2284 1155 2425 1209 enim
2472 1158 2776 1231 indignum,
2804 1163 2849 1218 si
2874 1167 3033 1220 eziaut
3062 1168 3141 1223 sic
3166 1172 3334 1228 voluit

1747 1241 1970 1295 Creator
2014 1242 2333 1311 ostendere,
2382 1262 2549 1317 usque
2592 1251 2725 1306 adeo
2769 1256 3031 1313 excellere
3070 1264 3334 1320 creaturis

1745 1333 2018 1401 corporeis
2060 1334 2251 1390 animm
2289 1337 2633 1407 dignitatem,
2681 1352 2739 1397 ut
2773 1345 2840 1399 ab
2876 1362 2942 1401 eo
2967 1350 3136 1419 gradu
3166 1354 3335 1421 possit

1744 1437 1864 1479 esse
1907 1434 2057 1480 ortus
2097 1428 2357 1498 alterius,
2402 1432 2469 1487 ad
2514 1450 2670 1503 quem
2699 1437 2913 1494 alterius
2934 1443 3220 1512 perductus
3248 1455 3337 1504 est

1745 1520 2009 1574 occasus?
2035 1520 2168 1576 Nam
2209 1538 2332 1578 cum
2374 1526 2441 1580 ad
2484 1528 2834 1597 ignorantiam
2861 1531 3334 1610 difﬁcultatemque

1745 1612 2047 1678 pervenerit
2065 1612 2151 1668 illa
2178 1617 2466 1683 peccatrix,
2489 1618 2611 1674 ideo
2633 1635 2788 1689 pmna
2813 1634 2956 1680 recte
2976 1626 3185 1693 dicitur,
3209 1630 3335 1700 quia

1742 1702 1934 1758 melior
1953 1715 2077 1761 ante
2104 1706 2243 1763 hanc
2272 1724 2481 1779 poenam
2510 1710 2627 1768 fuit.
2657 1714 2711 1770 Si
2734 1730 2862 1786 ergo
2885 1718 3050 1774 altera
3074 1721 3192 1776 talis
3212 1738 3335 1779 esse

1741 1795 1940 1864 cmpit,
1984 1812 2089 1851 non
2138 1799 2311 1855 solum
2355 1812 2480 1858 ante
2516 1817 2815 1874 peccatum,
2844 1809 2939 1863 sed
2966 1820 3090 1865 ante
3117 1828 3335 1871 omnem

1740 1885 1902 1941 vitam
1946 1903 2098 1942 suam
2120 1930 2137 1958 ,
2177 1892 2349 1961 qualis
2384 1894 2487 1950 alia
2518 1907 2638 1965 post
2663 1899 2822 1953 vitam
2852 1902 3165 1971 culpabilem
3194 1903 3334 1963 facta

1739 1986 1854 2044 est,
1885 1994 1990 2033 non
2019 1997 2244 2049 parvum
2290 1983 2487 2040 bonum
2530 1987 2728 2057 habet,
2762 1992 2904 2048 unde
2927 1991 3201 2053 Conditori
3230 2013 3330 2055 suo

1737 2069 1934 2139 gratias
1961 2080 2109 2140 agat;
2148 2073 2270 2143 quia
2298 2075 2410 2145 ipse
2433 2087 2580 2132 ortus
2606 2080 2721 2149 ejus
2752 2095 2807 2137 et
2843 2083 3111 2141 inchoatio
3142 2089 3334 2159 quovis

1739 2159 1975 2229 perfecto
2020 2178 2246 2232 corpore
2293 2174 2377 2222 est
2424 2169 2632 2224 melior.
2680 2171 2795 2226 Non
2846 2175 2991 2229 enim
3039 2178 3331 2236 mediocria

1737 2250 1876 2305 bona
1906 2262 2071 2320 sunt,
2105 2269 2211 2309 non
2240 2257 2412 2311 solum
2452 2260 2593 2328 quod
2636 2263 2811 2317 anima
2853 2274 2968 2331 est,
2998 2282 3103 2337 qua
3139 2278 3329 2326 natura

1732 2340 1843 2412 jam
1874 2357 2035 2399 omne
2070 2360 2266 2416 corpus
2297 2350 2585 2417 prmcedit;
2625 2353 2718 2407 sed
2744 2354 2903 2409 etiam
2935 2357 3075 2426 quod
3106 2358 3330 2415 faculta-

1738 2443 1847 2489 tem
1876 2434 2056 2503 habet,
2086 2446 2143 2492 ut
2172 2439 2457 2509 adjuvante
2485 2443 2737 2503 Creatore
2765 2450 2994 2519 seipsam
3021 2452 3247 2521 excolat,
3274 2463 3331 2512 et

1738 2528 1827 2597 pio
1847 2528 2024 2583 studio
2049 2532 2226 2599 possit
2250 2547 2438 2590 omnes
2463 2537 2740 2607 acquirere
2769 2548 2822 2594 et
2853 2556 3043 2611 capere
3077 2544 3326 2617 virtutes,

1738 2632 1834 2687 per
1868 2634 2002 2690 quas
2026 2629 2079 2675 et
2110 2636 2138 2674 a
2170 2621 2484 2681 difﬁcultate
2512 2630 2781 2684 cruciante
2801 2673 2816 2697 ,
2846 2640 2900 2687 et
2934 2635 3003 2689 ab
3033 2635 3328 2707 ignorantia

1737 2722 1976 2768 emcante
2001 2713 2273 2770 liberetur.
2308 2717 2458 2785 Quod
2479 2720 2522 2774 si
2548 2721 2618 2775 ita
2647 2732 2749 2790 est,
2784 2739 2889 2779 non
2924 2729 3026 2781 erit
3059 2730 3328 2787 nascenti-

1737 2802 1836 2857 bus
1853 2804 2045 2859 animis
2065 2804 2361 2876 ignorantia
2384 2818 2438 2863 et
2460 2810 2743 2867 difficultas
2764 2817 3078 2888 supplicium
3100 2823 3325 2890 peccati,

1737 2893 1830 2950 sed
1860 2896 2168 2964 proﬁciendi
2207 2898 2530 2968 admonitio,
2564 2916 2616 2959 et
2651 2904 2997 2976 perfectionis
3022 2912 3323 2969 exordium.

1736 2986 1853 3041 Non
1875 2989 2016 3042 enim
2047 2997 2172 3044 ante
2204 3005 2363 3046 omne
2392 2996 2639 3049 meritum
2671 2998 2795 3053 boni
2828 3001 3004 3069 operis
3030 3018 3214 3072 parum
3241 3013 3328 3061 est

1736 3081 2007 3150 accepisse
2038 3082 2277 3138 naturale
2306 3084 2595 3153 judicium,
2640 3104 2747 3158 quo
2775 3093 3086 3161 sapientiam
3117 3110 3326 3165 prmpo‘

1737 3180 1827 3223 nat
1868 3170 2069 3239 errori,
2102 3181 2156 3227 et
2202 3175 2432 3244 quietem
2482 3176 2817 3243 difficultati,
2850 3191 2907 3237 ut
2945 3183 3013 3238 ad
3051 3183 3168 3241 haec
3212 3202 3325 3247 non

1736 3262 2026 3330 nascendo,
2055 3265 2147 3319 sed
2176 3266 2439 3323 studendo
2470 3272 2761 3339 perveniat.
2788 3272 2941 3341 Quod
2964 3276 3009 3330 si
3035 3292 3192 3347 agere
3219 3294 3325 3335 no-

1734 3352 1913 3421 luerit,
1948 3356 2149 3425 peccati
2178 3372 2266 3412 rea
2290 3357 2410 3425 jure
2437 3360 2734 3428 tenebitur,
2765 3371 3016 3435 tanquam
3054 3384 3171 3438 qua:
3213 3384 3325 3427 non

1732 3442 1870 3501 bene
1909 3462 2004 3502 usa
2047 3449 2117 3503 sit
2158 3463 2221 3504 ea
2258 3448 2506 3507 facultate
2544 3468 2701 3523 quam
2745 3456 2969 3526 accepit.
3008 3458 3325 3531 Quanquam

1731 3538 1877 3592 enim
1904 3537 1957 3592 in
1989 3539 2284 3608 ignorantia
2310 3549 2364 3596 et
2390 3540 2703 3600 difficultate
2734 3554 2854 3602 nata
2883 3549 2973 3616 sit,
3006 3566 3110 3607 non
3142 3561 3324 3611 tamen

1732 3628 1798 3683 ad
1828 3631 2242 3699 permanendum
2268 3633 2319 3687 in
2347 3648 2412 3690 eo
2437 3636 2579 3706 quod
2610 3645 2731 3693 nata
2761 3648 2863 3705 est,
2890 3641 3063 3712 aliqua
3086 3646 3324 3701 necessi-

1733 3729 1839 3776 tate
1883 3723 2251 3793 comprimitur
2287 3741 2503 3796 :neque
2548 3730 2767 3783 otnnino
2815 3733 2987 3801 potuit
3031 3734 3133 3789 nisi
3177 3736 3323 3792 Deus

1731 3815 2069 3883 omnipotens
2111 3832 2231 3872 esse
2261 3818 2279 3849 ⁸
2307 3819 2466 3873 etiam
2518 3821 2700 3873 talium
2740 3832 2950 3876 creator
2993 3824 3316 3891 animarum,

1731 3916 1862 3972 quas
1883 3912 1937 3958 et
1957 3920 2061 3958 non
2083 3905 2304 3960 dilectus
2330 3907 2442 3976 ipse
2462 3907 2638 3975 faciat,
2661 3918 2715 3964 et
2733 3909 2955 3981 diligens
2972 3926 3064 3967 eas
3089 3914 3315 3977 reﬁciat,

1729 4004 1785 4049 et
1825 3996 2046 4051 dilectus
2095 3998 2209 4065 ipse
2253 3998 2528 4067 perficiat;
2579 4000 2669 4069 qui
2716 4009 2771 4053 et
2814 4015 2920 4055 non
2961 4003 3315 4060 existentibus

1727 4094 1946 4154 pratstat
1973 4097 2029 4139 ut
2058 4086 2184 4154 sint,
2212 4095 2266 4142 et
2294 4089 2594 4144 amantibus
2620 4104 2741 4145 eum
2762 4104 2794 4144 a
2818 4107 2924 4161 quo
2948 4101 3070 4147 sunt
3095 4104 3315 4163 prastat

1726 4184 1786 4230 ut
1803 4176 1971 4229 beata:
1997 4176 2121 4230 sint.

1795 4267 1885 4321 57.
1912 4266 1967 4322 Si
1992 4282 2118 4322 vero
2138 4266 2189 4321 in
2219 4267 2310 4324 Dei
2339 4269 2515 4340 aliquo
2536 4280 2744 4328 secreto
2763 4273 2870 4344 jam
2892 4274 3179 4331 existentes
3195 4277 3313 4335 ani—

1725 4376 1827 4416 mm
1854 4360 2138 4416 mittuntur
2169 4361 2235 4415 ad
2263 4362 2566 4432 inspiranda
2597 4375 2650 4418 et
2678 4365 2907 4436 regenda
2937 4383 3162 4438 corpora
3191 4371 3308 4424 sin-

1725 4456 1970 4526 gulorum
2032 4470 2362 4526 quorumque
2419 4458 2785 4524 nascentium,
2838 4460 2906 4514 ad
2964 4459 3066 4517 hoc
3125 4452 3311 4532 utique

1724 4548 2005 4600 mittuntur
2032 4545 2284 4613 officium,
2318 4555 2376 4600 ut
2402 4562 2595 4617 corpus
2622 4550 2762 4619 quod
2800 4549 2867 4605 de
2894 4566 3049 4621 paena
3082 4556 3306 4624 peccati,

1724 4639 1827 4695 hoc
1871 4649 1953 4695 est
1983 4641 2303 4696 mortalitate
2350 4643 2503 4711 primi
2547 4642 2807 4713 hominis,
2852 4649 3120 4719 nascitur,
3169 4651 3310 4711 bene

1723 4732 2163 4799 administrando,
2195 4733 2247 4788 id
2276 4742 2359 4788 est
2387 4736 2692 4805 castigando
2720 4754 2815 4807 per
2842 4741 3098 4811 virtutes,
3131 4756 3185 4800 et
3214 4762 3308 4803 or-

1722 4824 2069 4879 dinatissimte
2083 4835 2242 4895 atque
2259 4826 2504 4894 legitimae
2520 4829 2758 4884 servituti
2776 4831 3125 4903 subjicienda,
3144 4839 3307 4894 etiam

1723 4916 1824 4986 ipsi
1849 4925 2160 4986 comparent
2183 4916 2369 4972 ordine
2406 4926 2565 4986 atque
2596 4929 2837 4991 tempore
2866 4938 3164 4995 opportuno
3190 4944 3305 4985 coe-

1722 5007 1871 5063 lestis
1910 5007 2323 5077 incorruptionis
2360 5009 2557 5065 locum.
2602 5010 2732 5080 Qua:
2769 5028 2892 5070 cum
2938 5018 3208 5074 introeunt
3248 5020 3306 5078 in

1723 5098 1861 5154 hanc
1885 5098 2065 5164 vitam,
2094 5098 2427 5171 subenntque
2468 5104 2722 5173 gestanda
2759 5108 2996 5164 membra
3036 5111 3302 5176 mortalia,

1723 5193 1948 5248 subeant
1979 5193 2139 5248 etiam
2169 5208 2388 5250 necesse
2411 5204 2493 5250 est
2518 5208 2572 5251 et
2592 5198 2909 5257 oblivionem
2939 5202 3058 5257 vita-
3087 5204 3299 5272 prioris,

1723 5294 1775 5340 et
1802 5284 2077 5355 praesentis
2098 5285 2331 5340 laborem
2357 5303 2370 5339 :
2394 5288 2536 5343 unde
2559 5288 2646 5344 illa
2674 5291 2966 5362 ignorantia
2990 5302 3043 5347 et
3070 5292 3304 5350 difficul-

1725 5386 1806 5432 tas
1833 5376 2177 5448 consequitur
2199 5418 2215 5445 ,
2244 5377 2385 5448 quod
2430 5378 2482 5434 in
2522 5381 2697 5452 primo
2733 5382 2947 5437 homine
2985 5385 3302 5453 supplicium

1723 5472 2060 5528 mortalitatis
2092 5471 2209 5536 fuit,
2242 5473 2308 5528 ad
2333 5474 2495 5529 animi
2516 5475 2914 5546 expendendam
2941 5475 3210 5534 miseriam
3238 5480 3298 5546 ’ς

1787 5588 1805 5621 ι
1830 5586 1980 5656 mm?
1998 5594 2131 5649 um,
2155 5585 2444 5656 onmipoterts
2464 5593 2602 5639 esset.
2625 5592 2682 5656 _At
2694 5586 2804 5639 Bad.
2822 5595 2874 5640 et
2891 5594 2991 5656 Et”

1721 5662 1855 5725 esse:
1877 5647 2172 5725 (ιιιίιέυεμεε-
2187 5647 2927 5725 φιιξωξιὲξξξιιςγεεξιίῑιιραειυω
2949 5647 2999 5702 ίίι
3013 5651 3124 5725 £96.-

1721 5713 1815 5762 bns
1828 5708 2139 5773 reperiuntur
2160 5712 2330 5771 verba,
2354 5710 2554 5770 scilicet,
2580 5715 2629 5761 et
2649 5708 2857 5776 diligens
2876 5725 2960 5764 eas
2979 5711 3182 5779 reﬁciat,
3213 5717 3301 5769 ab-

1720 5779 2179 5899 sm’ntissmﬁiuatuor,
2192 5832 2259 5886 ad
2279 5829 2430 5884 mimi
2447 5830 2737 5897 WW0"
2756 5834 2892 5889 πείθεθ’
2903 5834 3016 5891 im-
