3822 6398
503 455 644 522 ms

499 579 557 636 in
582 575 698 633 istis
722 580 898 631 autem
919 569 1082 645 jamta
1109 567 1389 626 ministerii
1420 563 1490 620 ad
1511 562 1860 635 reparandum
1891 575 2084 630 corpo-

500 672 577 728 ris
604 669 1076 737 incorruptionem.
1117 661 1248 720 Nam
1287 663 1385 716 hoc
1415 675 1625 729 quoque
1656 657 1813 712 modo
1855 671 1957 708 non
2000 651 2083 708 di—

499 773 694 821 cuntur
720 762 817 816 ista
845 768 1089 832 peccata,
1122 757 1222 812 nisi
1258 755 1378 824 quia
1415 767 1540 808 caro
1581 751 1648 805 de
1678 751 1960 820 propagine
1991 763 2083 802 ve-

499 856 658 912 niens
683 852 994 921 peccatoris,
1024 847 1355 904 venientibus
1381 846 1448 899 ad
1473 861 1531 900 se
1556 843 1744 897 animis
1775 842 1908 896 hanc
1941 841 2088 910 igno-

500 945 728 1000 rantiam
765 952 817 998 et
848 939 1218 996 difﬁcultatem,
1250 936 1408 1001 facit;
1440 950 1556 1006 qum
1585 948 1754 1003 neque
1781 933 1883 997 his,
1913 945 2086 1000 neque

497 1035 740 1092 Creatori
769 1043 1016 1103 tanquam
1044 1029 1302 1102 culpanda
1337 1028 1614 1081 tribuatur.
1650 1021 1801 1078 Dedit
1835 1022 1972 1076 enim
2000 1021 2086 1076 ille

499 1138 554 1185 et
586 1128 889 1184 facultatem
934 1126 1069 1180 bene
1099 1121 1353 1194 operandi
1389 1120 1442 1174 in
1468 1115 1748 1172 laboriosis
1773 1113 1994 1176 ofﬁciis,
2031 1119 2086 1167 et

496 1223 636 1277 viam
674 1220 796 1275 ﬁdei
836 1219 888 1274 in
927 1215 1208 1273 oblivionis
1239 1212 1475 1266 caecitate
1499 1226 1513 1274 ;
1539 1208 1796 1278 judicium
1847 1203 1972 1259 illud
2002 1205 2083 1258 vel

494 1312 747 1379 maxime,
770 1309 914 1381 quod
941 1309 1118 1362 anima
1147 1305 1318 1359 omnis
1342 1304 1362 1335 ’
1378 1313 1428 1358 et
1456 1298 1798 1372 qnmrendum
1820 1311 1938 1374 esse
1957 1312 2086 1352 con-

493 1404 637 1461 cedit
658 1403 796 1474 quod
827 1399 1084 1456 inutiliter
1114 1395 1280 1450 nescit
1300 1435 1314 1460 ,
1345 1400 1399 1448 et
1442 1400 1842 1462 perseveranter
1879 1390 1927 1442 in
1959 1385 2080 1443 ofﬁ-

495 1494 655 1549 ciosis
687 1489 951 1546 laboribus
990 1483 1296 1541 enitendum
1336 1482 1404 1537 ad
1425 1482 1770 1538 evincendam
1816 1489 1959 1535 recte
2001 1477 2082 1534 fa-

493 1585 666 1641 ciendi
693 1583 1076 1642 difficultatem,
1095 1588 1148 1634 et
1166 1592 1320 1647 opem
1339 1593 1366 1630 a
1387 1573 1644 1632 Creatore
1672 1571 2078 1644 implorandam,

494 1687 554 1731 ut
576 1684 857 1730 conantem
883 1670 1128 1741 adjuvet;
1157 1667 1246 1739 qni
1274 1668 1356 1724 vel
1387 1667 1716 1721 extrinsecus
1737 1665 1854 1735 lege
1876 1707 1890 1731 ,
1921 1665 2002 1718 vel
2030 1664 2080 1718 in

494 1767 697 1822 intimis
723 1763 900 1819 cordis
921 1762 1236 1816 allocutione
1256 1758 1556 1816 conandum
1578 1773 1698 1814 esse
1721 1755 1993 1828 przrcepit,
2027 1765 2080 1811 et

494 1867 758 1930 prreparat
782 1855 1010 1912 civitatis
1037 1853 1357 1910 beatissime
1385 1853 1603 1924 gloriam
1633 1849 2080 1921 triumphantibus

494 1943 562 1998 de
584 1943 676 1996 illo
706 1942 794 2008 qui
818 1941 1044 2010 primum
1072 1941 1340 1994 hominem
1367 1940 1436 1995 ad
1471 1940 1627 1996 istam
1659 1941 1928 1997 miseriam
1962 1955 2082 2012 per-

493 2035 646 2091 duxit
680 2035 880 2088 rictum
909 2033 1142 2104 pessima
1187 2035 1462 2100 suasione;
1493 2051 1652 2106 quam
1698 2036 1966 2091 miseriam
1994 2033 2083 2093 isti

490 2129 790 2199 suscipiunt
817 2127 888 2182 ad
910 2143 1030 2183 eum
1062 2128 1382 2184 vincendum
1412 2129 1610 2198 Optima
1634 2125 1755 2183 ﬁde.
1795 2127 1909 2183 Non
1938 2108 2082 2184 enim

489 2235 668 2291 parvze
695 2218 880 2289 glori-.2
909 2219 1098 2275 militia
1120 2228 1201 2274 est
1220 2219 1488 2274 diabolum
1521 2219 1733 2275 vincere
1754 2219 1940 2274 eodem
1966 2238 2084 2276 sus-

489 2323 645 2384 Cepto
687 2313 967 2384 supplicio,
1018 2327 1126 2384 quo
1166 2327 1226 2368 se
1273 2312 1362 2369 ille
1403 2311 1674 2369 hominem
1723 2315 1917 2368 vietum
1965 2332 2084 2385 per-

487 2409 710 2465 duxisse
746 2409 1026 2480 gloriatur.
1083 2407 1335 2479 Quisquis
1383 2420 1562 2463 autcm
1612 2407 1716 2464 hoc
1761 2411 1912 2464 istius
1962 2413 2082 2467 vita:

489 2510 672 2573 captus
703 2516 888 2556 amore
919 2500 1231 2572 neglexerit,
1283 2502 1430 2556 nullo
1472 2511 1628 2572 paeto
1656 2502 1795 2572 juste
1826 2503 2082 2574 ﬂagitium

489 2594 813 2651 desertionis
833 2607 944 2649 sua:
971 2593 1114 2664 regis
1142 2593 1365 2662 imperio
1387 2594 1693 2664 deputabit:
1719 2594 1814 2650 sed
1853 2595 1953 2649 erit
1985 2611 2082 2665 po-

494 2697 598 2751 tius
625 2693 726 2749 sub
764 2693 1002 2747 omnium
1037 2690 1260 2745 Domino
1292 2689 1348 2745 in
1373 2690 1489 2760 ejus
1519 2690 1757 2761 partibus
1781 2689 2080 2759 ordinatus,

491 2786 643 2857 cujus
672 2794 828 2855 turpe
855 2782 1177 2854 stipendium
1210 2791 1267 2838 ut
1309 2792 1482 2838 castra
1514 2797 1608 2838 sua
1654 2783 1951 2848 desereret,
1985 2782 2082 2837 ad-

488 2888 725 3004 “illis:
749 2958 927 3008 autem
953 2948 1078 3004 alibi
1108 2949 1301 3004 animae
1325 2947 1626 3004 constitutae
1656 2964 1760 3004 non
1791 2959 2072 3005 mittuntur

483 3059 511 3096 a
535 3044 756 3097 Domino
781 3045 907 3109 Deo,
932 3044 1031 3098 sed
1054 3059 1144 3097 sua
1175 3051 1364 3112 sponte
1394 3043 1458 3096 ad
1485 3042 1823 3098 inhabitanda
1845 3058 2066 3113 corpora

483 3135 700 3188 veniunt
725 3152 736 3196 ;
769 3134 920 3190 facile
943 3135 1151 3204 estjam
1180 3133 1282 3188 hoc
1303 3133 1509 3196 videre,
1539 3134 1790 3204 quidquid
1823 3135 2068 3205 ignoran-

481 3227 570 3281 tia:
605 3227 1040 3296 difﬁcul'tatisque
1087 3236 1327 3282 secutum
1373 3225 1531 3280 fuerit
1568 3242 1749 3280 earum
1800 3229 2067 3296 prOpriam

480 3320 829 3384 voluntatem,
860 3318 1013 3372 nullo
1032 3318 1192 3371 modo
1218 3318 1523 3370 Creatorem
1552 3317 1676 3371 hinc
1695 3333 1812 3372 esse
1841 3320 2062 3387 culpan-

479 3407 607 3462 dum
635 3407 1096 3476 :quandoquidcm
1124 3407 1328 3462 etiamsi
1355 3421 1444 3459 eas
1467 3407 1577 3474 ipse
1605 3407 1852 3472 misisset,
1875 3410 2066 3478 quibus

480 3500 640 3554 etiam
669 3500 722 3553 in
752 3499 861 3566 ipsa
894 3497 1186 3567 ignorantia
1216 3506 1270 3551 et
1293 3496 1606 3552 difﬁcultate
1633 3498 1849 3552 liberam
1881 3501 2066 3552 volun-

482 3600 642 3646 tatem
673 3589 884 3661 petendi
917 3600 969 3645 et
1007 3591 1281 3660 qumrendi
1319 3600 1371 3645 et
1411 3591 1638 3645 conandi
1681 3609 1786 3646 non
1825 3593 2058 3661 abstulit,

482 3685 698 3742 daturus
720 3685 1039 3755 petentibus,
1063 3682 1523 3738 demonstraturus
1549 3685 1926 3752 quaerentibus,
1949 3688 2063 3756 pul-

483 3777 722 3836 santibus
749 3785 1048 3845 aperturos,
1079 3774 1296 3829 omnino
1328 3783 1472 3828 extra
1501 3774 1706 3842 culpam
1735 3783 1891 3829 esset.
1917 3776 2062 3831 lianc

478 3871 619 3930 enim
650 3866 996 3940 ignorantiam
1018 3875 1070 3922 et
1090 3864 1455 3920 difﬁcultatem
1487 3864 1736 3918 studiosis
1761 3874 1816 3918 et
1835 3867 2063 3921 benevo-

477 3965 544 4018 lis
565 3959 904 4016 cvinccndam
928 4001 942 4025 ,
971 3957 1038 4011 ad
1063 3971 1314 4012 coronam
1340 3955 1524 4024 gloria:
1549 3957 1722 4008 valere
1753 3964 2061 4024 prmstaret;

481 4051 867 4124 negligentibus
896 4057 1071 4105 autem
1105 4059 1156 4102 et
1183 4057 1397 4116 peccata
1428 4061 1521 4100 sua
1545 4046 1610 4101 de
1640 4047 1941 4102 inﬁrmitate
1962 4047 2058 4103 de-

475 4145 688 4201 fendere
718 4141 1040 4206 volentibus,
1072 4156 1178 4195 non
1205 4141 1372 4209 ipsam
1406 4140 1752 4209 ignorantiam
1779 4141 2058 4196 difﬁculta-

475 4250 688 4309 temque
716 4252 812 4307 pro
845 4235 1068 4290 crimine
1097 4235 1383 4302 objiceret;
1415 4233 1509 4287 sed
1544 4234 1664 4304 quia
1699 4233 1748 4286 in
1780 4233 1856 4288 eis
1884 4235 2060 4305 potius

471 4344 809 4402 permanere,
833 4342 991 4397 quam
1021 4324 1195 4380 studio
1223 4323 1493 4394 qumrcndi
1522 4331 1679 4393 atque
1705 4323 1974 4390 discendi,
2004 4336 2059 4381 et

474 4424 771 4482 humilitate
796 4419 1082 4476 confitendi
1125 4428 1284 4488 atque
1327 4415 1549 4483 orandi,
1581 4417 1644 4470 ad
1685 4418 1960 4473 veritatem
1996 4436 2058 4475 ac

473 4515 775 4570 facilitatem
813 4509 1091 4581 pervenire
1132 4509 1437 4571 voluerunt,
1468 4508 1614 4577 justo
1644 4507 1900 4578 supplicio
1937 4510 2054 4564 vin-

472 4606 694 4660 dicaret.

600 4694 824 4753 CAPUT
852 4693 993 4750 XXI.
1024 4723 1098 4735 -—
1123 4693 1282 4747 Error
1306 4709 1405 4759 qua
1431 4693 1483 4746 in
1507 4709 1562 4746 re
1585 4692 1910 4762 perniciosus.

543 4788 633 4844 59.
665 4787 860 4842 Harum
888 4797 1063 4842 autem
1092 4798 1321 4857 quatuor
1342 4786 1409 4840 de
1443 4786 1617 4840 anima
1645 4788 2050 4857 sententiarum,

471 4892 651 4938 utrum
672 4884 737 4938 de
766 4883 1053 4954 propagine
1081 4884 1314 4947 veniant,
1338 4896 1404 4935 an
1437 4881 1487 4934 in
1515 4881 1733 4950 singulis
1759 4881 2054 4952 quibusque

472 4974 816 5033 nascentibus
858 4990 1007 5028 novae
1038 4974 1198 5040 ﬁant,
1248 4988 1313 5027 an
1357 4974 1407 5026 in
1457 4987 1680 5041 corpora
1725 4973 2052 5027 nascentium

465 5073 579 5144 jam
608 5066 801 5124 alicubi
829 5067 1115 5120 existentes
1136 5067 1218 5119 vel
1251 5066 1522 5118 mittantur
1547 5065 1816 5128 divinitus,
1849 5065 1925 5117 vel
1957 5080 2052 5119 sua

469 5172 658 5234 sponte
674 5159 942 5221 labantur,
962 5157 1157 5211 nullam
1179 5166 1377 5211 temere
1392 5156 1657 5209 afﬁrmare
1674 5156 1935 5226 oportebit
1951 5156 2048 5228 (a).

531 5277 548 5308 ¹
567 5269 946 5334 Bad.,.mdictum
960 5265 1082 5319 illud
1106 5265 1178 5318 vel
1197 5264 1424 5334 maxime,
1444 5264 1726 5334 qtirttmima
1747 5264 1897 5316 omnis
1916 5279 2053 5334 :quze

531 5281 548 5308 ι
567 5281 946 5334 Bad.,.mdtrtum
960 5281 1081 5319 tuna
1106 5281 1177 5318 vet-
1197 5281 1424 5336 maa'tme,
1444 5281 1555 5324 qua
1567 5281 1726 5316 annua
1747 5281 1897 5316 omms
1916 5281 2053 5377 :(gtate

469 5339 616 5389 etiam
633 5344 738 5384 erat
755 5335 900 5398 lectio
1049 5337 1231 5398 unitate
1244 5340 1359 5398 quta
1381 5330 1429 5398 in
1445 5328 1588 5392 quod.
1608 5335 1662 5378 At
1679 5335 1830 5398 Er._et
1842 5333 1947 5398 Mss.
1996 5355 2054 5398 __-

469 5400 624 5462 bent,
655 5395 906 5462 judicium
937 5392 1141 5462 illum...
1186 5390 1311 5454 quod
1345 5390 1530 5462 minio,
1566 5398 1691 5451 ete.;
1724 5391 1806 5462 ubi
1840 5393 1966 5462 torte
1994 5390 2054 5440 li-

468 5453 941 5522 brarii's'mtserunt
971 5456 1096 5522 quod
1121 5453 1208 5518 μό
1230 5466 1348 5519 quo,
1383 5455 1524 5504 sicuti
1556 5467 1642 5504 eos
1679 5453 1856 5516 passim
1878 5453 2053 5502 fecisse

467 5525 796 5574 observatum.

530 5606 604 5668 (a)
627 5612 744 5656 Eum
764 5604 924 5654 locum
945 5601 1310 5714 in
1329 5598 1540 5664 Epistula
1570 5595 1678 5670 i136,
1703 5611 1753 5652 η.
1776 5598 1826 5655 7,
1857 5597 1932 5667 ad;
1949 5598 2055 5646 Hie-

530 5680 738 5714 nvmum.
761 5672 991 5714 recenset
1062 5678 1088 5714 s
1109 5665 1275 5714 verbis
1300 5678 1311 5713 :
1343 5682 1364 5709 α
1401 5670 1494 5714 Ego
1516 5659 1716 5714 quidem
1736 5667 1850 5714 ante
1873 5655 2055 5714 aliquot

467 5655 738 5731 roriyinuin,
761 5672 991 5731 recenset
1011 5655 1275 5731 Eis'verbis
1300 5678 1311 5713 :
1332 5655 1382 5731 ε’
1401 5670 1494 5725 Ego
1736 5667 1850 5731 ante
1873 5655 2056 5731 aliquot

475 5747 498 5775 ι
520 5721 674 5780 sanos
692 5721 804 5778 eum
825 5727 982 5778 libros
994 5727 1226 5788 quosdam
1250 5721 1520 5776 scriberem
1535 5721 1620 5773 ’de
1643 5721 2052 5788 Uberoarbitrio,

476 5809 497 5835 ι
514 5793 600 5852 qui
635 5790 683 5852 in
705 5789 977 5852 multorum
1016 5781 1185 5838 manus
1207 5789 1467 5852 exierunt,
1494 5793 1546 5832 et
1573 5796 1708 5852 _nuuc
1750 5781 1999 5852 habentur
2025 5795 2062 5838 α,

477 5867 500 5895 ι
526 5845 760 5910 plurimis,
785 5857 992 5912 quatuor
1014 5852 1270 5912 Opiniones
1289 5849 1550 5912 debuimus
1571 5845 1962 5898 incarnatione...
1988 5845 2054 5893 ita

477 5927 502 5956 ι
523 5909 682 5972 putavi
708 5909 820 5960 esse
842 5909 1130 5971 tractandas,
1152 5918 1208 5959 ut
1228 5909 1461 5972 quaelibet
1474 5920 1640 5956 eartuu
1652 5918 1768 5955 vera
1793 5914 2053 5963 esset,non

1497 451 1587 510 DE
1619 443 1872 507 ΗΒΕΒο
1908 439 2250 511 ARBITRIO,
2289 441 2347 499 Β.
2385 441 2746 503 AUGUSTINI

2093 5562 2108 5573 ’
2165 5613 2187 5640 α
2206 5592 2467 5656 impediret
2477 5590 3072 5656 intentionemmeamqua

3623 441 3743 506 1300

2193 558 2296 614 Aut
2321 560 2459 614 enim
2484 560 2718 613 nondum
2740 557 2839 612 ista
2866 557 3087 629 quaastio
3109 571 3138 612 a
3158 556 3453 614 divinorum
3482 553 3742 621 Librorum

2191 652 2465 706 catholicis-
2495 649 2866 705 traetatoribus
2898 664 2994 719 pro
3016 651 3202 704 merito
3223 665 3331 705 sum
3357 653 3678 708 obscuritatis
3699 665 3743 712 et

2195 743 2554 812 perplexitatis
2597 743 2804 796 eVoluta
2838 752 2994 811 atque
3034 741 3290 796 illustrata
3321 751 3426 808 est;
3466 753 3558 797 aut
3585 744 3626 798 si
3649 747 3738 814 jam

2191 835 2383 892 factum
2428 845 2544 899 est,
2577 835 2808 891 nondum
2858 837 2907 890 in
2954 851 3140 890 manus
3173 845 3380 890 nostras
3406 838 3740 902 hujuscemodi

2190 927 2378 983 littenc
2402 937 2770 998 pervenerunt.
2807 925 3038 982 Tantum
3065 925 3201 981 adsit
3232 925 3360 982 ﬁdes
3387 927 3518 982 nihil
3544 929 3610 981 de
3633 931 3739 985 sub-

2190 1025 2378 1076 stantia
2417 1019 2686 1076 Creatoris
2732 1023 2920 1076 falsum
2963 1019 3343 1090 indignumque
3379 1021 3647 1076 sentiendi.
3675 1023 3739 1079 Ad

2191 1113 2334 1168 illum
2362 1113 2502 1168 enim
2533 1113 2797 1168 tendimus
2821 1112 3010 1166 itinere
3042 1113 3270 1181 pietatis.
3298 1110 3356 1167 Si
3385 1127 3515 1182 ergo
3537 1113 3740 1170 alludde

2190 1206 2276 1260 illo
2300 1205 2620 1261 senserimus
2642 1222 2797 1277 quam
2825 1215 2927 1272 est,
2952 1204 3172 1259 intentio
3204 1215 3380 1257 nostra
3404 1222 3505 1258 non
3535 1207 3581 1259 in
3603 1207 3738 1262 beati-

2190 1303 2371 1362 tatem,
2396 1295 2492 1350 sed
2511 1295 2562 1350 in
2586 1297 2868 1350 vanitatem
2896 1311 2992 1348 nos
3016 1296 3091 1348 ire
3115 1293 3415 1364 compellet.
3437 1293 3510 1348 De
3529 1308 3738 1354 creatura

2187 1403 2312 1442 vero
2338 1389 2380 1441 si
2404 1387 2530 1456 quid
2556 1388 2712 1441 aliter
2733 1401 2889 1457 quam
2917 1402 3036 1441 sese
3058 1385 3216 1439 habet
3243 1387 3581 1454 sees-ierimus,
3607 1389 3736 1443 dum-

2189 1480 2345 1535 modo
2373 1497 2478 1535 non
2507 1481 2556 1534 id
2585 1496 2680 1552 pro
2701 1481 2911 1550 cognito
2941 1487 3300 1548 pereeptoqne'
3330 1491 3616 1547 teneamus,
3643 1481 3738 1536 nul-

2187 1572 2296 1626 lum
2328 1573 2617 1642 periculum
2645 1578 2746 1626 est.
2785 1569 2896 1625 Non
2925 1569 3068 1625 enim
3092 1570 3158 1624 ad
3200 1579 3502 1625 creaturam
3524 1571 3739 1640 iubemur

2186 1666 2404 1720 tendere
2432 1674 2485 1719 ut
2509 1663 2800 1718 efﬁciamur
2826 1661 2986 1729 beati,
3016 1663 3106 1717 sed
3133 1662 3202 1715 ad
3230 1663 3402 1732 ipsum
3431 1662 3733 1719 Creatorem:

2185 1756 2250 1810 de
2275 1773 2380 1828 quo
2407 1757 2448 1812 si
2476 1757 2618 1811 aliud
2644 1772 2802 1827 quam
2824 1763 3034 1826 oportet
3063 1771 3126 1810 ac
3149 1770 3269 1810 sese
3296 1769 3380 1809 res
3405 1755 3575 1814 habet.
3608 1759 3734 1812 nobis

2186 1849 2570 1917 persuadetur,
2619 1848 3068 1918 perniciOsissitno
3110 1862 3295 1903 errore
3334 1847 3635 1916 decipimur.
3668 1849 3736 1904 Ad

2184 1939 2286 1996 hoc
2310 1943 2450 1996 enim
2493 1943 2788 2012 pergendo,
2815 1940 2958 2013 quod
2998 1949 3087 1995 aut
3121 1957 3225 1994 non
3266 1951 3376 2003 est,
3421 1951 3536 2006 aut,
3575 1942 3616 1995 si
3648 1951 3728 2008 est,

2184 2048 2288 2088 non
2320 2033 2441 2088 facit
2478 2034 2661 2089 beatos
2682 2076 2696 2100 ,
2724 2035 2792 2089 ad
2833 2035 3040 2090 beatam
3069 2034 3231 2087 vitam
3273 2032 3454 2088 nullus
3491 2034 3732 2104 pervenire

2183 2133 2376 2195 potest.

2251 2217 2340 2274 60.
2366 2218 2471 2274 Sed
2499 2217 2564 2273 ad
2606 2217 3066 2289 contemplandum
3112 2218 3347 2272 veritatis
3381 2217 3726 2284 :eternitatem,

2187 2318 2247 2364 ut
2290 2327 2350 2366 ea
2399 2311 2596 2381 perfrui
2626 2311 2782 2380 eique
2825 2311 3091 2365 inhaerere
3130 2311 3435 2376 valeamus,
3475 2311 3732 2364 inﬁrmitati

2181 2413 2378 2457 nostrze
2403 2402 2482 2457 ria
2509 2403 2576 2458 de
2598 2401 2978 2472 temporalibus
3002 2409 3282 2472 promrata
3306 2411 3403 2464 est,
3429 2412 3480 2455 ut
3504 2414 3730 2473 quantum

2178 2494 2356 2549 itineri
2384 2494 2579 2548 sufﬁcit
2606 2495 2672 2549 ad
2705 2503 2902 2550 :etcrna
2929 2493 3280 2560 tendenti-um,
3310 2494 3556 2565 pnrterfta
3585 2504 3636 2548 et
3660 2493 3731 2547 fu-

2181 2589 2294 2639 tura
2333 2586 2634 2644 credamus.
2667 2585 2797 2652 Qme
2849 2585 2967 2638 ﬁdei
3013 2584 3310 2654 disciplina,
3361 2592 3412 2637 ut
3437 2586 3728 2639 auctoritate

2176 2677 2502 2749 prtepolleat,
2534 2678 2713 2732 divina
2757 2677 3122 2732 misericordia
3149 2679 3477 2748 gubernatur.
3507 2677 3724 2731 Prtesen.

2180 2769 2248 2822 tia
2276 2783 2422 2834 vero,
2455 2775 2710 2839 quantum
2736 2769 2800 2822 ad
2828 2778 3124 2823 creaturam
3159 2769 3409 2837 pertinet,
3440 2770 3487 2822 in
3512 2769 3730 2837 corporis

2178 2865 2236 2914 et
2266 2861 2428 2914 animi
2453 2861 2747 2915 mobilitate
2770 2867 2822 2914 et
2850 2859 3223 2924 mutabilitate,
3255 2860 3405 2930 quasi
3433 2857 3724 2914 transutmtia

2175 2954 2490 3008 sentiuntur.
2520 2951 2576 3008 ln
2599 2954 2788 3024 quibus
2814 2951 3070 3022 quidquid
3099 2969 3202 3006 non
3229 2953 3544 3021 experimur,
3572 2952 3725 3022 cogni-

2177 3046 2322 3101 tione
2345 3047 2716 3117 qualicumque
2745 3055 2926 3100 tenere
2955 3057 3064 3098 non
3081 3059 3380 3114 possumus.
3407 3045 3724 3113 Qmecumque

2175 3152 2302 3209 ergo
2331 3140 2485 3194 nobis
2517 3139 2587 3194 de
2628 3139 3050 3209 quibuscumque
3087 3139 3350 3192 creaturis
3381 3139 3468 3193 vel
3496 3137 3720 3207 prtcterita

2174 3232 2264 3286 vel
2300 3229 2472 3285 futura
2516 3230 2694 3286 divina
2748 3231 3066 3285 auctoritate
3126 3229 3391 3285 credenda
3453 3237 3714 3292 narrantur,

2173 3321 2412 3392 quamvis
2471 3321 2666 3390 partim
2721 3321 3026 3392 priusquam
3078 3333 3142 3376 ea
3185 3321 3391 3376 sentire
3437 3319 3722 3391 potuerimus

2172 3411 2540 3480 przeterierint,
2567 3411 2756 3480 partim
2774 3410 3010 3466 nondum
3039 3410 3092 3464 in
3118 3417 3332 3464 nostros
3358 3425 3544 3465 sensus
3568 3424 3721 3480 perre-

2171 3501 2380 3567 nerint;
2411 3510 2588 3556 tamen
2619 3501 2741 3572 quia
2774 3501 3062 3571 plurimum
3105 3501 3282 3554 valent
3308 3501 3378 3554 ad
3412 3499 3719 3556 roborandam

2170 3605 2320 3661 spem
2349 3599 2606 3657 nostram,
2629 3599 2683 3646 et
2705 3591 3088 3647 exhortandam
3114 3590 3483 3658 dilectionem,
3511 3591 3622 3645 dum
3639 3605 3717 3643 no-

2167 3681 2251 3737 bis
2289 3681 2662 3737 commendant
2707 3697 2801 3751 per
2844 3682 3295 3737 ordinatissimam
3323 3684 3522 3737 seriem
3546 3691 3717 3750 tempo-

2167 3789 2288 3830 rum
2322 3789 2486 3845 quam
2521 3790 2630 3828 non
2660 3775 2888 3846 negligat
2912 3775 3279 3829 liberationem
3315 3785 3554 3830 uestram
3578 3777 3714 3837 Dens,

2167 3868 2290 3924 sine
2321 3868 2426 3921 nlla
2454 3867 2783 3922 dubitatione
2809 3867 3072 3922 credenda
3106 3876 3247 3921 sunt.
3269 3866 3386 3923 Sed
3411 3868 3630 3939 quisquis
3649 3881 3716 3920 cr-

2166 3975 2262 4018 mr
2284 3976 2564 4033 personam
2619 3961 2716 4016 sibi
2755 3960 2950 4016 divinae
2991 3960 3323 4016 auctoritatis
3378 3961 3615 4022 assumit,
3661 3973 3711 4011 ea

2166 4057 2397 4112 maxime
2424 4057 2633 4110 ratione
2657 4054 2932 4120 refellitur,
2965 4053 3010 4108 si
3041 4063 3129 4107 aut
3151 4053 3394 4123 aliquam
3420 4055 3496 4108 vel
3521 4050 3709 4106 mutabi-

2166 4149 2268 4204 lem
2296 4149 2527 4219 speeiem
2559 4155 2754 4216 praeter
2773 4152 3072 4200 creaturam
3105 4141 3220 4211 Det,
3253 4154 3348 4200 aut
3375 4148 3590 4214 aliquam
3619 4157 3713 4195 mu-

2167 4240 2378 4294 tabilem
2429 4239 2656 4309 speciem
2687 4237 2744 4292 in
2795 4238 3086 4293 substantia
3139 4238 3228 4291 Dei
3260 4239 3482 4294 credere
3499 4234 3715 4292 autaflir-

2164 4347 2311 4386 mare
2335 4330 2687 4394 convincitur,
2735 4344 2956 4398 eamque
2987 4328 3336 4383 substantiam
3387 4329 3478 4384 Dei
3520 4327 3596 4382 vel
3619 4326 3713 4393 plus

2166 4424 2251 4478 vel
2281 4423 2454 4477 minus
2481 4438 2642 4494 quam
2670 4423 2979 4477 Trinitatem
3030 4435 3152 4476 esse
3180 4422 3455 4476 cont-endit
3477 4439 3490 4473 :
3510 4420 3588 4474 cui
3613 4415 3715 4472 ‘l'ri-

2163 4517 2312 4570 nitati
2350 4516 2435 4586 pie
2463 4516 2744 4585 sobrieque
2777 4513 3130 4584 intelligenda:
3171 4516 3347 4568 omnis
3374 4513 3578 4570 excubat
3599 4510 3715 4579 vigi~

2162 4608 2323 4662 lantia
2363 4607 2670 4668 christiana,
2703 4615 2757 4659 et
2785 4606 2956 4659 omnis
2983 4605 3104 4674 ejus
3126 4615 3408 4674 provectus
3434 4602 3711 4659 intenditur.

2162 4697 2240 4754 De
2267 4699 2420 4766 cujus
2443 4697 2717 4751 Trinitatis
2741 4697 2942 4751 unitate
2961 4705 3023 4752 et
3072 4697 3380 4766 mqualitate
3395 4740 3408 4764 ,
3432 4707 3483 4752 et
3508 4695 3715 4766 singula-

2160 4805 2280 4845 rum
2305 4789 2358 4844 in
2389 4805 2449 4845 ea
2484 4803 2829 4858 personarum
2854 4788 3080 4858 quadam
3111 4791 3468 4859 proprietate,
3518 4803 3615 4843 non
3644 4786 3715 4840 hic

2160 4882 2310 4936 locus
2336 4890 2419 4936 est
2443 4879 2760 4935 disserendi.
2798 4879 2926 4933 Nam
2955 4895 3382 4936 commemorare
3411 4880 3636 4952 quadam
3657 4876 3714 4930 de

2160 4975 2391 5032 Domino
2420 4975 2529 5028 Deo
2557 4983 2773 5028 auctore
2801 4981 2853 5028 et
2902 4971 3196 5028 formatore
3234 4982 3292 5029 et
3325 4976 3620 5029 ordinatore
3643 4984 3712 5024 re-

2158 5083 2278 5124 rum
2305 5067 2563 5129 omnium,
2581 5079 2698 5135 quae
2723 5063 2796 5119 ad
2817 5063 3221 5119 saluberrimam
3239 5065 3402 5119 fidem
3419 5065 3708 5134 pertineant,

2157 5169 2212 5216 et
2248 5161 2439 5229 quibus
2469 5161 2672 5214 lactens
2708 5165 2870 5228 atque
2903 5173 2932 5211 a
2969 5159 3199 5212 terrenis
3242 5159 3296 5212 in
3343 5159 3574 5212 coelestia
3611 5167 3710 5209 sese

2157 5253 2399 5308 attollere
2429 5251 2715 5320 incipiens,
2747 5250 2950 5304 utiliter
2970 5249 3381 5304 adminiculetnr
3401 5250 3641 5312 intentio,
3667 5255 3708 5298 et

2157 5345 2300 5400 factu
2339 5344 2646 5399 facillimum
2678 5351 2732 5397 et
2767 5357 2799 5399 a
2837 5341 3104 5412 plerisque
3135 5342 3248 5410 jam
3293 5341 3579 5396 factitatum
3605 5347 3705 5397 est:

2159 5445 2484 5509 pertractare
2523 5446 2699 5489 autem
2753 5435 2909 5489 istam
2955 5443 3150 5498 totam,
3194 5444 3358 5503 atque
3405 5434 3476 5488 ita
3521 5443 3712 5489 versare

3083 5595 3197 5639 mne
3213 5588 3455 5640 adversm
3470 5601 3565 5639 eo:
3575 5597 3708 5653 μ-

2164 5674 2188 5702 ι
2211 5650 2513 5718 tis'poterain
2537 5653 2719 5718 viribus
2737 5653 2964 5716 agebam,
2985 5650 3078 5714 qui:
3099 5658 3323 5718 naturam
3341 5652 3460 5718 nuli
3478 5664 3571 5700 me

2165 5736 2187 5765 ιι
2209 5710 2332 5779 cipit)
2357 5716 2602 5783 przeditatn
2635 5710 3036 5783 advoluta-notuit

2163 5766 2374 5844 «οάψεί
2415 5777 2710 5844 mem
2740 5766 2882 5844 ,ιω
3606 5766 3710 5844 ω

2164 5859 2188 5888 ι
2210 5840 2514 5906 audieram._..
2541 5838 2651 5906 ideo
2672 5838 2888 5900 quintam
2906 5836 3290 5906 optumatium
3310 5835 3488 5895 mihi,
3510 5845 3648 5898 qm
3664 5843 3712 5882 ut

2164 5919 2190 5951 ι
2211 5912 2293 5952 tua
2317 5900 2519 5965 epistula
2541 5903 2666 5951 inter
2689 5908 2892 5950 caeteras
2911 5900 3307 5950 eommemorasti.
3333 5914 3353 5941 ι

3402 6383 3730 6398 Α-ᾖ-ῄή-
3803 6383 3808 6386 -
