3822 6456
96 467 450 542 (μκπξξιίοτιθηι,
503 467 567 514 ut
617 454 910 529 perspicuae
941 449 1172 515 rationi,
1203 454 1457 518 quantum
1486 445 1538 499 in
1567 443 1668 498 hac

98 540 183 617 vita
230 559 417 621 datur,
469 554 657 608 omnis
688 553 914 604 humana
946 543 1289 614 intelligentia
1319 540 1627 609 subiugetur
1647 576 1666 602 ,

99 673 183 713 non
243 651 400 706 modo
457 647 714 715 eIOthio,
771 641 866 698 sed
933 653 1002 696 ne
1067 636 1393 707 cogitatione
1453 630 1668 702 quidem

101 750 166 806 vel
190 746 427 814 cuiquam
481 739 764 793 hominum
789 775 806 798 ,
855 734 936 788 vel
965 740 1110 786 certo
1151 727 1306 784 nobis
1333 725 1462 782 satis
1505 735 1670 791 expe-

104 844 240 898 ditum
287 845 340 892 et
383 832 546 888 facile
599 824 1011 902 aggrediendum
1058 821 1228 879 videri
1281 826 1478 890 potest.
1523 814 1682 871 Nunc

106 949 208 1005 ergo
248 939 301 984 ut
338 925 486 998 quod
536 922 906 982 instituimus,
950 926 1204 987 quantum
1249 913 1580 982 adiuvamur,
1621 913 1682 964 et

107 1001 323 1097 quantum
389 1019 633 1073 sinitnur
681 1024 998 1084 peragamus
1036 1027 1049 1063 :
1091 1019 1439 1078 qutectnnque
1491 1001 1674 1066 nobis,

110 1123 326 1188 quantum
354 1109 424 1166 ad
448 1121 757 1164 creaturam
786 1105 1014 1174 pertinet
1039 1141 1052 1164 ,
1097 1100 1182 1153 vel
1225 1105 1505 1152 narrantur
1536 1107 1678 1163 prte-

115 1208 238 1263 terita
261 1247 276 1270 ,
304 1203 386 1260 vel
433 1198 868 1271 tmervuntiantttr
893 1195 1066 1249 futura
1093 1234 1107 1256 ,
1137 1207 1256 1260 qua:
1303 1189 1369 1244 ad
1401 1199 1680 1242 cotutnen~

115 1298 313 1354 dandam
343 1293 563 1346 valeant
594 1290 851 1358 integram
891 1284 1198 1353 religionem
1220 1319 1237 1347 ,
1267 1277 1545 1335 excitando
1585 1287 1684 1328 nos

119 1384 599 1446 adsinterissitttam
628 1380 968 1436 dilectionem
1021 1376 1112 1430 Dei
1158 1383 1213 1428 et
1254 1369 1519 1442 proximi,
1565 1367 1685 1422 sine

121 1479 415 1537 dubitatione
463 1471 742 1530 credenda
783 1478 908 1524 Sltttl.
935 1485 947 1517 :
980 1465 1234 1521 adversus
1266 1459 1564 1516 incredulos
1585 1473 1683 1511 au-

125 1585 206 1628 tctn
251 1571 508 1624 hactenus
548 1561 887 1620 deiendenda
910 1601 925 1625 ,
979 1567 1035 1612 ut
1062 1556 1145 1612 vel
1181 1555 1320 1610 mole
1356 1547 1689 1607 auctoritatis

127 1665 366 1720 inﬁdelitas
392 1669 590 1714 eorum
613 1658 906 1716 olitcratur,
938 1651 1020 1704 vel
1047 1650 1128 1703 eis
1151 1657 1238 1701 ost
1271 1645 1483 1706 ndatur,
1513 1657 1686 1713 quau-

130 1765 212 1809 tum
238 1759 442 1824 potest,
480 1750 668 1818 primo
704 1759 862 1816 quam
894 1759 1000 1797 non
1029 1741 1100 1794 sit
1157 1738 1374 1793 stultum
1422 1736 1544 1790 talia
1574 1747 1693 1790 cre-

129 1847 260 1902 deue.
296 1843 490 1898 deinde
543 1855 710 1908 quam
757 1837 826 1890 sit
872 1832 1091 1889 stultum
1136 1831 1256 1884 talia
1299 1844 1403 1880 noti
1449 1825 1689 1880 credere.

133 1939 470 1992 Verumtamen
502 1933 696 1985 falsam
725 1927 1020 1983 doctrinam
1049 1939 1154 1978 non
1190 1933 1294 1976 tam
1320 1919 1388 1974 de
1413 1916 1694 1987 prtuteritis

135 2040 176 2083 et
209 2027 410 2089 tutttris,
455 2039 624 2093 quam
672 2020 739 2074 de
778 2016 1127 2087 prwsentibus
1153 2023 1208 2068 ct
1243 2010 1474 2065 maxime
1499 2008 1568 2062 de
1614 2009 1695 2061 in-

137 2110 561 2168 cutitututabititms
588 2112 805 2174 oportet
838 2101 1114 2166 refellere,
1142 2107 1195 2152 et
1219 2103 1475 2168 quantum
1515 2093 1693 2162 datur,

140 2204 372 2272 perspicua
435 2201 658 2258 ratione
699 2195 1038 2252 convincere.

193 2296 265 2349 til.
298 2293 434 2348 Sane
474 2292 530 2345 in
561 2289 710 2344 serie
749 2283 1119 2354 temporalium
1152 2282 1168 2313 ί
1200 2277 1527 2350 inquisitioni
1556 2291 1694 2347 prac-

144 2389 376 2442 tcrttornm
438 2383 750 2439 futurorum
804 2377 1130 2448 exspectatio
1185 2371 1517 2444 prmio-renda
1566 2378 1694 2426 est:

145 2479 527 2551 quandoquidem
558 2478 725 2532 etiam
751 2475 802 2527 in
828 2471 1020 2527 divinis
1050 2470 1222 2525 Libris
1244 2484 1306 2522 ea
1333 2483 1447 2535 qua:
1476 2473 1697 2536 prmter-

149 2574 198 2625 ita
238 2582 532 2631 narrantur,
580 2569 666 2622 vel
735 2564 1211 2634 pra-ﬁgurationem
1251 2559 1585 2622 futurorum,
1616 2555 1700 2610 vel

147 2665 538 2733 pollicitatmnem
567 2704 581 2725 ,
616 2660 704 2713 Vt‘l
733 2657 1156 2712 testitiCationem
1182 2669 1287 2724 pm:
1319 2669 1376 2706 se
1404 2659 1609 2720 gerunt.
1638 2650 1703 2703 ιςι

150 2771 295 2810 terer:
331 2758 379 2808 in
408 2756 471 2808 iis
511 2755 717 2817 etiam,
752 2764 870 2820 quae
909 2748 974 2802 ad
1009 2745 1145 2800 banc
1187 2747 1346 2797 vitam
1394 2743 1699 2812 pertinent,

149 2848 376 2918 prosperis
403 2845 757 2912 adversique
795 2841 975 2902 rebus,
1006 2835 1132 2908 quid
1164 2836 1388 2905 quisque
1421 2832 1576 2886 fuerit
1596 2846 1701 2886 non

152 2940 252 2992 satis
278 2947 420 2993 curat
449 2955 464 2992 :
493 2937 550 2990 in
583 2936 638 2988 id
669 2949 796 2988 vero
834 2930 975 3000 quod
1022 2930 1254 2982 futurunt
1283 2934 1554 2994 speratur,
1585 2937 1703 2978 sese

154 3032 294 3085 omnis
311 3047 558 3086 curarum
587 3037 753 3082 astus
783 3025 1126 3095 agglottierat.
1159 3018 1348 3074 Nescio
1377 3033 1484 3086 quo
1511 3016 1703 3086 quippe

157 3121 308 3175 iutinto
335 3122 671 3189 naturalique
713 3131 872 3171 sensu
897 3155 911 3181 ,
945 3128 1006 3167 ea
1031 3127 1148 3181 qua:
1177 3110 1330 3164 nobis
1358 3107 1663 3162 acciderunt
1686 3147 1701 3173 ,

158 3218 366 3283 quoniam
398 3226 668 3272 transacm
700 3220 821 3266 sunt
845 3251 860 3275 ,
893 3209 970 3262 sic
1001 3206 1260 3260 habentur
1285 3203 1353 3258 ad
1381 3208 1704 3256 momentum

160 3306 390 3364 lelicttatis
429 3318 482 3364 ct
533 3306 789 3368 miseriae,
842 3301 992 3372 quasi
1046 3313 1311 3368 nunquam
1367 3295 1702 3350 accidissmtt.

160 3399 266 3466 Quid
293 3399 443 3470 igitur
485 3398 620 3454 mibi
647 3396 818 3457 obest,
849 3393 894 3446 si
918 3407 1037 3447 esse
1063 3391 1276 3458 quando
1316 3387 1570 3456 tta-perint
1616 3399 1710 3439 ne-

162 3491 271 3557 scio,
295 3507 404 3546 cum
431 3506 554 3546 esse
587 3504 674 3542 me
701 3485 960 3548 noverim,
991 3498 1088 3537 nec
1117 3480 1352 3535 futurum
1373 3493 1493 3532 esse
1517 3477 1706 3547 despue

162 3584 279 3636 rem?
301 3583 410 3640 Non
435 3583 583 3639 enim
618 3581 672 3634 in
697 3577 964 3646 praeterita
992 3590 1076 3628 me
1099 3572 1346 3634 attendo,
1380 3583 1435 3624 ut
1459 3580 1706 3638 tanquam

163 3688 358 3730 erntretn
387 3672 898 3746 perniciosissimum
926 3683 1136 3734 verear,
1165 3666 1210 3721 si
1240 3663 1392 3718 aliter
1417 3663 1482 3717 de
1505 3665 1566 3716 iis
1583 3677 1709 3716 sett-

164 3780 258 3819 sero
281 3785 430 3838 quam
461 3769 714 3822 fuerunt:
745 3763 837 3818 sed
870 3763 921 3816 in
946 3761 995 3813 id
1027 3760 1162 3830 quod
1203 3757 1409 3811 futurus
1429 3772 1568 3820 sunt,
1591 3769 1712 3809 cur-

164 3871 255 3912 sum
275 3862 436 3932 dirigo
455 3861 596 3916 duce
628 3855 990 3913 misericordia
1019 3851 1322 3907 UmtlilOl‘iS
1349 3851 1472 3904 tnei.
1507 3849 1580 3903 De
1610 3849 1711 3904 hoc

165 3949 292 4018 igitur
316 3957 450 4024 quod
473 3954 686 4010 futurus
708 3967 846 4014 sum,
876 3960 928 4004 et
955 3949 1019 4003 de
1046 3948 1139 4002 illo
1161 3945 1299 4016 apud
1321 3961 1478 4016 quem
1508 3944 1710 4000 futurus

168 4055 287 4111 tum,
314 4048 355 4100 si
375 4050 532 4104 aliter
559 4061 718 4115 quam
762 4044 960 4097 veritas
986 4055 1106 4096 sese
1134 4041 1294 4096 liabet
1317 4037 1598 4092 credidero
1622 4046 1712 4090 aet

168 4144 386 4203 serosero,
427 4143 778 4192 vehementer
821 4132 1087 4188 cavendus
1131 4140 1213 4184 est
1249 4141 1433 4194 error;
1484 4145 1550 4182 ne
1583 4127 1709 4181 mihi

169 4237 240 4281 aut
282 4226 572 4287 nece'smria
621 4246 725 4284 non
763 4241 1055 4298 papavera
1081 4267 1096 4288 ,
1140 4232 1230 4277 aut
1277 4221 1344 4275 ad
1390 4237 1514 4276 etim
1543 4222 1711 4290 ipsum

171 4317 297 4376 linem
324 4325 575 4395 propositi
594 4323 696 4378 mei
721 4363 738 4389 ,
766 4321 890 4375 dum
919 4318 1064 4372 aliud
1092 4333 1186 4386 pro
1207 4316 1311 4370 alio
1329 4315 1458 4370 mihi
1487 4314 1710 4379 videtur,

173 4418 411 4479 pervenire
435 4420 543 4472 non
578 4417 795 4486 possim.
825 4413 1178 4481 Quamobrem
1204 4451 1219 4476 ,
1244 4411 1379 4462 sicut
1407 4409 1472 4462 ad
1496 4423 1713 4477 Cttttlpa-

172 4506 356 4562 randum
382 4519 590 4565 vestem
613 4507 743 4561 nihil
772 4507 902 4561 milii
929 4507 1171 4567 obesset,
1206 4501 1250 4555 si
1283 4502 1560 4570 prasteritm
1593 4501 1709 4554 hie-

173 4596 256 4652 mis
279 4601 459 4657 oblitus
487 4616 665 4658 essem
688 4640 703 4666 ,
735 4600 950 4654 obesset
991 4605 1168 4651 autem
1195 4596 1237 4648 si
1267 4593 1500 4647 futurum
1547 4572 1716 4662 frigus

177 4685 419 4750 imminere
439 4710 544 4752 non
574 4694 880 4750 crederem:
902 4693 968 4744 ita
996 4690 1128 4744 nihil
1153 4689 1324 4744 oberit
1347 4687 1535 4741 anima:
1561 4699 1714 4752 mete,

181 4781 216 4835 Si
235 4785 384 4842 olilita
409 4798 490 4844 est
519 4789 648 4861 quid
673 4787 809 4842 forte
837 4783 1112 4856 pertulerit
1136 4825 1151 4848 ,
1174 4784 1217 4836 si
1259 4781 1418 4836 modo
1442 4781 1719 4849 diligenter

181 4875 388 4936 advertat
416 4892 468 4938 et
504 4891 681 4938 teneat
709 4895 815 4951 quo
841 4895 898 4934 se
926 4879 1178 4948 deinceps
1206 4891 1391 4945 parare
1421 4884 1714 4929 moneatur.

179 4963 399 5036 Etsicut,
429 4974 575 5030 verbi
602 4976 789 5044 gratia,
828 4972 1049 5025 Romam
1095 4968 1358 5038 naviganti
1400 4966 1529 5020 nihil
1559 4979 1718 5020 noce-

181 5068 246 5112 νει
279 5063 318 5116 si
343 5067 622 5121 excidisset
658 5066 868 5130 animo,
908 5077 937 5115 a
972 5075 1079 5131 quo
1109 5062 1284 5114 littore
1316 5073 1502 5112 navem
1543 5058 1718 5112 solve—

181 5147 261 5215 τῖε,
286 5153 399 5210 dum
460 5166 632 5212 tamen
670 5157 739 5210 ab
780 5157 845 5210 eo
882 5154 1000 5207 loco
1039 5153 1128 5206 ubi
1153 5161 1295 5206 esset
1329 5165 1432 5204 non
1457 5151 1722 5221 ignoraret

185 5252 270 5308 quo
291 5251 493 5314 proram
523 5249 775 5321 dirigeret
801 5262 816 5312 ;
845 5245 976 5300 nihil
1012 5251 1190 5300 autem
1219 5243 1492 5313 prodesset
1528 5243 1718 5297 memi-

184 5329 308 5389 nisse
355 5339 540 5396 littoris
569 5341 714 5396 unde
765 5339 869 5392 iter
906 5349 1128 5390 exorsus
1173 5335 1260 5398 sit,
1293 5335 1336 5388 si
1366 5329 1431 5387 de
1484 5334 1722 5388 Romano

186 5433 315 5491 portu
331 5429 510 5488 falsum
525 5431 727 5504 aliquid
743 5430 1074 5495 existimans,
1106 5429 1156 5482 in
1177 5442 1303 5484 saxa
1330 5426 1595 5481 incidisset
1618 5445 1630 5481 :
1651 5427 1720 5481 ita

187 5525 331 5586 neque
374 5525 416 5576 sl
466 5540 568 5580 non
615 5534 837 5580 tenuem
881 5521 1086 5576 initium
1126 5519 1378 5587 temporis
1404 5519 1524 5571 vita!
1548 5527 1717 5586 mete,

193 5607 441 5681 quidquam
474 5618 601 5672 mihi
633 5616 804 5672 oberit
847 5613 1033 5671 scienti
1071 5627 1178 5682 quo
1217 5613 1319 5664 line
1349 5611 1717 5679 requiescam;

195 5710 272 5752 "‘30
299 5707 555 5772 prodesset
603 5708 794 5778 aliquid
845 5707 930 5761 illa
973 5705 1083 5760 sive
1126 5703 1374 5756 memoria
1403 5700 1512 5756 sive
1538 5703 1720 5772 conjce

243 5792 260 5824 ⁸
273 5797 368 5849 Bad.
383 5806 452 5851 Er.
469 5810 519 5854 et
531 5813 634 5857 Mss.
649 5810 844 5866 septem
862 5815 878 5854 :
894 5809 1014 5853 Sane
1037 5798 1088 5852 in
1108 5796 1302 5850 miseria
1320 5797 1668 5862 temporalium.

1421 324 1622 381 LlBER
1658 322 1973 381 TERTIUS.

3228 330 3362 388 i302

1775 454 1922 502 ctura
1953 446 2214 505 inchoata:
2241 449 2388 517 vitm,
2405 450 2448 505 si
2474 447 2542 506 de
2569 449 2683 520 ipso
2705 450 2834 518 Deo,
2854 450 2942 524 qui
2964 466 3100 506 unus
3121 451 3360 508 laborum

1779 538 1971 592 anima:
2001 539 2121 596 linis
2149 551 2232 598 est
2253 584 2268 608 ,
2297 543 2452 599 aliter
2480 558 2638 614 quant
2665 544 2880 615 dignum
2902 554 2983 601 est
3011 544 3277 614 opinatus,
3305 545 3358 600 in

1778 632 2028 702 scopulos
2053 635 2250 689 erroris
2278 637 2556 692 irruerent.

1852 722 1936 778 62.
1968 723 2077 780 Nec
2099 726 2197 782 iste
2221 742 2398 784 sermo
2424 729 2489 783 ad
2521 728 2572 784 id
2601 728 2843 793 valuerit,
2872 738 2927 784 ut
2956 731 3233 800 quisquam
3265 745 3362 787 nos

1781 815 2067 886 prohibere
2093 818 2377 874 arbitretur
2410 831 2467 875 ut
2497 800 2738 891 qnam-iiut
2761 823 2850 891 qui
2883 823 3148 891 potuerint
3173 838 3364 878 secuno

1781 905 1908 960 dum
1937 905 2237 979 Scripturas
2267 909 2518 964 divinitus
2547 914 2828 981 inspiratus
2848 953 2864 977 ,
2897 923 3070 966 mrum
3099 916 3271 967 anima
3299 915 3365 970 de

1782 999 1959 1052 anima
1993 1012 2332 1071 propagetur,
2358 1017 2423 1058 an
2455 1018 2551 1058 δυο
2575 1019 2765 1074 cuique
2792 1004 3042 1058 animanti
3072 1003 3288 1074 singula:
3317 1007 3367 1061 in

1785 1091 1902 1160 ipso
1946 1093 2102 1158 liant,
2149 1110 2216 1148 an
2259 1097 2325 1150 ad
2367 1098 2654 1166 regendum
2702 1099 3148 1168 animandontque
3176 1116 3370 1169 eoipus

1787 1185 1968 1240 divmo
1995 1194 2125 1240 nutu
2157 1188 2400 1242 alicunde
2427 1190 2729 1265 mittantur,
2751 1192 2832 1244 vel
2865 1195 3074 1261 propria
3107 1195 3370 1250 voluntate

1786 1291 1846 1331 sc
1887 1279 2186 1345 insinuent;
2216 1281 2258 1333 si
2289 1281 2368 1334 vel
2412 1282 2634 1350 :tliCujttS
2684 1283 3024 1352 espediendae
3057 1289 3370 1341 necessariae

1791 1371 2101 1440 quaestionis
2128 1373 2263 1425 ratio
2298 1371 2494 1440 ﬂagitat
2526 1373 2625 1427 ista
2655 1375 2988 1429 Considerate
3014 1387 3170 1446 atque
3199 1377 3374 1430 discu-

1792 1471 1924 1526 tere,
1956 1464 2037 1516 νει
2082 1480 2111 1518 a
2145 1464 2304 1518 rebus
2342 1465 2508 1534 magis
2568 1466 2880 1519 necessariis
2929 1469 3096 1522 otium
3147 1469 3211 1534 ad
3262 1470 3376 1523 lucc

1791 1557 2078 1626 quterenda
2110 1571 2163 1610 et
2192 1557 2502 1612 dissa'ettda
2525 1558 2850 1612 eone-ditur.
2884 1558 3076 1613 Verum
3105 1559 3169 1614 ad
3207 1559 3257 1614 id
3286 1576 3375 1628 po-

1795 1648 1899 1702 tius
1956 1649 2051 1701 ista
2085 1647 2309 1703 dixerim
2336 1689 2354 1714 ,
2386 1664 2451 1702 ne
2488 1650 2608 1717 quis
2635 1648 2687 1702 in
2715 1665 2772 1701 re
2803 1649 2890 1702 tali
2918 1650 3004 1704 vel
3033 1659 3226 1706 temere
3252 1666 3372 1707 suc-

1795 1749 2015 1795 censeat
2038 1741 2086 1794 ei
2121 1741 2208 1810 qui
2236 1756 2344 1794 suae
2368 1741 2604 1810 Opinioni
2634 1741 2947 1796 humaniore
2979 1742 3202 1798 fortasse
3225 1745 3374 1798 dubi-

1796 1835 1996 1888 tatione
2019 1848 2123 1888 non
2154 1835 2294 1890 cedit
2324 1853 2336 1888 :
2369 1845 2460 1888 aut
2488 1835 2647 1889 etiam
2676 1836 2719 1887 si
2755 1835 2880 1904 quid
2914 1835 3038 1889 hinc
3074 1838 3205 1892 certi
3236 1839 3380 1907 quis-

1796 1940 1954 1994 quam
1999 1935 2054 1980 et
2097 1925 2276 1995 liquidi
2309 1924 2806 1996 comprehenderit,
2858 1924 2977 1981 ideo
3025 1935 3174 1996 putet
3226 1929 3383 1981 alium

1798 2031 1950 2086 spem
1983 2015 2280 2086 perdidisse
2301 2018 2623 2082 futurorum,
2646 2017 2766 2087 quia
2791 2018 3060 2088 praeterita
3076 2032 3264 2073 exorsa
3280 2033 3387 2073 non

1798 2109 2003 2162 recolit.

1798 2199 2024 2254 CAPUT
2075 2196 2646 2269 XXIL—Ignorantia
2685 2207 2731 2250 et
2774 2197 3042 2268 difﬁcultas
3069 2199 3112 2255 si
3141 2202 3388 2256 naturalis

1871 2302 1942 2347 est
1995 2292 2184 2344 homini
2214 2330 2233 2359 ,
2275 2307 2378 2346 non
2443 2298 2705 2362 propterea
2757 2289 2891 2343 deest
2955 2291 3088 2344 unde
3153 2290 3388 2346 laudetur

1873 2383 2098 2438 Greater.
2709 2422 2714 2427 .

1875 2481 1961 2534 65.
1993 2481 2214 2548 Quoquo
2237 2476 2395 2532 modo
2407 2485 2582 2533 autem
2604 2491 2664 2533 se
2692 2476 2832 2532 istud
2855 2477 3062 2544 habeat,
3084 2478 3196 2534 sive
3215 2481 3390 2536 omni-

1805 2586 1876 2650 np
1910 2570 2263 2626 omittendum
2289 2609 2304 2637 ,
2330 2569 2444 2625 sive
2472 2585 2611 2623 nunc
2645 2568 2998 2625 ditl‘erendum
3023 2579 3077 2625 et
3101 2571 3235 2625 alias
3250 2587 3382 2627 cono

1805 2666 2144 2720 siderandutn
2173 2664 2280 2730 sit,
2309 2679 2544 2734 praesens
2573 2672 2751 2717 tamen
2779 2664 3002 2731 quiestio
3028 2680 3132 2718 non
3164 2666 3389 2735 impedi-

1807 2765 1911 2821 tur,
1943 2771 2227 2826 quonunus
2262 2764 2515 2825 appareat
2547 2756 2885 2825 integerrima
2914 2763 2970 2809 et
3005 2754 3299 2824 justissima
3333 2766 3388 2812 ct

1809 2851 2119 2906 inconcussa
2149 2860 2307 2920 atque
2328 2848 2743 2904 incommutabili
2769 2849 3043 2917 majestate
3067 2860 3120 2903 et
3144 2850 3393 2905 substan-

1808 2946 1878 2998 tia
1928 2945 2222 3007 Creatoris,
2250 2942 2508 3013 snpplieia
2565 2949 2898 3012 peccatorum
2933 2957 3149 2996 suorum
3189 2943 3393 2997 animas

1807 3039 1953 3093 luere
1987 3056 1999 3091 :
2030 3053 2152 3105 qua:
2197 3045 2443 3106 peccata,
2483 3045 2540 3089 ut
2566 3035 2674 3100 iam
2704 3033 2793 3088 diu
2835 3023 3225 3101 disseruimus,
3255 3048 3390 3090 non-

1809 3134 1909 3188 nisi
1940 3131 2168 3202 propria:
2193 3129 2452 3185 voluntati
2477 3144 2660 3183 earum
2688 3127 2965 3184 tribuenda
2985 3137 3139 3191 sunt,
3161 3143 3260 3183 nec
3285 3128 3394 3183 ulla

1812 3227 2030 3280 ulterior
2051 3225 2069 3258 ί
2099 3231 2440 3294 peccatorum
2461 3237 2618 3276 causa
2641 3220 2948 3289 quarrenda.

1881 3320 1968 3375 64.
1999 3317 2298 3388 Ignorantia
2342 3330 2470 3370 vero
2495 3323 2547 3368 et
2576 3314 2862 3368 difﬁcultas
2901 3313 2944 3366 si
2988 3312 3242 3367 naturalis
3267 3321 3350 3367 est
3376 3352 3390 3375 ,

1814 3411 1938 3467 inde
1983 3411 2169 3479 incipit
2197 3409 2370 3462 anima
2413 3405 2706 3477 proﬁcere,
2747 3415 2802 3460 et
2838 3406 2904 3460 ad
2952 3406 3305 3476 cognitionem
3344 3414 3398 3461 et

1814 3504 2085 3574 requiem,
2115 3501 2288 3557 donec
2323 3501 2375 3554 in
2401 3515 2468 3556 ea
2496 3499 2801 3569 perﬁciatur
2825 3498 2930 3552 vita
2961 3497 3116 3552 beata
3135 3540 3150 3563 ,
3183 3511 3398 3567 promo-

1813 3596 1948 3650 veri.
1979 3594 2154 3662 Quem
2196 3592 2490 3662 profectum
2537 3590 2588 3644 in
2619 3589 2812 3644 studiis
2837 3589 3052 3657 Optimis
3087 3598 3250 3658 atque
3286 3589 3400 3657 pie-

1815 3695 1959 3748 tate,
1998 3699 2222 3755 quorum
2271 3682 2492 3738 facultas
2522 3683 2572 3737 ei
2604 3696 2714 3736 non
2743 3690 2930 3749 negata
2956 3688 3070 3746 est,
3105 3679 3150 3735 si
3189 3680 3401 3749 propria

1813 3783 2090 3836 voluntate
2118 3777 2448 3848 neglexerit,
2479 3775 2622 3844 jnste
2675 3775 2728 3827 itt
2767 3773 3094 3842 graviorem,
3143 3788 3262 3840 qum
3289 3772 3400 3839 iam

1817 3874 2040 3945 poenalis
2095 3880 2206 3937 est,
2263 3867 2618 3937 ignorantiam
2649 3865 3122 3932 difficultatemque
3155 3863 3400 3931 praeeipi—

1817 3971 1976 4025 tatnr,
2011 3961 2390 4015 decentissima
2410 3965 2462 4010 et
2482 3955 2990 4010 convenientissima
3013 3965 3196 4006 rerum
3223 3951 3400 4006 tunde-

1816 4059 2020 4113 ramine
2047 4057 2096 4109 in
2124 4052 2464 4108 interioribus
2495 4049 2733 4102 ordinata
2761 4050 2804 4101 ².
2825 4047 2942 4101 Non
2966 4045 3105 4100 enim
3141 4044 3278 4114 quod
3303 4061 3397 4099 na-

1819 4150 2056 4206 turaliter
2084 4145 2254 4200 nescit
2279 4151 2334 4196 et
2376 4141 2685 4194 naturaliter
2711 4155 2817 4194 non
2849 4147 3060 4207 potest,
3085 4135 3188 4191 hoc
3209 4142 3402 4191 anima:

1816 4243 2099 4311 deputatur
2145 4237 2195 4290 in
2243 4243 2480 4298 reatum;
2521 4230 2617 4286 sed
2660 4229 2804 4300 quod
2836 4231 2975 4285 scire
3011 4245 3116 4283 non
3159 4229 3398 4295 studuit,

1819 4345 1872 4390 et
1894 4332 2034 4403 quod
2059 4331 2270 4398 dignam
2297 4323 2916 4393 facilitati-comparandis
2941 4322 3006 4376 ad
3033 4331 3178 4376 recte
3201 4321 3401 4375 facien-

1820 4429 1946 4482 dum
1990 4439 2208 4494 operam
2245 4437 2349 4476 non
2392 4419 2556 4474 dedit.
2585 4418 2754 4488 Loqui
2792 4419 2934 4472 enim
2981 4431 3084 4470 non
3128 4429 3286 4469 nosse
3326 4427 3405 4470 a-

1820 4536 1922 4592 que
1950 4534 2051 4573 nou
2100 4531 2257 4586 posse
2282 4556 2296 4579 ,
2332 4512 2514 4567 infanti
2553 4511 2792 4565 naturale
2818 4518 2899 4565 eet
2925 4527 2940 4562 :
2964 4523 3080 4578 qua:
3114 4508 3404 4578 ignorantia

1827 4612 2218 4679 difiicultasq-ue
2267 4605 2530 4660 sermonis
2581 4611 2684 4657 non
2743 4601 2906 4656 modo
2939 4599 3272 4670 inculpabilis
3311 4603 3408 4654 sub

1823 4705 2292 4776 grammaticorum
2335 4696 2567 4766 legibus,
2609 4691 2703 4747 sed
2732 4693 2892 4746 etiam
2938 4690 3187 4748 humanis
3208 4691 3410 4746 allecti-

1825 4799 1922 4853 bus
1946 4797 2134 4850 blanda
2157 4803 2209 4848 et
2235 4801 2384 4862 grata
2411 4799 2526 4855 est;
2561 4801 2670 4842 non
2696 4787 2838 4842 enim
2867 4786 2977 4840 ullo
3003 4787 3136 4841 vitio
3162 4787 3304 4840 illam
3335 4785 3409 4839 t‘a-

1828 4892 2076 4946 cultatem
2110 4899 2426 4957 comparare
2474 4883 2728 4952 neglexit,
2783 4888 2874 4935 aut
2924 4880 3033 4934 ullo
3073 4880 3212 4934 vitio
3250 4895 3406 4950 quam

1823 4987 2155 5051 compararat
2173 4976 2366 5030 antisit.
2388 4975 2586 5044 Itaque,
2609 4971 2652 5027 si
2687 4971 2840 5026 nobis
2865 4972 2920 5026 in’
2943 4972 3246 5042 eloquentia
3269 4981 3409 5025 esset

1827 5071 2100 5131 beatitudo
2123 5070 2432 5134 constituta,
2456 5075 2614 5136 atque
2644 5066 2714 5118 ita
2746 5065 2958 5120 crimini
2983 5065 3264 5119 duceretur
3287 5073 3404 5116 cum

1826 5175 2075 5239 peccatur
2112 5164 2164 5216 in
2191 5162 2380 5231 linguae
2409 5159 2553 5213 sonis
2573 5198 2588 5224 ,
2635 5155 3081 5226 quem-admodum
3111 5167 3230 5208 cum
3279 5163 3403 5219 pec-

1825 5271 1974 5319 catur
1989 5260 2040 5313 in
2057 5255 2258 5310 actibus
2279 5251 2399 5306 vitae
2414 5270 2426 5314 ;
2442 5250 2616 5304 nullus
2638 5249 2817 5317 utique
2837 5255 3140 5317 argueretur
3155 5243 3404 5308 infantitn,

1827 5353 1967 5427 quod
1993 5351 2060 5407 ab
2099 5365 2160 5405 ea
2191 5356 2331 5402 esset
2362 5359 2583 5401 exorsus
2609 5343 2672 5396 ad
2700 5337 3122 5409 consequendam
3145 5335 3402 5403 eloquen-

1830 5450 1957 5505 tiam
1994 5463 2005 5498 :
2031 5444 2124 5499 sed
2147 5443 2304 5514 plane
2339 5439 2530 5495 merito
2557 5436 2911 5493 damnaretur,
2956 5429 3000 5482 si
3029 5440 3140 5481 sure
3166 5429 3398 5482 volunto-

1891 5610 1908 5641 ί
1935 5613 2000 5656 tta
2011 5609 2118 5652 Mss.
2138 5605 2190 5652 et
2202 5598 2500 5662 antiquiores
2519 5589 2630 5642 edd.
2658 5593 2712 5642 At
2735 5593 2844 5635 Lor.
2870 5584 3037 5643 habet,
3059 5593 3144 5633 nec
3165 5579 3264 5631 ulla
3284 5580 3403 5632 inte-

1825 5684 2040 5780 nottriiditl
2059 5764 2072 5790 ,
2098 5729 2146 5777 in
2169 5720 2473 5788 tnm'iaribus
2493 5714 2758 5766 ordinante.
2778 5716 2832 5758 At
2846 5715 2948 5757 Mss.
2967 5707 3258 5770 qubtdecnn,
3274 5706 3410 5758 σται-

1825 5801 1957 5845 nata.

3412 667 3776 754 eruet”

3565 766 3658 787 ά
3726 759 3736 771 ¹
