3824 6296
89 225 196 289 I505

84 337 312 399 notissime
335 333 590 406 flagitant,
639 337 698 388 ut
723 344 825 388 nec
845 338 1072 388 mortem
1109 344 1211 387 nec
1235 329 1397 386 ullam
1423 346 1609 387 corru-

84 437 272 505 ptionem
302 429 559 499 patiantur
583 439 802 495 corpora
841 425 1147 489 bestiarum,
1182 424 1329 496 quasi
1368 439 1472 479 non
1503 425 1610 478 sint

83 520 300 584 mortalia,
343 533 460 572 cum
491 517 598 571 sint
628 514 838 581 infima;
878 523 973 570 aut
1011 515 1131 570 ideo
1159 515 1294 570 mala
1329 515 1454 579 sint,
1485 515 1607 584 quia

83 624 177 669 sunt
195 611 412 666 cretestia
443 609 685 663 meliora.
717 607 879 662 Dolor
896 616 1072 662 autem
1103 622 1260 677 quem
1285 606 1466 662 bestia:
1486 620 1607 661 sen-

83 707 203 767 tiunt,
240 701 521 754 animarum
563 698 724 752 etiam
761 697 1062 753 bestialium
1095 697 1198 752 vim
1228 697 1512 768 quamdam
1551 697 1604 752 in

84 813 153 851 suo
194 808 371 864 genere
413 791 708 846 mirabilem
764 790 1189 860 laudabilemque
1243 790 1600 845 commendat.

83 889 165 942 Iloc
184 886 284 956 ipso
305 883 439 938 enim
466 883 596 937 satis
616 891 835 951 apparet
857 881 910 936 in
931 881 1177 952 regendis
1203 882 1604 952 animandisque

82 983 163 1034 suis
186 976 494 1046 corporibus,
538 990 695 1045 quam
723 975 830 1030 sint
856 983 1166 1046 appetentes
1200 975 1436 1029 unitatis.
1465 974 1601 1042 Quid

83 1083 141 1126 est
170 1071 289 1126 enim
321 1067 456 1122 aliud
495 1067 669 1133 dolor,
715 1067 815 1121 nisi
850 1066 1064 1137 quidam
1103 1081 1294 1122 sensus
1329 1066 1602 1120 divisionis

83 1164 142 1217 vel
170 1158 492 1228 corruptionis
522 1157 836 1226 impatiens?
865 1155 1017 1212 Unde
1047 1156 1164 1211 luce
1201 1155 1395 1210 clarius
1434 1168 1599 1223 appa-

83 1263 297 1320 retquam
335 1249 400 1302 sit
425 1249 512 1303 illa
553 1249 724 1301 anima
766 1248 817 1301 in
864 1247 945 1302 sui
991 1246 1231 1316 corporis
1257 1245 1601 1300 universitate

83 1342 198 1397 avida
225 1341 418 1394 unitatis
442 1349 497 1393 et
536 1347 710 1400 tenax.
744 1353 860 1408 qua:
904 1352 1003 1393 nec
1034 1337 1279 1403 libenter,
1312 1353 1410 1392 nec
1439 1336 1594 1391 indif-

85 1437 280 1496 lerenter,
305 1430 391 1485 sed
415 1431 588 1500 potius
618 1429 904 1484 renitenter
929 1439 980 1484 et
1010 1430 1334 1484 reluctanter
1359 1429 1591 1483 intendi-

85 1537 141 1578 tur
164 1526 204 1578 in
221 1538 327 1578 eam
354 1522 654 1591 passionem
678 1520 1046 1624 corporisâ€™sui,
1077 1535 1179 1590 qua
1205 1519 1320 1590 ejus
1341 1520 1594 1574 unitatem

84 1629 199 1688 atque
237 1616 576 1686 integritatem
618 1610 924 1669 labefactari
965 1613 1189 1667 moleste
1226 1611 1434 1680 accipit.
1480 1610 1594 1666 Non

82 1727 172 1779 ergo
191 1719 442 1779 appareret
473 1715 702 1778 quantus
737 1705 1076 1762 inferioribus
1100 1707 1356 1761 creaturis
1387 1706 1593 1760 anima-

83 1804 181 1856 libus
210 1810 334 1857 esset
372 1801 634 1871 appetitus
673 1797 912 1864 unitatis,
945 1797 1045 1852 nisi
1071 1797 1256 1852 dolorc
1280 1797 1590 1852 bestiarum.

83 1891 242 1958 Quodsi
262 1907 355 1946 non
381 1899 680 1962 appareret,
711 1891 885 1944 minus
905 1903 1062 1959 quam
1089 1903 1221 1958 Opus
1240 1897 1383 1944 esset
1405 1889 1592 1943 admo~

85 1999 273 2038 ueremur
296 1983 357 2036 ab
377 1983 462 2036 illa
481 1997 690 2037 summa
721 1991 774 2037 et
803 1980 1016 2036 sublimi
1041 1988 1095 2036 et
1119 1979 1370 2035 ineffabili
1394 1981 1594 2036 unitate

83 2073 282 2129 Creatoris
305 2089 415 2128 esse
436 2074 616 2128 omnia
637 2075 737 2129 ista
766 2073 1070 2128 constituta.

128 2167 192 2220 70.
229 2167 281 2220 Et
316 2182 490 2222 revera
521 2167 572 2221 si
606 2167 689 2237 pie
726 2181 790 2220 ac
815 2165 1094 2236 diligenter
1129 2164 1392 2230 attendas,
1419 2165 1592 2220 omnis

77 2276 268 2323 creatura:
286 2260 485 2335 Species
503 2266 571 2319 et
599 2268 771 2317 motus
792 2259 882 2335 qui
910 2257 962 2315 in
993 2257 1153 2314 animi
1181 2257 1393 2311 humani
1419 2258 1593 2311 consi-

80 2360 330 2414 derationem
356 2359 511 2423 cadit,
569 2356 920 2413 eruditionem
961 2367 1196 2411 nostram
1227 2350 1474 2425 loquitur,
1507 2349 1589 2405 di-

84 2453 204 2507 versis
244 2453 455 2507 motibus
496 2459 553 2506 et
598 2450 986 2516 affectionibus,
1031 2449 1179 2519 quasi
1223 2448 1446 2519 quadarn
1497 2464 1589 2500 va-

86 2547 218 2599 rietate
246 2545 542 2615 linguarum,
577 2543 813 2612 undique
848 2542 1083 2596 clamans
1119 2551 1276 2609 atque
1314 2540 1591 2608 increpans

85 2637 425 2706 agnoscendum
468 2651 592 2691 esse
638 2635 964 2689 Creatorem.
1011 2633 1162 2687 Nulla
1206 2633 1347 2688 enim
1391 2647 1476 2686 res
1510 2641 1592 2686 est

87 2743 213 2782 earum
248 2746 350 2800 qua:
401 2745 498 2784 nec
531 2727 776 2783 dolorem
822 2742 922 2781 nec
963 2726 1280 2794 voluptatem
1333 2725 1586 2787 sentiunt,

86 2835 164 2887 qua:
187 2836 271 2874 non
305 2821 468 2890 aliqua
518 2820 721 2874 unitate
754 2817 916 2872 decus
961 2816 1155 2887 praprii
1195 2816 1404 2885 generis
1443 2830 1588 2869 asse-

86 2917 233 2976 quatur,
262 2911 334 2964 vel
357 2911 572 2966 omnino
616 2921 819 2964 naturae
859 2923 969 2962 suae
996 2908 1434 2977 qualemcumque
1471 2915 1587 2960 sta-

85 2996 293 3054 bilitatem.
329 2999 472 3055 Nulla
504 3002 634 3056 item
675 3015 763 3054 res
807 3006 890 3054 est
914 3012 1096 3052 earum
1121 3013 1238 3068 qua:
1272 2996 1357 3050 vel
1391 2996 1589 3052 doloris

86 3087 306 3156 molestias,
333 3092 412 3146 vel
440 3090 725 3146 blanditias
756 3089 990 3144 sentiunt
1010 3087 1312 3157 voluptatis,
1338 3102 1453 3158 quae
1483 3103 1588 3142 non

87 3192 129 3230 eo
146 3181 234 3248 ipso
251 3199 342 3251 quo
361 3184 600 3238 dolorem
629 3181 778 3252 fugit,
809 3181 1239 3250 voluptatemque
1264 3181 1480 3251 appetit,
1512 3181 1592 3235 di-

88 3273 360 3341 remptionem
391 3291 449 3331 se
478 3274 686 3347 fugere,
730 3274 1093 3343 unitatemque
1124 3281 1392 3343 appetere,
1421 3272 1587 3327 fatea-

89 3367 157 3413 tur.
189 3361 322 3435 Inque
348 3367 472 3436 ipsis
510 3364 863 3421 rationalibus
897 3363 1087 3419 animis
1119 3363 1292 3418 omnis
1328 3363 1590 3435 appetitus

89 3455 328 3522 cognitionis
347 3475 444 3529 qua
466 3461 554 3514 illa
585 3467 772 3513 natura
796 3457 1022 3522 laetatur,
1048 3467 1098 3511 et
1127 3456 1191 3509 ad
1223 3457 1476 3512 unitatem
1501 3474 1589 3512 re-

89 3540 157 3598 fert
173 3562 301 3606 omne
327 3552 460 3621 quod
490 3552 738 3623 percipit,
769 3551 898 3606 etin
925 3563 1108 3604 errore
1135 3549 1263 3603 nihil
1299 3549 1587 3618 fugitaliud

87 3649 194 3702 quam
223 3641 719 3714 incomprehensibili
745 3643 1088 3713 ambiguitate
1120 3641 1388 3696 confundi.
1421 3643 1590 3698 Omne

86 3736 209 3784 autem
227 3735 505 3806 ambiguum
529 3736 674 3792 unde
702 3736 977 3790 molestum
1001 3740 1101 3798 est,
1130 3734 1230 3787 nisi
1250 3734 1370 3803 quia
1391 3743 1588 3788 certam

85 3830 155 3871 non
175 3820 304 3879 habet
330 3828 618 3884 unitatem?
635 3827 710 3881 Ex
741 3842 847 3896 quo
867 3833 1080 3894 apparet
1104 3827 1300 3891 omnia,
1330 3826 1442 3880 sive
1466 3841 1586 3882 cum

83 3907 289 3969 offendunt
313 3919 390 3972 vel
414 3918 775 3983 offenduntur,
808 3917 919 3970 sive
948 3931 1068 3972 cum
1094 3914 1360 3970 delectant
1384 3917 1466 3971 vel
1495 3917 1589 3971 de-

83 3998 298 4071 lectantur,
330 4011 580 4066 unitatem
610 4009 876 4062 insinuare
916 4015 1075 4075 atque
1111 4006 1396 4074 praadicare
1425 4006 1586 4060 Crea-

82 4089 187 4146 toris.
205 4093 252 4148 Si
269 4108 433 4153 autem
462 4100 755 4170 ignorantia
777 4107 832 4154 et
851 4096 1149 4161 difficultas,
1179 4113 1206 4148 a
1229 4097 1415 4166 quibus
1434 4099 1585 4151 istam

80 4179 194 4235 vitam
213 4201 408 4245 necesse
431 4201 511 4246 est
530 4193 785 4260 incipere,
803 4205 907 4242 non
938 4197 1056 4241 sunt
1085 4187 1271 4240 animis
1293 4189 1583 4253 naturales;

78 4282 200 4328 restat
229 4291 280 4332 ut
303 4291 388 4336 aut
410 4283 590 4340 ofï¬cio
617 4291 874 4352 susceptrc
904 4281 1028 4346 sint,
1070 4287 1161 4334 aut
1189 4279 1429 4350 irrogata:
1457 4296 1585 4350 snp-

78 4360 210 4425 Plicio.
253 4369 320 4426 De
372 4376 562 4444 quibus
626 4375 736 4445 jam
787 4373 916 4428 satis
955 4387 1074 4427 esse
1124 4371 1353 4426 arbitror
1397 4372 1581 4442 dispu-

80 4458 217 4510 lilllll'll.
514 4467 525 4492 â€™

78 4537 249 4602 CAPUT
274 4551 546 4614 XXIV.â€”
570 4556 771 4612 Primus
805 4556 953 4612 homo
985 4571 1087 4609 non
1117 4555 1360 4625 insipiens
1387 4565 1583 4612 creatus

237 4653 319 4709 est,
354 4649 440 4703 sed
465 4651 727 4723 sapientia:
752 4665 931 4718 capax.
975 4647 1204 4704 Stultitia
1227 4649 1368 4718 quid.

125 4722 193 4778 7l.
226 4722 538 4810 Quapropter
564 4742 675 4811 ipse
702 4741 900 4811 primus
925 4739 1085 4794 homo
1111 4741 1278 4810 qualis
1299 4740 1465 4796 factus
1490 4742 1577 4809 sit,

76 4815 200 4882 magis
216 4831 534 4889 (inferendum
565 4841 666 4898 est,
691 4847 846 4902 quam
869 4829 1134 4900 quomodo
1159 4830 1272 4900 ejus
1302 4833 1580 4900 posteritas

73 4912 301 4977 Î¡Ï„Î¿Î²Î±ÎµÎµÎ¹Îµ
315 4918 397 4972 sit.
421 4921 639 4978 Multum
661 4922 801 4978 enim
829 4921 928 4976 sibi
950 4921 1192 4975 videntur
1210 4929 1365 4977 acute
1392 4938 1580 4992 propo-

73 5000 168 5084 ne?"
197 5008 519 5068 quiestioucm
568 5014 657 5084 qui
697 5012 879 5066 dicunt
906 5030 920 5066 :
947 5011 1002 5067 Si
1041 5012 1252 5081 sapiens
1289 5012 1456 5067 factus
1499 5025 1580 5068 est

72 5080 231 5144 Primus
259 5092 426 5165 homo,
453 5117 547 5158 cur
575 5080 821 5160 seductus
850 5103 967 5158 est?
995 5103 1039 5158 si
1075 5112 1249 5159 autem
1284 5105 1475 5160 stultus
1501 5105 1578 5160 fa-

71 5177 158 5269 Î¸Î¾Ï…Îµ
171 5189 258 5246 ÎµÎµÎ¹.
277 5195 535 5256 quomodo
561 5211 663 5251 non
692 5205 772 5251 est
802 5197 940 5250 Deus
967 5204 1151 5251 auctor
1170 5197 1430 5263 vitiorum,
1458 5214 1578 5254 cum

71 5269 121 5314 Ill
147 5273 337 5334 stultitia
369 5288 649 5343 maximum
685 5288 906 5342 vitium?
929 5289 1086 5354 Quasi
1115 5303 1242 5344 vero
1263 5299 1445 5345 natura
1476 5290 1578 5345 htt-

70 5361 192 5454 Î¾Î·Î´Î¾Î¹Ï„Î¾
213 5377 386 5432 przeter
413 5379 684 5434 stultitiam
710 5389 764 5435 et
790 5379 1098 5450 sapientiam
1124 5382 1320 5436 nullam
1350 5381 1576 5438 mediam

69 5449 244 5542 Î¾á¿—Î¸Î¾Ïá½·Î¸Î¹
262 5458 600 5538 affectionem,
629 5486 745 5542 quae
771 5449 868 5528 nec
910 5471 1152 5536 stultitia,
1193 5487 1292 5526 nec
1321 5473 1576 5541 sapientia

69 5523 147 5632 á¿¬Î¿Î·á½¶
168 5547 332 5604 possit.
351 5552 497 5613 Tunc
528 5523 668 5616 enim
697 5560 856 5617 homo
890 5561 1073 5632 incipit
1108 5570 1199 5615 aut
1234 5523 1424 5617 stulturs
1457 5577 1576 5618 esse

72 5625 142 5674 aut
158 5633 365 5710 sapiens,
393 5655 450 5703 Î¹Î¹Î¹
482 5651 703 5711 alterum
729 5653 914 5712 horum
939 5625 1238 5710 necessario
1261 5652 1572 5723 appelletur.

1386 216 1589 275 LIBER
1628 217 1939 281 TERTIUS.

3159 233 3297 292 1506

1718 352 1836 391 cum
1862 337 1972 407 jam
2009 347 2208 410 posset,
2251 341 2351 398 nisi
2383 343 2694 416 negligeret,
2725 343 2922 404 habere
2958 349 3292 420 sapientiam,

1716 435 1772 480 ut
1797 427 2001 483 vitiosae
2047 432 2283 486 stultitia:
2319 434 2388 488 sit
2415 435 2659 491 voluntas
2696 452 2804 491 rea.
2834 437 2948 493 Non
2980 440 3119 494 enim
3151 442 3294 512 quis-

1712 533 1868 586 quam
1891 520 1962 574 ita
1981 522 2190 593 desipit,
2220 535 2276 579 ut
2299 526 2518 581 stultum
2547 529 2779 598 appellet
2806 530 3076 598 infantem,
3102 550 3292 604 quam-

1711 610 1792 664 vis
1820 612 1888 666 sit
1909 613 2184 670 absurdior
2207 618 2250 671 si
2272 618 2399 671 velit
2425 619 2692 688 appellare
2717 621 3028 690 sapientem.
3065 624 3131 679 Ut
3165 641 3292 697 ergo

1713 701 1887 758 infans
1933 720 2030 759 nec
2072 707 2262 761 stultus
2293 724 2389 764 nec
2429 712 2641 779 sapiens
2679 712 2780 766 dici
2818 724 3014 782 potest.
3053 719 3292 784 quamvis

1704 793 1816 863 jam
1845 795 2004 850 homo
2032 797 2130 863 sit;
2158 814 2222 854 ex
2253 815 2358 870 quo
2385 811 2603 872 apparet
2627 812 2865 858 naturam
2897 803 3126 860 hominis
3149 809 3288 861 reci-

1707 901 1834 957 pere
1873 889 2066 958 aliquid
2098 890 2352 957 medium,
2395 893 2533 962 quod
2565 909 2736 964 neque
2780 896 3078 963 stultitiam,
3119 913 3289 968 neque

1707 979 2019 1046 sapientiam
2050 991 2194 1036 recte
2214 986 2484 1039 vocaveris
2513 1003 2526 1038 :
2552 987 2619 1040 ita
2648 989 2805 1042 etiam
2825 988 2870 1042 si
2899 990 3173 1060 quisquam
3199 973 3341 1045 tali.

1707 1069 1986 1128 affectione
2026 1074 2288 1130 animatus
2310 1087 2472 1143 esset,
2509 1081 2719 1148 qualem
2757 1080 3048 1137 habentilli
3075 1085 3162 1154 qui
3194 1100 3289 1154 per

1705 1162 2082 1232 negligentiam
2106 1165 2359 1232 sapientia
2377 1177 2580 1233 carent,
2613 1184 2768 1224 nemo
2795 1186 2914 1226 eum
2944 1173 3164 1227 stultum
3194 1190 3283 1228 re-

1703 1262 1788 1309 cte
1813 1255 2016 1309 diceret
2041 1271 2196 1326 quem
2231 1271 2338 1310 non
2364 1258 2514 1322 vitio,
2544 1261 2636 1313 sed
2661 1271 2844 1317 natttra
2877 1263 3031 1318 talem
3057 1264 3281 1326 videret.

1702 1346 1798 1401 Est
1815 1347 1954 1402 enim
1974 1349 2220 1411 Stultitia.
2248 1364 2428 1404 rerum
2451 1353 2859 1420 appetendarum
2876 1365 2929 1409 et
2947 1355 3282 1412 vitandorum

1700 1453 1809 1492 non
1830 1441 2100 1509 quaelibet,
2133 1440 2226 1495 sed
2253 1442 2440 1497 vitiosa
2464 1443 2775 1512 ignorantia.
2799 1445 2949 1503 Unde
2976 1464 3146 1519 neque
3169 1450 3286 1505 ani-

1699 1530 1805 1583 mal
1837 1530 2143 1586 irrationale
2181 1532 2398 1586 stultum
2430 1533 2676 1598 dicimus,
2714 1536 2835 1605 quia
2862 1554 2964 1592 non
2995 1542 3198 1610 accepit
3226 1551 3283 1596 ut

1698 1621 1910 1690 sapiens
1937 1636 2057 1676 esse
2087 1631 2285 1692 posset.
2315 1626 2658 1694 Appellamus
2685 1635 2858 1682 tamen
2886 1630 3190 1701 plerumque
3216 1650 3280 1689 ex

1697 1709 2044 1767 similitudine
2071 1712 2268 1782 aliquid
2298 1729 2401 1768 non
2431 1717 2659 1786 proprie.
2689 1718 2820 1772 Nam
2849 1729 2902 1774 et
2929 1723 3138 1776 cmcitas
3162 1739 3280 1778 cum

1697 1803 1983 1856 niaximum
2015 1803 2194 1857 vitittm
2236 1805 2303 1858 sit
2327 1806 2624 1872 oculorum,
2658 1823 2763 1863 non
2788 1819 2964 1864 tamen
3002 1811 3053 1865 in
3094 1814 3282 1868 catulis

1696 1894 2030 1948 nascentibus
2051 1895 2234 1948 vitium
2261 1905 2363 1962 est,
2389 1912 2487 1951 nec
2505 1899 2714 1968 proprie
2732 1901 2941 1956 caecitas
2959 1902 3065 1956 dici
3089 1914 3278 1972 potest.

1766 1985 1851 2040 72.
1879 1985 1932 2041 Si
1955 2003 2080 2056 ergo
2105 1987 2176 2042 ita
2204 1987 2371 2042 factus
2395 1998 2478 2043 est
2508 1989 2687 2057 homo,
2713 1999 2770 2046 ut
2789 1994 3033 2062 quamvis
3060 1997 3274 2064 sapiens

1693 2077 1924 2132 nondum
1956 2088 2115 2140 esset,
2172 2089 2494 2149 praem-ptum
2554 2091 2730 2137 tamen
2782 2095 2960 2152 posset
2997 2088 3260 2158 accipere,

1693 2167 1776 2222 cui
1802 2169 1981 2237 utique
2029 2169 2399 2239 obtemperare
2428 2171 2686 2236 deberet;
2728 2188 2827 2227 nec
2856 2174 2980 2228 illud
3015 2176 3124 2245 jam
3173 2178 3275 2232 mi-

1697 2273 1812 2312 rum
1843 2269 1945 2323 est,
1998 2258 2138 2328 quod
2183 2259 2360 2314 seduci
2414 2262 2582 2329 potuit
2633 2277 2779 2325 ;nec
2826 2263 2951 2318 illud
3003 2265 3272 2334 injustam,

1693 2349 1830 2424 quod
1880 2359 2143 2417 praecepto
2198 2365 2303 2403 non
2345 2351 2717 2419 obtemperans
2772 2369 2956 2423 prenas
2999 2356 3122 2422 luit;
3169 2374 3270 2413 nec

1691 2445 1911 2500 Creator
1939 2440 2052 2515 ejus
2081 2449 2262 2499 auctor
2290 2442 2533 2498 vitiorum
2566 2452 2669 2512 cst,
2691 2444 2811 2517 quia
2842 2461 2943 2502 non
2964 2446 3160 2506 habere
3189 2464 3275 2506 sa-

1698 2537 1972 2607 pientiam,
2001 2538 2234 2592 nondum
2261 2545 2378 2592 erat
2396 2539 2580 2592 vitium
2611 2540 2858 2606 hominis,
2888 2542 2931 2594 si
2956 2542 3185 2596 nondum
3217 2552 3271 2597 ut

1693 2631 1890 2686 habere
1921 2641 2116 2701 posset,
2162 2641 2460 2700 acceperat.
2490 2632 2594 2687 Sed
2621 2640 2798 2686 tamen
2830 2633 3053 2688 habebat
3077 2635 3272 2704 aliquid

1691 2738 1797 2793 quo
1816 2724 1859 2777 si
1888 2725 2022 2778 bene
2048 2727 2122 2777 uti
2152 2723 2330 2788 vellet,
2365 2722 2430 2776 ad
2449 2723 2500 2777 id
2530 2723 2668 2792 quod
2700 2739 2804 2778 non
2831 2724 3057 2778 habebat
3078 2739 3266 2779 ascen-

1689 2815 1859 2870 deret.
1905 2814 2061 2868 Aliud
2086 2823 2167 2869 est
2191 2814 2330 2868 enim
2359 2829 2479 2869 esse
2506 2815 2838 2877 rationalem,
2869 2815 3010 2869 aliud
3046 2831 3164 2871 esse
3189 2831 3275 2869 sa-

1692 2905 1942 2974 pientem.
1979 2904 2203 2958 Ratione
2224 2904 2279 2956 fit
2299 2904 2519 2973 quisque
2540 2905 2784 2973 praecepti
2801 2920 2986 2974 capax,
3005 2906 3088 2960 cui
3115 2905 3272 2962 fidem

1690 2994 1866 3058 debet,
1900 2995 2116 3064 utquod
2147 2995 2468 3064 praccipitur,
2502 2995 2679 3050 faciat.
2713 2995 2862 3051 Sicut
2886 3007 3060 3050 autem
3085 3007 3270 3053 natura

1691 3086 1914 3140 rationis
1941 3095 2261 3155 praeceptum
2288 3086 2446 3156 capit,
2484 3087 2562 3142 sic
2593 3089 2838 3157 praecepti
2867 3089 3164 3145 observatio
3187 3106 3270 3146 sa-

1691 3175 1964 3247 pientiam.
1996 3176 2145 3244 Quod
2166 3185 2248 3232 est
2272 3186 2447 3232 autem
2478 3189 2666 3232 natura
2689 3179 2754 3232 ad
2779 3181 3092 3248 capiendum
3131 3197 3272 3250 prte-

1690 3276 1901 3336 ceptum
1924 3308 1938 3333 ,
1982 3268 2084 3321 hoc
2123 3275 2202 3322 est
2231 3269 2472 3322 voluntas
2497 3269 2562 3322 ad
2592 3271 3000 3324 observandum.
3043 3273 3110 3326 Et
3138 3273 3274 3328 sicut

1693 3360 1965 3414 rationalis
1995 3369 2184 3414 natura
2216 3369 2462 3430 tanquam
2494 3363 2739 3417 meritum
2766 3373 2849 3418 est
2871 3367 3275 3435 przeceptiacci-

1694 3450 1889 3520 piendi,
1908 3451 1984 3504 sic
2003 3451 2252 3520 praecepti
2271 3451 2571 3506 observatio
2591 3453 2836 3506 meritum
2854 3463 2937 3508 est
2952 3455 3275 3524 accipienda:

1691 3541 1978 3610 Sapientiae.
2001 3541 2078 3594 Ex
2092 3557 2198 3611 quo
2217 3551 2392 3596 autem
2408 3543 2588 3611 incipit
2613 3543 2770 3598 homo
2786 3546 3034 3614 praecepti
3049 3563 3166 3602 esse
3183 3563 3277 3603 ca-

1694 3645 1814 3700 pax,
1833 3645 1899 3685 ex
1921 3630 2010 3684 illo
2032 3631 2216 3700 incipit
2237 3646 2392 3700 posse
2410 3647 2648 3702 peccare.
2671 3635 2882 3690 Duobus
2903 3643 3080 3693 autem
3099 3639 3271 3694 modis

1691 3731 1878 3791 peccat
1905 3731 2186 3792 antequam
2220 3724 2310 3777 tiat
2349 3725 2582 3794 sapiens;
2605 3726 2650 3780 si
2667 3738 2756 3781 aut
2774 3743 2832 3782 se
2849 3744 2952 3783 non
2969 3745 3273 3787 accommo-

1691 3813 1779 3866 det
1798 3813 1862 3866 ad
1879 3814 2240 3882 accipiendum
2266 3826 2605 3884 praeceptum,
2630 3826 2720 3871 aut
2740 3833 2858 3872 cum
2881 3824 3142 3888 acceperit
3163 3839 3268 3878 non

1691 3903 1954 3957 observet.
1971 3903 2192 3972 Sapiens
2208 3914 2380 3958 autem
2401 3914 2600 3973 peccat,
2617 3907 2659 3960 si
2677 3922 2735 3961 se
2751 3909 2996 3961 averterit
3015 3925 3042 3961 a
3061 3924 3114 3962 sa
3124 3912 3266 3978 pien-

1692 3994 1782 4047 tia.
1803 3994 1951 4048 Sicut
1977 3995 2117 4048 enim
2141 4005 2462 4064 przeceptum
2492 4010 2594 4049 non
2616 4005 2698 4050 est
2716 3997 2784 4049 ab
2803 3998 2892 4051 illo
2917 3999 2998 4051 cui
3019 4002 3266 4069 prrecipi-

1692 4091 1793 4145 tur,
1817 4084 1907 4137 scd
1928 4083 1995 4137 ab
2021 4083 2110 4136 illo
2131 4085 2216 4152 qui
2242 4085 2506 4154 praecipit;
2529 4086 2606 4139 sic
2625 4096 2673 4139 et
2697 4087 2948 4153 sapientia
2972 4105 3074 4142 non
3097 4099 3176 4144 cst
3196 4091 3268 4145 ab

1690 4173 1780 4226 illo
1799 4175 1884 4242 qui
1910 4175 2251 4239 illutninatur,
2270 4176 2360 4228 sed
2379 4177 2446 4230 ab
2464 4176 2552 4230 illo
2571 4177 2660 4245 qui
2685 4178 2961 4232 illuminat.
2983 4180 3117 4245 Quid
3137 4197 3264 4251 ergo

1688 4271 1769 4315 est
1799 4262 1936 4316 unde
1965 4277 2069 4315 non
2097 4263 2391 4318 laudandus
2419 4265 2486 4318 sit
2513 4265 2740 4319 hominis
2761 4268 3017 4322 Creator?
3059 4270 3260 4325 Bonum

1687 4363 1770 4408 est
1795 4352 1936 4409 enim
1966 4353 2175 4423 aliquod
2204 4354 2391 4421 homo,
2413 4364 2465 4410 et
2497 4356 2683 4409 melius
2709 4372 2864 4426 quam
2894 4373 3073 4428 pecus,
3102 4375 3164 4414 ex
3196 4376 3262 4416 eo

1687 4444 1825 4513 quod
1849 4445 2093 4514 pnncepti
2121 4460 2304 4514 capax.
2342 4446 2410 4500 Et
2435 4447 2535 4501 hoc
2559 4447 2762 4510 melius,
2789 4463 2906 4502 cum
2938 4461 3260 4520 prmeeptum

1680 4536 1790 4606 jam
1819 4538 1976 4606 cepit.
2007 4537 2233 4604 Rursus,
2265 4538 2365 4592 hoc
2393 4538 2602 4605 melius,
2625 4553 2745 4592 cum
2777 4549 3042 4610 przecepto
3067 4544 3260 4611 paruit.

1687 4627 1752 4682 Et
1792 4627 1873 4682 his
1901 4629 2143 4681 omnibus
2171 4627 2380 4690 melius,
2404 4638 2741 4684 cumarterno
2767 4630 2966 4687 lumine
2987 4634 3262 4703 sapientia:

1686 4718 1872 4773 beatus
1914 4727 2012 4773 est.
2046 4719 2324 4773 Peccatum
2353 4731 2529 4775 autem
2559 4722 2752 4776 malum
2792 4732 2874 4777 est
2902 4724 2954 4779 in
2984 4727 3261 4798 negligen-

1686 4809 1754 4862 tia
1775 4808 1854 4862 vel
1873 4809 1936 4862 ad
1958 4807 2268 4877 capiendum
2286 4822 2628 4879 prmceptum,
2653 4811 2736 4865 vel
2761 4811 2824 4866 ad
2846 4814 3231 4873 observandum
3245 4863 3259 4886 ,

1684 4899 1766 4953 vel
1793 4897 1859 4952 ad
1897 4898 2294 4952 custodiendam
2325 4901 2820 4970 contemplationem
2858 4906 3152 4975 sapientiae.
3184 4910 3260 4966 Ex

1684 5003 1790 5059 quo
1818 4989 2144 5059 intelligitur,
2192 4990 2398 5044 etiamsi
2443 4992 2654 5060 sapiens
2679 4993 2881 5063 primus
2909 4995 3066 5051 homo
3093 4999 3261 5053 factus

1684 5089 1766 5135 est
1795 5081 1835 5147 â¸,
1865 5082 2100 5150 potuisse
2147 5089 2320 5136 tamen
2370 5082 2571 5139 seduci.
2617 5085 2768 5152 Quod
2812 5099 3084 5156 peccatum
3135 5105 3255 5144 cum

1684 5184 1824 5226 esset
1851 5174 1902 5226 in
1934 5173 2099 5227 libero
2128 5173 2366 5240 arbitrio,
2384 5174 2546 5242 justa,
2588 5175 2762 5230 divina
2794 5179 2924 5249 lege,
2953 5195 3103 5248 pasna
3131 5195 3258 5234 con-

1683 5274 1863 5318 secuta
1884 5268 1968 5318 'est
1994 5266 2034 5318 Â³.
2064 5262 2138 5317 Ita
2163 5264 2291 5318 dicit
2325 5265 2484 5320 etiam
2513 5268 2783 5336 apostolus
2806 5269 3035 5323 Paulus:
3062 5268 3252 5324 Dicenâ€”

1747 5420 1763 5452 Î¹
1789 5425 1918 5478 bov.,
1933 5419 2358 5486 factus_esset._sed
2382 5420 2558 5486 melius
2584 5421 2688 5471 Bad.
2715 5429 2788 5486 Er.
2816 5428 2867 5486 et
2880 5423 3102 5486 plerique
3129 5431 3258 5486 Mss,

1681 5480 1837 5543 factus
1856 5480 1970 5550 est}
1997 5493 2066 5550 ex_
2086 5483 2144 5550 iis
2160 5483 2334 5550 Regius
2366 5482 2524 5550 Cod-ex
2553 5492 2657 5545 post
2689 5480 3056 5550 seducti-addit,
3080 5491 3127 5535 et
3147 5480 3258 5550 pec;

1682 5542 1812 5609 gare.
1833 5568 1896 5609 :â€”
1921 5548 2016 5602 Er.,
2037 5544 2191 5604 factus
2211 5542 2297 5601 est,
2333 5542 2482 5606 potuit
2511 5542 2683 5593 tdmen.
2707 5551 2780 5592 Er.
2804 5543 2952 5609 Guill._
2967 5545 3014 5594 in
3039 5542 3259 5609 margine

1681 5601 2140 5674 fert,â€˜7[actus__essetâ€˜,
2174 5611 2230 5674 ut
2246 5601 2375 5674 Lovl,
2391 5611 2468 5674 cet,
2495 5616 2710 5674 peccare,
2739 5617 2842 5666 pro,
2867 5605 3050 5674 seduci.
3135 5601 3193 5658 Et.

1743 5665 1763 5696 á½·
1788 5665 1953 5714 Plures
1964 5665 2283 5728 Mss,ij
2303 5665 2465 5715 divina
2493 5665 2594 5728 tege
2616 5665 3117 5727 paenultimam
3136 5675 3224 5722 est.
