3822 6408
495 367 636 432 15οῚ

503 504 574 547 tes
596 506 651 546 se
676 503 783 545 esse
805 484 1079 559 sapientes,
1103 483 1249 550 stulti
1297 486 1422 557 {arti
1459 490 1600 535 sunt.
1640 475 1897 549 Superbia
1940 474 2083 530 enim

494 583 687 641 avertit
712 598 743 635 a
766 579 1021 653 sapientia
1047 596 1061 633 :
1090 576 1420 634 aversionem
1446 584 1623 631 autem
1651 571 1871 626 stultitia
1897 582 2086 624 conse-

496 677 692 748 quitur.
719 674 949 731 Stultitia
971 672 1164 744 quippe
1177 671 1387 727 ctecitas
1402 667 1643 740 quaedam
1660 675 1760 731 est,
1785 665 1918 719 sicut
1944 661 2084 717 idem

498 769 630 826 dicit
660 786 674 822 :
710 766 778 823 Et
807 766 1124 822 obscuratum
1161 772 1232 820 est
1252 762 1493 833 insipiens
1521 777 1609 814 cor
1649 758 1855 820 eoruml
1872 754 2024 809 Rom.
2043 767 2082 822 ι,

498 862 591 928 22,
607 858 877 931 2|).Unde
895 866 1072 915 autem
1094 855 1210 914 hate
1226 854 1547 918 obscuratio,
1562 852 1661 907 nisi
1678 867 1742 906 ex
1759 849 2039 905 aversione
2053 862 2084 901 a

502 952 700 1010 lumine
719 949 1029 1024 sapientiae?
1054 948 1193 1004 unde
1210 955 1386 1003 autem
1426 944 1538 1000 h:ec
1566 942 1793 1008 aversio,
1826 941 1924 995 nisi
1950 939 2077 995 dum

505 1045 600 1102 ille
636 1044 723 1100 cui
767 1043 964 1099 bonum
1003 1050 1087 1098 est
1138 1040 1298 1103 Deus,
1329 1038 1430 1095 sibi
1461 1039 1573 1109 ipse
1600 1036 1714 1091 vult
1739 1049 1859 1092 esse
1887 1034 2083 1090 bonum

505 1150 682 1200 suum,
711 1134 861 1190 sicuti
892 1132 989 1188 sibi
1015 1139 1096 1187 est
1122 1130 1302 1186 Deus?
1346 1128 1552 1199 Itaque,
1592 1127 1671 1180 Ad
1700 1126 1964 1199 meipsum,
2008 1124 2087 1182 in-

504 1226 639 1295 quit,
692 1224 999 1280 conturbata
1034 1231 1106 1279 est
1142 1224 1311 1275 animo
1357 1215 1671 1288 mea(Psal.
1723 1232 1834 1287 xu,
1872 1218 1903 1271 7
1928 1216 1948 1288 )
1972 1233 1983 1269 :
2008 1224 2086 1284 et,

507 1318 745 1383 Gustata,
773 1324 823 1370 et
848 1314 987 1370 eritis
1014 1313 1142 1371 sicut
1184 1311 1256 1366 dii
1283 1300 1444 1385 (Gen.
1479 1324 1557 1376 ut,
1587 1306 1681 1382 5).

579 1410 667 1467 75.
693 1409 892 1466 Turbat
913 1415 1093 1462 autem
1119 1402 1540 1468 considerantes,
1558 1399 1699 1475 quod
1720 1399 1790 1454 ita
1806 1406 2084 1471 quzerunt:

507 1502 810 1560 Stultitiane
835 1499 1040 1572 primus
1062 1495 1222 1553 homo
1243 1493 1461 1549 recessit
1477 1508 1504 1545 a
1528 1491 1676 1548 Deo?
1700 1507 1766 1546 an
1787 1487 2089 1546 recedendo

509 1594 700 1649 stultus
733 1590 900 1648 factus
922 1588 1042 1644 est?
1070 1584 1202 1655 Quia
1245 1584 1292 1642 si
1327 1582 1669 1654 responderis
1703 1597 1825 1638 eum
1868 1580 2088 1637 stultitia

510 1684 795 1742 recessisse
838 1698 867 1736 a
894 1680 1173 1751 sapientia,
1205 1677 1473 1736 videbitur
1511 1677 1704 1733 stultus
1744 1675 1906 1731 fuisse
1933 1682 2088 1729 ante-

510 1792 669 1851 quam
694 1775 972 1833 recederet
999 1788 1028 1827 a
1059 1771 1339 1843 sapientia,
1362 1780 1420 1827 ut
1440 1770 1657 1825 stultitia
1675 1767 1749 1823 illi
1768 1782 1927 1823 causa
1947 1773 2093 1824 esset

512 1866 814 1926 recedendi.
841 1866 969 1922 Item
1012 1864 1056 1921 si
1100 1861 1439 1936 responderis
1467 1877 1590 1919 eum
1626 1859 1924 1918 recedendo
1952 1859 2090 1917 stul-

513 1969 625 2017 tum
644 1974 764 2016 esse
787 1957 1005 2025 factum,
1028 1964 1273 2028 quarunt
1299 1963 1473 2011 utrum
1503 1953 1685 2020 stulte,
1723 1968 1790 2009 an
1821 1952 2090 2024 sapienter

516 2052 703 2109 fecerit
737 2049 876 2122 quod
908 2047 1145 2103 recessit.
1179 2046 1234 2102 Si
1274 2047 1416 2102 enim
1443 2045 1710 2117 sapienter
1753 2042 1898 2113 fecit,
1947 2052 2092 2100 recte

512 2143 659 2209 fecit,
689 2142 926 2214 nihilque
951 2140 1230 2211 peccavit:
1257 2138 1303 2195 si
1326 2138 1505 2203 stulte,
1529 2137 1640 2209 jam
1663 2146 1796 2204 erat,
1824 2136 2093 2209 inquiunt,

512 2238 570 2293 in
597 2250 662 2291 eo
687 2234 933 2297 stultitia,
960 2248 1060 2304 qua
1089 2229 1286 2287 iactum
1305 2239 1387 2286 est
1411 2238 1469 2285 ut
1494 2229 1787 2288 recederet.
1817 2229 1933 2285 Non
1949 2228 2095 2286 enim

511 2326 674 2382 stulte
702 2323 900 2396 aliquid
941 2323 1058 2381 sine
1101 2321 1327 2378 stultitia
1372 2318 1546 2378 facere
1588 2328 1812 2393 poterat.
1860 2321 1938 2377 Ex
1986 2336 2092 2393 quo

515 2426 738 2492 apparet
783 2431 903 2473 esse
948 2414 1197 2486 quiddam
1231 2415 1484 2481 medium,
1517 2429 1623 2485 quo
1658 2413 1724 2469 ad
1754 2414 2031 2470 stultitiam
2058 2430 2089 2469 a

512 2511 771 2582 sapientia
796 2508 1070 2572 transitur,
1101 2506 1241 2578 quod
1267 2520 1441 2579 neque
1468 2506 1647 2574 stulte,
1678 2520 1851 2575 neque
1875 2505 2089 2578 sapien-

512 2612 594 2661 ter
622 2603 818 2659 factum
851 2601 957 2657 dici
986 2607 1181 2671 potest,
1209 2600 1347 2671 quod
1375 2600 1444 2655 ab
1472 2598 1776 2657 hominibus
1798 2599 1851 2655 in
1875 2599 1973 2657 hac
1988 2600 2094 2659 vita

515 2694 820 2751 constitutis
845 2706 952 2750 non
980 2691 1084 2747 nisi
1114 2706 1182 2749 ex
1203 2691 1471 2747 contrario
1495 2690 1652 2747 datur
1681 2690 1922 2762 intelligi.
1945 2689 2094 2748 Sicut

511 2787 656 2843 enim
684 2784 861 2842 nullus
890 2782 1195 2841 mortalium
1218 2782 1280 2839 lit
1313 2783 1553 2858 sapiens,
1579 2783 1679 2841 nisi
1703 2783 1772 2842 ab
1796 2785 2015 2841 stultitia
2038 2785 2097 2844 in

511 2876 823 2949 sapientiam
845 2883 1116 2940 traItseu;
1144 2874 1259 2947 ipse
1272 2884 1450 2931 autem
1476 2874 1733 2932 transitus
1751 2875 1797 2931 si
1820 2876 1981 2933 stulte
2011 2874 2093 2945 ﬁt,

509 2985 618 3027 non
639 2970 821 3043 utique
846 2968 980 3026 bene
1009 2967 1086 3031 iit.
1114 2966 1259 3043 quod
1280 2967 1736 3025 dementissimum
1771 2976 1856 3025 est
1876 2967 2095 3037 dicere;

512 3062 559 3119 si
606 3071 786 3119 autem
814 3061 1083 3133 sapienter
1123 3059 1204 3125 lit,
1229 3059 1341 3130 jam
1369 3067 1485 3116 erat
1513 3059 1771 3130 sapientia
1800 3059 1852 3114 in
1880 3059 2095 3118 homine

511 3165 799 3228 antequam
838 3153 1115 3211 transisset
1151 3151 1223 3210 ad
1268 3153 1607 3224 sapientiam,
1652 3151 1797 3225 quod
1824 3151 2093 3209 nihilomi-

510 3265 612 3307 nus
647 3249 939 3307 absurdunt
970 3256 1090 3312 est;
1124 3262 1189 3302 ex
1229 3261 1336 3317 quo
1365 3246 1672 3316 intelligitur
1693 3259 1813 3301 esse
1837 3245 2091 3313 medium,

510 3341 653 3411 quod
694 3348 938 3394 aeutrtun
967 3338 1075 3395 dici
1101 3340 1271 3407 possit
1300 3355 1315 3393 :
1344 3339 1413 3391 ita
1433 3346 1491 3393 et
1526 3353 1590 3394 ex
1626 3352 1751 3394 arce
1795 3337 2095 3409 sapientiae.

513 3440 571 3486 ut
587 3430 653 3487 ad
684 3429 961 3485 stultitiam
1004 3428 1208 3500 primus
1242 3428 1402 3485 homo
1431 3432 1699 3494 transiret,
1737 3446 1837 3487 nec
1878 3432 2098 3501 stultus,

512 3538 614 3580 nec
640 3522 853 3595 sapiens
890 3521 1149 3578 transitus
1182 3521 1271 3579 ille
1295 3521 1413 3579 fuit.
1442 3522 1595 3579 Velut
1631 3523 1686 3581 in
1705 3536 1897 3579 simne
1927 3532 1987 3580 et
2015 3525 2096 3581 vi-

512 3614 677 3685 giliis,
699 3629 870 3684 noque
898 3614 949 3668 id
974 3612 1313 3671 estdnrmire
1326 3614 1469 3685 quod
1488 3612 1901 3682 obdormiscere,
1922 3632 2097 3687 neque

514 3705 567 3762 id
595 3716 677 3761 est
711 3705 929 3775 vigilare
954 3704 1098 3774 quod
1116 3706 1436 3776 expergisci,
1475 3705 1572 3762 sed
1597 3708 1853 3763 transitus
1878 3707 2097 3777 quidam

520 3811 585 3853 ex
615 3797 785 3852 altero
811 3795 867 3851 in
888 3795 1138 3855 alterum.
1190 3795 1384 3853 Verum
1411 3794 1511 3850 hoc
1541 3795 1782 3859 interest,
1807 3797 1948 3865 quod
1975 3799 2095 3856 sine

513 3890 788 3945 voluntate
811 3889 1123 3958 plerumque
1142 3888 1247 3945 ista
1270 3886 1404 3945 ﬁunt
1432 3902 1451 3945 :
1487 3887 1574 3943 illa
1602 3895 1781 3943 autem
1824 3902 2097 3958 nunquam

512 3981 614 4039 nisi
659 3996 757 4053 per
792 3979 1327 4043 voluntahtntuude
1368 3977 1677 4049 Masillam
1718 3978 2097 4035 retributiones

509 4083 927 4142 conmutantur.

515 4165 742 4226 CAPUT
779 4164 944 4223 XXV.
967 4192 1043 4210 συ·-
1066 4162 1265 4230 Quibus
1278 4162 1399 4221 visis
1418 4162 1645 4233 tangitur
1661 4164 1933 4223 rationalis
1952 4174 2097 4221 nat-

718 4273 784 4312 ra
815 4271 928 4312 sunt
964 4255 1291 4311 iamiam
1316 4254 1385 4311 ad
1413 4252 1605 4309 malum
1628 4255 1885 4310 amomis.

581 4346 672 4403 74.
701 4345 809 4403 Sed
831 4346 957 4415 quia
997 4345 1319 4401 volutatum
1351 4358 1461 4403 non
1485 4344 1655 4400 allicit
1684 4343 1754 4401 ad
1789 4344 2096 4405 faciendus

512 4437 809 4508 quodlibet,
830 4435 929 4493 nisi
946 4434 1159 4506 aliquod
1183 4435 1355 4491 vim
1374 4450 1395 4499 ξ
1417 4433 1541 4504 quid
1566 4445 1745 4491 au'em
1764 4435 1985 4506 quisque
2008 4437 2089 4494 vel

512 4538 688 4587 sumat
713 4530 799 4587 vel
827 4538 1059 4600 respuat,
1088 4537 1170 4585 est
1194 4529 1248 4585 in
1279 4528 1679 4599 potestate,sed
1698 4544 1804 4599 quo
1833 4530 1950 4589 vise
1976 4538 2094 4587 tan-

512 4633 684 4692 gatur.
712 4622 857 4678 utilia
899 4631 1137 4693 potestas
1161 4628 1245 4677 est
1275 4638 1289 4675 :
1321 4620 1595 4677 Mellitum
1626 4631 1708 4679 est
1734 4631 1791 4679 et
1831 4636 1898 4679 ex
1932 4636 2093 4692 supe-

514 4707 747 4763 rioribus
764 4716 821 4763 et
836 4722 901 4767 ex
929 4706 1269 4765 biferioribus
1284 4706 1415 4765 visis
1430 4707 1665 4763 animum
1687 4706 1831 4779 tangi
1848 4716 1906 4764 ut
1927 4709 2091 4764 ratio-

514 4797 649 4853 nalk
668 4797 953 4855 salutanda
982 4814 1045 4855 es
1075 4808 1302 4869 utrumne
1321 4807 1495 4857 sumet
1517 4800 1659 4870 tum
1685 4799 1925 4865 voluerit,
1950 4810 2097 4859 mox;

513 4887 709 4942 merito
735 4888 981 4947 sumendi
1001 4890 1083 4944 vel
1109 4890 1323 4947 miseria
1350 4890 1437 4946 vel
1463 4890 1685 4946 beatitas
1709 4892 2085 4961 subsequatur.

511 4979 671 5037 Velut
704 4980 757 5034 in
791 4980 1033 5049 paradiso
1054 4984 1225 5038 visum
1250 4998 1317 5041 es
1360 4982 1740 5052 superioribus,
1765 4993 2093 5055 time-ptum

510 5074 607 5132 Dei
632 5092 647 5139 ;
687 5072 859 5129 visum
886 5088 953 5128 ex
978 5073 1336 5142 interioribus,
1356 5077 1621 5147 suggestio
1644 5077 1924 5147 serpentis.
1951 5077 2087 5135 Nam

510 5183 689 5239 neque
712 5164 839 5238 quid
870 5165 973 5223 sibi
984 5167 1406 5237 praeciperetur:
1436 5169 1676 5235 Domino,
1704 5184 1876 5239 netple
1901 5170 2025 5241 quid
2052 5183 2087 5226 ι

512 5267 762 5330 serpente
776 5264 1167 5327 mereretur,
1184 5256 1276 5312 fuit
1294 5259 1348 5314 in
1372 5258 1601 5314 hominis
1623 5269 1899 5329 potestate.
1915 5261 2083 5330 Qunam

513 5353 584 5408 sit
605 5360 785 5408 autem
817 5350 1042 5406 liberum
1062 5358 1115 5404 et
1145 5350 1212 5405 ab
1249 5352 1493 5405 omnibus
1517 5353 1837 5410 dil’licultatis
1861 5356 2083 5412 vinculis

509 5445 835 5516 expeditum,
861 5443 914 5503 in
942 5443 1056 5513 ipsa
1079 5441 1349 5515 sapientiai
1376 5445 1600 5503 sanitate
1626 5448 1938 5513 constituto,
1971 5464 2087 5509 non

508 5536 702 5592 cedere
717 5537 847 5591 visis
869 5535 1139 5591 inferioris
1163 5535 1447 5601 moechm,
1467 5537 1553 5590 vel
1575 5536 1697 5592 hinc
1721 5540 1940 5609 intelligi
1968 5550 2084 5610 pnt-

508 5634 630 5691 est,
679 5624 823 5697 quod
863 5626 1023 5682 etiam
1065 5624 1211 5681 stulti
1246 5638 1307 5679 ca
1351 5638 1602 5699 superant
1654 5629 1727 5684 ad
1772 5629 2083 5701 sapientiam

508 5716 794 5773 transituri.
829 5717 985 5769 etiam
1010 5732 1129 5770 cum
1162 5716 1399 5771 molestia
1428 5719 1641 5774 carendi
1672 5722 2083 5791 perniciosarum

509 5805 948 5864 conisuetudinum
976 5808 1337 5875 pestilentiosa
1358 5807 1655 5866 dulcedine.

1180 359 1273 422 nr:
1306 348 1563 422 mito
1594 351 1938 422 ARBITRI),
1978 350 2036 409 s.
2078 347 2465 423 mensum,
2510 354 2712 415 LlBER
2753 356 3060 420 rem

3616 364 3733 430 Μ

2261 472 2345 527 75.
2371 472 2545 543 Qumri
2572 486 2746 531 autem
2779 477 2878 532 hoc
2904 479 3021 533 loco
3068 484 3263 550 potest,
3312 479 3359 538 si
3398 480 3729 559 hominiprce.
3794 534 3795 541 η

2192 570 2275 618 sto
2306 564 2518 621 fuerunt
2549 584 2612 621 ex
2646 580 2865 639 utraque
2892 578 3039 641 parte
3062 570 3194 638 visa,
3223 589 3384 629 unum
3405 592 3469 635 ex
3499 592 3723 653 priccepto

2190 655 2306 719 Dei,
2325 657 2552 713 alterum
2583 675 2646 714 es
2675 663 3009 734 suggestione
3030 664 3327 734 serpentis;
3359 665 3494 723 unde
3523 670 3612 741 ipsi
3632 673 3723 729 dia-
3794 680 3795 685 ‘

2188 749 2312 806 bolo
2351 763 2653 824 suggestum
2700 755 2768 809 sit
2807 756 3115 825 appetenda:
3149 758 3433 827 impietatis
3463 765 3719 837 consilium,
3794 786 3795 805 ³

2189 861 2296 919 quo
2316 847 2384 902 de
2412 846 2724 904 sublimibus
2765 848 2984 905 sedibus
3017 850 3303 906 laberetur.
3346 853 3402 909 Si
3448 856 3578 910 enim
3610 862 3725 919 nullo

2189 938 2304 995 viso
2330 950 2651 1014 tangeretur.
2698 957 2801 996 non
2827 942 3048 1018 eligeret
3082 940 3258 999 facere
3285 944 3426 1015 quod
3454 947 3569 1002 fecit
3589 967 3601 1004 :
3625 968 3721 1008 nam
3794 948 3795 1003 Ι

2190 1031 2235 1088 si
2266 1045 2369 1087 non
2398 1032 2448 1087 ei
2469 1032 2667 1105 aliquid
2697 1034 2929 1090 venisset
2968 1033 3019 1088 iu
3048 1046 3305 1102 mentem,
3338 1038 3479 1093 nullo
3505 1039 3641 1097 modo
3666 1044 3729 1097 in-

2192 1126 2482 1183 tentiouem
2509 1126 2857 1183 convertisset
2885 1127 2938 1183 in
2965 1124 3130 1183 nefas.
3164 1116 3318 1186 Unde
3350 1129 3503 1203 igitur
3538 1136 3659 1189 venit
3685 1137 3727 1192 in
3794 1136 3795 1179 ³

2190 1226 2442 1282 mentem,
2474 1218 2725 1290 quidquid
2760 1218 2885 1275 illud
2923 1229 3004 1274 est
3051 1220 3191 1290 quod
3242 1223 3389 1277 venit
3422 1222 3473 1281 in
3515 1237 3729 1292 mentem,
3794 1274 3795 1279 η

2191 1316 2250 1362 ιιι
2272 1323 2331 1365 ea
2351 1309 2633 1364 moliretur
2653 1310 2844 1381 quibus
2870 1326 2932 1365 ex
2956 1310 3095 1365 bono
3117 1313 3306 1384 angelo
3327 1313 3558 1372 diabolus
3576 1317 3730 1374 ﬁeret?
3794 1300 3795 1315 ‘

2191 1398 2292 1467 Qui
2331 1400 2471 1454 enim
2506 1401 2640 1467 vult,
2692 1400 2930 1472 profecto
2957 1404 3150 1472 aliquid
3179 1407 3288 1457 vult
3316 1423 3328 1463 :
3356 1408 3494 1477 quod
3536 1409 3622 1464 nisi
3656 1422 3731 1468 aut
3794 1464 3795 1483 η

2192 1491 2526 1549 extrinsecus
2572 1508 2666 1563 per
2710 1506 2923 1549 sensum
2976 1495 3215 1564 corporis
3270 1495 3616 1568 admoneatur,
3660 1513 3732 1559 aut
3794 1494 3795 1539 ³

2192 1584 2415 1642 occultis
2461 1585 2637 1642 modis
2670 1586 2724 1641 in
2768 1597 3004 1645 mentem
3039 1589 3231 1653 veniat,
3269 1592 3405 1646 velle
3450 1606 3547 1647 non
3570 1605 3731 1663 potest.
3794 1660 3795 1671 χ

2193 1676 2550 1735 Discernenda
2607 1680 2765 1750 igitur
2818 1689 2940 1735 sunt
2989 1696 3184 1753 genera
3239 1683 3496 1750 visorum,
3544 1701 3733 1756 quorum
3794 1728 3795 1783 ι

2197 1784 2356 1824 unum
2401 1779 2487 1825 est
2536 1769 2679 1840 quod
2732 1772 3082 1840 proﬁciscitur
3117 1788 3147 1826 a
3188 1774 3459 1828 voluntate
3484 1775 3733 1842 suadentis,
3794 1769 3795 1811 ἶ

2194 1861 2350 1930 quale
2386 1860 2512 1916 illud
2537 1871 2620 1918 est
2662 1862 2881 1930 diaboli,
2911 1864 2997 1919 cui
3032 1864 3191 1919 homo
3230 1867 3601 1923 consentiendo
3635 1884 3735 1938 μείς
3794 1870 3795 1939 l

2195 1952 2364 2019 cavit;
2409 1952 2637 2008 alterum
2674 1967 2704 2009 a
2749 1952 3143 2025 subjacentibus
3180 1955 3343 2012 rebus
3374 1958 3455 2012 vel
3498 1956 3737 2014 intentioni
3794 1952 3795 2047 χ

2197 2044 2378 2110 animi,
2410 2044 2495 2099 vel
2529 2045 2774 2100 sensibus
2793 2045 3053 2117 corporis.
3089 2046 3373 2103 intentioni
3404 2050 3558 2104 animi
3584 2051 3731 2121 subje-

2195 2142 2300 2199 cet,
2324 2145 2541 2206 excepta
2561 2138 3087 2197 incommutabilitate
3106 2138 3400 2202 Trinitatis,
3422 2160 3535 2215 qua:
3552 2146 3729 2217 quidem
3794 2188 3795 2191 η

2197 2240 2301 2283 non
2326 2227 2583 2297 subjacet,
2617 2229 2709 2284 sed
2734 2231 2930 2285 eminet
2956 2232 3164 2301 potius;
3197 2234 3435 2303 subjacet
3462 2251 3580 2307 ergo
3604 2239 3730 2292 inten.
3794 2260 3795 2273 ι

2197 2319 2323 2374 ιίοιιί
2349 2321 2511 2376 animi
2542 2321 2684 2392 prius
2714 2321 2827 2392 ipse
2854 2324 3085 2393 animus,
3121 2324 3259 2380 unde
3282 2342 3377 2382 nos
3408 2328 3557 2384 etiam
3589 2330 3735 2387 vivere
3794 2322 3795 2331 “

2198 2414 2491 2469 sentimus:
2515 2414 2705 2470 deinde
2742 2431 2937 2487 corpus
2971 2417 3113 2488 quod
3142 2418 3497 2486 administrat;
3529 2422 3654 2479 unde
3680 2421 3737 2478 ad

2198 2504 2469 2577 quodlibet
2501 2506 2847 2575 operandum,
2881 2507 3176 2563 membrum
3202 2511 3340 2581 quod
3366 2527 3488 2580 Opus
3506 2523 3599 2577 est,
3631 2529 3733 2568 eum

2196 2609 2331 2666 opus
2363 2605 2446 2652 est
2473 2607 2669 2652 movet.
2718 2598 3003 2668 Subjaceut
3043 2610 3222 2657 autem
3259 2603 3483 2660 sensibus
3514 2607 3732 2677 Corporis

2197 2702 2541 2759 quacumque
2566 2704 2840 2761 corporea.
3794 2694 3795 2749 ῗ

2269 2779 2356 2835 76.
2388 2778 2452 2836 Ut
2479 2790 2655 2836 autem
2687 2782 2740 2836 in
2769 2780 3223 2853 contemplatione
3250 2800 3465 2841 summa:
3487 2787 3733 2859 sapientia:

2199 2871 2355 2943 (qua:
2395 2872 2576 2943 utique
2613 2874 2820 2929 animus
2864 2891 2968 2930 non
3000 2884 3119 2942 est;
3166 2893 3286 2932 nam
3326 2876 3734 2955 incommutabilis
3794 2932 3795 2953 η

2198 2971 2279 3019 est
2296 2962 2336 3033 ),
2358 2964 2518 3019 etiam
2544 2964 2800 3036 seipsnm,
2823 2967 2910 3038 qui
2935 2979 3013 3023 e5!
3037 2968 3445 3034 commutabilis,
3464 2972 3651 3027 animus
3673 2972 3736 3025 in-

2200 3063 2430 3125 tueatur,
2451 3066 2505 3114 et
2532 3059 2630 3114 sibi
2663 3059 2775 3129 ipse
2798 3058 3197 3135 quodammodo
3221 3063 3401 3119 veniat
3439 3065 3487 3118 in
3518 3073 3732 3129 mentem,

2198 3164 2303 3204 non
2334 3149 2391 3204 ﬁt
2432 3150 2532 3204 nisi
2556 3149 2852 3208 differentia
2886 3168 2987 3225 qua
3016 3167 3122 3208 non
3149 3150 3398 3226 estquod
3440 3155 3585 3214 Deus.
3605 3163 3649 3210 et
3671 3165 3735 3208 la-
3794 3192 3795 3223 ς

2197 3255 2320 3296 men
2340 3239 2535 3313 aliquid
2560 3250 2643 3298 est
2664 3241 2802 3311 quod
2824 3244 2991 3315 possit
3014 3243 3224 3315 placere
3248 3257 3366 3316 post
3392 3247 3559 3300 Deum.
3579 3242 3731 3301 Helior
3794 3274 3795 3316 ξ

2428 3296 2447 3313 .
2575 3296 2585 3298 ν
2682 3296 2695 3311 .
2824 3296 2847 3315 ε
2935 3296 2941 3298 ~
3014 3296 3033 3315 π
3250 3296 3720 3316 τη--η--κ--νηη

2198 3340 2280 3389 est
2303 3341 2477 3387 autem
2507 3347 2628 3388 cum
2657 3333 2983 3389 obliviscitur
3025 3336 3111 3390 sui
3144 3350 3255 3409 pne
3298 3336 3733 3394 charitateincnm-

2197 3423 2466 3479 mutabilis
2486 3424 2600 3489 Dei,
2625 3425 2706 3480 vel
2736 3426 2968 3498 seipsum
3011 3426 3219 3498 penitus
3251 3429 3307 3487 in
3329 3429 3472 3487 illius
3498 3446 3731 3499 compara.

2198 3516 2340 3571 tione
2375 3518 2689 3573 contemnit.
2718 3517 2772 3573 Si
2802 3529 2976 3573 autem
3009 3528 3259 3591 tanquam
3290 3522 3477 3579 obvius
3499 3522 3647 3594 placet
3669 3522 3727 3575 si-
3794 3516 3795 3571 ξ

2197 3607 2248 3663 bi
2278 3606 2343 3663 ad
2369 3623 2621 3678 perverse
2648 3608 2959 3666 imitandum
2980 3610 3172 3679 Deum,
3192 3620 3250 3667 ιιι
3274 3622 3531 3685 potestate
3554 3629 3634 3668 sua
3653 3611 3733 3667 frui
3794 3634 3795 3665 ;

2198 3699 2344 3767 velit,
2382 3707 2528 3754 tanto
2563 3699 2622 3754 (it
2648 3701 2840 3767 minor,
2876 3713 3072 3774 quanto
3097 3718 3155 3758 se
3184 3704 3329 3775 cupit
3354 3720 3471 3760 esse
3496 3706 3730 3774 majorem.
3794 3718 3795 3781 χ

2198 3790 2265 3847 Ει
2289 3792 2388 3848 hoc
2409 3802 2510 3856 est,
2555 3789 2773 3847 Initium
2802 3796 2963 3849 omnis
2999 3797 3194 3867 peccati
3248 3799 3513 3869 superbia;
3552 3809 3618 3855 et.
3656 3790 3732 3850 1η-
3794 3788 3795 3791 “

2196 3884 2342 3938 ilium
2378 3886 2625 3956 superbia:
2659 3885 2871 3939 hominis
2895 3896 3182 3955 «postulare
3204 3905 3235 3941 a
3259 3887 3368 3943 Deo
3390 3890 3409 3959 (
3429 3886 3570 3943 Ereti.
3594 3905 3639 3951 ι.
3664 3886 3730 3951 15,

2200 3973 2319 4045 M).
2353 3972 2626 4043 Superbia!
2654 3985 2832 4030 autem
2859 3976 3051 4031 diaboli
3080 3979 3306 4033 accessit
3336 3978 3732 4036 malevolentissi-

2197 4079 2283 4119 ma
2320 4064 2533 4132 invidia,
2567 4076 2625 4120 ut
2665 4065 2801 4122 hanc
2848 4069 3149 4140 superbiam
3182 4069 3381 4125 homini
3413 4070 3731 4143 persuaderet,

2197 4170 2293 4227 per
2333 4172 2488 4227 quam
2517 4157 2775 4212 sentiebat
2800 4173 2858 4215 se
2889 4173 3007 4214 esse
3037 4158 3367 4215 damnatum.
3398 4162 3541 4218 Unde
3570 4162 3730 4216 ﬁat-tum

2201 4256 2287 4301 est
2313 4255 2369 4301 ut
2412 4262 2565 4319 poena
2593 4247 2860 4305 hominem
2887 4250 3187 4323 susciperet
3214 4254 3560 4309 emendatoria
3588 4253 3733 4324 potius
3794 4247 3795 4324 ᾗ

2206 4352 2363 4408 quam
2390 4336 2770 4406 interfectoria,
2800 4348 2856 4395 ut
2884 4342 2966 4395 cui
2994 4354 3051 4395 se
3072 4341 3313 4397 diabolus
3334 4345 3397 4399 ad
3426 4344 3732 4399 imitationem

2202 4431 2465 4499 superbiae
2508 4430 2827 4501 prarbucral,
2860 4431 2906 4486 ei
2946 4448 3003 4486 se
3029 4433 3287 4489 Dominus
3324 4435 3395 4489 ad
3426 4436 3736 4490 imitationem

2201 4521 2517 4578 humilitatis
2534 4523 2814 4597 prmberet,
2840 4540 2933 4594 per
2955 4533 3109 4595 quem
3136 4525 3290 4581 nobis
3310 4537 3496 4584 :eterna
3516 4526 3612 4583 vita
3634 4540 3738 4596 pro-

2197 4614 2427 4669 mittitur
2459 4633 2474 4670 :
2508 4623 2565 4669 ut
2611 4627 2905 4689 prmrogato
2934 4616 3083 4671 nobis
3128 4617 3327 4673 Christi
3356 4616 3605 4691 sanguine.
3629 4624 3735 4686 post

2196 4706 2412 4763 labores
2439 4707 2783 4781 miseriasque
2809 4706 3100 4765 incﬂiibiles
3130 4718 3272 4766 tanta
3302 4713 3549 4769 charitate
3569 4711 3735 4767 libera-

2196 4798 2299 4853 tori
2326 4807 2509 4854 nostro
2530 4797 2911 4866 adhmreamus,
2945 4808 2997 4854 et
3026 4808 3163 4854 tanta
3192 4803 3309 4871 ejus
3340 4804 3390 4859 in
3416 4820 3531 4859 eum
3552 4802 3731 4858 clarita-

2196 4898 2249 4945 te
2287 4890 2579 4960 rapiamur,
2608 4899 2666 4944 ut
2690 4890 2829 4945 nulla
2868 4906 2964 4944 nos
2987 4891 3094 4946 visa
3128 4907 3193 4948 ex
3223 4894 3552 4952 inferioribus
3575 4910 3600 4947 a
3623 4907 3730 4946 con-
3794 4894 3795 4953 ἰ

2194 4990 2378 5054 spectu
2401 4982 2672 5052 superiore
2691 4982 3071 5054 detorqueant;
3099 5000 3399 5057 quanquam
3422 4996 3475 5043 et
3495 4988 3536 5043 si
3562 4979 3733 5055 aliquid

2193 5074 2319 5132 huic
2348 5076 2629 5133 intentioni
2660 5085 2857 5133 nostra:
2884 5090 3255 5148 suggcrcrctur
3273 5081 3342 5139 ab
3378 5083 3599 5157 appetitu
3620 5075 3733 5133 infe.

2191 5170 2420 5239 riorum,
2470 5171 2796 5242 semmterna
2837 5187 2934 5228 nos
2959 5173 3150 5229 diaboli
3176 5174 3447 5235 damnatio
3473 5171 3729 5231 crimiatus-

2189 5281 2297 5338 que
2320 5273 2655 5326 revocarent.

2261 5357 2351 5415 Π.
2379 5356 2548 5415 Tanta
2573 5366 2657 5415 est
2694 5365 2870 5415 autem
2901 5358 3235 5429 pulchritudo
3253 5360 3491 5433 hstium,
3519 5366 3646 5417 tanta
3658 5355 3729 5429 iu-

2191 5449 2434 5511 cunditas
2468 5448 2602 5509 lucis
2634 5459 2871 5516 acterna,
2905 5452 3005 5511 hoc
3038 5461 3121 5509 est
3153 5452 3587 5511 incommutabilis
3606 5448 3725 5506 veri-

2191 5542 2314 5601 tatis
2337 5552 2496 5612 atque
2521 5539 2818 5612 sapientia),
2852 5550 2909 5597 ut
2949 5543 3155 5601 etiamsi
3195 5560 3305 5603 non
3331 5546 3506 5603 liceret
3524 5541 3727 5611 amplius

2193 5633 2253 5691 in
2292 5648 2355 5688 ea
2380 5647 2595 5689 manere
2618 5647 2777 5703 quam
2807 5633 2963 5695 unius
2983 5634 3083 5691 diei
3107 5650 3281 5703 mora,
3294 5645 3500 5707 propter
3524 5634 3623 5691 hoc
3649 5644 3727 5687 εο-
3764 5636 3765 5643 ‘

2194 5725 2305 5780 lum
2336 5725 2748 5781 innumerabiles
2787 5728 2908 5780 anni
2954 5727 3108 5796 hujus
3151 5728 3272 5782 vita:
3315 5731 3377 5800 ple
3399 5729 3448 5783 ni
3474 5727 3662 5783 deliciis
3682 5735 3724 5777 ct
3794 5725 3795 5797 1

2193 5818 2620 5874 circumﬂucntia
2664 5820 3029 5891 temporalium
3072 5821 3331 5877 bonorum
3375 5830 3511 5878 recte
3534 5819 3727 5876 metito-

3268 6397 3796 6408 ,___.—._‘ﬁ-—‘
