3824 6296
499 363 637 421 45η

503 481 644 537 enim
679 476 1019 535 mediocriter
1047 492 1207 534 sanus
1228 493 1333 533 non
1357 477 1511 535 facile
1541 477 1816 548 intelligat,
1847 476 2083 547 Scriptu-

499 585 679 626 rarum
703 570 1087 640 expositionem
1117 569 1185 624 ab
1210 570 1274 624 iis
1305 569 1584 640 petendam
1613 583 1762 636 esse,
1789 569 1876 639 qui
1898 583 2083 624 earnm

497 661 744 717 doctores
772 675 831 716 se
859 675 977 716 esse
1006 662 1352 730 proﬁtentur;
1385 661 1603 731 ﬁerique
1644 674 1801 730 posse
1827 703 1841 727 ,
1888 661 1996 714 imo
2029 659 2080 714 id

496 767 711 824 semper
755 753 1034 818 accidere,
1083 761 1139 808 ut
1182 753 1344 808 multa
1391 753 1617 808 indoctis
1662 752 1940 808 videantur
1989 752 2082 806 ah-

496 845 688 908 surda,
737 860 855 916 qua:
888 858 1008 898 cum
1042 858 1071 897 a
1113 843 1439 899 doctioribus
1468 853 1805 914 exponuntur
1827 885 1842 909 ,
1875 859 1940 898 eo
1966 843 2081 898 lau-

495 933 670 991 danda
715 936 1031 1002 videantur,
1075 945 1129 991 et
1171 951 1237 990 eo
1275 936 1601 1007 accipiantur
1630 946 1810 1007 aperta
1840 936 2075 1003 dulcius,

495 1043 601 1098 quo
623 1028 797 1083 clausa
821 1025 1094 1082 difﬁcilius
1123 1027 1535 1098 aperiebantur?
1577 1029 1690 1084 Hoc
1726 1028 1839 1084 fere
1869 1029 1919 1082 in
1950 1043 2077 1082 san-

495 1120 594 1174 etis
623 1120 824 1174 Veteris
848 1119 1175 1175 Testamenti
1205 1120 1352 1175 libris
1376 1122 1587 1187 evenit,
1612 1121 1656 1176 si
1683 1120 1841 1176 modo
1870 1121 1956 1176 ille
1987 1121 2078 1190 qui

493 1211 570 1265 eis
599 1209 912 1277 offenditur,
957 1210 1230 1265 doctorem
1271 1212 1446 1282 potius
1483 1226 1666 1266 eorum
1700 1212 1876 1282 pium,
1916 1227 2076 1282 quam

493 1302 711 1370 impium
754 1302 1099 1357 laceratorem
1131 1303 1395 1373 requirat,
1439 1304 1686 1372 priusque
1719 1303 1893 1358 studio
1932 1319 2078 1375 quie-

491 1395 695 1460 rentis,
746 1409 905 1464 quam
962 1395 1260 1448 temeritate
1306 1394 1742 1465 reprehendentis
1785 1394 2071 1449 imbuatur.

488 1483 628 1550 Nec,
656 1486 698 1539 si
722 1501 784 1540 ea
815 1485 1020 1540 discere
1048 1486 1286 1554 cupiens,
1334 1485 1386 1541 in
1427 1487 1631 1557 aliquos
1666 1488 1798 1541 forte
1835 1487 2078 1544 inciderit

487 1578 568 1632 vel
617 1579 898 1648 episcopos
926 1577 1009 1632 vel
1040 1578 1378 1649 presbyteros
1400 1621 1416 1646 ,
1463 1581 1542 1634 vel
1577 1580 1936 1649 cujusccmodi
1971 1580 2074 1636 Ec-

487 1670 665 1725 clesiae
700 1669 976 1725 catholica:
1017 1670 1283 1724 antistites
1310 1679 1364 1725 et
1391 1672 1662 1726 ministros
1681 1714 1695 1737 ,
1728 1673 1816 1742 qui
1839 1683 1930 1726 aut
1951 1688 2074 1740 pas-

492 1760 593 1814 sim
639 1768 866 1814 caveant
909 1759 1110 1815 nudare
1145 1762 1426 1833 mysteria,
1470 1771 1560 1816 aut
1585 1763 1819 1817 contenti
1848 1762 2072 1832 simplici

490 1853 631 1917 ﬁde,
675 1854 861 1907 altiora
901 1869 1222 1924 cognoscere
1263 1869 1366 1908 non
1409 1855 1677 1921 curarint,
1728 1855 1973 1924 desperet
1998 1855 2071 1909 ibi

487 1943 766 1998 scientiam
812 1958 932 1998 esse
969 1943 1237 2009 veritatis,
1292 1944 1380 1998 ubi
1420 1959 1592 2014 neque
1615 1960 1849 1999 omnesa
1880 1944 2070 2015 quibus

485 2035 741 2106 quaeritur
776 2035 969 2091 docere
1000 2045 1249 2106 possunt,
1301 2051 1473 2107 neque
1501 2052 1688 2092 omnes
1714 2037 1802 2108 qui
1827 2045 2071 2108 quierunt

485 2125 690 2181 discere
713 2126 855 2195 digni
887 2135 1030 2181 sunt.
1061 2127 1129 2180 Et
1153 2127 1423 2196 diligentia
1455 2127 1611 2198 igitur
1639 2138 1694 2184 et
1721 2129 1889 2198 pietas
1918 2129 2071 2183 adhi-

484 2217 654 2272 benda
676 2226 792 2272 est:
817 2217 984 2271 altero
1009 2216 1098 2272 fiet
1131 2227 1187 2272 ut
1213 2219 1444 2273 scientes
1470 2219 1828 2286 inveniamus;
1859 2220 2062 2286 altero,

482 2315 540 2362 ut
561 2307 696 2362 scire
725 2323 1044 2362 mereamur.

550 2396 603 2451 2.
635 2395 740 2452 Sed
765 2398 1012 2467 quoniam
1042 2396 1162 2452 dua:
1191 2399 1422 2452 maxime
1448 2408 1572 2453 sunt
1597 2399 1864 2455 illecebrae
1893 2399 2064 2455 Mani-

487 2488 756 2545 chteorum
779 2530 794 2553 ,
839 2489 1032 2559 quibus
1071 2489 1407 2560 decipiuntur
1446 2492 1672 2557 incauti,
1701 2503 1757 2546 ut
1783 2508 1876 2547 eos
1901 2494 2068 2549 velint

482 2581 680 2636 habere
701 2580 983 2643 doctores;
1014 2596 1139 2646 una,
1157 2595 1277 2636 cum
1299 2581 1600 2652 Scripturas
1633 2582 2061 2653 reprehendunt,

479 2673 561 2728 vel
603 2687 736 2740 quas
777 2673 914 2727 male
953 2672 1251 2744 intelligunt
1275 2675 1359 2730 vel
1385 2691 1516 2746 quas
1546 2677 1686 2731 male
1719 2676 1940 2747 intelligi
1970 2692 2064 2732 vo—

477 2764 629 2829 lunt;
671 2763 836 2818 altera
860 2804 875 2831 ,
921 2779 1041 2818 cum
1070 2766 1194 2819 vita:
1223 2775 1384 2820 casta:
1413 2777 1466 2820 et
1497 2768 1858 2822 memorabilis
1887 2769 2062 2823 cunti-

477 2856 673 2911 nentia:
713 2857 996 2926 imaginem
1039 2855 1365 2926 praeferunt:
1399 2859 1484 2913 hic
1516 2859 1651 2914 liber
1682 2868 2062 2929 congruentem

475 2947 750 3002 catholica:
790 2945 1086 3017 disciplinae
1129 2950 1449 3004 sententiam
1492 2961 1727 3006 nostram
1764 2951 1832 3007 de
1873 2953 1979 3006 vita
2007 2963 2062 3008 et

476 3039 718 3093 moribus
756 3039 1078 3107 continebit,
1129 3039 1182 3094 in
1222 3057 1328 3112 quo
1372 3041 1597 3098 fortasse
1643 3044 1968 3113 intelligetur
2006 3053 2062 3100 ct

473 3145 632 3200 quam
658 3130 727 3183 sit
753 3128 907 3186 facile
949 3131 1241 3200 simulare,
1289 3141 1344 3188 et
1391 3149 1549 3204 quam
1597 3133 1812 3189 difficile
1863 3136 2060 3192 habere

473 3220 744 3276 virtutem.
787 3221 924 3276 Eum
972 3237 1100 3278 sane
1143 3223 1358 3279 modum
1404 3224 1629 3289 tenebo,
1672 3225 1717 3278 si
1745 3234 1960 3294 potero,
2003 3235 2061 3280 ut

473 3325 646 3381 neque
682 3312 734 3365 in
777 3312 988 3366 illorum
1035 3314 1286 3380 morbos,
1333 3314 1421 3383 qui
1454 3315 1582 3368 mihi
1608 3325 1732 3369 sunt
1760 3316 2054 3382 notissimi,

475 3409 582 3460 tam
617 3401 848 3470 graviter
875 3403 1094 3455 invehar
1120 3441 1136 3468 ,
1166 3417 1325 3471 quam
1352 3404 1428 3456 illi
1458 3405 1510 3458 in
1540 3419 1602 3459 ea
1630 3421 1750 3475 quin
1776 3407 2054 3476 ignorant;

476 3493 653 3546 sanari
693 3491 834 3546 enim
870 3507 964 3547 eos
1004 3494 1211 3562 potius,
1254 3495 1300 3550 si
1339 3496 1449 3550 fieri
1497 3507 1705 3567 potest,
1753 3517 1912 3572 quam
1954 3520 2054 3576 op-

474 3582 694 3654 pugnari
725 3583 867 3636 volo.
919 3583 987 3638 Et
1011 3598 1072 3638 ea
1101 3583 1170 3641 de
1203 3585 1489 3656 Scripluris
1517 3605 1783 3646 assumam
1816 3597 2053 3650 testimo-

473 3674 557 3730 nia
579 3715 595 3740 ,
626 3673 818 3743 quibus
843 3689 936 3729 eos
957 3691 1175 3732 necesse
1203 3678 1272 3732 sit
1297 3680 1517 3736 credere
1535 3724 1551 3748 ,
1581 3683 1650 3740 de
1679 3685 1825 3741 Novo
1851 3689 2054 3744 scilicet

475 3766 836 3831 Testamento,
860 3767 928 3820 de
956 3783 1062 3839 quo
1083 3777 1259 3824 tamen
1285 3771 1415 3826 nihil
1437 3774 1703 3843 proferam
1727 3793 1910 3833 eorum
1933 3797 2052 3850 quae

471 3858 644 3913 solent
689 3858 924 3912 immissa
964 3873 1086 3914 esse
1123 3859 1303 3917 dicere
1327 3903 1344 3930 ,
1387 3877 1508 3918 cum
1551 3869 1755 3936 magnis
1792 3873 2052 3940 angustiis

469 3955 842 4013 coarctantur;
876 3948 970 4004 sed
993 3964 1057 4004 ea
1087 3949 1258 4006 dicam
1284 3995 1299 4020 ,
1331 3969 1450 4024 qua:
1470 3965 1522 4010 et
1543 3958 1836 4026 approbare
1858 3972 1911 4016 et
1932 3963 2050 4018 lau-

467 4038 597 4095 dare
641 4047 922 4110 coguntur.
951 4039 1061 4096 Nec
1099 4043 1317 4099 omnino
1351 4047 1510 4102 ullam
1541 4049 1832 4120 relinquam
1859 4063 2048 4112 testem

473 4134 790 4187 sentientium
822 4133 1130 4204 productam
1169 4137 1235 4192 de
1269 4142 1561 4208 apostolica
1605 4144 1911 4214 disciplina,
1963 4151 2049 4204 cui

471 4237 575 4276 non
602 4223 670 4277 de
698 4223 874 4280 Veteri
905 4226 1246 4283 Testamento
1279 4231 1506 4286 similem
1543 4247 1879 4305 comparem;
1919 4250 1976 4294 ut
2002 4241 2049 4295 si

474 4314 728 4385 evigilare
752 4315 961 4370 tandem
978 4358 995 4383 ,
1016 4317 1254 4390 deposita
1278 4323 1565 4391 pertinacia
1586 4328 1910 4383 somniorum
1933 4345 2051 4385 suo-

465 4423 605 4474 rum,
641 4417 698 4463 et
725 4407 778 4462 in
809 4408 1115 4467 christiana:
1141 4412 1264 4468 ﬁdei
1295 4414 1464 4469 lucem
1487 4418 1719 4484 aspirare
1744 4421 2044 4489 voluerint,

468 4501 896 4557 animadvertant
928 4511 983 4558 et
1019 4519 1176 4574 quam
1216 4521 1322 4560 non
1347 4507 1420 4561 sit
1441 4507 1728 4565 christiana
1757 4511 1862 4564 vita
1887 4529 2045 4583 quam

468 4600 776 4659 ostentant,
823 4602 878 4649 et
913 4610 1072 4665 quam
1111 4595 1182 4650 sit
1218 4595 1418 4652 Christi
1457 4598 1727 4670 Scriptura
1765 4619 1922 4674 quam
1964 4606 2045 4660 la-

463 4695 666 4740 cerant.

465 4776 690 4833 CAPUT
725 4776 791 4833 Il.
811 4810 884 4820 —
902 4781 1204 4838 Rationibus
1225 4784 1366 4855 prius
1390 4786 1523 4857 agit,
1563 4787 1832 4860 obsequens
1857 4791 2047 4848 vitioso!

860 4869 1259 4928 Manichaorum
1284 4878 1657 4934 consuetudini.

537 4960 594 5017 3.
627 4958 780 5023 Unde
809 4961 968 5029 igitur
990 4965 1276 5022 exordiar?
1313 4969 1380 5024 ab
1416 4973 1733 5030 auctoritate
1752 5016 1766 5040 ,
1806 4990 1873 5030 an
1899 4990 1927 5029 a
1953 4992 2044 5032 ra-

468 5051 655 5108 tione?
685 5051 898 5108 Naturie
921 5055 1132 5125 quidem
1154 5057 1286 5114 ordo
1310 5060 1380 5114 ita
1407 5075 1465 5116 se
1494 5061 1688 5130 habet,
1717 5074 1776 5120 ut
1803 5082 1922 5122 cum
1945 5071 2043 5124 ali-

463 5145 594 5215 quid
635 5145 928 5213 discimus,
968 5148 1227 5205 rationem
1268 5153 1536 5221 praecedat
1577 5159 1879 5214 auctoritas.
1912 5161 2042 5216 Nam

465 5239 676 5293 inﬁrma
712 5240 851 5295 ratio
881 5239 1049 5297 videri
1078 5251 1285 5313 potest,
1316 5260 1433 5315 quae
1458 5261 1578 5316 cum
1617 5249 1821 5305 reddita
1851 5253 2041 5319 fuerit,

464 5333 832 5388 auctoritatem
861 5343 1064 5405 postea,
1099 5351 1194 5406 per
1216 5351 1372 5408 quam
1395 5337 1650 5407 ﬁrmetur,
1673 5346 1911 5399 assumit.
1939 5346 2043 5402 Sed

461 5427 586 5496 quia
626 5425 914 5498 caligantes
951 5427 1226 5483 hominum
1253 5437 1462 5486 mentes
1485 5435 1866 5490 consuetudine
1893 5444 2043 5491 tene-

471 5515 726 5586 brarum,
775 5519 966 5590 quibus
1007 5520 1060 5576 in
1108 5529 1266 5578 nocte
1313 5534 1648 5593 peccatorum
1692 5527 2045 5599 vitiorumque

471 5610 751 5678 velantur,
798 5612 1155 5684 perspicuitati
1199 5614 1596 5686 sinceritatique
1634 5619 1854 5674 rationis
1891 5636 2045 5691 aspe-

464 5711 613 5759 ctum
643 5705 890 5761 idoneum
918 5708 1192 5764 intendere
1215 5719 1514 5780 nequeunt;
1535 5711 1880 5768 saluberrime
1899 5729 2044 5769 com-

478 5803 718 5864 paratum
755 5806 864 5864 est,
907 5807 965 5854 ut
989 5800 1040 5856 in
1071 5799 1245 5856 lucem
1273 5803 1511 5861 veritatis
1535 5804 1704 5862 aciem
1731 5806 2042 5865 titubantem

1246 361 1336 419 DE
1372 361 1669 421 MORlBUS
1705 358 2056 418 ECCLESLE
2093 358 2524 429 CATHOLICE,
2563 361 2620 419 S.
2661 361 3025 420 AUGUSTINI

3606 369 3718 430 1312

2190 477 2349 534 veluti
2377 479 2538 532 ramis
2572 479 2911 534 humanitatis
2945 487 3164 549 opacata
3203 477 3415 536 inducat
3451 485 3714 545 auctoritas.

2189 569 2292 625 Sed
2322 571 2570 640 quoniam
2597 586 2718 625 cum
2749 571 2814 625 iis
2840 570 2991 626 nobis
3019 587 3104 626 res
3132 581 3235 638 est,
3256 572 3342 640 qui
3370 575 3541 628 omnia
3565 591 3711 635 contra

2187 661 2428 716 ordinem
2458 671 2512 716 et
2541 662 2772 716 sentiunt
2791 703 2804 723 ,
2846 671 2900 717 et
2936 661 3241 732 loquuntur,
3272 671 3326 718 et
3349 675 3564 732 gerunt.
3589 668 3716 725 nihil-

2185 767 2290 823 que
2328 753 2468 806 aliud
2510 752 2737 808 maxime
2783 752 2999 819 dicunt,
3044 753 3145 808 nisi
3185 755 3441 809 rationem
3468 756 3602 824 prius
3623 775 3712 815 esse

2186 843 2511 899 reddendam
2538 885 2554 910 ,
2597 860 2798 899 morem
2826 844 2931 898 illis
2953 859 3166 914 geram;
3209 845 3348 915 quod
3379 846 3538 900 fateor
3565 847 3608 902 in
3631 851 3714 905 dis-

2189 936 2423 1007 putando
2448 937 2694 992 vitiosum
2722 950 2874 1002 esse,
2902 936 3206 1005 suscipiam.
3256 935 3487 991 Delectat
3507 940 3630 994 enim
3652 959 3714 998 me

2187 1027 2416 1094 imitari,
2449 1036 2701 1096 quantum
2729 1027 2879 1081 valeo
2899 1068 2914 1092 ,
2947 1025 3407 1082 mansuetudinem
3432 1027 3617 1083 Domini
3635 1033 3713 1086 mei

2182 1115 2308 1172 Jesu
2329 1117 2555 1182 Christi,
2587 1118 2674 1188 qui
2705 1118 2864 1173 etiam
2906 1117 3069 1188 ipsius
3103 1117 3291 1172 mortis
3327 1117 3500 1185 malo,
3529 1135 3620 1190 quo
3639 1138 3712 1177 nos

2183 1225 2378 1266 exuere
2399 1211 2577 1274 relict,
2611 1211 2824 1266 indutus
2849 1219 2948 1266 cst.

2181 1300 2408 1357 CAPUT
2437 1301 2522 1357 ιιι.
2567 1333 2635 1343 -
2682 1302 2869 1358 Beatus
2909 1303 2995 1372 qui
3041 1319 3096 1356 eo
3139 1302 3327 1374 fruitur
3370 1303 3502 1373 quod
3539 1304 3708 1362 hominis

2252 1394 2493 1462 Optimum
2516 1404 2604 1447 est.
2645 1392 2875 1446 Hominis
2904 1393 3149 1462 Optimum
3172 1393 3316 1460 quid.
3349 1392 3476 1447 Dure
3501 1396 3704 1450 conditio-

2253 1502 2339 1540 nes
2367 1486 2552 1539 summi
2581 1487 2694 1539 boni
2718 1503 2734 1540 :
2764 1486 2816 1540 1⁸
2843 1495 2895 1539 ut
2931 1485 3058 1539 nihil
3079 1502 3136 1540 eo
3174 1487 3353 1541 melius
3383 1486 3543 1553 sitﬂ‘
3567 1497 3614 1540 ut
3635 1491 3708 1544 tale

2249 1577 2336 1643 sit,
2366 1579 2500 1648 quod
2526 1597 2624 1633 non
2655 1581 2849 1632 amittat
2872 1580 3076 1633 invitus.

2249 1668 2303 1722 4.
2345 1668 2571 1723 Ratione
2602 1669 2758 1739 igitur
2787 1683 3086 1738 quaeramus
3105 1667 3542 1738 quemadmodum
3560 1672 3617 1726 sit
3638 1673 3710 1725 ho-

2179 1759 2304 1813 mini
2344 1760 2646 1814 vivendum.
2688 1760 2848 1815 Beate
2886 1769 3032 1816 certe
3057 1775 3243 1815 omnes
3267 1761 3448 1816 vivere
3471 1762 3706 1830 volumus;

2179 1866 2350 1921 neque
2392 1853 2669 1922 quiSquam
2717 1861 2799 1907 est
2846 1854 2897 1906 in
2948 1852 3222 1908 hominum
3267 1869 3493 1922 genere,
3527 1857 3706 1926 quinoa

2178 1941 2299 1998 huic
2329 1945 2607 2000 sententiae
2630 1985 2646 2010 ,
2677 1955 2958 2016 antequam
2995 1946 3148 2015 plene
3168 1946 3238 2000 sit
3261 1946 3484 2011 emissa,
3525 1961 3707 2003 consen-

2178 2035 2289 2089 tiat.
2321 2035 2512 2090 Beatus
2534 2043 2734 2102 autem,
2765 2045 3019 2106 quantum
3040 2037 3317 2102 existimo,
3349 2052 3512 2108 neque
3534 2038 3608 2094 ille
3629 2040 3706 2096 dici

2175 2135 2386 2197 potest,
2442 2129 2530 2198 qui
2583 2146 2686 2183 non
2742 2129 2902 2184 habet
2952 2129 3093 2199 quod
3142 2138 3324 2196 amat,
3373 2131 3708 2204 qualecumque

2173 2217 2276 2284 sit;
2300 2234 2471 2288 neque
2490 2218 2578 2289 qui
2605 2218 2765 2274 habet
2788 2218 2929 2289 quod
2950 2227 3128 2285 amat,
3157 2220 3200 2274 si
3225 2221 3432 2274 noxium
3453 2222 3546 2286 sit;
3572 2237 3709 2293 neque

2173 2309 2260 2378 qui
2289 2324 2391 2362 non
2420 2317 2561 2363 amat
2590 2309 2732 2380 quod
2759 2309 2952 2374 habet,
2978 2311 3188 2364 etiamsi
3219 2313 3470 2380 optimum
3494 2313 3570 2366 sit.
3598 2313 3710 2369 Nam

2175 2407 2230 2452 et
2255 2399 2344 2468 qui
2371 2400 2574 2470 appetit
2609 2399 2751 2470 quod
2779 2400 2997 2469 adipisci
3024 2416 3130 2455 non
3159 2409 3352 2471 potest,
3374 2403 3642 2467 cruciatur;
3668 2413 3711 2459 et

2171 2491 2259 2560 qui
2289 2490 2512 2561 adeptus
2531 2501 2613 2546 est
2641 2492 2781 2562 quod
2818 2493 3179 2562 appetendum
3219 2511 3320 2548 non
3362 2505 3462 2560 est,
3500 2495 3704 2562 fallitur;

2171 2589 2226 2636 et
2249 2583 2337 2652 qui
2369 2599 2473 2651 non
2495 2585 2696 2654 appetit
2720 2585 2858 2654 quod
2891 2585 3296 2654 adipiscendum
3319 2597 3462 2653 esset,
3486 2597 3696 2657 iegrotat.

2169 2672 2309 2728 Nihil
2351 2685 2528 2730 autem
2570 2678 2790 2731 istorum
2833 2679 3012 2732 animo
3049 2680 3307 2750 contingit
3346 2679 3447 2734 sine
3483 2679 3704 2747 miseria;

2173 2783 2273 2822 nec
2299 2769 2513 2824 miseria
2553 2777 2608 2824 et
2645 2769 2917 2825 beatitudo
2956 2772 3010 2827 in
3051 2771 3268 2828 homine
3298 2789 3400 2828 uno
3418 2775 3559 2828 simul
3581 2775 3708 2830 habi-

2171 2867 2284 2912 tare
2323 2863 2948 2917 consueveruntznullus
2993 2863 3154 2934 igitur
3194 2865 3404 2920 illorum
3434 2867 3598 2921 beatus
3622 2877 3706 2922 est.

2171 2952 2430 3020 Quartum
2471 2964 2670 3022 restat,
2721 2965 2778 3011 ut
2824 2956 3011 3023 video,
3052 2957 3142 3013 ubi
3185 2958 3338 3014 beata
3387 2961 3486 3014 vita
3518 2961 3704 3016 inveniri

2167 3055 2359 3115 queat;
2393 3061 2514 3100 cum
2540 3047 2592 3102 id
2619 3048 2759 3118 quod
2783 3057 2866 3103 est
2890 3048 3121 3105 hominis
3147 3052 3423 3120 optimum,
3446 3061 3496 3107 et
3513 3062 3699 3118 amatur,

2167 3146 2223 3194 et
2259 3139 2502 3195 habetur.
2549 3139 2685 3208 Quid
2733 3141 2875 3196 enim
2906 3154 2990 3196 cst
3029 3142 3174 3196 aliud
3199 3143 3340 3214 quod
3363 3143 3572 3198 dicimus
3590 3143 3694 3211 frui,

2166 3230 2265 3284 nisi
2285 3241 2477 3300 priesto
2497 3231 2692 3286 habere
2713 3231 2855 3302 quod
2882 3233 3093 3304 diligis?
3120 3232 3303 3304 Neque
3329 3235 3581 3305 quisquam
3597 3234 3695 3288 bea-

2167 3329 2251 3375 tus
2282 3330 2394 3387 est,
2439 3323 2530 3392 qui
2578 3339 2687 3378 non
2721 3323 2914 3379 fruitur
2946 3340 3012 3379 eo
3047 3326 3187 3395 quod
3237 3336 3320 3382 est
3360 3325 3571 3382 hominis
3588 3327 3698 3397 opti-

2165 3428 2342 3478 mum;
2388 3429 2486 3469 nec
2523 3414 2827 3485 quisquam,
2851 3416 2940 3480 qui
2966 3431 3032 3472 eo
3058 3415 3277 3484 fruitur,
3306 3434 3408 3473 non
3427 3428 3505 3475 est
3530 3419 3696 3474 beatus.

2164 3505 2365 3559 Praesto
2393 3520 2524 3576 ergo
2557 3521 2678 3562 esse
2715 3508 2868 3563 nobis
2907 3508 3069 3566 debet
3103 3512 3361 3581 optimum
3399 3521 3630 3581 nostrum,
3661 3513 3696 3566 si

2163 3595 2320 3652 beate
2349 3597 2526 3651 vivere
2549 3599 2865 3669 cogitamus.

2233 3688 2286 3741 5.
2337 3687 2586 3757 Sequitur
2628 3697 2686 3743 ut
2727 3705 3027 3759 quaeramus
3063 3691 3188 3762 quid
3237 3692 3308 3747 sit
3347 3691 3558 3748 hominis
3585 3692 3696 3762 οι)ιί-

2161 3793 2304 3832 mum
2326 3821 2340 3845 ,
2391 3779 2530 3848 quod
2576 3780 2814 3848 profecto
2851 3781 3084 3836 deterius
3117 3798 3238 3838 esse
3266 3799 3419 3854 quam
3448 3785 3545 3854 ipse
3567 3788 3695 3838 homo

2163 3888 2268 3925 non
2321 3882 2515 3937 potest.
2550 3873 2802 3942 Quisquis
2829 3874 2969 3928 enim
2999 3875 3138 3944 quod
3169 3873 3347 3943 seipso
3370 3886 3444 3930 est
3468 3877 3690 3940 deterius,

2160 3965 2430 4034 sequitur,
2476 3965 2534 4018 ﬁt
2567 3974 2621 4020 et
2659 3965 2771 4034 ipse
2798 3965 3050 4020 deterior.
3082 3965 3306 4035 Oportet
3327 3979 3485 4022 autem
3510 3983 3686 4020 onmem

2160 4055 2426 4112 hominem
2477 4059 2526 4112 id
2573 4060 2710 4129 quod
2746 4060 3003 4129 Optimum
3034 4069 3117 4116 est
3141 4063 3312 4132 sequi.
3341 4062 3442 4118 Non
3465 4071 3534 4117 est
3554 4060 3685 4130 igitur

2159 4147 2373 4204 homine
2408 4149 2644 4206 deterius
2676 4151 2906 4206 hominis
2931 4153 3209 4222 Optimum.
3240 4154 3475 4210 Fortasse
3499 4155 3586 4208 tale
3607 4153 3690 4205 ali-

2157 4241 2282 4310 quid
2320 4244 2452 4309 erit,
2489 4245 2644 4313 quale
2671 4245 2784 4314 ipse
2808 4245 2967 4299 homo
2990 4245 3114 4300 est?
3143 4247 3218 4301 Ita
3249 4248 3320 4302 sit
3349 4263 3498 4312 sane,
3521 4246 3561 4300 si
3582 4244 3688 4300 nihil

2155 4342 2238 4388 est
2280 4333 2495 4389 homine
2541 4335 2764 4404 melius,
2807 4353 2914 4408 quo
2938 4339 3138 4408 perfrui
3167 4342 3353 4410 possit.
3377 4342 3428 4397 Si
3451 4351 3601 4396 autem
3625 4339 3689 4392 in-

2158 4428 2399 4482 venimus
2439 4429 2634 4499 aliquid
2677 4430 2817 4500 quod
2853 4441 2907 4485 et
2935 4431 3150 4488 homine
3177 4435 3248 4489 sit
3275 4435 3627 4497 excellentius,
3649 4440 3691 4485 et

2157 4529 2351 4589 priesto
2395 4535 2514 4576 esse
2552 4522 2748 4576 amanti
2786 4537 2906 4578 sese
2931 4523 3126 4578 homini
3153 4527 3355 4596 possit;
3385 4527 3496 4596 quis
3519 4525 3690 4580 dubita-

2155 4609 2290 4664 verit
2335 4609 2534 4664 homini
2561 4613 2625 4665 ad
2656 4612 2705 4666 id
2735 4612 3004 4668 nitendum
3031 4629 3150 4670 esse
3177 4624 3236 4670 ut
3262 4617 3446 4671 beatus
3471 4617 3556 4680 sit,
3578 4613 3691 4684 quod

2153 4717 2218 4756 eo
2265 4702 2380 4771 ipso
2435 4703 2522 4772 qui
2562 4705 2774 4765 nititur,
2820 4704 3155 4762 manifestum
3198 4718 3280 4763 est
3317 4724 3433 4764 esse
3480 4721 3692 4780 prmsran-

2160 4794 2304 4848 tius?
2331 4793 2463 4848 Nam
2492 4796 2534 4848 si
2564 4795 2613 4849 id
2643 4806 2724 4850 est
2747 4797 2958 4852 beatum
2984 4813 3133 4865 esse,
3163 4799 3230 4854 ad
3264 4801 3365 4856 tale
3394 4801 3573 4855 bonum
3598 4814 3690 4868 per-

2155 4887 2362 4941 venisse
2403 4902 2508 4957 quo
2546 4888 2771 4958 amplius
2810 4904 2912 4944 non
2958 4899 3162 4960 potest,
3196 4892 3252 4946 id
3279 4903 3360 4947 est
3388 4903 3552 4947 autem
3574 4889 3685 4963 quod

2154 4976 2378 5031 dicimus
2398 4977 2687 5047 Optimum;
2715 4994 2820 5049 quo
2845 4980 3052 5034 tandem
3087 4991 3240 5050 pacto
3270 4994 3441 5053 potest
3461 4984 3509 5037 in
3537 4997 3588 5038 ea
3611 4981 3684 5034 dc-

2155 5069 2390 5124 finitione
2449 5071 2684 5135 includi,
2749 5073 2835 5143 qui
2884 5074 2948 5128 ad
3002 5091 3270 5131 summum
3330 5079 3517 5134 bonum
3563 5092 3683 5133 suum

2153 5163 2385 5218 nondum
2431 5165 2770 5234 pervenerit?
2810 5175 2900 5220 aut
2938 5169 3206 5236 quomodo
3243 5187 3503 5226 summum
3534 5181 3626 5236 est,
3650 5167 3706 5246 si]

2154 5262 2235 5309 est
2271 5255 2465 5326 aliquid
2505 5257 2693 5311 melius
2738 5274 2842 5328 quo
2870 5262 3142 5330 pervenire
3172 5264 3473 5332 possimus?
3497 5264 3591 5319 lloc
3612 5247 3708 5332 ἱεὶυἶ

2154 5355 2241 5401 tur
2285 5348 2326 5401 si
2365 5357 2478 5415 est,
2520 5349 2622 5403 tale
2663 5365 2781 5406 esse
2819 5352 2972 5406 debet
2997 5353 3134 5422 quod
3162 5356 3704 5410 nonamittatinvitus.’

2152 5437 2358 5510 Quippe
2401 5454 2556 5495 nemo
2601 5451 2772 5539 potest
2817 5443 3082 5500 conﬁdere
3126 5445 3195 5502 de
3238 5449 3327 5502 tali
3369 5449 3532 5513 bono,
3567 5435 3702 5552 quod;

2152 5534 2252 5588 sibi
2297 5533 2432 5606 eripi
2480 5524 2650 5605 ροεεέ
2678 5538 2869 5604 sentit,
2909 5540 3111 5594 etiamsi
3152 5542 3384 5598 retinere
3420 5542 3469 5597 id
3507 5524 3698 5624 ample}

2151 5625 2324 5696 otique
2370 5627 2609 5684 voluerit.
2659 5629 2904 5702 Quisquis
2948 5641 3121 5687 autem
3151 5632 3216 5688 de
3244 5635 3384 5691 bono
3409 5650 3504 5705 quo
3525 5631 3675 5688 {mitur

2151 5730 2255 5771 non
2298 5718 2545 5786 conﬁdit,
2599 5719 2650 5776 in
2697 5729 2839 5777 tanto
2875 5723 3060 5779 timore
3094 5725 3368 5782 amittendi
3394 5725 3670 5782 beatusesse

2151 5811 2236 5879 qui
2263 5814 2474 5882 potest?
