3824 6296
88 453 212 517 “13
452 533 678 594 CAPUT
707 531 795 591 IV.
823 524 1090 589 -Ηοηιο
1111 533 1252 604 quid.

156 636 198 691 6.
233 630 540 699 Qumramus
579 628 736 699 igitur
770 626 894 698 quid
918 628 988 681 sit
1011 626 1223 680 homine
1250 624 1462 679 melius.
1493 623 1645 691 Quod

101 728 302 804 profecto
343 724 580 778 invenire
614 720 830 776 difﬁcile
860 729 974 785 est,
1007 719 1107 773 nisi
1141 719 1282 788 prius
1311 715 1646 772 considerato

99 830 226 890 atque
260 814 500 870 discusso
545 812 670 882 quid
707 812 775 866 sit
805 812 916 881 ipse
946 811 1121 863 homo.
1152 807 1259 864 Nec
1289 821 1427 862 nunc
1453 805 1645 861 deﬁni-

99 914 263 964 tionem
309 905 542 961 hominis
587 919 617 958 a
669 919 755 958 me
805 901 1168 972 postulandam
1215 908 1364 970 puto.
1411 896 1538 952 Illud
1564 906 1647 951 est

98 1003 237 1072 magis
275 983 415 1070 quod
455 997 582 1052 mihi
614 999 714 1050 hoc
741 996 856 1050 loco
880 994 1220 1065 qumrendum
1252 993 1490 1054 videtur,
1524 1005 1644 1043 cum

97 1098 211 1150 inter
227 1105 408 1146 omnes
435 1104 570 1158 pene
595 1073 927 1153 c0nstét,aut
954 1095 1116 1148 certe,
1152 1084 1203 1138 id
1230 1082 1370 1154 quod
1395 1081 1521 1136 satis
1542 1088 1642 1146 est,

97 1188 214 1240 inter
239 1198 320 1237 me
347 1192 506 1252 atque
537 1179 654 1233 illos
682 1194 802 1234 cum
829 1178 1019 1246 quibus
1047 1190 1185 1229 nunc
1208 1173 1379 1244 agitur
1402 1172 1500 1226 hoc
1521 1186 1645 1225 con-

95 1279 271 1341 veniat,
318 1291 382 1330 ex
427 1274 601 1328 anima
646 1282 700 1327 et
741 1285 964 1340 corpore
1007 1283 1104 1322 nos
1142 1282 1259 1322 esse
1288 1264 1642 1334 compositos,

93 1373 196 1444 quid
219 1379 295 1425 est
323 1368 438 1437 ipse
461 1368 640 1430 homo,
671 1374 952 1434 utrumque
987 1361 1176 1416 horum
1211 1374 1327 1429 qua:
1355 1355 1643 1421 nominavi,

93 1481 147 1518 an
205 1475 391 1532 corpus
449 1455 856 1520 tantummodo,
914 1468 979 1506 an
1035 1448 1396 1506 tantummodo
1447 1446 1642 1500 anima.

93 1558 376 1626 Quanquam
420 1552 562 1607 enim
603 1549 707 1602 duo
747 1550 884 1613 sint,
927 1546 1099 1600 anima
1122 1554 1174 1598 et
1197 1555 1420 1610 corpus,
1444 1550 1497 1594 et
1519 1554 1648 1593 neu-

95 1658 210 1701 trum
257 1653 534 1698 vocaretur
583 1639 776 1699 homo,
825 1638 869 1691 si
914 1653 1018 1691 non
1063 1643 1203 1690 esset
1247 1634 1469 1687 alterum
1499 1631 1644 1700 (nam

94 1753 241 1807 neque
285 1747 477 1804 corpus
519 1733 678 1785 homo
718 1737 893 1794 esset,
940 1727 982 1780 si
1011 1727 1184 1779 anima
1212 1740 1314 1777 non
1346 1731 1517 1786 esset;
1553 1735 1647 1773 nec

95 1844 253 1883 rursus
297 1827 468 1878 anima
515 1823 706 1883 homo,
749 1820 792 1874 si
827 1835 888 1873 ea
916 1833 1107 1886 corpus
1133 1831 1238 1870 non
1263 1811 1643 1880 animari-tur);

99 1922 191 1975 ﬁeri
221 1929 384 1973 tamen
425 1925 598 1985 potest
628 1922 682 1966 ut
719 1927 879 1966 unum
910 1911 1095 1964 horum
1128 1920 1181 1964 et
1210 1908 1464 1961 habeatur
1490 1905 1648 1958 homo

96 2025 138 2067 et
179 2021 402 2066 vocetur.
449 2005 586 2076 Quid
613 2019 739 2075 ergo
762 2003 1028 2057 hominem
1053 1999 1314 2055 dicimus?
1339 1998 1566 2052 animam
1596 2005 1648 2049 et

95 2119 294 2174 corpus,
345 2111 593 2169 tanquam
644 2099 790 2166 bigas
839 2095 920 2150 vel
967 2093 1314 2148 centaurum?
1351 2109 1416 2146 au
1457 2105 1647 2159 corpus

99 2208 306 2261 tantum,
335 2193 476 2265 quod
507 2195 574 2247 sit
607 2192 655 2244 in
686 2206 782 2245 usu
809 2189 1001 2243 animae
1025 2204 1081 2242 se
1107 2188 1372 2257 regentis;
1399 2195 1646 2254 tanquam

96 2290 369 2352 lucernam,
415 2301 519 2338 non
570 2284 741 2353 ignem
788 2280 944 2337 simul
991 2289 1043 2334 et
1089 2287 1307 2345 testam,
1339 2276 1429 2330 sed
1460 2285 1644 2329 testam

95 2382 263 2442 Solam,
313 2388 491 2431 tamen
536 2384 750 2445 propter
797 2373 969 2440 ignem
1017 2368 1380 2439 appellamus?
1421 2382 1486 2420 an
1518 2366 1646 2420 nihil

95 2471 217 2527 aliud
258 2470 521 2533 hominem
568 2481 724 2537 quam
765 2465 994 2518 animam
1033 2463 1289 2527 dicimus,
1313 2459 1403 2514 sed
1436 2469 1648 2528 pr0pter

95 2577 264 2631 corpus
305 2560 442 2630 quod
485 2560 655 2628 regit,
697 2557 855 2611 veluti
883 2555 1112 2625 equitem
1135 2569 1239 2606 non
1268 2552 1424 2606 simul
1455 2565 1645 2617 equum

94 2666 134 2708 et
162 2653 420 2707 hominem
443 2693 458 2718 ,
481 2650 573 2706 sed
601 2648 870 2704 hominem
897 2649 1099 2714 solum,
1123 2662 1185 2700 ex
1215 2661 1278 2699 eo
1307 2653 1479 2698 tamen
1505 2641 1646 2710 quod

95 2745 302 2813 regendo
343 2759 480 2813 equo
519 2743 587 2795 sit
612 2739 1072 2804 accommodatus,
1104 2735 1392 2790 vocamus?
1427 2731 1645 2786 Difﬁcile

93 2848 157 2892 est
207 2839 345 2891 istam
389 2834 805 2890 controversiam
854 2831 1177 2900 dijudicare;
1223 2837 1313 2883 aut
1355 2829 1398 2881 si
1445 2827 1646 2880 ratione

93 2929 256 2994 facile,
286 2928 522 2983 oratione
551 2928 763 2995 longum
793 2933 874 2979 est
898 2939 910 2976 :
934 2939 1088 2992 quem
1115 2922 1344 2976 laborem
1363 2937 1423 2975 ac
1444 2936 1643 2972 moram

91 3023 332 3091 suscipere
378 3035 439 3075 ac
487 3019 666 3073 subire
694 3033 798 3072 non
828 3032 959 3086 opus
989 3029 1088 3072 ρει.
1121 3015 1241 3070 Sive
1269 3017 1407 3070 enim
1442 3024 1644 3068 utrum-

92 3129 172 3182 que
202 3156 214 3178 ,
245 3114 348 3167 sive
375 3113 552 3167 anima
581 3113 691 3166 sola
722 3125 914 3164 nomen
941 3107 1171 3162 hominis
1200 3117 1407 3172 teneat,
1442 3123 1545 3160 non
1567 3115 1648 3160 est

91 3206 296 3261 hominis
336 3207 591 3275 optimum
636 3202 774 3274 quod
823 3203 1080 3272 optimum
1124 3211 1203 3256 est
1243 3204 1509 3271 corporis;
1554 3203 1646 3258 sed

94 3297 214 3367 quod
256 3308 342 3352 aut
379 3298 586 3368 corpori
629 3297 784 3350 simul
833 3305 888 3349 et
911 3295 1102 3348 animm
1128 3337 1140 3358 ,
1189 3305 1278 3349 aut
1325 3297 1424 3351 soli
1457 3298 1648 3354 anima:

97 3388 321 3458 Optimum
351 3399 432 3444 est
455 3430 470 3456 ,
502 3387 552 3442 id
583 3396 665 3442 est
690 3387 946 3456 Optimum
975 3385 1223 3441 hominis.

103 3487 288 3547 CAPUT
331 3489 395 3544 ν.
435 3519 508 3531 -
547 3487 785 3543 Hominis
810 3489 1048 3558 optimum
1075 3506 1173 3541 non
1198 3489 1331 3558 quod
1354 3490 1510 3544 solius
1534 3506 1646 3543 cor-

327 3582 490 3653 poris,
523 3581 612 3635 sed
639 3580 773 3651 quod
802 3582 984 3634 anima:
1009 3582 1248 3650 optimum
1275 3590 1367 3634 est.

155 3673 197 3726 7.
237 3671 486 3744 Corporis
515 3681 694 3726 autem
727 3673 770 3725 si
799 3671 1088 3740 quaerimus
1115 3671 1237 3739 quid
1264 3672 1520 3740 optimum
1548 3672 1649 3738 sit,

101 3764 138 3842 id
171 3775 299 3821 certa
328 3767 460 3820 ratio
483 3767 622 3834 cogit
654 3764 832 3829 fateri,
861 3779 957 3834 per
983 3762 1126 3833 quod
1154 3764 1211 3817 ﬁt
1233 3773 1289 3817 ut
1315 3779 1434 3818 sese
1459 3779 1653 3833 corpus

98 3874 232 3926 quam
273 3862 465 3930 optime
509 3857 720 3914 habeat.
765 3857 906 3912 Nihil
954 3867 1035 3912 est
1077 3867 1252 3910 autem
1279 3858 1512 3911 omnium
1537 3873 1654 3926 qua:

101 3962 319 4022 vegetant
344 3968 537 4022 corpus
554 3994 566 4013 ,
590 3951 764 4006 anima
797 3951 986 4004 melius
1007 3959 1161 4017 atque
1185 3951 1539 4020 praestantius.
1562 3949 1656 4004 Est

97 4061 204 4114 ergo
221 4060 480 4099 summum
509 4043 747 4113 corporis
773 4042 984 4104 bomtm,
1005 4055 1107 4093 non
1134 4040 1372 4108 voluptas
1398 4040 1529 4109 ejus,
1550 4055 1654 4092 non

99 4137 362 4204 indoloria,
392 4153 496 4191 non
527 4137 686 4201 vires,
721 4151 824 4187 non
856 4132 1213 4202 pulchritudo,
1247 4149 1350 4186 non
1382 4134 1658 4212 velocitas,

97 4234 142 4279 ct
178 4227 220 4280 si
256 4215 372 4296 quid
400 4227 539 4282 aliud
570 4226 619 4279 in
653 4225 803 4278 bouis
826 4223 1065 4293 corporis
1094 4224 1356 4276 numerari
1386 4222 1539 4288 solet,
1562 4223 1656 4278 sed

103 4319 299 4372 omnino
323 4319 518 4372 anima.
551 4317 682 4372 Nam
709 4327 762 4372 et
793 4319 886 4370 ista
917 4331 1033 4386 qua:
1061 4325 1471 4370 commemorata
1500 4326 1654 4382 sunt,

99 4410 353 4472 prassentia
381 4409 464 4463 sui
491 4408 706 4462 exhibet
731 4407 940 4476 corpori
961 4447 974 4466 ,
1005 4416 1056 4460 et
1083 4405 1220 4475 quod
1247 4406 1512 4460 antecellit
1537 4421 1654 4460 om-

100 4498 263 4561 nibus,
312 4499 492 4554 vitam.
547 4497 900 4565 Quamobrem
942 4513 1043 4550 non
1082 4495 1289 4550 videtur
1330 4497 1457 4550 mihi
1483 4498 1655 4552 anima

104 4605 204 4643 esse
234 4607 492 4645 summum
524 4590 753 4644 hominis
784 4591 975 4644 bonum
997 4632 1012 4656 ,
1041 4589 1150 4643 sive
1175 4589 1400 4642 animam
1428 4589 1583 4643 simul
1606 4598 1659 4643 et

101 4694 303 4749 corpus,
353 4682 466 4738 sive
515 4682 747 4736 animam
792 4683 957 4737 solam
1004 4683 1266 4736 hominem
1309 4682 1551 4736 dicimus.
1587 4677 1659 4736 Ut

104 4771 226 4823 etaim
251 4773 484 4842 corporis
511 4789 773 4828 Summum
801 4773 994 4826 bonum
1022 4774 1071 4826 id
1101 4773 1294 4826 invenit
1323 4773 1487 4838 ratio,
1516 4774 1657 4844 quod

102 4868 175 4912 est
197 4876 410 4932 oorpore
442 4865 629 4917 melius
649 4905 664 4929 ,
695 4875 748 4918 et
777 4879 885 4932 quo
908 4865 954 4918 ei
987 4864 1132 4932 vigor
1151 4872 1204 4917 et
1230 4864 1331 4918 vita
1357 4865 1618 4933 pra-betur
1641 4884 1654 4918 :

103 4949 167 5002 ita
198 4954 296 5008 sive
323 4971 516 5025 e0rpus
542 4966 597 5010 et
620 4957 792 5009 anima
815 4998 826 5021 ,
857 4957 967 5010 sive
992 4957 1164 5008 anima
1184 4955 1292 5024 ipsa
1312 4971 1406 5024 per
1419 4972 1476 5010 se
1499 4955 1658 5011 homo

101 5042 192 5105 sit,
225 5046 586 5100 inveniendum
615 5058 692 5099 est
713 5088 726 5107 ,
747 5047 788 5098 si
807 5046 930 5114 quid
950 5047 1176 5099 animam
1197 5045 1446 5113 pnecedit
1463 5047 1655 5116 ipsam,

101 5135 225 5199 quod
269 5153 381 5191 cum
425 5137 602 5192 anima
651 5135 922 5205 sequitur,
965 5137 1022 5189 fit
1060 5138 1111 5189 in
1151 5151 1248 5189 suo
1282 5152 1474 5204 genere
1502 5154 1656 5207 quam

98 5233 252 5288 potest
293 5231 510 5298 Optima.
564 5227 712 5294 Quod
760 5227 804 5281 si
839 5230 1069 5297 reperire
1099 5228 1454 5295 potuerimus,
1487 5228 1536 5281 id
1559 5228 1659 5281 erit

94 5313 318 5377 profecto
343 5319 484 5389 quod
515 5319 828 5387 ambagibus
853 5317 1069 5371 remotis
1103 5319 1367 5384 omnibus,
1392 5335 1655 5372 summum

1495 3457 1616 3466 __.

1442 440 1641 497 LIBER
1680 438 1948 497 PRIMUS.

1751 440 1948 497 thUS.
3183 440 3322 504 13η

1751 531 1980 586 hominis
2030 531 2224 588 bonum
2269 531 2389 604 jure
2443 531 2738 605 meritoque
2793 533 3168 592 nominandum
3219 548 3321 594 est.

1821 619 1873 675 8.
1906 621 2009 675 Aut
2033 622 2077 676 si
2101 638 2292 693 corpus
2321 632 2404 680 est
2427 623 2587 679 homo
2607 667 2622 692 ,
2654 624 2781 695 quin
2806 623 3034 680 hominis
3065 628 3322 696 optimum

1749 713 1922 766 anima
1959 713 2068 783 ipsa
2098 716 2200 780 sit,
2233 731 2478 772 recusare
2503 731 2606 771 non
2639 731 2873 786 possum.
2905 717 3009 772 Sed
3038 728 3182 774 certe
3205 735 3325 774 cum

1747 804 1816 860 de
1844 807 2078 861 moribus
2105 809 2292 878 agitur,
2323 826 2443 864 cum
2465 809 2748 880 qnzerimus
2766 810 2979 879 quinam
2997 811 3115 865 vitae
3136 813 3328 869 modus

1750 899 2010 953 tenendus
2053 900 2120 953 sit
2159 909 2214 954 ut
2248 900 2622 956 beatitudinem
2651 903 2914 972 possimus
2942 901 3191 971 adipisci,
3220 919 3325 958 non

1748 991 1960 1058 corpori
2002 1001 2261 1060 przecepta
2303 993 2528 1060 dantur,
2569 1009 2676 1048 non
2705 994 2940 1064 corporis
2969 993 3327 1065 investiganda

1749 1091 1831 1137 est
1871 1081 2166 1151 disciplina.
2216 1083 2491 1138 Postremo
2518 1085 2686 1140 bonos
2713 1100 2890 1139 mores
2909 1101 2971 1139 ea
2999 1095 3179 1140 nostra
3206 1101 3328 1156 pars

1748 1184 1928 1228 actura
1975 1183 2088 1241 est,
2138 1190 2254 1242 quze
2304 1175 2549 1244 inquirit,
2580 1179 2652 1242 fet
2691 1177 2883 1242 discit;
2921 1185 2974 1232 et
3004 1177 3116 1232 lucc
3139 1179 3328 1233 animae

1748 1275 1872 1319 sunt
1921 1267 2130 1334 propria
2162 1283 2174 1319 :
2205 1282 2310 1320 non
2341 1267 2498 1336 igitur
2522 1267 2588 1321 de
2614 1282 2864 1338 corpore,
2897 1283 3017 1323 cum
3043 1269 3108 1324 de
3135 1270 3329 1325 virtute

1749 1357 2036 1411 obtinenda
2067 1358 2355 1427 satagimus
2374 1398 2388 1421 ,
2416 1357 2635 1427 quaestio
2659 1366 2756 1412 est.
2787 1357 2938 1426 Quod
2964 1359 3007 1413 si
3037 1369 3116 1414 est
3141 1375 3330 1414 conse-

1749 1463 1916 1517 quens
1936 1490 1951 1513 ,
1985 1448 2136 1502 sicuti
2168 1458 2248 1502 est
2267 1489 2280 1513 ,
2315 1456 2371 1502 ut
2392 1450 2559 1517 ipsum
2585 1461 2776 1517 corpus
2803 1463 2921 1502 cum
2947 1448 3014 1503 ab
3043 1450 3215 1504 anima
3244 1466 3332 1506 re-

1749 1539 1890 1606 gitur
1910 1579 1922 1602 ,
1971 1554 2087 1608 qum
2130 1539 2340 1592 virtutis
2367 1552 2586 1608 compos
2610 1547 2692 1593 cst
2711 1578 2725 1602 ,
2759 1538 2922 1592 multo
2948 1547 3000 1593 et
3024 1541 3212 1595 melius
3240 1557 3327 1595 re-

1751 1640 1902 1698 gatur
1948 1639 2000 1684 el
2051 1628 2357 1693 honestius,
2403 1645 2572 1698 eoque
2614 1629 2810 1698 optime
2835 1629 3197 1697 scsehabeat,
3225 1647 3331 1701 quo

1753 1731 1830 1776 est
1877 1722 2074 1789 Optima
2121 1722 2240 1789 illa,
2286 1738 2402 1790 quae
2445 1722 2542 1776 sibi
2580 1721 2719 1790 justa
2758 1721 2874 1791 lege
2907 1720 3246 1775 dominatur:
3282 1723 3331 1777 id

1752 1813 1848 1866 erit
1897 1811 2125 1866 hominis
2172 1813 2428 1881 optimum
2475 1811 2612 1882 quod
2638 1813 2868 1864 animant
2900 1812 3153 1880 optimam
3181 1811 3330 1882 facit,

1751 1904 1956 1956 etiamsi
2003 1903 2269 1957 hominem
2310 1916 2501 1973 corpus
2539 1916 2810 1956 vocemus.
2838 1903 2917 1955 An
2948 1917 3074 1956 νικό
3093 1943 3107 1969 ,
3135 1902 3178 1956 si
3206 1902 3335 1958 mihi

1751 1994 1927 2062 auriga
1971 1993 2343 2062 obtemperans
2363 2034 2376 2057 ,
2405 2007 2570 2061 equos
2589 2031 2604 2058 ,
2637 1990 2828 2060 quibus
2858 2001 3075 2060 praeest,
3107 1993 3200 2044 alit
3227 1993 3243 2023 ί
3273 2006 3334 2047 ac

1751 2084 1886 2153 regit
1914 2083 2373 2147 commodissime,
2400 2091 2556 2151 atque
2579 2081 2691 2150 ipse
2719 2097 2823 2148 quo
2841 2080 2966 2132 mihi
2985 2090 3066 2134 est
3086 2081 3336 2135 obedien-

1753 2175 1879 2241 tior,
1934 2191 2050 2230 mea
2104 2175 2412 2229 liberalitate
2461 2173 2774 2243 perfruitur,
2827 2188 3018 2237 negare.
3055 2174 3332 2243 quisquam

1751 2275 1924 2336 potest
1977 2280 2081 2319 non
2129 2266 2297 2319 solum
2347 2265 2486 2334 quod
2537 2264 2750 2333 auriga,
2795 2278 2977 2317 verum
3005 2263 3161 2316 etiam
3193 2263 3334 2332 quod

1751 2357 1871 2426 equi
1919 2372 2037 2412 sese
2081 2357 2278 2426 optime
2323 2357 2549 2419 habent,
2594 2355 2719 2409 mihi
2759 2354 2984 2410 deberi?
3014 2354 3192 2424 Itaque
3221 2357 3334 2408 sive

1753 2459 1954 2503 tantum
2001 2463 2225 2518 corpus,
2274 2449 2384 2503 sive
2433 2458 2631 2502 tantum
2674 2447 2884 2512 anima,
2916 2446 3026 2501 sive
3055 2458 3335 2516 utrumque

1754 2540 1912 2594 homo
1942 2541 2038 2606 sit,
2065 2556 2170 2595 non
2198 2540 2323 2594 mihi
2352 2539 2578 2594 maxime
2603 2538 2944 2609 qumrendum
2971 2539 3197 2606 videtur,
3227 2539 3331 2594 nisi

1751 2632 1875 2700 quid
1903 2632 2132 2685 animam
2163 2631 2319 2685 faciat
2341 2631 2592 2700 Optimam
2625 2645 2637 2682 :
2673 2645 2791 2682 nam
2819 2643 2885 2684 eo
2912 2639 3194 2698 percepto,
3225 2643 3330 2682 non

1751 2734 1923 2792 potest
1957 2723 2116 2775 homo
2145 2738 2248 2776 non
2279 2733 2369 2775 aut
2395 2721 2592 2790 optime
2613 2763 2628 2786 ,
2658 2731 2748 2774 aut
2777 2730 2922 2775 certe
2948 2719 3116 2774 multo
3144 2720 3334 2774 melius

1752 2831 1870 2870 sese
1899 2815 2122 2879 habere,
2151 2829 2307 2882 quam
2336 2815 2377 2866 si
2403 2814 2499 2867 hoc
2523 2829 2682 2866 unum
2707 2812 2979 2866 defuisset.

1750 2907 1973 2962 CAPUT
2005 2906 2087 2959 Vl.
2121 2937 2188 2946 —
2219 2906 2383 2960 Virtus
2412 2908 2629 2959 animant
2659 2904 3336 2976 aptimameﬁicit;-virtutent

1822 2979 1990 3101 (mimbn
2015 2989 2271 3044 comparat
2298 2978 2546 3046 sequendo
2559 2974 2747 3039 Deum;
2766 2974 2860 3027 Dei
2875 2987 3040 3028 autent
3056 2974 3337 3028 consecutio

1822 3051 1919 3101 vim
1978 3058 2104 3101 t'ﬂitl.

1822 3058 1919 3101 vim
1945 3058 2104 3103 ιιι-(11η.

1823 3133 1874 3187 9.
1905 3131 2072 3186 Nemo
2099 3141 2273 3185 autem
2305 3130 2624 3184 dubitaverit
2649 3129 2772 3198 quin
2799 3129 2965 3182 virtus
2996 3127 3225 3182 animam
3255 3125 3336 3184 fa-

1751 3224 1854 3278 ciat
1882 3224 2153 3294 optimam.
2185 3221 2289 3276 Sed
2329 3222 2624 3275 rectissime
2655 3221 2816 3290 quaeri
2848 3229 3022 3288 potest
3049 3229 3220 3273 utrum
3242 3221 3338 3274 ista

1751 3316 1918 3367 virtus
1940 3313 2099 3367 etiam
2123 3328 2218 3382 per
2248 3327 2365 3365 sese
2387 3353 2400 3377 ,
2434 3326 2498 3364 an
2533 3313 2629 3364 nisi
2660 3312 2710 3364 in
2739 3311 2913 3363 anima
2943 3325 3061 3364 esse
3085 3324 3190 3363 non
3218 3325 3341 3378 pos-

1754 3406 1844 3459 sit.
1879 3403 2129 3459 Oboritur
2175 3404 2363 3457 iterum
2407 3402 2658 3455 altissima
2685 3412 2739 3456 et
2768 3401 3056 3471 longiSsimi
3082 3400 3343 3455 sermonis

1755 3497 1994 3564 indigens
2038 3494 2259 3564 quaestio
2312 3511 2324 3546 :
2376 3493 2467 3547 sed
2515 3492 2616 3548 hoc
2645 3493 2778 3547 bene
2806 3503 2923 3547 utar
2953 3491 3175 3546 fortasse
3198 3506 3345 3547 com-

1755 3587 1986 3658 pendio;
2035 3600 2192 3654 Spero
2233 3584 2397 3638 Deum
2436 3584 2772 3645 adfuturum.
2820 3593 2875 3636 ut
2900 3593 3151 3653 quantum
3175 3583 3344 3638 imbe-

1757 3677 1945 3730 cillitas
1967 3685 2146 3730 nostra
2174 3676 2369 3744 patitur
2387 3715 2402 3739 ,
2429 3673 2496 3728 de
2523 3675 2681 3729 tantis
2704 3675 2861 3730 rebus
2886 3691 2990 3729 non
3026 3675 3184 3729 modo
3207 3674 3344 3729 dilu-

1758 3767 1906 3830 cide,
1949 3765 2040 3820 sed
2086 3767 2246 3821 etiam
2285 3764 2517 3821 breviter
2555 3765 2860 3820 doceamus.
2886 3766 3168 3831 Quodlibet
3198 3766 3344 3820 enim

1760 3872 1942 3911 eorum
1972 3858 2072 3921 sit,
2103 3858 2212 3910 sive
2244 3857 2400 3911 etiam
2431 3872 2524 3924 per
2550 3871 2670 3910 sese
2692 3871 2809 3910 esse
2838 3857 3005 3924 possit
3034 3856 3199 3908 virtus
3227 3856 3344 3910 sine

1761 3951 1933 4002 anima
1952 3989 1966 4013 ,
1987 3949 2098 4002 sive
2116 3949 2213 4002 nisi
2236 3949 2425 4001 anima:
2450 3948 2622 4001 inesse
2645 3962 2749 4000 non
2778 3947 2960 4015 possit,
2985 3946 3166 4014 procul
3183 3945 3344 4000 dubio

1761 4039 1957 4108 aliquid
1983 4039 2155 4092 anima
2183 4039 2419 4108 sequitur
2445 4047 2499 4090 ut
2521 4038 2765 4091 virtutem
2789 4046 3100 4105 assequatur
3127 4054 3138 4088 :
3166 4035 3215 4090 id
3239 4038 3344 4092 erit

1762 4140 1849 4182 aut
1889 4129 2000 4197 ipsa
2041 4128 2245 4192 anima,
2273 4138 2363 4182 aut
2388 4128 2586 4190 virtus,
2615 4137 2702 4180 aut
2721 4127 2916 4196 aliquid
2942 4128 3173 4181 tertium.
3209 4129 3275 4180 At
3299 4130 3344 4182 si

1762 4220 1988 4288 seipsam
2034 4220 2269 4288 sequitur
2313 4227 2368 4271 ut
2420 4217 2664 4270 virtutem
2712 4216 3068 4287 adipiscatur,
3121 4219 3342 4272 stultum

1762 4311 1944 4366 nescio
1987 4310 2110 4380 quid
2156 4310 2393 4378 sequitur
2436 4327 2448 4362 :
2495 4309 2652 4363 stulta
2677 4320 2757 4363 est
2783 4310 2925 4364 cnim
2951 4319 3072 4363 ante.
3096 4308 3343 4379 adeptam

1766 4405 2032 4458 virtutem.
2064 4402 2280 4457 Suunna
2309 4409 2431 4456 sunt
2457 4410 2632 4456 autem
2659 4410 2777 4455 vota
2805 4400 3135 4470 sequentium
3155 4440 3171 4466 ,
3205 4410 3260 4455 ut
3292 4402 3345 4457 id

1763 4498 1902 4567 quod
1931 4497 2151 4567 quisque
2177 4497 2414 4564 sequitur
2432 4536 2446 4558 ,
2471 4503 2803 4564 assequatur.
2831 4494 2935 4547 Aut
2965 4492 3121 4562 igitur
3140 4492 3345 4562 Optabit

1764 4604 1869 4642 non
1890 4587 2098 4656 assequi
2121 4586 2256 4655 quod
2287 4586 2528 4655 sequitur
2551 4585 2725 4638 anima
2747 4625 2761 4649 ,
2790 4599 2895 4653 quo
2914 4581 3046 4636 nihil
3069 4583 3348 4639 absurdius

1764 4688 1818 4734 et
1855 4679 2150 4748 perversius
2178 4677 2280 4731 dici
2314 4686 2484 4746 potest
2518 4695 2530 4730 :
2561 4685 2652 4730 aut
2677 4691 2796 4730 cum
2816 4691 2873 4730 se
2903 4675 3140 4744 sequitur
3163 4677 3345 4743 stulta,

1764 4772 2002 4827 eamdem
2043 4770 2313 4824 stultitiam
2357 4786 2512 4840 quam
2559 4770 2689 4824 vitat
2731 4769 3048 4839 assequitur.
3094 4767 3148 4826 Si
3173 4779 3348 4824 autem

1763 4863 2008 4917 virtutem
2052 4861 2323 4930 sequitur,
2372 4861 2508 4914 hanc
2545 4860 2754 4930 assequi
2806 4859 3053 4929 cupiens,
3086 4860 3350 4931 quomodo

1765 4956 2003 5023 sequitur
2034 4952 2082 5006 id
2110 4952 2250 5021 quod
2280 4967 2381 5004 non
2411 4950 2535 5004 est?
2566 4961 2656 5003 aut
2683 4950 2950 5020 quomodo
2980 4953 3183 5022 assequi
3210 4951 3351 5020 cupit

1764 5047 1902 5116 quod
1949 5045 2150 5099 habet?
2201 5048 2305 5098 Aut
2354 5045 2510 5114 igitur
2549 5045 2718 5098 virtus
2761 5055 2842 5098 est
2871 5055 3064 5114 praeter
3085 5046 3346 5109 animam;

1764 5146 1855 5191 aut
1880 5139 1922 5191 si
1949 5154 2052 5190 non
2080 5140 2247 5205 placet
2273 5151 2461 5190 vocare
2486 5137 2732 5190 virtutem
2753 5178 2766 5197 ,
2789 5138 2887 5190 nisi
2917 5136 3151 5190 habitum
3180 5135 3348 5202 ipsum

1764 5239 1818 5283 et
1861 5230 2010 5299 quasi
2059 5229 2310 5298 sapientis
2357 5229 2548 5282 animae
2599 5229 2937 5298 qualitatem,
2985 5242 3101 5295 qure
3152 5227 3248 5279 nisi
3297 5225 3348 5280 in

1763 5321 1936 5374 anima
1986 5335 2104 5375 esse
2145 5335 2249 5374 non
2291 5330 2496 5390 potest,
2535 5329 2746 5390 oportet
2783 5330 2840 5374 ut
2874 5317 3067 5386 aliquid
3089 5316 3227 5370 aliud
3254 5332 3344 5372 se-

1296 5424 1552 5460 ADMONITIO
1574 5427 1646 5460 PP.
1669 5427 2093 5463 WIWORUH.

145 5489 430 5566 Ξὲἒοεέιίὲειξ
453 5496 529 5539 θεῖ
565 5487 716 5566 0i"?!
738 5487 1566 5566 99.3%???@91?¥§9?}'P9F°‘Pi
1591 5493 1647 5564 39‘
1668 5497 1774 5542 ⁸⁵³⁵-
1796 5495 2086 5566 Vaticanum,
2119 5495 2340 5566 βθείυπιε
2358 5494 2638 5566 δοτδίξῐιίοοε
2660 5499 2793 5566 καρεν
2806 5489 3095 5566 ,πῖθῖτξιῙίοοε
3107 5489 3248 5564 ρυοεν
3273 5491 3336 5539 νίο

79 5550 288 5615 Cloriuos
305 5553 522 5615 totidem,
553 5550 586 5602 e'
607 5553 773 5615 majori
802 5558 1041 5615 conventu
1068 5551 1512 5612 Augustinianorunt
1541 5550 1682 5604 fari...
1703 5568 1878 5612 unum,
1899 5558 1956 5604 ad
1978 5564 1999 5602 Ἰ
2013 5550 2413 5604 ιιυόᾱειῖίυυιιεθιη
2431 5555 2625 5615 optima:
2644 5559 2786 5610 noue,
2802 5550 2860 5598 ad
2887 5553 3349 5615 Gemmeticeusem,

84 5613 410 5680 ﬁrtlmienstml
428 5647 444 5672 ν
476 5609 872 5680 (ἐῖδῐετυὶῧηξυῐην
904 5609 1394 5680 ῐῑίῗὲί(”δ¹οῖιῑθιᾉξβω,
1416 5615 1748 5676 \‘edastiuum;
1776 5617 1837 5667 ad
1867 5609 2115 5666 lectiones
2131 5617 2430 5680 Belgieoruttt
2449 5609 2664 5676 Quinque
2691 5624 2720 5661 tt
2738 5609 2846 5661 ων.
2879 5609 3124 5674 vulgatas;
3151 5613 3212 5662 ad
3241 5609 3346 5663 edi-1

87 5669 241 5720 tiones
267 5677 372 5724 ραι.
403 5669 477 5722 Er.
501 5683 608 5724 Iov.
632 5684 683 5724 et
700 5675 758 5724 ad
781 5669 1103 5723 recentiorem
1125 5674 1327 5723 Arualdi.

169 5752 666 5839 Comparavimus
707 5768 1004 5839 prceterea
1047 5777 1142 5817 eas
1193 5777 1394 5819 omnes
1439 5760 1736 5823 editiones
1771 5764 1955 5824 initio
2002 5760 2540 5823 Retraclationum
2587 5760 2648 5817 et
2681 5755 3168 5818 Confessionum
3209 5780 3341 5821 inc—-

107 5853 386 5904 moratas.
442 5863 458 5881 ο
1096 5839 1180 5899 Μ.

157 5935 173 5966 ⁸
192 5937 333 5992 Editi;
359 5951 529 6007 L‘quos,
557 5942 725 6008 quibus
744 5946 934 6005 praeest,
957 5939 1054 6006 agit
1073 5955 1130 5991 ac
1154 5940 1290 6005 regit.
1309 5942 1565 5993 Duodecim
1580 5951 1718 6006 3155.,
1749 5943 1852 5995 alit.
