3822 6396
513 528 705 599 qustu:
725 515 906 575 anima
924 556 941 583 ,
958 518 1019 573 ut
1045 509 1093 566 ei
1120 508 1288 567 virtus
1306 505 1478 583 possit
1502 500 1704 561 innasci
1731 518 1744 555 :
1774 498 1898 599 quia
1928 510 2103 565 neque

504 591 647 673 nihil
688 605 992 678 sequendo,
1038 616 1213 674 neque
1256 597 1531 657 stultitiam
1577 591 1852 667 sequendo
1892 594 2100 661 potest,

512 713 774 781 quantum
797 700 933 756 ratio
964 712 1082 754 mea
1106 696 1210 751 [ert
1226 735 1244 761 ,
1274 691 1341 749 ad
1364 689 1674 771 sapientiam
1698 683 1996 781 pervenire.

586 797 675 861 il).
707 795 818 850 lloc
838 792 995 867 igitur
1019 787 1193 853 aliud,
1225 786 1366 857 quod
1396 781 1668 854 sequendo
1695 779 1872 835 anima
1898 773 2103 833 virtutis

510 901 675 964 atque
697 887 976 963 sapientia:
999 896 1221 959 compos
1240 881 1301 935 fit
1316 921 1333 947 ,
1360 887 1451 933 aut
1474 876 1633 933 homo
1657 873 1873 945 sapiens
1888 878 1991 964 est,
2014 878 2105 924 aut

510 961 678 1055 petis.
698 961 805 1039 Sed
821 994 983 1050 supra
1006 976 1207 1037 dictum
1228 982 1342 1036 est,
1372 971 1474 1027 tale
1500 966 1749 1039 quiddam
1771 979 1891 1020 esse
1908 961 2104 1017 dobere

508 1078 658 1152 quod
700 1073 851 1137 inviti
890 1071 1137 1129 amittere
1164 1078 1515 1137 nequeamus.
1542 1059 1673 1152 Quis
1702 1071 1832 1113 vero
1853 1064 2105 1152 eminetan-

508 1144 642 1233 δύο
686 1174 866 1239 piunt,
915 1162 1182 1221 hominem
1220 1156 1548 1226 sapientem,
1576 1150 1624 1209 si
1651 1164 1771 1207 eum
1801 1146 1963 1239 sequi
1974 1144 2105 1239 satis

510 1235 913 1334 putaverimus,
962 1251 1156 1317 auferri
1192 1247 1353 1307 nobis
1390 1259 1496 1300 non
1525 1240 1686 1299 modo
1705 1235 2101 1301 recusantibus,

514 1330 612 1419 sed
667 1351 835 1409 etiarn
878 1340 1293 1417 repugnantibus
1335 1334 1542 1411 posse?
1580 1333 1722 1389 Deus
1761 1330 1917 1401 igitur
1936 1335 2100 1382 restat

506 1458 674 1518 quem
698 1444 746 1499 si
770 1439 1047 1510 sequimur
1064 1476 1082 1503 ,
1108 1433 1285 1497 bone;
1315 1428 1361 1484 si
1386 1425 1750 1497 assequimur,
1774 1437 1878 1477 non
1903 1429 2104 1475 tantum

512 1511 687 1601 bene,
736 1530 839 1599 sed
884 1528 1043 1586 etiam
1088 1525 1245 1585 beate
1282 1520 1529 1579 vivimus.
1575 1516 1744 1589 Quem
1787 1514 1832 1571 si
1872 1511 1963 1582 qui
1988 1525 2107 1566 esse

510 1635 746 1698 negant,
786 1620 916 1692 quid
952 1632 1051 1688 ego
1086 1615 1311 1686 cogitem
1340 1626 1448 1683 quo
1474 1609 1578 1665 illis
1606 1603 2105 1698 sermonesuaden-

510 1693 643 1773 dum
687 1714 787 1779 sit,
835 1725 957 1766 cum
988 1707 1179 1779 quibus
1201 1712 1375 1761 utrum
1401 1700 1620 1757 omnino
1644 1693 2105 1755 sermocinandum

515 1807 619 1869 sit,
665 1801 886 1860 nescio?
929 1796 1082 1870 Quod
1134 1804 1312 1852 tamen
1358 1792 1407 1848 si
1450 1788 1730 1855 videbitur,
1773 1786 1928 1854 longe
1964 1782 2105 1838 aliud

512 1895 832 1970 principium
850 1934 868 1961 ,
905 1891 1007 1949 alia
1036 1889 1207 1953 ratio,
1236 1887 1372 1947 alius
1394 1884 1669 1954 ingressus
1694 1877 1957 1937 iucundus
1984 1885 2066 1931 est
2090 1918 2103 1941 ,

510 2003 676 2061 quam
718 1983 1194 2055 impraesentiarum
1223 1975 1570 2045 suscepimus.
1598 1970 1753 2029 Nunc
1776 1970 1956 2039 itaque
1985 1980 2107 2021 eum

512 2081 622 2143 illis
660 2079 791 2139 mihi
829 2091 919 2134 res
950 2085 1035 2137 est
1052 2114 1067 2139 ,
1094 2071 1188 2143 qui
1213 2072 1379 2129 Deum
1399 2083 1520 2126 esse
1540 2082 1649 2129 non
1672 2071 1868 2136 negant
1895 2080 1909 2117 :
1936 2076 2107 2132 neque

518 2174 576 2231 id
614 2179 817 2227 ωαωω
838 2208 855 2235 ,
883 2166 977 2224 sed
1006 2165 1165 2229 etiam
1194 2178 1300 2219 non
1330 2160 1399 2216 ab
1429 2174 1495 2214 co
1520 2156 1713 2231 negligi
1742 2172 1829 2213 res
1847 2153 2107 2210 humanas

515 2265 771 2323 fatentur.
819 2259 1031 2321 Nullum
1079 2256 1222 2317 enim
1261 2254 1492 2311 arbitror
1516 2252 1691 2321 aliquo
1721 2246 1988 2320 religionis
2006 2260 2106 2301 no-

510 2358 660 2415 mine
702 2354 906 2419 teneri,
950 2351 1046 2423 qui
1098 2365 1203 2405 non
1250 2347 1437 2407 saltat)
1475 2344 1669 2403 animis
1700 2340 1900 2399 nostris
1930 2339 2107 2395 divina

510 2446 849 2522 mittentia
878 2442 1087 2503 consuli
1110 2439 1399 2499 existimet.

517 2538 751 2601 CAPUT
794 2537 908 2594 Vll.
947 2565 1023 2579 -—
1062 2533 1201 2593 Deus
1228 2530 1526 2587 auctoritate
1546 2528 1933 2597 Scripturarum
1956 2525 2107 2581 uesti-

584 2636 805 2709 gandls.
852 2630 1182 2689 (Emam
1232 2628 1418 2685 divinat
1464 2640 1585 2694 erga
1636 2630 1861 2677 nostram
1896 2620 2110 2675 salutem

592 2729 727 2784 ratio
746 2736 799 2783 et
820 2725 1082 2798 ρτωείρια
1104 2720 1362 2793 mysteria.
1386 2718 1601 2775 Summi
1618 2714 1760 2787 ﬁdei.

599 2820 687 2875 ll.
733 2818 839 2874 Sed
874 2831 986 2887 quo
1032 2822 1184 2884 pacto
1210 2810 1482 2880 sequimur
1509 2822 1665 2878 quem
1698 2820 1800 2861 non
1830 2804 2108 2868 videmus;

516 2919 618 2969 ut
656 2890 924 2980 quomodo
952 2905 1224 2967 sulcatus.
1254 2902 1344 2974 qui
1372 2915 1480 2959 non
1506 2900 1678 2957 solum
1709 2896 1954 2956 homines
1972 2938 1985 2962 ,
2017 2894 2112 2951 sed

518 3006 680 3064 etiam
729 3002 1038 3072 insipientes
1082 2996 1327 3052 homines
1367 2992 1595 3050 cum“?
1629 2990 1942 3059 Quanquam
1968 2987 2113 3043 enim

521 3108 629 3161 non
677 3095 880 3160 oculis,
926 3091 1021 3147 sed
1059 3098 1237 3145 mente
1265 3095 1547 3150 cernatur,
1575 3097 1693 3153 qua:
1718 3080 1930 3135 tandem
1962 3093 2113 3133 mens

520 3189 710 3251 idonea
748 3186 972 3259 reperiri
1011 3193 1205 3254 potest,
1233 3196 1351 3253 quae
1387 3194 1506 3233 cum
1537 3176 1773 3231 stultitia:
1798 3173 1936 3228 nube
1959 3173 2111 3228 obte-

518 3298 710 3362 gatur,
744 3288 917 3343 valeat
946 3283 1088 3339 illam
1121 3282 1291 3335 lucem
1320 3276 1402 3332 vel
1434 3276 1593 3329 etiam
1615 3281 1838 3327 conetur
1860 3267 2114 3324 haurire?

519 3377 953 3450 Confugiendum
1001 3382 1083 3427 est
1127 3372 1285 3441 igitur
1327 3368 1393 3423 ad
1436 3381 1622 3421 eorum
1662 3370 1955 3433 prtecepta,
1982 3376 2114 3432 quos

520 3468 791 3541 sapientes
834 3465 993 3519 fuisse
1031 3458 1302 3531 probabile
1335 3465 1436 3512 est.
1481 3455 1748 3509 llactenus
1791 3452 1959 3522 potuit
1982 3452 2115 3506 ratio

524 3557 765 3639 perduci.
811 3552 1136 3611 Versabatur
1177 3563 1436 3614 namque,
1484 3561 1588 3600 non
1634 3544 1853 3599 veritate
1888 3542 2111 3605 certior,

522 3632 622 3713 sed
649 3643 1050 3703 consuetudine
1080 3642 1348 3709 securior,
1374 3642 1430 3693 in
1460 3638 1617 3692 rebus
1642 3635 1906 3690 humanis.
1936 3634 2005 3688 At
2026 3632 2115 3687 ubi

526 3740 595 3807 ad
639 3738 817 3796 divina
868 3743 1181 3807 perventum
1223 3741 1336 3801 est,
1379 3730 1569 3786 avertit
1607 3742 1725 3783 sese
1751 3744 1766 3782 :
1794 3725 1983 3781 intueri
2009 3742 2115 3779 non

521 3840 742 3919 potest,
766 3829 1020 3911 palpitat,
1051 3834 1240 3882 testuat
1260 3864 1275 3890 ,
1305 3822 1472 3877 inhiat
1500 3835 1713 3885 amore,
1744 3817 2116 3871 reverberatur

523 3910 648 3985 iure
693 3910 959 3985 veritatis,
1003 3926 1056 3974 et
1098 3916 1165 3972 ad
1192 3913 1600 3971 familiaritatem
1627 3910 1962 3965 tenebrarum
1988 3923 2113 3963 sua-

445 4045 453 4052 ’
524 4033 646 4080 rum
679 4057 695 4083 ,
761 4031 865 4073 non
919 4012 1181 4069 electione
1209 4052 1225 4078 ,
1277 4006 1372 4063 sed
1417 4005 1719 4076 fatigatione
1766 4001 2111 4057 convertitur.

525 4111 694 4178 Quam
745 4106 831 4163 hic
873 4101 1263 4161 formidandum
1310 4104 1427 4165 est,
1470 4110 1628 4169 quam
1660 4091 2020 4157 tremendum,
2048 4106 2116 4146 ne

522 4200 781 4273 majOrem
815 4196 948 4265 inde
988 4194 1252 4261 concipiat
1299 4190 1476 4247 anima
1526 4184 1983 4251 imbecillitatem,
2026 4184 2115 4239 ubi

524 4293 757 4368 quietem
806 4290 941 4344 fessa
989 4285 1273 4355 conquirit.
1315 4282 1451 4352 Ergo
1484 4279 1727 4350 refugere
1754 4278 1804 4331 in
1833 4275 2112 4368 tenebrosa

522 4380 864 4454 cupientibus
886 4393 986 4455 per
1014 4373 1464 4453 dispensationem
1495 4369 1773 4427 inel'labilis
1796 4367 2109 4439 Sapientiae,

525 4476 681 4541 nobis
706 4474 796 4531 illa
821 4471 1056 4543 opacitas
1074 4464 1403 4527 auctoritatis
1426 4470 1691 4529 occurrat,
1711 4470 1764 4517 et
1786 4460 2113 4515 mirabilibus

524 4583 738 4637 rerum,
770 4565 1093 4639 vocibusque
1121 4562 1372 4617 librorum
1400 4557 1560 4610 veluti
1582 4555 1746 4628 signis
1772 4553 2111 4627 temperatio-

524 4661 673 4718 ribus
697 4659 934 4715 veritatis
951 4699 967 4723 ,
1000 4654 1306 4724 umbrisque
1331 4648 1651 4707 blandiatur.

601 4750 689 4807 12.
733 4748 868 4816 Quid
912 4747 1081 4819 potuit
1120 4760 1221 4818 pro
1262 4744 1432 4799 salute
1471 4751 1652 4797 nostra
1694 4738 1808 4796 ﬁeri
1846 4737 2112 4809 amplius?

535 4843 671 4915 Quid
700 4842 1105 4907 beneficentius,
1136 4838 1261 4913 quid
1286 4837 1558 4893 liberalius
1579 4834 1752 4890 divina
1784 4832 2109 4903 providentia

526 4936 635 4995 dici
665 4943 872 5007 potest,
908 4950 1025 5004 qua:
1050 4948 1082 4988 a
1117 4933 1320 5004 legibus
1346 4930 1461 4985 suis
1487 4928 1757 4985 hominem
1788 4927 2026 4997 lapsum,
2056 4933 2112 4978 et

528 5034 752 5112 propter
782 5026 1122 5099 cupiditatem
1152 5041 1334 5083 rerum
1361 5024 1661 5079 mortalium
1683 5023 1804 5095 jure
1833 5037 1894 5076 ac
1918 5021 2110 5076 merito

530 5120 814 5181 mortalem
838 5117 1077 5174 sobolem
1115 5125 1524 5193 propagantem,
1559 5130 1663 5171 non
1699 5114 1915 5169 omnino
1950 5112 2106 5168 dese-

522 5213 669 5275 ruit?
702 5213 871 5273 liabet
898 5210 1039 5273 enim
1071 5217 1305 5285 potastas
1332 5208 1418 5265 illa
1444 5208 1753 5285 justissima,
1784 5206 1931 5261 miris
1957 5214 2011 5260 et
2033 5205 2113 5260 in-

520 5301 1099 5377 comprehensibilibus
1122 5299 1315 5357 modis.
1341 5302 1435 5371 per
1453 5299 1706 5373 quasdam
1730 5296 2110 5354 secretissimas

526 5398 896 5453 successiones
924 5409 1102 5449 rerum
1133 5392 1230 5446 sibi
1264 5392 1602 5447 servientium
1641 5405 1773 5461 quas
1811 5390 2025 5453 creavit,
2057 5399 2111 5448 et

526 5489 869 5549 severitatem
890 5486 1208 5549 vindicandi,
1234 5496 1283 5542 et
1304 5484 1640 5543 clrmentiam
1662 5483 1939 5539 liberandi.
1956 5483 2108 5552 Quod

524 5582 743 5656 quidem
762 5594 922 5652 quam
938 5578 1007 5632 sit
1034 5577 1329 5653 pulchrum,
1351 5590 1510 5647 quam
1529 5591 1798 5643 magnum,
1821 5590 1977 5645 quam
2002 5575 2111 5631 Deo

529 5672 767 5742 dignum,
800 5687 955 5740 quam
986 5660 1251 5739 postremo
1277 5666 1325 5720 id
1348 5666 1487 5736 quod
1514 5666 1765 5736 qua'ritnr
1785 5682 1987 5724 verum.
2018 5682 2111 5723 ne-

528 5779 794 5835 quaquam
838 5762 1134 5830 intelligere
1176 5761 1505 5831 poterimus,
1536 5758 1634 5813 nisi
1673 5759 1741 5813 ab
1784 5758 2029 5815 humanis
2056 5770 2110 5817 et

533 5852 788 5924 proximis
811 5850 1150 5924 incipientes,
1175 5866 1314 5907 verte
1342 5850 1612 5922 religionis
1637 5850 1743 5907 lide
1758 5888 1777 5919 ,
1800 5854 2117 5922 μητρυιὴ-ν

1275 387 1366 448 DE
1399 383 1699 446 MORIBUS
1733 372 2084 440 ECCLESIE
2117 371 2546 444 CATHOLICE,
2584 377 2644 434 S.
2681 374 3045 438 AUGUSTINI

3633 381 3747 444 1316

2210 510 2312 564 que
2361 496 2617 560 servatis,
2661 512 2765 553 non
2815 496 3217 563 deseruerimus
3263 497 3404 563 viam
3446 512 3599 568 (lnam
3642 502 3745 559 nubi

2208 587 2379 654 Deus,
2410 597 2465 643 et
2493 578 2915 649 Patriarcbartun
2956 589 3323 661 segregatione
3343 629 3361 658 ,
3400 598 3454 643 et
3486 588 3629 667 Lqis
3653 594 3743 647 vin-

2207 682 2346 747 culo,
2380 691 2436 736 et
2476 681 2857 755 Prophetarum
2884 683 3174 759 pratsagio,
3202 691 3256 737 et
3287 681 3519 755 suscepti
3547 682 3742 741 [luminis

2207 782 2563 837 sacramento,
2595 784 2649 829 et
2672 773 3047 849 Apostolorum
3072 773 3399 841 teStimonio,
3425 782 3481 829 et
3502 772 3741 847 Martyrum

2208 867 2504 939 sanguine,
2546 875 2602 922 et
2646 865 2893 924 Gentium
2937 866 3287 941 occupatione
3322 866 3560 920 munivit.
3605 866 3742 937 Quare

2208 960 2462 1031 deinceps
2485 976 2648 1019 nemo
2675 976 2739 1017 ex
2765 977 2852 1018 me
2880 970 3081 1035 quaerat
3108 960 3429 1017 sententiam
3464 974 3651 1026 meam,
3672 964 3740 1017 sed

2207 1052 2385 1123 potius
2411 1052 2691 1107 audiamus
2718 1051 2951 1120 oracula,
2976 1060 3294 1125 nostrasque
3313 1051 3622 1108 ratiunculas
3636 1053 3740 1108 diri-

2208 1140 2291 1195 nis
2305 1140 2691 1201 'submittamus
2717 1140 2979 1198 affatibus.

2212 1232 2438 1291 CAPUT
2484 1233 2615 1289 Vill.
2638 1263 2708 1273 —
2732 1232 2871 1289 Deus
2906 1251 3157 1290 summum
3196 1234 3419 1303 bonum,
3455 1250 3549 1311 quo
3583 1252 3737 1293 stanmo

2674 1342 2845 1381 amore
2869 1326 3067 1381 tendere
3076 1325 3338 1403 jubemur.

2297 1416 2382 1471 1'5.
2434 1414 2721 1471 Videamus
2767 1417 3212 1488 quemadmodum
3265 1416 3383 1489 ipse
3429 1416 3659 1472 Dominus
3692 1419 3733 1473 in

2209 1506 2495 1578 Evangelio
2520 1508 2674 1562 nobis
2699 1508 3009 1581 praeceperit
3032 1523 3149 1563 esse
3177 1506 3495 1573 vivendum;
3521 1507 3737 1578 quomodo

2208 1601 2368 1657 etiam
2396 1599 2588 1655 Paulus
2617 1600 2888 1675 apostolus
2916 1618 2928 1653 :
2954 1602 3048 1654 has
3073 1600 3214 1656 enim
3232 1599 3530 1672 Scripturas
3555 1600 3619 1654 illi
3642 1616 3740 1655 con-

2208 1695 2464 1751 demnare
2508 1710 2612 1751 non
2660 1694 2873 1749 audent.
2926 1694 3219 1748 Audiamus
3260 1708 3389 1765 ergo
3430 1709 3575 1767 quem
3613 1694 3737 1748 linem

2210 1787 2471 1845 bonorum
2503 1788 2675 1855 nobis,
2706 1787 2938 1853 Christe,
2968 1787 3315 1859 praescribas;
3345 1801 3447 1842 nec
3469 1786 3657 1841 dubium
3678 1797 3739 1841 est

2207 1879 2333 1951 quin
2361 1879 2404 1933 is
2432 1879 2534 1934 erit
2560 1877 2681 1935 ﬁnis
2701 1921 2716 1945 ,
2745 1895 2851 1951 quo
2880 1893 2977 1937 nos
3005 1893 3216 1934 summo
3254 1893 3439 1933 amore
3464 1877 3654 1935 tendere
3669 1878 3737 1949 ju-

2204 1969 2303 2033 bes
2330 1986 2342 2022 :
2373 1967 2587 2041 Diliges,
2619 1970 2822 2040 inquit,
2852 1968 3122 2023 Dominum
3149 1968 3309 2024 Deum
3348 1979 3504 2024 tuum.
3535 1969 3616 2024 Dic
3638 1969 3737 2023 mihi

2210 2064 2397 2130 etiam,
2419 2079 2600 2134 quzeso
2622 2072 2692 2129 te,
2719 2064 2811 2136 qui
2832 2064 3173 2135 sitdiligendi
3194 2064 3419 2120 modus:
3445 2066 3739 2120 vereorcnim

2208 2174 2276 2214 ne
2304 2158 2424 2231 plus
2453 2159 2694 2214 minusve
2732 2174 2890 2229 quam
2920 2167 3163 2227 oportet,
3206 2157 3500 2215 inllammer
3524 2159 3740 2213 desiderio

2208 2258 2265 2306 et
2290 2265 2471 2305 amore
2497 2249 2703 2305 Domini
2728 2249 2857 2304 mei.
2881 2247 2967 2307 Ex
2985 2259 3111 2315 toto,
3140 2248 3345 2319 inquit,
3372 2248 3515 2303 corde
3534 2260 3626 2303 tuo.
3653 2248 3741 2304 Non

2206 2350 2292 2399 est
2318 2340 2469 2396 satis.
2500 2338 2582 2395 Ex
2622 2350 2725 2395 tota
2755 2342 2924 2394 anima
2960 2350 3066 2394 tua.
3099 2339 3179 2395 Ne
3208 2339 3261 2405 id
3290 2340 3493 2409 quidem
3525 2342 3641 2395 satis
3664 2351 3743 2395 est.

2212 2431 2296 2488 Ea:
2325 2440 2427 2487 tota
2463 2441 2624 2487 mente
2660 2441 2746 2486 tua
2787 2430 3015 2501 (Matth.
3046 2447 3193 2499 χχιι,
3231 2431 3355 2511 57).
3383 2432 3511 2500 Quid
3548 2434 3618 2489 vis
3652 2451 3748 2489 am-

2208 2522 2384 2595 plius?
2416 2522 2617 2577 Vellem
2657 2520 2913 2588 fortasse,
2956 2522 2999 2577 si
3045 2521 3282 2579 viderem
3316 2523 3431 2595 quid
3458 2534 3624 2595 posset
3649 2541 3752 2579 esse

2214 2614 2443 2687 amplius
2491 2612 2625 2680 Quid
2647 2613 2712 2667 ad
2732 2612 2845 2667 hare
2860 2612 3089 2668 Paulus?
3106 2612 3325 2679 Scimus,
3344 2614 3513 2683 inquit,
3532 2616 3748 2684 quoniam

2215 2706 2539 2778 diligentibus
2566 2704 2725 2760 Deum
2744 2706 2911 2759 omnia
2937 2705 3216 2776 procedunt
3234 2706 3311 2777 (α)
3336 2706 3381 2760 in
3404 2706 3587 2760 bonum.
3608 2705 3749 2762 Dicat

2214 2798 2372 2852 etiam
2412 2799 2522 2867 ipse
2548 2796 2847 2852 dilectionis
2872 2797 3109 2851 modum.
3142 2797 3272 2864 Quis
3299 2815 3437 2872 ergo,
3470 2798 3650 2869 inquit,
3674 2815 3749 2853 nos

2213 2888 2463 2960 separabit
2498 2905 2530 2942 a
2565 2888 2807 2941 charitate
2833 2886 3063 2943 Christi?
3091 2887 3370 2943 Tribulatio
3390 2891 3414 2944 ?
3436 2908 3498 2943 an
3523 2890 3749 2961 angustia?

2215 2997 2280 3034 an
2308 2980 2631 3052 persecutio?
2665 2996 2731 3035 an
2768 2979 2971 3053 fames?
2997 2996 3063 3033 an
3105 2967 3350 3035 nuditas'?
3388 2998 3451 3034 an
3485 2980 3748 3053 periculum?

2218 3088 2283 3125 an
2323 3070 2560 3142 gladius?
2603 3068 2777 3141 (Rom.
2812 3086 2927 3139 vui,
2980 3070 3106 3141 28).
3158 3071 3469 3126 Audivimus
3503 3071 3613 3145 quid
3648 3068 3745 3125 dili-

2215 3178 2360 3237 gere,
2399 3174 2451 3217 et
2476 3172 2729 3233 quantum
2756 3162 2975 3237 diligere
3010 3162 3303 3218 debeamus
3332 3182 3345 3217 :
3373 3179 3440 3220 eo
3476 3174 3550 3220 est
3571 3164 3744 3218 omnino

2219 3255 2573 3323 tendendum,
2617 3256 2685 3310 ad
2716 3255 2768 3310 id
2809 3256 2986 3310 omnia
3026 3256 3248 3311 consilia
3290 3266 3467 3310 nostra
3495 3254 3739 3312 referenda.

2218 3349 2480 3403 Bonorum
2503 3364 2729 3411 summa,
2749 3350 2889 3405 Deus
2913 3348 3062 3404 nobis
3085 3358 3186 3403 est.
3218 3350 3359 3406 Deus
3379 3360 3459 3404 est
3476 3348 3611 3405 nobis
3630 3365 3744 3405 sum-

2218 3456 2361 3495 mum
2390 3439 2606 3493 bonum.
2633 3439 2812 3511 Neque
2841 3440 2974 3495 infra
3001 3440 3387 3496 remanendum
3413 3441 3554 3503 nobis
3574 3451 3657 3506 est,
3674 3458 3745 3496 ue-

2216 3551 2319 3606 que
2360 3534 2495 3588 ultra
2541 3533 2885 3604 qumrcndum
2918 3552 2933 3590 :
2962 3533 3189 3591 alterum
3235 3536 3380 3590 enim
3416 3533 3739 3615 periculosum,

2216 3627 2441 3681 alterum
2471 3625 2673 3680 nullum
2700 3633 2801 3681 est.

2217 3716 2440 3773 CAPUT
2478 3715 2565 3772 IX.
2595 3745 2667 3757 -
2716 3714 2997 3771 Concentus
3028 3714 3221 3772 Veteris
3253 3727 3301 3771 et
3332 3714 3467 3772 Novi
3493 3716 3743 3772 Testammti

2677 3807 2741 3862 de
2767 3809 3027 3883 prwceptis
3055 3809 3335 3865 charitatis.

2290 3904 2376 3959 ﬂ.
2402 3903 2534 3972 Age,
2557 3916 2698 3955 nunc
2722 3900 3124 3973 investigemus,
3149 3901 3231 3956 vel
3254 3903 3430 3971 potius
3445 3900 3743 3965 attendamus,

2216 4004 2412 4067 praesto
2432 3994 2571 4049 enim
2596 3999 2743 4049 estet
2766 3990 3011 4047 facillime
3032 3992 3257 4059 videtur,
3282 4003 3455 4049 utrum
3476 3992 3553 4047 his
3578 4001 3748 4049 sentem

2220 4089 2307 4143 tiis
2345 4104 2410 4143 ex
2438 4087 2725 4157 Evangelio
2753 4095 2913 4157 atque
2944 4086 3197 4154 Apostolo
3227 4086 3473 4153 prolatis,
3505 4087 3641 4140 etiam
3663 4082 3745 4137 τε·

2218 4181 2465 4234 stamenti
2494 4177 2702 4232 Veteris
2730 4176 3015 4232 auctoritas
3046 4185 3324 4247 cungruat.
3361 4178 3490 4251 Quid
3526 4177 3672 4231 dicam
3696 4172 3746 4227 de

2218 4270 2492 4340 superiore
2529 4269 2821 4334 sententia,
2870 4283 2987 4322 cum
3031 4266 3371 4323 manifestum
3407 4268 3471 4322 sit
3511 4266 3744 4325 munibus,

2218 4379 2335 4418 eam
2367 4361 2433 4421 de
2460 4363 2573 4434 lege
2602 4377 2719 4431 qua:
2742 4376 2837 4429 per
2864 4360 3078 4432 Moysen
3110 4361 3230 4414 data
3256 4371 3373 4427 est,
3405 4376 3516 4415 esse
3538 4359 3746 4428 deprom-

2219 4455 2396 4526 ptum?
2427 4454 2500 4509 lbi
2530 4455 2669 4507 enim
2699 4453 2951 4523 scriptum
2979 4460 3082 4519 esi,
3112 4450 3309 4523 Diliges
3337 4448 3588 4505 Dominum
3613 4447 3749 4501 Deum

2218 4560 2379 4614 latim,
2408 4564 2469 4608 es;
2496 4557 2596 4601 toto
2624 4546 2772 4603 corde
2795 4555 2900 4611 tuo,
2928 4553 2973 4599 et
3001 4561 3065 4600 ex
3084 4553 3187 4599 tota
3211 4544 3384 4598 anima
3411 4555 3506 4601 tua.
3530 4550 3571 4595 et
3592 4557 3647 4594 ea:
3664 4549 3749 4592 tota

2214 4650 2378 4696 urente
2422 4650 2509 4697 tua
2548 4638 2734 4710 (Deut.
2764 4655 2847 4706 vt,
2888 4637 2979 4713 5).
3027 4637 3161 4706 Quid
3206 4647 3386 4694 autem
3431 4636 3499 4695 illi
3539 4632 3662 4707 quod
3698 4632 3748 4686 ab

2216 4736 2255 4788 Α
2264 4732 2472 4807 postulo
2493 4731 2689 4786 dictum
2714 4739 2815 4799 est,
2839 4745 3147 4800 comparare
3167 4729 3234 4785 de
3256 4729 3433 4786 Veteri
3453 4727 3746 4785 Testamento

2214 4828 2432 4899 possim,
2468 4841 2535 4880 ne
2560 4825 2755 4879 diutius
2781 4838 3074 4894 quaererem
3096 4823 3207 4893 ipse
3234 4822 3478 4893 subjecit.
3500 4821 3619 4877 Cum
3636 4818 3743 4873 extim

2214 4920 2436 4974 dixisset
2462 4916 2601 4971 nulla
2629 4915 2987 4982 tribulatione,
3016 4913 3161 4969 nulla
3186 4917 3429 4984 angustia
3449 4957 3463 4979 ,
3491 4912 3621 4967 nulla
3649 4923 3743 4980 pet-

2214 5011 2520 5079 seeutione,
2553 5009 2693 5063 nulla
2734 5008 3053 5063 necessitate
3087 5006 3278 5079 inopiae
3308 5005 3608 5081 corporalis,
3630 4999 3741 5078 nullo

2213 5104 2485 5179 periculo,
2516 5102 2661 5156 nullo
2695 5100 2870 5172 gladio
2911 5115 3006 5154 nos
3050 5116 3079 5153 a
3115 5098 3374 5154 charitate
3403 5096 3588 5153 Christi
3621 5107 3742 5163 sepa-

2215 5198 2353 5259 rari;
2387 5196 2562 5250 statim
2600 5191 2907 5267 subjuoxit:
2938 5190 3083 5247 Sicut
3114 5191 3359 5263 scriptum
3384 5200 3474 5258 est,
3508 5187 3626 5254 Quia
3646 5197 3739 5257 pro-

2212 5301 2326 5362 pter
2346 5299 2392 5342 te
2417 5287 2661 5359 aﬂicimur
2685 5294 2787 5339 tota
2814 5285 2913 5350 die,
2938 5283 3165 5338 a'slimati
3190 5299 3367 5345 sumus
3387 5292 3557 5337 atoue:
3578 5275 3741 5333 occisio-

2216 5382 2294 5435 nis
2323 5380 2611 5451 (Rom.vttt
2634 5420 2648 5443 ,
2679 5377 2780 5444 58;
2812 5376 2954 5430 Psal.
2978 5390 3136 5439 xuu,
3165 5370 3289 5445 εἰ).
3330 5373 3451 5427 llaec
3486 5370 3697 5426 illisolent
3717 5378 3737 5415 a

2213 5472 2611 5544 eorruptnribus
2622 5470 3010 5542 Scripturarum
3028 5466 3266 5525 immissa
3281 5479 3401 5521 esse
3414 5466 3596 5526 dicere,
3612 5468 3739 5555 usque

2216 5569 2350 5624 adeo
2392 5565 2528 5620 nihil
2554 5563 2750 5619 habent
2791 5560 2934 5632 quid
2974 5557 3358 5615 contradicant.
3380 5568 3434 5611 ut
3460 5556 3573 5609 inec
3595 5552 3736 5606 miseri

2214 5658 2541 5730 respondere
2562 5667 2837 5727 cogantur.
2857 5650 2962 5709 Sed
2977 5650 3093 5723 quis
3110 5663 3219 5709 non
3242 5645 3497 5717 intelligat
3512 5641 3735 5730 convictu:

2215 5724 2333 5813 rum
2354 5724 2792 5809 homiamaliam
2809 5760 2914 5803 non
2930 5757 3045 5800 esse
3058 5740 3291 5815 potuisse
3313 5742 3542 5799 ultimam
3561 5724 3737 5789 vocent!

2275 5838 3422 5925 (μηποωιινσειιεειπθνωοιπεαπάιοτάο
