3824 6296
532 447 670 511 1519

530 564 756 622 CAPUT
780 562 1089 621 XL—Deus
1117 564 1261 619 unice
1289 567 1614 638 diligendus;
1640 567 1849 637 ideoque
1867 585 2120 623 summum

598 656 817 710 hominis
844 655 1049 710 bonum.
1083 655 1191 710 Deo
1226 658 1298 710 nil
1325 658 1542 724 melius;
1567 657 1733 712 Deum
1763 675 1908 713 nemo
1937 660 2120 714 amittit

598 745 785 804 invitus
812 762 832 802 :
857 763 973 819 qua:
993 757 1111 803 sunt
1138 748 1255 804 dua:
1281 750 1590 805 conditiones
1618 752 1802 805 summi
1845 751 1981 819 boni,
2028 768 2118 807 su-

607 843 869 913 pradicta,
899 858 1014 912 cap.
1041 841 1095 896 3.

598 934 686 990 l8.
731 933 944 990 Secutio
991 933 1150 1004 igitur
1192 933 1316 1000 Dei,
1370 933 1636 989 beatitatis
1678 933 1944 1004 appetitus
1986 942 2114 1010 est‘:

526 1026 838 1081 consecutio
879 1033 1092 1089 autem,
1136 1025 1248 1095 ipsa
1293 1025 1538 1081 beatitas.
1569 1027 1640 1080 At
1683 1041 1803 1080 eum
1849 1015 2120 1096 sequimur

528 1118 835 1189 diligendo,
866 1119 1245 1189 consequimur
1272 1133 1435 1185 vero,
1468 1132 1573 1172 non
1602 1133 1723 1172 cum
1765 1119 1866 1174 hoc
1901 1121 2119 1173 omnino

526 1211 790 1266 el‘ﬁcimnr
807 1210 948 1282 quod
974 1219 1057 1265 est
1083 1211 1217 1282 ipse,
1249 1209 1345 1265 sed
1375 1211 1422 1265 ei
1452 1211 1699 1280 proximi,
1723 1227 1951 1282 eumque
1973 1213 2121 1266 miri-

527 1304 630 1361 ﬁco
649 1313 703 1360 et
728 1304 1039 1374 intelligibili
1064 1303 1222 1358 modo
1247 1303 1636 1373 contingentes,
1659 1304 1878 1374 ejusque
1899 1304 2120 1360 veritate

527 1404 582 1451 et
602 1397 880 1451 sanctitate
909 1395 1120 1465 penitus
1152 1393 1403 1456 illustrati,
1425 1403 1583 1463 atque
1605 1393 2000 1464 comprehensi.
2030 1394 2120 1449 Ille

527 1505 759 1560 namque
782 1491 955 1558 ipsum
983 1487 1163 1540 lumen
1190 1493 1299 1550 est;
1325 1486 1477 1540 nobis
1498 1498 1673 1542 autem
1699 1487 1766 1541 ab
1786 1487 1973 1541 eodem
1997 1487 2119 1541 illu-

525 1582 716 1637 minari
735 1582 874 1635 licet.
889 1579 1172 1634 Maximum
1187 1594 1314 1650 ergo
1325 1579 1465 1650 quod
1481 1579 1546 1634 ad
1561 1579 1766 1634 beatam
1780 1581 1938 1635 vitam
1951 1581 2116 1650 ducit,

527 1675 850 1744 primumque
866 1673 1159 1726 mandatum
1181 1683 1275 1738 est,
1301 1671 1494 1742 Diliges
1511 1671 1781 1727 Dominum
1800 1673 1961 1728 Deum
1979 1687 2119 1728 tuum

536 1781 599 1820 ea:
628 1775 730 1819 toto
759 1766 910 1819 corde
938 1775 1022 1819 tuo
1051 1776 1098 1819 et
1139 1764 1308 1818 anima
1336 1774 1382 1818 ct
1411 1775 1590 1819 mente.
1627 1765 1957 1836 Diligentibus
1977 1769 2118 1822 enim

527 1856 692 1923 Detan
718 1859 888 1914 omnia
929 1858 1206 1928 procedunt
1242 1858 1294 1911 in
1329 1857 1531 1911 bonum.
1574 1858 1929 1924 Quamobrem
1963 1861 2119 1929 paulo

532 1958 656 2021 post
670 1949 806 2004 ident
829 1949 1022 2005 Paulus
1042 1967 1055 2004 :
1077 1947 1255 2006 Certus
1273 1966 1403 2014 sum,
1418 1949 1608 2021 inquit,
1631 1951 1765 2022 quod
1786 1969 1942 2021 neque
1960 1969 2115 2019 mors,

525 2059 683 2114 neque
708 2043 829 2108 vita,
867 2058 1025 2112 neque
1043 2042 1244 2112 Angelt,
1271 2058 1426 2110 neque
1444 2043 1620 2106 virtus,
1661 2060 1819 2114 neque
1854 2045 2114 2111 instantia,

525 2151 681 2205 neque
708 2135 901 2204 futura,
935 2150 1090 2202 neque
1112 2133 1349 2201 altitudo,
1391 2150 1548 2204 neque
1589 2134 1918 2204 profundum,
1965 2151 2120 2204 neque

525 2236 754 2280 creatura
781 2225 883 2279 alia
910 2226 1090 2296 poterit
1117 2242 1208 2278 nos
1242 2241 1480 2295 separare
1513 2241 1544 2278 a
1577 2225 1820 2279 charitate
1848 2223 1977 2291 Dei,
2007 2241 2120 2296 quia

522 2330 594 2374 est
615 2320 666 2373 in
683 2315 1015 2372 Christolesu
1039 2317 1252 2370 Domino
1275 2328 1444 2371 nostro
1461 2316 1634 2389 (Rom.
1658 2333 1770 2383 \‘llt,
1787 2317 1878 2380 28,
1898 2318 1986 2384 58,
2002 2316 2114 2390 59).

521 2411 576 2465 Si
595 2411 751 2481 igitur
767 2409 1108 2478 diligentibus
1132 2408 1294 2463 Deum
1315 2412 1491 2462 omnia
1512 2409 1802 2480 procedunt
1824 2409 1876 2463 in
1894 2409 2113 2476 bonum;

522 2513 578 2557 et
599 2518 865 2556 sumntum
892 2501 1112 2566 bonum,
1143 2499 1286 2570 quod
1315 2501 1472 2554 etiam
1496 2501 1754 2570 optimum
1777 2501 1987 2566 dicitur,
2011 2519 2114 2557 non

525 2593 688 2648 modo
717 2591 1039 2661 diligendum
1069 2604 1190 2646 esse
1217 2606 1375 2645 nemo
1404 2590 1644 2662 antbigit,
1670 2591 1762 2646 sed
1791 2593 1857 2646 ita
1890 2592 2115 2662 diligen-

521 2686 648 2740 dum
676 2695 730 2738 ut
759 2683 888 2738 nihil
909 2681 1139 2752 amplius
1163 2681 1382 2752 diligere
1403 2682 1724 2745 debeamus;
1758 2682 1916 2753 idque
1942 2682 2113 2754 signi-

523 2777 715 2834 ﬁcatur
743 2775 1144 2846 el,exprimitur
1170 2774 1312 2846 quod
1341 2776 1538 2831 dictum
1558 2785 1660 2842 est,
1688 2775 1772 2831 Ea:
1798 2787 1900 2831 tota
1920 2779 2111 2844 animo,

523 2882 569 2926 et
599 2888 661 2926 ex
687 2880 790 2926 toto
817 2869 988 2933 corde,
1017 2878 1063 2924 et
1092 2885 1156 2925 ea:
1183 2879 1286 2924 tota
1312 2879 1475 2924 mente
1501 2886 1521 2926 :
1555 2871 1696 2940 quis,
1723 2885 1927 2941 quznso,
1958 2870 2113 2926 dubi-

522 2966 742 3031 taverit,
777 2963 858 3019 his
889 2963 1136 3019 omnibus
1173 2964 1506 3029 constitutis,
1552 2973 1606 3020 et
1651 2963 1949 3020 ﬁrmissime
1991 2981 2114 3021 cre-

524 3057 669 3121 ditis,
703 3055 834 3110 nihil
863 3055 1018 3110 nobis
1044 3053 1184 3110 aliud
1214 3069 1333 3110 esse
1362 3055 1642 3124 Optimum,
1670 3055 1736 3110 ad
1781 3055 1921 3126 quod
1947 3055 2114 3127 adipi-

523 3149 776 3206 scendum
805 3147 1112 3218 postpositis
1144 3150 1354 3203 caeteris
1383 3147 1634 3204 festinare
1661 3157 1924 3220 oporteat,
1955 3165 2112 3220 quam

521 3240 726 3296 Deum?
750 3241 878 3295 Item
900 3241 945 3295 si
967 3239 1107 3295 nulla
1137 3253 1222 3294 res
1239 3239 1318 3296 ab
1340 3240 1457 3309 ejus
1476 3240 1733 3295 charitate
1754 3257 1850 3295 nos
1873 3249 2109 3311 separat,

523 3330 649 3404 quid
682 3345 802 3385 esse
831 3345 936 3384 non
987 3329 1161 3384 solum
1204 3329 1426 3397 melius,
1472 3329 1567 3385 sed
1596 3330 1756 3386 etiam
1786 3331 1983 3386 certius
2012 3331 2115 3388 hoc

521 3419 665 3475 bono
689 3417 906 3489 potest?

597 3510 682 3565 I9.
723 3508 828 3564 Sed
870 3507 1076 3579 singula
1131 3507 1364 3564 breviter
1410 3510 1768 3566 attendamus.
1810 3511 1978 3567 Nemo
2016 3529 2113 3569 nos

526 3600 649 3656 inde
674 3608 919 3669 separat,
960 3599 1210 3654 minando
1253 3609 1500 3656 mortem.
1532 3601 1588 3656 Id
1632 3603 1803 3672 ipsum
1841 3604 1980 3658 enim
2007 3620 2114 3675 quo

524 3692 798 3764 diligimus
821 3693 984 3747 Deum
1019 3691 1061 3760 ί,
1090 3692 1228 3747 mori
1257 3705 1359 3746 non
1390 3702 1584 3762 potest,
1617 3694 1720 3749 nisi
1747 3694 1872 3750 dum
1900 3711 2004 3749 non
2033 3696 2115 3750 di-

525 3786 640 3858 ligit
668 3787 866 3852 Deum;
899 3799 1020 3839 cum
1048 3799 1193 3840 mors
1239 3783 1351 3853 ipsa
1398 3784 1470 3839 sit
1509 3800 1617 3839 non
1644 3784 1865 3855 diligere
1905 3786 2072 3841 Deum
2095 3828 2108 3852 ,

523 3879 667 3950 quod
696 3877 828 3934 nihil
855 3889 938 3934 est
980 3876 1123 3932 aliud
1164 3892 1323 3948 quam
1362 3877 1411 3932 ei
1455 3877 1738 3948 quidquam
1768 3877 1820 3933 in
1845 3879 2113 3951 diligendo

525 3984 686 4045 atque
714 3969 988 4043 sequendo
1015 3984 1350 4042 prmponerc.
1378 3968 1546 4024 Nemo
1575 3970 1698 4026 inde
1719 3982 1930 4042 separat
1955 3972 2112 4043 polli-

526 4065 698 4121 cendo
724 4064 885 4118 vitam
914 4079 929 4116 :
964 4076 1122 4118 nemo
1145 4062 1289 4118 enim
1315 4060 1384 4116 ab
1413 4061 1528 4132 ipso
1555 4060 1699 4117 fonte
1725 4075 1934 4134 separat
1960 4064 2113 4134 polli-

525 4155 696 4213 cendo
734 4169 947 4225 aquam.
992 4152 1110 4209 Non
1157 4162 1369 4224 separat
1419 4154 1683 4224 angelus:
1715 4172 1819 4210 non
1861 4157 2001 4211 enim
2032 4166 2113 4212 est

524 4249 763 4319 angelus,
781 4262 902 4303 cum
925 4246 1247 4300 inhaeremus
1274 4246 1404 4310 Deo,
1427 4254 1605 4299 nostra
1628 4257 1804 4302 mente
1828 4248 2108 4317 potentior.

523 4339 640 4397 Non
669 4349 884 4410 separat
911 4339 1078 4392 virtus
1107 4355 1120 4390 :
1155 4353 1278 4392 nam
1321 4338 1365 4392 si
1398 4338 1568 4392 virtus
1614 4339 1698 4394 ltic
1729 4340 1814 4394 illa
1845 4341 2111 4395 nominata

525 4442 624 4498 est,
645 4449 763 4503 qua:
783 4432 1011 4502 aliquam
1040 4438 1353 4500 potestatein
1384 4430 1434 4484 in
1459 4431 1559 4485 hoc
1581 4429 1778 4486 mundo
1799 4431 1976 4498 habet,
2002 4441 2113 4487 toto

526 4525 725 4582 mundo
743 4533 828 4580 est
850 4523 1068 4577 omnino
1095 4521 1371 4577 sublimior
1400 4536 1550 4575 mens
1576 4521 1840 4577 inluerens
1871 4523 1998 4578 Deo.
2019 4523 2111 4580 Sin

527 4617 694 4674 virtus
711 4617 798 4671 illa
824 4617 963 4671 dicta
983 4624 1088 4682 est,
1115 4630 1235 4686 qua:
1262 4615 1427 4685 ipsius
1446 4616 1606 4670 animi
1632 4617 1799 4672 nostri
1820 4619 2112 4674 rectissima

529 4709 738 4764 all‘ectio
755 4717 838 4764 est
864 4725 878 4760 :
907 4709 952 4762 si
983 4709 1033 4763 in
1062 4707 1167 4762 alio
1196 4716 1295 4773 est,
1327 4709 1464 4762 favet
1485 4718 1544 4763 ut
1566 4709 1948 4781 conjungamur
1969 4711 2108 4778 Deo;

529 4799 648 4856 siin
675 4800 827 4855 nobis
851 4809 952 4866 est,
977 4800 1088 4870 ipsa
1117 4800 1410 4870 coniungit.
1441 4800 1555 4856 Non
1583 4812 1830 4872 separant
1855 4802 2112 4859 instantes
2173 4857 2188 4866 ,

529 4891 788 4947 molestia:
832 4909 845 4946 :
882 4891 984 4947 hoc
1021 4891 1162 4946 enim
1205 4893 1431 4948 leviores
1469 4907 1560 4948 eas
1597 4895 1884 4962 sentimus,
1922 4911 2029 4965 quo
2062 4895 2114 4950 ei

529 4985 790 5040 undenos
809 4998 1059 5052 separare
1080 4983 1388 5053 moliuntur,
1415 4985 1613 5040 arctius
1633 4984 1971 5041 inhaeremus.
1999 4985 2111 5042 Non

528 5086 743 5148 separat
770 5074 1054 5148 promissio
1088 5074 1387 5130 futurorum
1423 5091 1586 5131 :nam
1614 5083 1671 5132 et
1701 5077 1954 5148 quidquid
1989 5078 2113 5133 boni

528 5168 763 5224 futurum
790 5175 905 5233 est,
945 5165 1141 5220 certius
1171 5167 1430 5234 promittit
1460 5167 1629 5234 Deus;
1657 5178 1710 5222 et
1739 5167 1867 5222 nihil
1891 5179 1974 5225 est
1999 5169 2113 5239 ipso

531 5259 640 5316 Deo
679 5259 903 5326 melius,
932 5256 1020 5326 qui
1043 5255 1150 5326 jam
1181 5257 1416 5326 proiecto
1444 5257 1580 5314 bene
1605 5259 1702 5314 sibi
1735 5259 2114 5315 inhaerentibus

532 5368 764 5424 prtesens
792 5359 893 5407 est.
925 5348 1043 5406 Non
1066 5359 1279 5420 separat
1303 5349 1528 5404 altitudo
1553 5366 1722 5420 neque
1749 5350 2066 5421 profundum
2097 5370 2109 5406 :

531 5446 724 5500 etenim
747 5445 791 5500 si
813 5443 925 5498 haec
941 5442 1102 5498 verba
1125 5441 1361 5498 scicntia:
1381 5438 1519 5495 forte
1544 5441 1872 5497 altitudinem
1888 5444 1971 5498 vel
1996 5460 2116 5513 pro-

531 5536 748 5594 iundum
773 5536 1108 5608 signiﬁcant,
1140 5551 1246 5590 non
1279 5550 1373 5589 ero
1413 5533 1687 5600 curiosus,
1718 5549 1784 5588 ne
1811 5534 2058 5606 sejungar
2083 5551 2114 5591 a

533 5631 678 5698 Deo;
723 5646 824 5687 nec
850 5631 1162 5701 cujusquam
1190 5627 1430 5684 doctrina
1468 5641 1554 5682 me
1586 5629 1653 5682 ab
1693 5643 1758 5683 eo
1791 5639 2030 5698 separat,
2060 5639 2118 5686 ut

597 5745 616 5776 ί
639 5743 748 5792 Bad.
766 5750 842 5800 Er.
863 5748 974 5812 Lov.
1001 5749 1058 5812 et
1073 5740 1254 5812 aliquot
1279 5748 1408 5800 Mss,
1429 5737 1637 5812 idipsum
1658 5737 1786 5789 enim
1950 5739 2116 5812 diligi-

539 5815 662 5867 ntus,
690 5813 784 5854 etc.
826 5805 917 5867 sed
959 5807 1124 5853 verius
1143 5803 1424 5867 editio/iro.
1447 5803 1508 5851 et
1535 5811 1637 5867 uss.
1663 5812 1886 5867 quatuor,
1907 5803 2117 5867 idipsum

539 5863 667 5936 enirn
684 5878 794 5936 quo,
817 5864 1001 5936 scilicet
1019 5867 1220 5922 animus,
1232 5863 1449 5936 utliquet
1468 5878 1532 5914 ex
1550 5863 1693 5928 hujus
1705 5865 1956 5915 locutionis
1969 5863 2116 5917 inter-

545 5931 814 5988 pretatione
836 5931 884 5975 in
901 5931 1058 5991 capite
1073 5931 1315 5989 sequenti.

1270 448 1360 510 DE
1401 447 1701 510 MORIBUS
1738 451 2092 512 ECCLESIE
2129 453 2562 527 CATHOLICE,
2602 459 2662 517 S.
2703 461 3068 522 AUGUSTIN!

2222 573 2376 642 quasi
2402 571 2634 644 depellat
2674 590 2914 633 errorem
2931 621 2948 646 ,
2974 595 3002 633 a
3033 595 3141 650 quo
3168 596 3326 638 nemo
3349 598 3558 655 prorsus
3580 590 3666 647 nisi
3684 593 3770 652 εει·

2225 672 2440 734 paratus
2461 677 2683 722 erraret.
2705 667 2761 724 Si
2783 685 2908 724 vero
2927 671 3208 728 altitudine
3226 684 3280 730 et
3303 675 3556 744 profundo
3568 695 3740 753 superna

2223 765 2278 812 et
2298 757 2505 814 inferna
2523 759 2681 831 hujus
2704 763 2885 817 mundi
2913 765 3304 836 signiﬁcantur,
3331 771 3448 840 quis
3463 772 3579 829 mihi
3597 779 3740 835 coelum

2223 849 2564 942 polliceatur,
2598 861 2654 907 ut
2692 867 2722 907 a
2751 855 2873 910 εωιί
2901 854 3222 915 fabricatore
3248 861 3525 935 sejungari
3551 871 3639 923 Aut
3659 875 3742 942 quis

2225 949 2423 996 terreat
2446 941 2700 1008 infernus,
2731 955 2788 1000 ut
2815 947 2980 1002 Deum
3006 949 3274 1017 deseram,
3296 970 3451 1023 quem
3475 958 3517 1011 si
3536 941 3741 1031 nunquam

2222 1028 2612 1099 deseruissem,
2644 1033 2847 1091 inferna
2887 1038 3188 1096 nescirem?
3231 1041 3521 1111 Postremo,
3558 1028 3659 1119 quis
3687 1070 3743 1111 me

2223 1118 2372 1176 locus
2399 1123 2467 1177 ab
2493 1123 2608 1193 ejus
2632 1126 2894 1182 charitate
2920 1127 3169 1195 divellet,
3199 1133 3290 1204 qui
3321 1150 3430 1190 non
3455 1118 3626 1208 ubique
3645 1151 3742 1200 totus

2221 1218 2387 1276 esset,
2418 1212 2462 1266 si
2490 1214 2597 1266 ullo
2619 1215 2986 1272 contineretur
3005 1218 3162 1274 loco?

2222 1299 2448 1359 CAPUT
2482 1303 2595 1359 XII.
2618 1303 2969 1364 —Cltaritate
3009 1309 3119 1366 Deo
3164 1317 3534 1386 connectimur,
3565 1329 3663 1377 dum
3688 1326 3742 1379 illi

2861 1399 3178 1471 subjiciatur.

2292 1483 2382 1540 20.
2427 1485 2568 1552 Non,
2604 1487 2796 1559 inquit,
2821 1503 3034 1562 separat
3059 1495 3162 1549 alia
3186 1508 3440 1555 creatura.
3466 1500 3508 1558 0
3524 1504 3744 1564 altissimo-

2222 1590 2340 1630 rum
2371 1580 2754 1649 mysteriorum
2776 1583 2948 1639 virum
2973 1587 2987 1641 ε
3020 1585 3134 1642 Νοη
3165 1588 3263 1644 fuit
3290 1603 3559 1650 contentus
3579 1596 3740 1667 dicere,

2221 1675 2493 1732 creatura;
2523 1669 2638 1735 sed,
2667 1671 2794 1739 alia,
2825 1674 3021 1744 inquit,
3056 1687 3313 1746 creatura,
3339 1681 3606 1742 admonens
3624 1691 3743 1745 etiam

2222 1754 2450 1825 idipsum
2473 1774 2579 1828 qtto
2607 1759 2876 1832 diligimus
2907 1764 3098 1831 Deum,
3126 1778 3179 1822 et
3208 1784 3315 1838 quo
3341 1771 3738 1843 inhreretnusDeu,

2224 1845 2274 1899 id
2305 1857 2386 1900 est
2415 1849 2650 1904 anintum
2695 1862 2855 1923 atque
2898 1866 3132 1910 mentem
3176 1870 3478 1917 creaturam
3518 1880 3636 1921 esse.
3660 1871 3741 1924 Alia

2220 1952 2350 2006 ergo
2374 1948 2617 1996 creatura
2656 1957 2851 2012 corpus
2887 1955 2971 2000 est
3000 1964 3014 1999 :
3043 1957 3099 2002 et
3126 1950 3171 2003 si
3209 1952 3417 2006 animus
3451 1970 3533 2009 res
3557 1959 3739 2028 qualem

2224 2037 2306 2081 est
2331 2029 2698 2101 intelligibilis,
2732 2033 2781 2088 id
2809 2045 2891 2090 est
2913 2053 3031 2106 qua:
3065 2047 3266 2094 tantum
3292 2041 3613 2114 intelligendo
3630 2050 3740 2102 inno-

2222 2120 2406 2185 tescit,
2440 2121 2539 2174 alia
2579 2134 2822 2177 creatura
2851 2134 2934 2181 est
2971 2141 3134 2183 omne
3176 2131 3446 2198 sensibile,
3475 2136 3520 2188 id
3555 2147 3625 2191 est
3644 2139 3741 2208 quod

2220 2227 2316 2282 per
2339 2214 2542 2278 oculos,
2570 2216 2652 2270 vel
2692 2232 2870 2285 aures,
2912 2219 2996 2274 vel
3037 2219 3288 2277 olfactutn
3310 2265 3325 2287 ,
3354 2227 3435 2280 vel
3461 2238 3662 2296 gustum,
3685 2232 3742 2285 vel

2221 2311 2454 2370 tactum,
2487 2307 2636 2374 quasi
2680 2308 2962 2376 quamdam
3007 2313 3250 2368 notitiam
3289 2318 3370 2370 sui
3402 2320 3605 2386 prtebet;
3628 2333 3744 2392 atque

2220 2392 2273 2447 id
2304 2393 2539 2451 deterius
2577 2399 2648 2452 sit
2689 2416 2911 2457 necesse
2949 2415 3063 2470 est,
3093 2423 3254 2472 quam
3301 2412 3432 2479 quod
3456 2413 3743 2484 intelligentia

2219 2487 2335 2542 sola
2350 2489 2575 2558 capitur.
2602 2489 2744 2562 Ergo
2763 2507 2884 2548 cum
2907 2497 3068 2550 etiam
3094 2497 3236 2553 Deus
3256 2500 3411 2571 dignis
3428 2503 3597 2558 animis
3612 2517 3742 2560 nutus

2220 2595 2326 2634 nou
2351 2581 2448 2636 nisi
2479 2597 2576 2652 per
2601 2583 2999 2655 intelligentiam
3032 2592 3204 2660 possit
3230 2607 3364 2659 esse,
3387 2610 3490 2649 cum
3516 2606 3663 2651 tamen
3681 2601 3742 2652 sit

2219 2669 2331 2740 ipsa
2362 2688 2465 2742 qua
2506 2673 2819 2746 intelligitur
2861 2687 3041 2735 mente
3088 2687 3440 2752 pnustanlior;
3479 2703 3644 2758 quippe
3667 2690 3742 2758 qui

2219 2772 2430 2820 creator
2454 2766 2571 2835 ejus
2598 2779 2757 2839 atque
2779 2781 2966 2826 auctor
3000 2785 3112 2838 est;
3146 2778 3430 2833 verendum
3457 2791 3557 2835 erat
3581 2797 3634 2836 ue
3656 2785 3740 2836 ani-

2218 2871 2338 2911 mus
2359 2857 2640 2926 humanus,
2665 2876 2731 2917 eo
2751 2863 2891 2933 quod
2919 2865 3059 2921 inter
3083 2867 3375 2925 invisibilia
3395 2881 3446 2926 et
3461 2872 3736 2944 intelligibilia

2216 2960 2546 3020 numeratur,
2569 2953 2807 3024 ejusdem
2831 2972 2890 3012 se
2911 2967 3116 3015 natura
3135 2962 3478 3019 arbitraretur
3489 2981 3610 3027 esse.
3624 2968 3735 3036 cujus

2217 3050 2300 3096 est
2325 3042 2437 3111 ipse
2465 3045 2552 3114 qui
2585 3047 2812 3113 creavit;
2845 3059 2898 3103 et
2927 3050 3004 3105 sic
3044 3051 3112 3106 ab
3139 3067 3206 3107 eo
3232 3056 3472 3124 superbia
3495 3057 3738 3124 decideret,

2215 3131 2299 3185 cui
2344 3133 2601 3190 charitate
2644 3137 2952 3208 jungendus
2999 3149 3099 3196 est.
3157 3142 3243 3198 Fit
3287 3145 3427 3200 enim
3474 3146 3568 3200 Deo
3597 3147 3736 3203 similis

2216 3232 2466 3293 quantum
2488 3225 2669 3280 datum
2693 3237 2798 3296 est,
2819 3229 2944 3285 dum
2965 3231 3335 3289 illustrandum
3360 3237 3429 3290 illi
3450 3248 3585 3308 atque
3596 3237 3741 3292 illumi-

2218 3315 2452 3370 nandum
2480 3331 2538 3371 se
2562 3319 2792 3388 subjicit.
2824 3321 2890 3375 Et
2925 3323 2968 3376 si
3008 3325 3242 3382 maxime
3271 3328 3319 3381 ei
3351 3329 3631 3400 propinquat
3648 3329 3740 3383 sub'

2211 3405 2443 3476 jectione
2471 3408 2569 3464 ista
2597 3425 2699 3480 qua
2743 3412 2934 3467 similis
2976 3417 3062 3481 lit,
3109 3417 3264 3486 longe
3291 3418 3360 3472 ab
3385 3435 3447 3474 eo
3478 3422 3556 3474 liat
3577 3433 3742 3474 necesse

2216 3506 2298 3553 cst
2322 3499 2538 3554 audacia
2564 3515 2668 3571 qua
2699 3501 2810 3556 vult
2837 3517 2960 3559 esse
2999 3506 3248 3562 similior.
3300 3509 3413 3580 Ipsa
3439 3518 3514 3565 est
3540 3526 3624 3581 qua
3651 3512 3663 3542 ¹
3686 3510 3741 3564 le

2217 3590 2367 3660 gibus
2397 3591 2490 3646 Dei
2518 3593 2891 3662 obtemperare
2919 3595 3213 3666 detrectat,
3241 3598 3368 3654 dum
3394 3615 3496 3656 sua:
3519 3600 3739 3672 potestatis

2217 3695 2335 3735 esse
2361 3682 2506 3752 cupit
2530 3692 2586 3736 ut
2613 3683 2750 3739 Deus
2779 3695 2879 3740 est.

2287 3771 2376 3827 21.
2419 3773 2628 3840 Quanto
2652 3790 2780 3847 ergo
2806 3779 2973 3847 magis
3016 3779 3170 3851 longe
3217 3781 3437 3839 discedit
3463 3800 3490 3838 a
3514 3785 3634 3851 Deo,
3655 3787 3737 3838 nou

2218 3863 2354 3927 loco,
2375 3866 2468 3919 sed
2491 3864 2771 3922 affectione
2793 3878 2952 3939 atque
2972 3871 3262 3941 cupiditate
3290 3875 3354 3930 ad
3381 3876 3598 3931 inferiora
3614 3890 3737 3945 quam

2216 3969 2296 4013 est
2326 3958 2437 4028 ipse
2458 4001 2472 4024 ,
2506 3969 2652 4014 tanto
2677 3961 2843 4032 magis
2881 3964 3100 4019 stultitia
3134 3967 3450 4039 miserisque
3479 3968 3735 4038 completur.

2216 4051 2508 4107 Dilectione
2534 4053 2690 4124 igitur
2717 4054 2852 4109 redit
2883 4056 2933 4110 in
2969 4055 3133 4112 Deum
3159 4099 3173 4125 ,
3207 4076 3314 4130 qua
3340 4077 3396 4116 se
3423 4061 3486 4116 illi
3506 4075 3593 4114 non
3615 4074 3736 4112 com-

2216 4158 2451 4214 ponere,
2481 4145 2574 4199 sed
2601 4160 2899 4216 supponere
2940 4147 3170 4203 affectat.
3203 4151 3358 4219 Quod
3401 4161 3570 4222 quanto
3591 4149 3738 4205 iecerit

2217 4233 2504 4289 instantius
2531 4251 2593 4290 ac
2630 4237 2939 4302 studiosius,
2984 4247 3131 4294 tanto
3169 4243 3274 4296 erit
3307 4243 3498 4298 beatior
3519 4253 3648 4312 atque
3667 4257 3735 4295 su-

2216 4326 2460 4393 blimior,
2490 4337 2544 4382 et
2569 4329 2657 4383 illo
2694 4330 2811 4384 solo
2838 4329 3146 4387 dominante
3190 4334 3501 4390 liberrimas.
3527 4333 3738 4403 Quamob-

2216 4432 2329 4473 rem
2359 4432 2517 4472 nosse
2546 4419 2705 4475 debet
2727 4436 2785 4475 se
2806 4436 2926 4476 esse
2945 4432 3266 4480 creaturam.
3300 4427 3457 4481 Debet
3479 4428 3602 4479 enim
3622 4438 3735 4478 ara-

2218 4516 2389 4563 torem
2412 4525 2563 4563 suum
2585 4511 2804 4566 credere
2824 4513 2977 4566 sicuti
3004 4523 3106 4578 est,
3131 4515 3418 4571 ittviolabili
3439 4529 3487 4572 et
3504 4519 3735 4571 incommu-

2216 4598 2366 4653 tabili
2385 4614 2596 4669 semper
2618 4617 2833 4657 manere
2853 4612 3038 4658 natura
3061 4606 3300 4662 veritatis
3320 4622 3474 4678 atque
3488 4607 3732 4676 sapientia:

2217 4688 2269 4743 in
2301 4703 2359 4744 se
2388 4700 2565 4746 autem
2594 4692 2786 4748 cadere
2817 4710 2972 4764 posse
3001 4696 3278 4751 stultitiam
3306 4709 3460 4769 atque
3496 4699 3731 4754 fallaciam.

2223 4780 2306 4834 vel
2336 4789 2552 4850 prepter
2576 4796 2788 4837 errores
2831 4784 3021 4853 quibus
3051 4789 3170 4841 exui
3210 4787 3505 4853 desiderat,
3529 4788 3730 4845 conﬁteri.

2218 4868 2321 4925 Sed
2349 4887 2532 4927 rursus
2558 4887 2750 4928 cavere
2776 4872 2965 4943 debet,
2998 4891 3064 4931 ne
3104 4877 3172 4932 ab
3197 4878 3362 4948 ipsius
3387 4881 3474 4936 Dei
3506 4880 3730 4938 charitate.

2217 4977 2318 5032 qua
2339 4963 2693 5018 sanctiﬁcatur
2720 4973 2775 5019 ut
2800 4965 3139 5022 beatissimus
3165 4981 3392 5038 maneat,
3416 4971 3608 5028 alterius
3623 4984 3733 5024 crea-

2219 5059 2372 5117 turae,
2397 5054 2448 5109 id
2480 5065 2561 5109 est
2595 5054 2752 5126 hujus
2781 5058 3044 5113 sensibilis
3073 5061 3256 5116 mundi
3295 5080 3472 5119 amore
3497 5071 3727 5134 separetur.

2216 5142 2333 5198 Non
2361 5143 2522 5214 igitur
2547 5156 2757 5216 separat
2782 5162 2880 5203 nos
2907 5149 3006 5203 alia
3034 5162 3298 5216 creatura,
3339 5155 3577 5224 siquidem
3596 5161 3643 5207 et
3663 5164 3730 5203 nos

2219 5234 2318 5306 ipsi
2335 5245 2572 5291 creatura
2594 5252 2794 5305 sumus,
2817 5255 2846 5293 a
2871 5239 3129 5297 charitate
3152 5243 3266 5310 Dei,
3288 5262 3403 5316 qum
3419 5255 3494 5300 est
3509 5247 3555 5299 in
3569 5245 3729 5300 Christo

2217 5325 2342 5381 Jesn
2377 5329 2596 5384 Domino
2631 5339 2835 5385 nostro.

2218 5418 2443 5476 CAPUT
2476 5419 2612 5474 XIII.
2635 5451 2706 5461 —
2729 5420 2830 5476 Per
2865 5421 3116 5478 Christum
3147 5435 3195 5480 et
3237 5428 3343 5496 ejus
3384 5424 3608 5496 Spiritum
3633 5423 3726 5494 jun-

2646 5513 2812 5584 gimur
2833 5515 3227 5584 inseparabiliter
3247 5515 3370 5571 Deo.

2289 5605 2378 5661 2‘2.
2421 5606 2569 5660 Dicat
2599 5605 2751 5662 nobis
2779 5608 2915 5662 idem
2943 5607 3137 5664 Paulus
3155 5651 3170 5674 ,
3198 5611 3315 5677 quis
3342 5611 3434 5665 iste
3457 5610 3517 5663 sit
3535 5606 3728 5661 Christus

2221 5697 2378 5754 Jesus
2403 5697 2656 5752 Dominus
2700 5709 2921 5754 noster:
2966 5698 3178 5765 Vocatis,
3222 5702 3415 5771 inquit,
3453 5699 3727 5772 pradicant

2284 5811 2301 5841 ί
2337 5815 2410 5857 Er.
2449 5814 2557 5879 tor.
2601 5815 2654 5858 et
2688 5817 2816 5879 Arn;
2842 5820 2947 5874 Ipsa
2973 5817 3184 5879 estque.
3206 5819 3378 5879 Atltss.
3397 5809 3718 5879 usq.th

2222 5883 2334 5941 qua,
2355 5869 2599 5941 et_melius
2620 5884 2632 5920 :
2655 5869 2920 5941 explicatur
2939 5869 3162 5926 nimirum
3179 5888 3288 5941 quae
3304 5873 3381 5927 illa
3395 5872 3728 5932 sitaudacilﬁm

2226 5932 2330 5984 mu
2346 5934 2532 5988 animus
2551 5944 2664 5986 esse
2681 5932 2765 5985 Ι)ὲί
2781 5933 2996 5987 similior.
