3824 6296
493 423 632 484 1335

491 543 806 600 obscurum,
849 532 966 586 vide
995 543 1112 602 qua:
1137 536 1429 595 sequuntur
1459 543 1471 576 :
1507 522 1569 576 lit
1595 519 1845 576 omnium,
1878 513 2062 582 inquit,

493 613 738 690 Dominus
765 624 939 680 dilexit
965 621 1104 674 illam
1135 635 1152 672 :
1178 617 1376 670 doctrix
1396 623 1467 668 est
1492 613 1622 667 enim
1649 608 1927 677 disciplina:
1953 602 2062 665 Dei,

492 735 538 781 et
576 723 781 780 electria:
818 731 1022 789 Operam
1058 713 1214 766 illius.
1259 693 1478 789 Videtur
1521 706 1605 758 hic
1650 701 1780 756 nihil
1819 697 1958 752 aliud
2000 695 2066 750 de

489 786 1054 894 operatione-dientm;
1087 817 1188 856 non
1219 800 1358 882 enim
1391 786 1492 882 hoc
1527 803 1610 852 est
1649 793 1843 861 eligere
1879 802 2062 856 opera,

669 884 878 974 operari
912 910 1089 978 :‘ergo
1128 893 1258 976 hate
1286 881 1355 944 ad’
1393 887 1723 956 disciplinam
1768 881 2062 951 pertinent;

435 1051 438 1059 .
491 969 627 1079 dpus
654 969 831 1050 virtuti
859 973 1100 1049 debetur,
1133 992 1191 1062 ut
1219 973 1286 1036 sit
1316 982 1491 1051 plena,
1523 992 1678 1063 quam
1709 974 1949 1060 volumus
1975 969 2068 1023 de-

489 1056 817 1145 nionStrare,
850 1067 1129 1135 sententia.
1163 1057 1301 1142 Lege
1333 1072 1486 1139 igitur
1513 1059 1761 1134 deinceps
1790 1056 1940 1132 quod
1967 1077 2064 1114 an-

486 1163 681 1240 nexum
707 1157 806 1232 est.
841 1159 986 1238 Quod
1015 1153 1061 1222 si
1084 1159 1287 1220 honesta
1313 1171 1412 1227 est,
1447 1159 1643 1229 inquit,
1685 1150 1928 1227 possessio
1957 1167 2068 1222 qua:

486 1255 856 1340 eoncupiscitur
882 1249 946 1317 ini
964 1262 1060 1315 tiita
1081 1300 1097 1324 ,
1129 1243 1248 1326 quid
1276 1245 1521 1339 sapientia
1548 1243 1622 1302 est
1645 1243 1924 1340 honestius,
1957 1259 2069 1312 qum

486 1327 664 1419 omnid
695 1341 968 1430 operatur?
1011 1339 1265 1406 Potomac
1304 1331 1586 1413 quidquam
1634 1327 1938 1407 prmciarius
1979 1341 2069 1387 aut

486 1423 846 1513 Milesians,
880 1433 972 1500 aut
1002 1457 1128 1496 vero
1172 1429 1328 1494 etiam
1374 1427 1590 1516 uberius
1633 1423 1885 1500 proferri?
1931 1425 2066 1484 Audi

485 1527 650 1611 aliud,
677 1544 720 1600 si
749 1554 934 1615 parum
964 1545 1117 1604 putas
1139 1575 1154 1598 ,
1181 1519 1320 1602 quod
1352 1513 1491 1614 idem
1515 1515 1667 1609 sonet
1695 1541 1706 1574 :
1739 1513 2067 1577 Sabrietatem

485 1621 616 1694 enim
645 1612 892 1706 sapientia
922 1627 1096 1706 docet,
1127 1613 1410 1706 inquit-,“et
1433 1612 1686 1704 justitiam
1733 1622 1778 1666 et
1818 1612 2062 1694 virtutem.

487 1699 760 1784 Sobrietas
782 1719 913 1776 mihi
941 1705 1006 1772 ad
1028 1703 1192 1788 ipsam
1215 1699 1564 1779 cognitionem
1588 1701 1701 1762 veri
1723 1703 1928 1757 videtur
1951 1718 2070 1772 per-

484 1807 686 1886 tinere,
802 1823 884 1870 est
918 1798 984 1866 ad
1023 1789 1352 1876 disciplinam
1386 1821 1398 1856 :
1426 1789 1625 1870 justitia
1663 1812 1790 1884 vero
1821 1803 1875 1886 et
1902 1797 2068 1850 virtus

486 1912 551 1968 ad
582 1875 841 1967 notionem
873 1908 1027 1973 atque
1065 1886 1128 1954 ad
1163 1885 1544 1967 operationem.
1593 1875 1794 1957 Quibus
1825 1877 2067 1968 duobus,

484 2002 539 2058 id
578 2010 659 2056 est
699 1975 884 2069 agendi
930 1977 1196 2053 efﬁcacia,
1242 1991 1295 2041 et
1333 1973 1616 2038 sobrietate
1655 1976 2064 2048 contemplandi,

486 2111 602 2166 qua:
648 2067 752 2146 Dei
781 2073 955 2143 Virtus
997 2089 1049 2138 et
1097 2073 1186 2135 Dei
1231 2067 1532 2146 Sapientia,
1568 2067 1732 2160 idest
1762 2070 1853 2124 Dei
1882 2067 2064 2132 Filius,

488 2157 827 2244 dilectoribus
848 2178 954 2234 suis
975 2164 1157 2240 donat,
1186 2171 1310 2241 quid
1331 2157 1743 2240 comparandum
1771 2165 1840 2221 sit
1865 2161 2066 2228 nescio,

486 2261 607 2335 cum
636 2273 774 2330 idem
803 2268 1059 2342 propheta
1088 2265 1264 2321 statim
1295 2262 1433 2317 dicat
1457 2259 1637 2331 quanti
1663 2259 1767 2311 sint
1798 2257 1895 2310 ista
1937 2271 2067 2325 pen-

483 2349 651 2428 denda
685 2384 696 2419 :
726 2380 846 2420 nam
875 2363 946 2417 ita
975 2359 1203 2430 positum
1230 2366 1332 2419 est,
1363 2345 1690 2409 Sobrietatem‘
1715 2350 1845 2402 enim
1870 2347 2068 2416 sapien-

482 2451 553 2516 tia
577 2445 749 2519 docet,
780 2447 825 2509 et
843 2439 1099 2523 justitiam
1122 2491 1136 2516 ,
1168 2453 1213 2502 et
1244 2448 1478 2500 virtutem
1497 2484 1511 2509 ,
1543 2441 1720 2512 quibus
1749 2439 1918 2492 utilius
1945 2435 2070 2489 nihil

483 2561 553 2607 est
583 2533 634 2602 in
664 2531 766 2603 vita
797 2543 1080 2598 hominibus
1110 2535 1207 2612 (a).
1265 2603 1268 2606 Ι

553 2625 646 2698 ES.
688 2623 811 2692 llaec
838 2634 1064 2688 fortasse
1097 2628 1359 2699 quispiam
1404 2641 1509 2678 non
1554 2621 1618 2676 de
1648 2619 1782 2674 Filio
1811 2617 1900 2671 Dei
1930 2617 2069 2671 dicta

487 2719 609 2788 esse
635 2713 936 2784 arbitretur.
966 2713 1104 2790 Quid
1131 2736 1256 2790 ergo
1283 2716 1423 2773 aliud
1450 2713 1681 2770 ostendit
1707 2711 1845 2782 quod
1872 2710 2077 2765 dictum

487 2834 589 2889 est,
609 2821 1000 2879 Generositatem
1022 2801 1331 2886 magni/ient,
1351 2801 1726 2878 contubernium
1739 2795 1926 2889 habens
1944 2803 2071 2856 Dei?

667 2897 777 2980 tiu,
984 2924 1109 2990 vero
1129 2905 1451 2989 generositas
1475 2902 1607 2956 solet
1622 2885 1916 2980 signiﬁcare
1933 2885 2071 2948 aliud

487 2997 644 3078 quam
686 2990 965 3078 parentes"?
991 2999 1406 3076 contubernium
1447 3009 1572 3049 vero
1593 3009 1768 3047 nonne
1794 3006 1911 3045 cum
1959 2990 2071 3058 ipso

483 3075 633 3171 patre
662 3075 1012 3171 (equalitatem
1041 3075 1236 3170 clamat
1261 3087 1416 3157 atque
1460 3084 1683 3165 asserit?
1707 3080 1922 3162 Deinde,
1947 3093 2071 3133 eum

486 3169 680 3246 Dauius
706 3188 846 3242 dicat
869 3169 1058 3240 Filium
1083 3169 1173 3239 Dei
1197 3197 1312 3238 esse
1336 3180 1428 3233 Dei
1453 3176 1774 3257 Sapientiam
1806 3174 1846 3246 (Ι
1869 3171 1985 3226 Cor.
2018 3171 2068 3235 1,

486 3283 616 3354 24);
645 3292 697 3337 et
741 3281 852 3349 ipse
881 3259 1132 3352 Dominus
1152 3318 1165 3339 ,
1200 3273 1363 3350 Nemo
1390 3270 1522 3348 nouit
1550 3267 1786 3331 Patrem,
1819 3264 1913 3317 nisi
1955 3262 2072 3315 uni-

488 3353 683 3446 genitus
713 3355 876 3424 Filius
905 3353 1200 3448 (illaulth
1220 3406 1231 3426 ,
1256 3363 1347 3431 27)
1372 3379 1383 3425 ;
1416 3360 1538 3440 quid
1564 3359 1735 3440 potuit
1763 3373 1789 3410 a
1818 3355 2072 3425 propheta

489 3461 865 3535 congruentius
894 3446 1030 3519 dici,
1071 3446 1229 3526 quam
1262 3449 1388 3508 illud
1429 3450 1569 3521 quod
1609 3450 1805 3503 dictum
1850 3456 1963 3514 est,
2009 3446 2073 3500 Et

492 3561 656 3609 tecum
685 3541 944 3622 sapientia
974 3563 1085 3618 qua:
1124 3547 1254 3598 novit
1297 3561 1447 3615 opera
1479 3552 1592 3607 tua,
1625 3556 1740 3610 qua:
1768 3539 1930 3610 adfuit
1959 3548 2073 3591 tunc

492 3665 606 3701 cum
635 3644 801 3699 orbem
831 3631 1076 3696 terrarum
1099 3640 1315 3709 faceres,
1346 3646 1391 3689 et
1415 3635 1596 3689 sciebat
1625 3631 1745 3704 quid
1772 3632 2073 3702 placiturum

493 3747 618 3794 esset
637 3736 795 3791 oculis
817 3733 955 3787 tuis?
982 3731 1133 3802 (Sup.
1158 3745 1235 3792 ιχ,
1258 3724 1337 3800 9.)
1367 3711 1515 3792 Quod
1537 3731 1711 3778 autem
1730 3721 1973 3776 Christus
1994 3713 2075 3775 est

494 3830 721 3892 veritas,
756 3811 896 3897 quod
938 3807 1074 3877 idem
1120 3807 1418 3873 ostenditur
1455 3830 1575 3868 eum
1621 3812 1871 3882 splendor
1905 3812 2074 3866 Patris

494 3915 824 3989 nuncupatur
854 3897 1037 3987 (Hebr.
1068 3899 1106 3980 ἡ,
1139 3910 1230 3982 5);
1265 3926 1367 3964 non
1395 3914 1481 3962 est
1519 3907 1660 3961 enim
1699 3904 1982 3976 quidquam
2019 3905 2072 3960 in

495 4013 718 4069 circuitu
748 4009 875 4068 solis
895 4051 908 4073 ,
943 4007 1046 4062 nisi
1071 4003 1320 4074 splendor
1349 4003 1461 4072 ipse
1488 4016 1642 4070 quem
1673 3997 1838 4069 gignit
1860 3999 1878 4030 ι
1907 4014 1919 4050 :
1948 3996 2072 4068 quid

493 4120 620 4176 ergo
645 4103 818 4175 potuit
845 4087 1078 4170 apertius
1117 4105 1169 4151 et
1195 4087 1391 4151 clarius
1413 4109 1488 4148 ex
1515 4079 1708 4147 Vetere
1734 4077 2072 4146 Testamento

494 4187 618 4252 huic
648 4177 921 4251 senteniiie
952 4187 1279 4253 consonare,
1321 4185 1478 4256 quam
1525 4184 1654 4240 illud
1696 4183 1834 4254 quod
1873 4184 2072 4239 dictum

497 4299 607 4357 est,
645 4287 840 4342 Veritas
877 4295 966 4338 tua
1001 4283 1055 4336 in
1094 4281 1303 4334 circuitu
1346 4278 1465 4334 tuo?
1495 4276 1667 4357 (Prol.
1697 4292 1958 4344 anvm,
1990 4274 2068 4347 9.)

495 4353 773 4434 Postremo
820 4365 949 4431 dicit
986 4357 1116 4442 ipsa
1141 4359 1406 4440 Sapientia
1447 4371 1502 4423 in
1537 4353 1859 4439 Evangelio,
1906 4366 2074 4421 Nemo

495 4471 627 4524 venit
648 4457 718 4523 ad
747 4457 970 4530 Patrem,
999 4453 1098 4518 nisi
1127 4479 1215 4533 per
1239 4479 1316 4515 me
1344 4459 1518 4533 (Joan.
1545 4477 1655 4526 xw,
1678 4459 1734 4533 Β)
1767 4479 1777 4512 ;
1806 4459 1932 4514 dicit
1955 4475 2075 4529 pro-

493 4555 656 4635 pheta
677 4603 691 4628 ,
733 4545 951 4616 Sensum
979 4564 1118 4635 tuum
1145 4571 1264 4624 ergo
1288 4555 1396 4624 quis
1423 4554 1543 4617 scit,
1573 4553 1669 4605 nisi
1694 4559 1746 4604 tu
1771 4551 1964 4605 dederis
1986 4567 2072 4605 sa—

496 4633 779 4726 pientiam?
805 4659 858 4707 et
882 4633 1038 4724 paulo
1064 4655 1202 4718 post,
1233 4646 1296 4700 Et
1314 4662 1425 4717 qua:
1443 4646 1528 4699 tibi
1551 4641 1765 4722 placent,
1796 4643 2074 4697 didicerunt

500 4733 746 4810 homines,
769 4749 816 4798 et
829 4760 921 4813 per
943 4741 1239 4808 sapientiam
1259 4740 1421 4792 sanati
1443 4747 1556 4792 sunt
1585 4736 1738 4812 (Sap.
1765 4752 1840 4802 Ix,
1861 4737 2070 4808 i749).

568 4827 660 4890 99.
687 4825 829 4888 Dicit
847 4821 1044 4886 Paulus
1061 4872 1074 4896 ,
1104 4817 1335 4886 Charitas
1357 4829 1446 4882 Dei
1471 4815 1654 4896 diffusa
1673 4837 1747 4884 est
1769 4829 1821 4884 in
1844 4829 2075 4886 cordibus

499 4924 684 4982 nostris
707 4941 797 4996 per
821 4915 1070 4992 Spiritum
1107 4932 1333 4976 sanctum
1358 4923 1440 4990 qui
1468 4921 1612 4978 datus
1638 4930 1707 4974 est
1735 4903 1871 4974 nobis
1899 4919 2071 4996 (Rom.

499 5019 552 5085 ἰν,
572 5013 630 5092 Β)
665 5034 678 5069 :
707 4993 1106 5086 dicitpropiteta
1122 5055 1135 5080 ,
1161 5012 1378 5068 Sanctus
1402 5014 1533 5066 enim
1556 5013 1777 5082 Spiritus
1798 4993 2076 5082 disciplier

499 5106 701 5178 eﬁ'ugiet
725 5101 897 5160 dolum
927 5099 1079 5176 (Sap.
1111 5121 1147 5171 ι,
1177 5105 1255 5177 5).
1298 5103 1398 5160 Ubi
1441 5105 1580 5158 enim
1619 5103 1805 5169 dolus,
1846 5103 2075 5178 Charitas

498 5191 640 5254 nulla
670 5199 770 5254 est.
821 5195 953 5251 Dicit
979 5191 1209 5261 Paulus,
1251 5195 1540 5265 Conformes
1568 5195 1689 5264 ﬁeri
1725 5197 1820 5252 nos
1842 5177 2075 5265 imaginis

501 5279 627 5345 Filii
651 5289 741 5344 Dei
769 5286 940 5362 (Rern.
965 5303 1078 5352 vm,
1101 5281 1190 5360 “29)
1219 5303 1233 5340 :
1261 5286 1385 5341 dicit
1412 5285 1685 5362 propheta,
1715 5271 1983 5357 Signatum.
2006 5289 2076 5342 est

500 5383 651 5454 super;
693 5361 786 5435 nos
834 5379 998 5434 lumen
1043 5375 1208 5433 uultus
1256 5379 1360 5444 tui,
1409 5375 1624 5432 Domine
1667 5363 1836 5448 (l’sal.
1873 5394 1956 5444 tv,

499 5472 750 5530 Ostendit
783 5471 987 5527 Paulus
1032 5465 1196 5526 Deum
1243 5485 1361 5524 esse
1405 5462 1654 5540 Spiritum
1686 5479 1974 5538 sanctum,
2023 5481 2077 5530 et

502 5565 624 5620 ideo
656 5579 757 5618 non
789 5578 908 5618 esse
936 5572 1229 5617 creaturam
1266 5579 1278 5616 :
1310 5553 1434 5616 dicit
1475 5562 1724 5632 propheta
1745 5604 1759 5629 ,
1796 5563 1858 5616 Et
1888 5549 2078 5619 miseris

501 5656 758 5725 Spirim
795 5664 1028 5709 Mn
1060 5655 1132 5706 de
1169 5652 1428 5708 altissimis
1477 5652 1628 5727 (Sep.
1659 5667 1712 5705 ix
1735 5697 1747 5715 ,
1781 5653 1890 5725 Π).
1920 5655 2078 5713 Solus

565 5749 820 5810 {inter}.
841 5743 1038 5810 tpv.sic
1061 5756 1072 5792 :
1094 5750 1213 5810 Nunt
1241 5751 1329 5810 est
1343 5743 1606 5809 quidquam
1637 5743 1685 5794 in
1715 5741 1915 5798 circuitu
1933 5745 2074 5810 solis,

509 5805 962 5914 niqinqp‘te'gdor'ipse
979 5817 1113 5877 quem
1307 5805 1338 5881 ζ
1362 5805 1365 5806 ⁷
1392 5805 1493 5882 a1.__'.

600 5911 602 5913 .
750 5873 998 5914 enetnct.
1020 5867 1110 5914 ltb.
1168 5902 1182 5914 .
1205 5879 1291 5914 om
1319 5885 1360 5914 Α.
1386 5883 1430 5914 n.
1459 5887 1490 5914 .)

567 5866 779 5930 (τιῑνὶἀυ
797 5866 1000 5916 actiacti
1020 5867 1110 5915 tib.
1133 5866 1291 5930 Neap
1311 5869 1360 5929 7,
1386 5883 1430 5916 η.
1459 5869 1506 5915 5.

1233 410 1319 482 DE
1358 405 1654 465 MORIBL‘S
1692 399 2048 458 ECCLESM‘Z
2087 395 2510 459 CATIIULIC:E,
2552 395 2610 449 S.
2656 389 3020 450 AUGUSTINI

3589 389 3708 448 1321

2173 513 2313 565 enim
2349 510 2486 562 Deus
2515 509 2837 570 altissimus,
2869 519 2974 575 quo
3003 502 3137 558 nihil
3174 509 3254 557 est
3292 499 3464 558 altius.
3503 499 3714 559 Ostendit

2174 599 2368 657 Paulus
2393 600 2703 655 Trinitatem
2735 599 2886 652 istam
2913 610 3078 651 unum
3101 587 3267 652 Deum
3293 607 3428 656 esse,
3454 593 3570 650 cum
3589 592 3713 661 dicit,

2174 692 2286 766 Ipsi
2329 694 2492 763 gloria
2535 692 2710 764 (Rom.
2739 706 2792 746 ιι
2813 731 2827 756 ,
2860 681 2952 757 '56)
2988 707 3001 744 :
3030 681 3225 742 dicitur
3263 686 3313 742 in
3356 681 3534 744 Veteri
3557 679 3715 742 Testa-

2175 796 2383 851 mento,
2414 785 2578 850 Audi,
2610 781 2802 848 Israel,
2836 779 3085 836 Dominus
3115 773 3254 844 Deus
3281 789 3394 834 tuus
3414 821 3435 846 ,
3460 773 3584 834 Deus
3606 797 3716 835 unus

2173 889 2242 934 est
2274 878 2449 947 (Deut.
2477 893 2548 940 vr,
2581 873 2657 949 4).
3245 863 3249 870 ’

2172 959 2398 1028 CAPUT
2443 964 2605 1023 XVII.
2632 997 2706 1009 —
2737 965 3052 1038 Apostrophe
3089 957 3167 1020 ad;
3195 955 3532 1026 Hanichwos’,
3573 969 3617 1014 ut
3647 978 3711 1015 re-

2258 1135 2260 1138 .
2699 1121 2701 1123 1
2826 1059 3086 1128 sipiscant.

2245 1155 2332 1210 50.
2364 1154 2498 1222 Quid
2523 1153 2684 1210 vultis
2707 1149 2969 1228 amplius?
2993 1149 3119 1222 quid
3145 1143 3390 1218 imperite
3414 1156 3559 1218 atque
3582 1141 3709 1216 impie

2173 1245 2406 1300 saevitis?
2433 1243 2558 1315 quid
2589 1243 2826 1298 indoctas
2850 1241 3051 1298 animas
3078 1239 3236 1294 noxia
3264 1238 3508 1292 suasione
3531 1245 3708 1308 perver-

2175 1336 2323 1390 titis?
2357 1335 2639 1404 Utriusque
2670 1332 2996 1388 Testamenti
3031 1319 3170 1386 Deus
3212 1339 3349 1382 unus
3388 1336 3484 1380 est.
3527 1323 3636 1380 Nam
3668 1337 3710 1382 ut

2173 1426 2269 1480 ista
2303 1427 2400 1482 sibi
2430 1433 2760 1496 congruunt,
2809 1438 2925 1498 quae
2967 1421 3035 1478 de
3070 1430 3295 1490 utroque
3341 1411 3622 1488 posuimus;
3655 1417 3707 1472 ita

2173 1519 2331 1585 etiam
2360 1527 2552 1572 caetera
2575 1559 2589 1582 ,
2616 1518 2661 1571 si
2689 1515 2967 1584 diligenter
2993 1522 3046 1570 ct
3071 1526 3225 1582 atquo
3249 1503 3449 1580 judicio
3473 1507 3624 1562 velitis
3643 1518 3705 1561 at-

2175 1610 2412 1664 tendere.
2443 1607 2547 1664 Sed
2569 1609 2691 1678 quia
2717 1605 2878 1664 multa
2903 1604 3147 1661 dicuntur
3171 1597 3502 1660 submissius,
3532 1609 3577 1653 et
3593 1595 3707 1654 humi

2173 1698 2480 1767 repentibus
2508 1698 2699 1751 animis
2725 1687 3206 1757 accommodatius,
3236 1698 3295 1744 ut
3324 1705 3419 1760 per
3449 1689 3642 1743 humana
3666 1689 3705 1741 in

2173 1789 2346 1844 divina
2376 1796 2704 1860 consurgant
2725 1789 2778 1851 ¹;
2810 1786 2971 1841 multa
3001 1783 3160 1839 etiam
3190 1781 3414 1852 ﬁgurate
3441 1789 3494 1832 ut
3517 1779 3704 1832 studiosa

2173 1884 2344 1945 mens,
2376 1891 2425 1937 et
2453 1881 2691 1952 quavsitis
2717 1889 3032 1934 exerceatur
3055 1874 3266 1940 utilius,
3295 1882 3348 1927 et
3375 1871 3571 1927 uberius
3589 1872 3704 1926 lete-

2173 1980 2258 2025 tur
2285 1973 2546 2037 inventis;
2576 1986 2670 2026 vos
2696 1969 2914 2023 miriﬁca
2938 1961 3288 2036 dispositione
3315 1962 3534 2034 Spiritus
3555 1962 3701 2024 sancti.

2172 2063 2238 2116 ad
2265 2061 2607 2132 decipiendos
2635 2071 2842 2116 vestros
2866 2059 3137 2112 auditares
3186 2064 3240 2110 et
3281 2051 3614 2126 illaqueandos
3635 2053 3704 2107 ab-

2173 2153 2402 2208 utimini.
2430 2152 2581 2220 Quod
2612 2153 2779 2220 ipsum
2795 2165 2891 2205 cur
2907 2146 3080 2202 divina
3101 2143 3426 2216 providentia
3456 2159 3542 2197 vos
3569 2143 3703 2196 facere

2173 2245 2338 2311 sinat,
2379 2259 2642 2315 qttamque
2682 2243 2953 2296 verissime
2979 2236 3264 2309 Apostolus
3293 2236 3507 2302 dixerit,
3537 2234 3705 2304 Oportet

2173 2335 2356 2388 multas
2397 2339 2609 2388 Itwreses
2646 2350 2752 2388 esse
2774 2335 2816 2398 ³,
2847 2342 2900 2386 ιιι
2938 2329 3134 2403 probati
3175 2327 3427 2401 manifesti
3461 2328 3572 2396 ﬁant
3608 2327 3707 2379 inter

2173 2440 2258 2479 vos
2289 2425 2344 2492 (Ι
2368 2425 2484 2480 Cor.
2510 2439 2589 2491 XI,
2615 2421 2734 2494 l9);
2761 2433 2814 2478 et
2843 2421 3058 2493 longum
3087 2429 3171 2475 est
3195 2417 3474 2490 disputare,
3504 2429 3568 2485 et,
3592 2417 3705 2489 quod

2174 2515 2454 2570 dicendum
2483 2523 2565 2569 est
2592 2514 2743 2568 vobis
2762 2554 2774 2576 ,
2809 2528 2915 2566 non
2945 2519 3028 2565 est
3052 2519 3290 2565 vestrum
3319 2510 3405 2564 ista
3432 2507 3702 2576 intelligere.

2174 2602 2288 2662 Non
2319 2623 2504 2677 parum
2533 2606 2663 2660 mihi
2683 2603 2875 2675 cogniti
2898 2603 3045 2660 estis.
3075 2600 3300 2657 Crassas
3317 2599 3506 2658 omnino
3523 2611 3698 2654 mentes

2175 2709 2228 2754 et
2255 2713 2633 2770 corporeorum
2663 2695 3065 2766 simulacrorum
3099 2692 3352 2764 pestifero
3379 2701 3512 2762 pastu
3535 2690 3699 2744 morbi-

2176 2785 2272 2843 das
2300 2787 2368 2843 ad
2395 2785 2570 2842 divina
2596 2775 2879 2862 judlcanda
2909 2773 3129 2839 defertis
3149 2823 3164 2850 ,
3213 2799 3331 2854 quae
3368 2782 3520 2836 multo
3551 2781 3702 2836 altiora

2176 2891 2297 2935 sunt
2324 2869 2479 2950 quam
2511 2877 2726 2949 putatis.
3067 2879 3070 2881 ’
3131 2946 3133 2948 η
3154 2863 3158 2868 ’

2247 2967 2333 3026 5t.
2368 2971 2542 3038 Quare
2567 2955 2838 3024 vobiscum
2865 2965 3024 3022 modo
3049 2965 3124 3022 sic
3149 2967 3413 3039 agendum
3441 2976 3532 3030 est,
3560 2981 3644 3019 non
3664 2975 3702 3019 ut

2175 3077 2236 3116 ea
2263 3055 2371 3131 jam
2404 3055 2754 3130 intelligatis,‘
2775 3057 2915 3130 quod
2945 3055 3058 3113 ﬁeri
3087 3075 3192 3113 non
3224 3063 3430 3128 potest;
3462 3055 3546 3111 sed
3577 3063 3623 3110 ut
3642 3055 3701 3109 in-

2178 3149 2412 3221 telligere
2442 3145 2722 3221 aliquando
2751 3150 2995 3218 cupiatis.
3040 3145 3192 3204 Facit
3234 3150 3378 3204 enim
3409 3149 3506 3202 hoc
3529 3148 3698 3216 simples

2176 3252 2230 3296 et
2261 3257 2387 3310 pura
2417 3241 2651 3296 charitas
2680 3240 2794 3305 Dei,
2825 3257 2943 3311 quae
2969 3241 3197 3296 maxime
3225 3251 3492 3310 spectatur
3515 3239 3559 3295 in
3579 3239 3696 3294 mori-

2176 3330 2274 3386 bus
2294 3374 2307 3396 ,
2339 3331 2405 3386 de
2432 3349 2534 3402 qua
2564 3329 2724 3385 multa
2753 3332 2861 3401 jam
2892 3331 3121 3386 diximus
3156 3348 3168 3383 :
3203 3347 3322 3401 qua:
3355 3331 3582 3401 inspirata
3605 3329 3698 3400 Spi-

2175 3416 2278 3476 ritu
2307 3431 2489 3477 sancto
2513 3421 2757 3493 perducit
2783 3423 2846 3477 ad
2874 3419 3092 3484 Filium,
3122 3421 3172 3476 id
3195 3430 3314 3489 est,
3341 3423 3406 3476 ad
3432 3421 3698 3493 Sapientiam

2177 3513 2303 3578 Dei,
2355 3530 2446 3584 per
2489 3529 2646 3585 quam
2677 3515 2833 3569 Pater
2868 3516 2978 3584 ipse
3016 3514 3371 3585 cognoscitur.
3413 3512 3534 3566 Nam
3566 3513 3602 3566 si
3632 3523 3698 3565 sa-

2175 3605 2370 3678 pientia
2403 3617 2456 3662 et
2481 3607 2674 3662 veritas
2705 3617 2806 3661 nOn
2839 3607 2960 3661 totis
2987 3606 3149 3660 animi
3175 3605 3381 3659 viribus
3412 3604 3696 3672 concupisca-

2179 3709 2282 3767 tur,
2318 3700 2540 3755 inveniri
2571 3699 2718 3754 nullo
2749 3707 2902 3769 pacto
2930 3703 3122 3768 potest.
3167 3698 3240 3752 At
3285 3697 3332 3753 si
3371 3696 3436 3753 ita
3464 3704 3691 3766 enarratur.

2177 3802 2236 3846 ttt
2263 3791 2476 3862 dignum
2520 3799 2632 3858 est,
2665 3787 2974 3845 subtrahere
3011 3804 3131 3844 sese
3173 3796 3335 3857 atque
3371 3784 3693 3843 absconderea

2177 3886 2286 3939 suis
2313 3884 2655 3938 dilectoribus
2685 3898 2789 3937 non
2820 3889 3011 3954 potest.
3041 3880 3175 3936 Hinc
3220 3890 3304 3934 est
3347 3879 3464 3933 illud
3483 3920 3496 3942 ,
3521 3875 3634 3950 quod
3658 3874 3696 3926 in

2178 3991 2269 4031 ore
2295 3973 2493 4030 habere
2518 3975 2675 4028 etiam
2701 3990 2796 4028 vos
2822 3973 3024 4038 soletis,
3056 3971 3196 4043 quod
3225 3971 3299 4025 ait
3330 3988 3342 4024 :
3369 3967 3541 4033 Petite,
3566 3975 3606 4020 et
3623 3977 3692 4017 ac-

2177 4066 2404 4135 cipietis;
2443 4067 2683 4134 quaerite,
2727 4074 2773 4117 et
2812 4064 3102 4126 invenietis;
3147 4063 3378 4131 pulsate,
3417 4067 3457 4113 el
3488 4057 3688 4128 aperietur

2177 4157 2310 4211 vobis
2341 4154 2546 4227 (Hatth.
2577 4173 2647 4210 vn
2664 4198 2677 4220 ,
2817 4145 2907 4208 Nil
2932 4164 3004 4208 est
3030 4154 3301 4220 occultum,
3333 4153 3457 4226 quod
3481 4166 3560 4203 non
3585 4163 3692 4201 rere-

2179 4247 2361 4300 labitur
2406 4245 2515 4316 (Ιιι.
2545 4262 2608 4311 x,
2635 4245 2748 4316 26).
2792 4245 2986 4300 Amore
3015 4244 3208 4313 pe'ti'tur
3227 4285 3240 4309 ,
3273 4257 3449 4297 amore
3473 4239 3691 4311 quaeritur,

2179 4339 2356 4392 amore
2389 4339 2659 4406 pulsatur,
2693 4351 2873 4392 amore
2904 4336 3201 4406 reveletur,
3233 4345 3414 4389 amore
3445 4333 3634 4401 denique
3656 4331 3695 4382 in

2177 4443 2242 4483 eo
2269 4429 2407 4498 quod
2437 4429 2722 4483 revelatum
2754 4427 2908 4483 fuerit
2935 4435 3295 4500 pertt‘tanetur.
3330 4427 3407 4482 Ab
3443 4426 3532 4479 hoc
3555 4435 3697 4477 amore

2179 4519 2447 4590 sapientia)
2494 4517 2864 4591 diligetttiaqtte
2912 4519 3218 4588 qttacreudi,
3270 4531 3373 4574 nun
3422 4520 3697 4573 deterrentur

2179 4609 2355 4666 Veteri
2384 4609 2724 4666 Testamento
2744 4653 2756 4676 ,
2787 4610 2926 4680 Quod
2958 4620 3166 4679 semper
3194 4608 3578 4664 mendaciss'un‘e
3601 4603 3697 4657 dici-

2181 4705 2275 4769 tis,
2307 4705 2399 4760 sed
2429 4703 2495 4759 ad
2524 4703 2640 4759 inec
2669 4703 3129 4758 veltetitentissiute
3158 4703 3499 4757 concitamur.

2193 4871 2196 4878 Ι
2243 4793 2335 4849 32.
2378 4795 2566 4849 Audite
2589 4796 2769 4865 itaque
2796 4793 3077 4863 aliquando
3096 4835 3110 4858 ,
3143 4803 3196 4848 et
3223 4793 3477 4863 advertite
3495 4834 3508 4857 ,
3535 4802 3694 4860 quaso.

2178 4887 2292 4942 sine
2331 4886 2620 4956 pertinacia
2663 4885 2785 4955 quid
2832 4899 2925 4956 per
2965 4884 3275 4958 prophetam
3326 4878 3695 4940 dicatur-:Ctm

2179 4990 2278 5046 est,
2326 4979 2525 5049 inquit,
2567 4985 2614 5032 et
2650 4981 2761 5048 quae
2800 4983 3053 5047 nunquam
3088 4963 3359 5031 marcescat
3386 4975 3632 5048 sapientia,
3660 4977 3694 5021 cf

2178 5067 2325 5142 facile
2355 5071 2546 5124 videtur
2575 5070 2636 5123 ab
2662 5071 2722 5124 iis
2759 5069 2844 5141 qui
2886 5068 3100 5138 diligunt
3137 5067 3314 5135 illam,
3346 5079 3392 5123 et
3417 5067 3630 5122 invertit!
3650 5061 3694 5114 ab

2179 5163 2240 5217 iis
2265 5164 2349 5233 qui
2377 5165 2605 5232 'quazrun‘t
2629 5159 2768 5216 illam
2798 5177 2816 5214 :
2836 5168 3152 5232 prteoccupat
3179 5160 3270 5232 qui
3293 5177 3347 5214 se
3372 5159 3688 5229 concupiscat.

2179 5268 2232 5310 ut
2259 5257 2357 5311 illis
2391 5261 2444 5309 se
2468 5257 2712 5309 Ostendat.
2737 5253 2845 5319 Qui
2870 5247 3240 5324 uigilatteri’t'n'd
3263 5254 3404 5307 illam
3422 5295 3436 5319 ,
3476 5261 3563 5304 non
3583 5243 3689 5302 ωυ-

2181 5347 2307 5402 rabit
2331 5357 2354 5400 ':
2380 5345 2680 5401 assidentem
2707 5347 2841 5400 enim
2872 5345 3012 5399 mam
3035 5345 3254 5399 inveniet
3282 5344 3464 5415 foribus
3479 5341 3588 5397 uit.
3617 5333 3689 5389 Εσ-

2243 5503 2260 5534 ι
2283 5489 3689 5575 amararum-we-

2705 5561 3170 5632 utaccommpdatius
3184 5561 3492 5632 per-lum
3505 5555 3552 5614 in
3569 5555 3689 5608 dim

2185 5746 2348 5823 vocem
2368 5744 2549 5823 habent
2565 5744 2644 5800 alii
2664 5744 3001 5823 pleriquetttm
3039 5744 3204 5823 scripti

2182 5813 2542 5874 (uiset-{arm
2778 5810 2902 5874 apud
2913 5817 3024 5864 Ilii-
3046 5810 3368 5874 iam»!

2182 5869 2333 5923 relata
2348 5869 2474 5923 “bro
2495 5865 2644 5935 [trimo
2657 5865 2723 5922 Vde
2743 5865 2912 5923 Genesi
2929 5879 3090 5922 wntra
