3822 6410
480 422 618 492 1537

476 545 546 618 (II
571 543 693 603 Cor.
724 558 781 600 tv
804 583 818 609 ,
852 534 965 614 £6).
1008 540 1146 599 Audi
1175 551 1230 598 et
1259 544 1572 616 prophetam
1614 553 1890 600 canentem
1909 586 1925 610 ,
1960 543 2059 599 Cor

477 638 725 693 mundum
752 651 865 690 crea
892 635 945 688 in
969 650 1076 697 me,
1109 633 1277 697 Deus,
1307 644 1354 688 et
1378 635 1610 704 spiritum
1648 645 1836 689 rectum
1875 636 2060 689 innova

474 732 529 785 in
548 727 817 785 visceribus
861 728 983 783 meis
1026 726 1195 798 (Psal.
1237 744 1296 793 ι..
1337 728 1450 800 12).
1500 729 1634 797 Quid
1674 738 1858 784 contra
1901 728 2059 784 istam

474 819 903 876 convenientiam
952 818 1096 887 dici,
1152 819 1255 876 nisi
1298 835 1330 876 a
1367 820 1524 877 caecis
1576 821 1911 877 latratoribus
1957 836 2054 891 po-

474 918 578 966 test
593 909 615 965 ?
1078 924 1083 927 ‘

473 999 703 1060 CAPUT
739 1000 857 1057 XX.
882 1032 956 1044 —-
984 998 1256 1057 Sensibilia
1277 1004 1444 1058 omnia
1469 1013 1802 1073 contemnere,
1826 1014 1874 1059 et
1891 1002 2055 1059 solum

944 1094 1106 1150 Deum
1138 1112 1311 1149 amare
1324 1095 1580 1166 jubemur.

544 1186 631 1241 37.
658 1186 925 1242 illecebrae
944 1194 1121 1241 autem
1141 1185 1380 1256 corporis
1405 1187 1521 1242 sine
1546 1194 1669 1241 sunt
1696 1186 1748 1240 in
1775 1187 1857 1240 his
1884 1187 2055 1241 omni-

470 1278 570 1335 bus
607 1293 725 1351 quae
761 1291 1052 1348 corporeus
1075 1293 1263 1334 sensus
1295 1278 1523 1347 attingit,
1555 1294 1673 1348 qua:
1709 1294 1738 1333 a
1788 1277 2054 1335 nonnullis

471 1374 630 1430 etiam
664 1372 933 1428 sensibilia
972 1373 1311 1427 nominantur
1339 1390 1351 1427 :
1384 1371 1437 1425 in
1472 1371 1662 1443 quibus
1690 1373 1921 1427 maxime
1962 1372 2052 1426 lux

467 1463 569 1521 ista
593 1464 826 1534 vulgaris
849 1463 1078 1526 excellit,
1100 1462 1223 1533 quia
1250 1470 1303 1517 et
1338 1462 1390 1517 in
1420 1462 1550 1532 ipsis
1573 1463 1818 1518 sensibus
1833 1463 2050 1531 nostris,

468 1557 662 1630 quibus
686 1556 860 1611 anima
884 1570 980 1626 per
998 1569 1194 1624 corpus
1216 1554 1399 1619 utitur,
1424 1553 1553 1608 nihil
1574 1563 1657 1610 est
1676 1555 1843 1610 oculis
1864 1554 2053 1625 prml'e-

465 1648 730 1711 rendum;
760 1657 815 1702 et
844 1646 963 1701 ideo
986 1646 1039 1701 in
1070 1645 1354 1715 Scripturis
1382 1647 1606 1711 sanctis,
1639 1647 1923 1702 visibilium
1950 1661 2051 1702 no-

465 1739 614 1793 mine
640 1736 909 1793 sensibilis
935 1745 1121 1791 cuncta
1152 1736 1513 1805 significantur
1533 1737 1572 1789 ί.
1604 1736 1790 1806 Itaque
1819 1737 1874 1791 in
1904 1735 2051 1792 Novo

467 1827 813 1882 Testamento
845 1827 922 1882 sic
946 1827 1013 1881 ab
1039 1827 1256 1882 istorum
1285 1843 1469 1883 amore
1507 1827 1896 1898 prohibemur:
1929 1825 2052 1883 Non

465 1920 805 1989 respicientes,
826 1920 1014 1989 inquit,
1035 1935 1148 1990 qua!
1166 1919 1415 1986 videntur,
1442 1919 1530 1975 sed
1548 1936 1661 1991 qum
1680 1935 1780 1974 non
1801 1919 2047 1974 videntur.

471 2010 600 2077 Qui!
624 2012 757 2065 enim
796 2011 1026 2064 videntur
1053 2052 1066 2074 ,
1107 2012 1408 2083 temporalia
1431 2022 1547 2065 sunt
1577 2027 1594 2065 :
1618 2027 1731 2082 quae
1757 2020 1924 2065 autent
1949 2027 2051 2066 non

467 2105 726 2170 videntur,
755 2113 942 2159 interna
972 2101 1039 2176 (ll
1066 2103 1180 2157 Cor.
1213 2119 1264 2157 tv
1286 2147 1301 2169 ,
1332 2102 1441 2177 18).
1470 2104 1550 2159 Ex
1580 2120 1684 2174 quo
1711 2104 1931 2176 intelligi
1958 2119 2053 2174 po-

467 2207 593 2261 test,
623 2213 778 2269 quam
806 2197 1080 2252 christiani
1110 2212 1216 2252 non
1248 2198 1352 2252 sint
1372 2198 1459 2268 qui
1481 2199 1647 2253 solem
1674 2199 1925 2253 etlunam
1943 2212 2050 2253 non

462 2291 626 2347 modo
665 2289 979 2360 diligendus,
1024 2290 1118 2345 sed
1158 2292 1316 2346 etiam
1360 2290 1610 2345 colendos
1657 2298 1861 2361 putant.
1913 2289 2050 2357 Quid

463 2387 607 2440 enim
646 2383 911 2450 videmus,
940 2384 984 2438 si
1013 2384 1179 2439 solem
1208 2394 1262 2438 et
1290 2383 1468 2437 lunam
1497 2397 1601 2438 non
1641 2382 1916 2437 videmus?
1945 2382 2051 2437 Ve-

463 2476 545 2533 titi
583 2486 758 2532 autem
798 2491 982 2531 sumus
1016 2476 1252 2531 converti
1295 2474 1360 2528 ad
1387 2490 1449 2529 ea
1478 2490 1598 2546 qua:
1641 2474 1903 2529 videntur.
1931 2474 2047 2530 Non

465 2577 586 2624 sunt
629 2567 788 2639 igitur
826 2567 983 2622 etiam
1017 2565 1116 2621 ista
1145 2565 1407 2636 diligenda
1442 2565 1492 2619 ei
1518 2565 1605 2635 qui
1631 2580 1869 2619 amorem
1901 2565 2048 2619 illum

463 2660 828 2729 incorruptum
852 2660 961 2713 Deo
987 2658 1183 2728 cogitat
1208 2656 1479 2712 exhibere.
1504 2657 1606 2711 Sed
1628 2656 1730 2711 erit
1757 2657 1884 2711 mihi
1914 2657 2049 2712 alius

462 2750 613 2808 locus
645 2767 751 2822 quo
793 2750 860 2805 de
900 2750 1016 2805 istis
1055 2749 1357 2820 diligentius
1392 2751 1709 2819 requirctur.
1747 2747 1862 2802 Non
1905 2748 2045 2802 enim

459 2858 605 2898 nunc
630 2842 697 2897 de
727 2841 851 2906 ﬁde,
892 2842 985 2896 sed
1032 2840 1100 2895 de
1141 2839 1244 2894 vita
1274 2839 1453 2895 dicere
1495 2838 1724 2911 institui,
1759 2855 1852 2909 per
1887 2853 2045 2909 quam

462 2949 733 2990 meremur
759 2935 898 2988 scire
924 2931 1065 3003 quod
1098 2932 1383 2986 credimus.
1409 2930 1681 2985 Amandus
1718 2932 1875 3001 igitur
1902 2933 2047 2987 solus

461 3024 607 3082 Deus
626 3034 711 3081 est
739 3045 751 3079 :
784 3025 958 3079 omnis
992 3040 1116 3079 vero
1159 3025 1258 3080 iste
1303 3023 1572 3090 mundus,
1618 3023 1667 3077 id
1711 3033 1823 3088 est,
1868 3023 2046 3077 omnia

462 3118 738 3176 sensibilia
780 3116 1202 3181 contemnenda;
1241 3115 1494 3171 utendum
1521 3123 1698 3170 autem
1736 3113 1818 3169 his
1846 3114 1913 3170 ad
1943 3113 2045 3171 bu-

454 3207 545 3282 jus
575 3209 694 3263 vitae
733 3207 1126 3264 necessitatem.
1486 3190 1493 3199 ’

461 3299 689 3357 CAPUT
726 3297 869 3353 XXI.
896 3330 967 3340 —
996 3298 1171 3353 Gloria
1205 3299 1465 3369 popularis
1503 3308 1547 3352 et
1590 3298 1852 3353 curiositas
1891 3297 2047 3354 sacris

1008 3389 1209 3443 Litteris
1236 3389 1493 3443 damnata.

535 3481 627 3537 38.
655 3479 833 3537 Gloria
873 3494 1000 3535 vero
1027 3478 1296 3550 popularis
1332 3478 1407 3533 sic
1449 3479 1498 3533 in
1530 3477 1676 3533 Novo
1707 3477 2047 3535 Testamento

463 3573 714 3645 abjicitur
753 3579 913 3641 atque
954 3571 1355 3626 contemnitur:
1387 3570 1449 3625 Si
1486 3571 1799 3637 hominibus,
1843 3573 2041 3642 inquit,

462 3666 666 3740 placere
689 3664 884 3730 vellem,
909 3662 1096 3718 Christi
1120 3678 1289 3717 servus
1311 3680 1410 3717 non
1440 3680 1595 3718 essent
1626 3664 1818 3732 (Galat.
1852 3682 1899 3729 ι,
1933 3663 2044 3737 10).

461 3754 560 3813 Est
585 3757 710 3811 item
733 3753 873 3809 aliud
900 3753 1040 3824 quod
1065 3752 1133 3809 de
1159 3755 1469 3825 corporibus
1487 3771 1582 3827 per
1604 3755 2006 3826 imaginationes
2024 3759 2046 3789 ²

463 3846 718 3919 quasdam
744 3846 973 3915 concipit
1001 3845 1209 3911 anima,
1251 3855 1305 3901 et
1341 3861 1456 3901 eam
1495 3855 1651 3901 vocat
1678 3863 1851 3903 rerum
1878 3849 2049 3903 scien-

462 3938 613 3997 tiam.
658 3938 1015 4008 Quamobrem
1047 3950 1190 3995 recte
1221 3940 1378 3994 etiam
1404 3940 1599 3995 curiosi
1630 3957 1749 3997 esse
1793 3942 2045 4013 prohibe-

461 4049 623 4100 mur,
669 4032 811 4105 quod
861 4049 1105 4106 magnum
1146 4036 1506 4104 temperantia:
1539 4052 1729 4090 munus
1770 4048 1869 4092 est.
1913 4037 2048 4094 Hinc

461 4124 591 4180 illud
621 4134 705 4180 est
737 4143 752 4179 :
780 4122 957 4179 Cavete
984 4122 1045 4179 ne
1067 4125 1177 4195 quis
1205 4141 1291 4180 vos
1317 4126 1522 4181 seducat
1542 4145 1630 4200 per
1654 4128 2043 4201 philosophiam.

461 4214 532 4272 Et
571 4215 693 4286 quia
730 4213 903 4285 ipsum
947 4231 1141 4270 nomen
1180 4216 1525 4288 philosophice
1570 4219 1613 4273 si
1644 4221 2042 4290 consideretur,

461 4324 576 4369 rem
605 4327 848 4383 magnam
881 4319 1095 4382 totoque
1114 4311 1135 4342 ³
1163 4312 1341 4366 animo
1368 4314 1714 4380 appetendam
1748 4316 2043 4385 signiﬁcat,

461 4402 722 4474 siquidem
753 4401 1083 4473 phi1050phia
1109 4411 1191 4458 est
1214 4419 1363 4458 amor
1389 4404 1723 4474 studiumque
1750 4407 2043 4476 sapientiae,

458 4496 764 4552 cautissime
785 4495 1089 4564 Apostolus,
1108 4510 1175 4550 ne
1193 4494 1261 4549 ab
1284 4510 1466 4550 amore
1485 4496 1755 4565 sapientizc
1776 4497 2047 4555 deterrere

460 4585 735 4643 videretur
758 4629 773 4653 ,
809 4586 1034 4657 subjecit
1058 4629 1072 4654 ,
1102 4596 1146 4642 et
1176 4588 1417 4642 elementa
1448 4588 1599 4658 hujus
1624 4590 1798 4643 mundi
1825 4589 2041 4659 (Coloss.

460 4690 499 4732 ιι
520 4717 535 4740 ,
563 4676 640 4745 8).
667 4675 804 4732 Sunt
827 4677 967 4731 enim
990 4677 1077 4747 qui
1103 4676 1326 4734 desertis
1350 4666 1650 4747 virtutibus,
1675 4688 1728 4734 et
1747 4683 2045 4739 nescientes

461 4766 593 4838 quid
614 4767 682 4821 sit
702 4767 860 4829 Deus,
884 4776 937 4823 et
955 4777 1149 4839 quanta
1174 4770 1423 4840 majestas
1444 4785 1655 4840 semper
1677 4772 1863 4827 eodem
1886 4774 2044 4830 modo

458 4859 729 4917 manentis
755 4868 986 4928 naturae,
1033 4877 1277 4932 magnum
1319 4861 1514 4933 aliquid
1548 4877 1606 4917 se
1640 4879 1796 4932 agere
1823 4875 2040 4935 putant,

459 4953 508 5010 si
549 4954 848 5009 universam
886 4954 1037 5009 istam
1068 4955 1309 5026 corporis
1338 4956 1532 5010 molem
1560 4998 1573 5021 ,
1602 4973 1757 5025 quam
1789 4960 2041 5015 mundum

459 5060 866 5117 nuncupanius,
922 5045 1284 5101 curiosissime
1335 5044 1788 5117 intentissimeque
1837 5050 2044 5120 perqui-

461 5144 604 5194 rant.
642 5136 789 5194 Unde
822 5147 965 5192 tanta
1004 5137 1163 5192 etiam
1194 5135 1441 5206 superbia
1468 5138 1719 5208 gignitur,
1753 5152 1809 5195 ut
1846 5159 1896 5203 In
1928 5143 2043 5214 ipso

462 5228 636 5293 celo,
664 5228 732 5284 de
756 5244 864 5301 quo
887 5244 1030 5297 saepe
1085 5226 1355 5298 diSputant
1379 5270 1393 5295 ,
1427 5230 1631 5299 suhimet
1683 5230 1918 5289 lubitare
1966 5236 2042 5289 vi-

464 5321 711 5378 deantur.
730 5321 1004 5392 Reprimat
1032 5317 1189 5389 igitur
1209 5335 1266 5375 se
1291 5321 1464 5375 anima
1484 5322 1550 5376 ah
1577 5312 1872 5393 hnjnsmodi
1894 5342 2043 5382 vante

462 5411 781 5484 cognitiOnis
822 5410 1185 5481 cupiditate‘,
1230 5411 1275 5466 si
1328 5427 1385 5466 se
1427 5423 1626 5467 castam
1677 5415 1783 5468 Deo
1832 5431 2042 5473 servare

462 5505 741 5579 disposuit.
786 5504 900 5559 Tali
934 5505 1077 5559 enim
1120 5518 1305 5561 amore
1337 5506 1647 5576 plerumque
1671 5506 1956 5577 decipitur,
1985 5517 2043 5565 ut

563 5646 739 5712 iisiiss.
759 5646 885 5712 octo,
909 5639 1230 5712 deprimitur;
1249 5639 1298 5688 iu
1317 5638 1424 5712 aliis
1447 5639 1624 5712 tribus,
1644 5637 1947 5712 donarentur.

534 5702 703 5773 391m,
728 5699 1081 5773 ρεμημεῃὺιςε.
1110 5700 1332 5773 tjlerique
1354 5708 1481 5773 Mss,
1502 5713 1585 5772 per
1600 5699 1979 5773 originationem

527 5763 552 5797 ³
565 5769 672 5814 Mss.
689 5760 923 5813 melioris
932 5760 1099 5824 'uotae,
1116 5760 1370 5824 leuarique.
1398 5760 1542 5811 Porro
1560 5761 1607 5810 in
1638 5760 1743 5810 aliis
1765 5762 1969 5815 habetur
1989 5773 2045 5817 ut

463 5824 516 5875 in
532 5824 671 5887 cdd”
686 5831 870 5887 totoque

529 5883 551 5914 δ
574 5881 762 5946 Aliquot
775 5881 904 5946 iss,
923 5883 984 5935 ab
1002 5883 1273 5947 huiusmodi
1290 5896 1423 5951 vagat
1457 5884 1746 5950 cogitationis
1764 5885 2035 5951 cupiditate

1224 428 1315 487 DE
1350 426 1649 489 MORIBUS
1684 428 2037 489 ECCLESMI

2156 426 2502 503 ,τηουαῶ
2542 433 2603 490 S.
2641 431 3006 494 AUGUSTINI

2166 553 2257 599 aut
2291 546 2420 600 nihil
2447 556 2595 615 putet
2616 563 2766 614 esse,
2803 549 2904 604 nisi
2941 563 3166 621 corpus;
3194 532 3511 612 autetiamsi
3540 571 3699 619 aucto-

2166 638 2319 691 ritate
2344 648 2610 693 commota
2630 680 2645 706 ,
2677 637 2903 695 fateatur
2944 641 3138 712 aliquid
3170 658 3289 701 esse
3328 648 3698 721 incorporeum,

2164 723 2231 781 de
2277 726 2367 781 illo
2407 736 2582 783 tamen
2623 728 2721 784 nisi
2768 746 2863 800 per
2903 732 3153 803 imagines
3187 750 3466 807 corporeas
3498 742 3702 813 cogitare

2164 832 2271 871 non
2305 818 2505 887 possit,
2538 826 2592 875 et
2622 820 2726 876 tale
2752 814 2949 892 aliquid
2976 837 3095 879 esse
3120 823 3370 896 credere,
3394 831 3541 900 quale
3564 832 3700 891 fallax

2162 911 2403 980 corporis
2427 926 2615 967 sensus
2640 911 2843 985 inﬂigit.
2865 914 2948 969 Ad
2971 915 3074 972 hoc
3094 917 3249 974 etiam
3274 920 3414 977 valet
3430 923 3562 994 quod
3582 940 3697 997 prae-

2161 1001 2356 1077 cipitur
2381 1003 2676 1085 cavendum
2707 1020 2826 1061 esse
2851 1021 2882 1061 a
2910 1008 3226 1065 simulacris.

2232 1090 2319 1147 '59.
2350 1092 2484 1149 Huic
2507 1110 2634 1166 ergo
2660 1098 2954 1183 auctoritati
2981 1098 3113 1154 Novi
3141 1098 3480 1173 Testamenti,
3512 1122 3602 1177 qua
3620 1108 3693 1179 ju-

2158 1182 2347 1239 bemur
2368 1185 2497 1241 nihil
2518 1188 2701 1244 mundi
2727 1189 2883 1260 hujus
2904 1182 3125 1262 diligere
3151 1194 3195 1263 (l
3218 1191 3377 1251 Joun.
3407 1212 3470 1263 tt,
3499 1198 3597 1270 i5),
3621 1202 3690 1260 illa

2150 1277 2391 1347 maxime
2424 1281 2686 1335 sententia
2717 1297 2818 1350 qua
2848 1282 3045 1338 dictum
3078 1293 3189 1352 est,
3230 1284 3403 1342 Nolite
3428 1289 3691 1358 conformari

2161 1366 2276 1420 huic
2304 1370 2491 1423 mundo
2520 1368 2694 1440 (Rom.
2731 1387 2807 1427 an
2828 1414 2843 1439 ,
2868 1372 2925 1444 2)
2960 1390 2973 1425 :
2998 1373 3158 1455 Esimul
3195 1366 3338 1431 enim
3368 1377 3688 1440 demonstran-

2158 1459 2284 1516 dum
2306 1474 2385 1518 est
2406 1463 2453 1519 ei
2477 1462 2553 1519 rei
2576 1480 2840 1535 quemque
2859 1466 3176 1522 conformari
3197 1486 3352 1539 quam
3372 1470 3532 1544 diligit
3556 1492 3568 1528 :
3592 1473 3687 1534 huic

2157 1568 2285 1626 ergo
2314 1557 2636 1625 auctoritati,
2686 1559 2731 1613 si
2770 1559 2840 1615 de
2890 1559 3071 1616 Veteri
3119 1560 3455 1620 Testamento
3494 1582 3685 1636 quaeram

2156 1645 2282 1716 quid
2310 1661 2646 1717 comparem,
2679 1649 2825 1719 plura
2851 1650 3061 1721 quidem
3090 1653 3334 1716 invenio;
3360 1654 3446 1711 sed
3474 1672 3591 1712 unus
3613 1658 3686 1715 Sa-

2156 1733 2385 1791 lomonis
2412 1738 2571 1807 liber,
2621 1738 2969 1797 Ecclesiastes
2995 1742 3083 1813 qui
3124 1742 3345 1811 dicitur,
3371 1748 3684 1817 copiosissime

2154 1825 2212 1882 in
2240 1841 2503 1884 summum
2554 1840 2913 1900 contemptum
2940 1835 3113 1889 omnia
3139 1835 3238 1890 ista
3265 1837 3507 1907 perducit.
3534 1838 3685 1911 Incipit

2155 1917 2297 1972 enim
2339 1920 2415 1974 sic
2444 1938 2456 1973 :
2498 1920 2702 1977 Vanitas
2731 1924 3060 1979 vanitantium
3090 1926 3167 1998 (α)
3185 1969 3199 1993 ,
3230 1928 3355 1983 dixit
3383 1928 3679 2000 Ecclesiastes,

2155 2010 2349 2065 vanitas
2376 2013 2706 2068 vanitantium
2728 2057 2742 2081 ,
2769 2026 2817 2069 et
2844 2018 3013 2071 omnia
3036 2021 3253 2075 vanitas.
3287 2021 3406 2087 Qua:
3422 2025 3681 2080 abundantia

2156 2098 2349 2155 homini
2367 2103 2420 2158 in
2445 2106 2579 2159 omni
2605 2105 2774 2161 labore
2799 2124 2912 2173 suo,
2942 2125 3088 2179 quem
3111 2111 3224 2182 ipse
3249 2111 3431 2167 laborat
3462 2115 3542 2170 sub
3564 2117 3681 2171 sole?

2156 2189 2350 2260 (Eecie.
2380 2209 2431 2257 t,
2456 2194 2491 2248 2
2508 2236 2523 2260 ,
2551 2192 2632 2267 ὅ.)
2661 2195 2785 2253 Haec
2809 2199 2970 2254 verba
2998 2201 3183 2256 omnia
3208 2201 3253 2257 si
3288 2205 3619 2273 attenduntur,
3642 2208 3678 2262 si

2155 2283 2584 2353 pet-pendentur,
2641 2287 2686 2342 si
2743 2287 3132 2359 discutiantur,
3195 2294 3349 2347 multa
3395 2295 3679 2352 inveniuntur

2154 2377 2550 2442 pernecessaria
2573 2376 2637 2432 iis
2656 2380 2753 2450 qui
2766 2380 2904 2435 hunc
2924 2381 3184 2437 mundum
3208 2381 3395 2455 iugere,
3416 2396 3462 2441 et
3477 2387 3678 2458 refugere

2154 2465 2208 2520 in
2242 2468 2406 2524 Deum
2436 2470 2741 2529 desiderant
2770 2493 2783 2529 :
2813 2475 2906 2531 sed
2934 2477 3151 2548 longum
3186 2488 3289 2547 est,
3317 2489 3365 2535 et
3386 2481 3475 2535 alio
3497 2480 3675 2539 festinat

2154 2559 2343 2613 oratio.
2387 2560 2499 2617 Tali
2542 2572 2717 2619 tamen
2758 2565 3015 2637 principio
3060 2569 3374 2637 constituto,
3410 2573 3667 2641 exsequitur

2153 2650 2328 2704 omnia
2352 2694 2365 2716 ,
2397 2654 2693 2711 vanitantes
2730 2672 2847 2713 esse
2882 2673 2973 2713 eos
3011 2661 3100 2730 qui
3135 2661 3296 2716 rebus
3320 2661 3662 2732 hujusmodil'al-

2153 2738 2367 2807 luatur;
2407 2742 2632 2814 idipsum
2665 2757 2841 2801 autem
2882 2764 2986 2819 quo
3028 2748 3290 2807 falluntur
3316 2754 3555 2808 vanitatem
3588 2767 3666 2808 vo-

2151 2844 2280 2884 cans
2302 2840 2329 2897 ,'
2365 2844 2469 2887 non
2510 2832 2651 2903 quod
2701 2836 2839 2892 Deus
2888 2837 2985 2893 ista
3025 2854 3136 2895 non
3168 2842 3436 2907 creaverit,
3469 2840 3669 2914 sedquia

2152 2921 2417 2992 subjicere
2461 2940 2519 2981 se
2544 2924 2789 2983 homines
2828 2932 3115 2986 vuluut‘iis
3161 2933 3321 2990 rebus
3342 2946 3428 3006 per
3463 2945 3664 3006 peccata,

2150 3027 2266 3083 quae
2308 3014 2412 3069 illis
2448 3032 2543 3086 per
2574 3028 2719 3074 recte
2746 3018 2879 3075 facta
2925 3020 3103 3076 divina
3150 3024 3267 3096 lege
3307 3024 3529 3094 subjecta:
3554 3033 3666 3082 sunt.

2150 3103 2287 3172 Quid
2324 3118 2405 3162 est
2444 3109 2587 3164 enim
2624 3111 2786 3177 aliud,
2824 3102 2967 3168 falsis
3007 3113 3166 3170 bonis
3193 3116 3333 3172 illudi
3354 3126 3493 3187 atque
3513 3115 3662 3186 decipi,

2151 3213 2310 3268 quam
2353 3200 2523 3270 teipso
2559 3201 2835 3269 inferiora,
2878 3206 3119 3262 miranda
3168 3218 3223 3264 et
3263 3209 3528 3279 appetenda
3556 3208 3660 3263 arbi-

2151 3290 2324 3343 trari?
2369 3290 2537 3346 llab’et
2564 3292 2721 3364 igitur
2745 3296 2825 3350 vir
2852 3294 3159 3366 temperans
3189 3300 3242 3355 in
3267 3299 3580 3370 hujuscemodi
3598 3315 3661 3355 re-

2150 3376 2252 3432 bus
2280 3380 2594 3436 mortalibus
2637 3391 2691 3437 et
2726 3383 3009 3441 ﬂuentibus
3029 3430 3045 3454 ,
3074 3388 3205 3445 vita:
3245 3392 3461 3461 regulam
3493 3399 3664 3459 utroque

2152 3468 2515 3527 Testamento
2539 3474 2835 3537 ﬁrmatam:
2869 3487 2925 3533 ut
2962 3493 3151 3534 eorum
3185 3481 3312 3537 nihil
3349 3482 3536 3552 diligat,
3565 3476 3665 3534 nihil

2152 3576 2248 3631 per
2283 3578 2341 3617 se
2371 3565 2728 3635 appetendum
2767 3577 2933 3639 putet,
2980 3570 3072 3625 sed
3115 3572 3187 3627 ad
3230 3572 3345 3628 vita:
3380 3573 3514 3641 hujus
3543 3582 3664 3640 atque

2152 3650 2449 3707 ofﬁciorum
2496 3657 2865 3713 necessitatem
2904 3670 3160 3730 quantutu
3200 3674 3280 3719 sat
3315 3674 3420 3729 est,
3457 3669 3661 3733 usurpet,

2149 3746 2348 3799 utentis
2377 3747 2651 3814 modestia,
2684 3766 2788 3804 non
2815 3752 3044 3807 amantis
3070 3750 3281 3811 affectu.
3312 3755 3427 3810 [hec
3449 3752 3563 3808 dicta
3584 3751 3663 3806 sint

2150 3832 2219 3889 de
2264 3839 2613 3904 temperantia
2637 3879 2651 3902 ,
2703 3854 2798 3909 pro
2840 3856 3015 3896 rerum
3060 3844 3411 3914 magnitudine
3444 3842 3657 3907 breviter;

2150 3944 2248 3999 pro
2292 3931 2529 3987 instituto
2573 3944 2748 3990 tamen
2791 3950 2955 4007 opere
3000 3939 3227 3997 fortasse
3267 3944 3507 4014 copiosius
3539 3953 3660 4010 quam

2151 4024 2449 4093 oportebat.
3205 4028 3235 4047 ‘

2207 4114 2435 4173 CAPUT
2475 4115 2639 4173 XXII.
2661 4150 2733 4161 -—
2761 4119 3135 4179 Fortitudinem
3163 4134 3363 4196 prmstat
3386 4142 3509 4180 amor
3529 4124 3619 4178 Dei.
3654 4122 3659 4131 ’

2222 4207 2310 4263 40.
2342 4208 2417 4264 De
2463 4208 2770 4268 fortitudine
2809 4230 2935 4269 vero
2964 4232 3069 4272 non
3118 4220 3279 4274 multa
3317 4218 3512 4276 dicenda
3547 4223 3658 4271 sunt.

2150 4297 2316 4353 Amor
2355 4316 2581 4371 namque
2607 4301 2696 4358 ille
2723 4304 2791 4359 de
2819 4320 2924 4376 quo
2953 4307 3253 4378 loquimur,
3282 4326 3426 4382 quem
3450 4318 3538 4366 tota
3564 4322 3659 4363 san-

2149 4389 2328 4445 ctitate
2354 4391 2733 4450 inﬂammatum
2777 4410 2895 4453 esse
2940 4410 3151 4469 oportet
3178 4403 3230 4457 in
3281 4404 3458 4467 Deum,
3495 4401 3538 4455 iu
3573 4413 3658 4454 non

2149 4484 2457 4554 appetendis
2487 4486 2603 4542 istis
2632 4499 2953 4560 temperans,
2993 4492 3043 4548 in
3068 4495 3369 4551 emittendis
3389 4493 3510 4550 fortis
3532 4504 3653 4544 voca-

2149 4583 2255 4630 tur.
2293 4576 2399 4632 Sed
2437 4580 2575 4633 inter
2615 4581 2789 4636 omnia
2819 4598 2937 4652 quae
2973 4585 3027 4639 in
3072 4585 3172 4642 bac
3206 4586 3309 4641 vita
3345 4578 3653 4659 possidentur.

2148 4684 2342 4741 corpus
2368 4671 2564 4727 homini
2591 4675 2958 4744 gravissimum
2985 4678 3253 4735 vinculum
3281 4689 3385 4746 est,
3408 4671 3657 4748 justissitnis

2147 4758 2239 4815 Dei
2280 4761 2515 4831 legibus,
2561 4773 2775 4834 propter
2808 4756 3080 4839 antiquum
3108 4779 3406 4840 peccatum,
3432 4783 3524 4839 quo
3556 4761 3658 4820 nihil

2148 4861 2226 4910 est
2271 4854 2335 4909 ad
2370 4854 2758 4924 praedicandum
2788 4860 3003 4927 notius,
3044 4861 3172 4917 nihil
3216 4862 3283 4918 ad
3324 4856 3656 4930 intelligendum

2146 4947 2423 5001 secretius.
2468 4946 2578 5003 [ioc
2621 4963 2750 5020 ergo
2796 4950 3059 5007 vinculum
3095 4967 3161 5009 ne
3192 4942 3502 5009 concutiatur
3533 4956 3657 5018 atque

2145 5048 2367 5093 vexetur
2386 5080 2400 5104 ,
2434 5037 2630 5095 laboris
2655 5050 2710 5097 et
2735 5042 2983 5119 doloris;
3002 5062 3068 5099 ue
3101 5044 3361 5101 adferatur
3393 5053 3533 5115 atque
3565 5052 3655 5112 pel-

2144 5125 2359 5193 imatur,
2383 5131 2568 5185 mortis
2589 5138 2795 5187 terrore
2812 5134 3041 5189 animam
3064 5136 3245 5206 qttatitl
3259 5120 3541 5191 lmateuim
3558 5124 3654 5206 illud

2145 5219 2198 5273 vi
2242 5221 2657 5289 consuetudinis,
2708 5238 2812 5279 non
2851 5204 3244 5299 itttelligens,'si
3278 5210 3346 5283 eo
3380 5222 3502 5281 bene
3530 5204 3653 5291 aliis

2146 5315 2375 5369 scienter
2426 5324 2634 5382 utatur,
2670 5318 3130 5375 resurrectionem
3179 5308 3653 5385 reformationem

2148 5408 2262 5477 ejus
2300 5423 2402 5476 ope
2434 5424 2499 5465 ac
2541 5410 2656 5480 lege
2680 5410 2859 5466 divina
2888 5413 3004 5468 sine
3045 5414 3146 5468 ulla
3192 5411 3421 5468 molestia
3450 5408 3542 5481 juri
3577 5416 3652 5461 800

2148 5500 2412 5555 subditam
2448 5500 2559 5555 fore
2583 5520 2597 5556 :
2624 5501 2717 5556 sed
2742 5516 2862 5557 cum
2885 5517 2947 5559 se
2975 5504 3074 5560 hoc
3096 5516 3271 5559 amore
3310 5488 3413 5557 tota
3450 5499 3497 5555 in
3521 5488 3650 5553 Deum

2148 5592 2506 5648 converterit‘
2530 5633 2547 5659 ,
2576 5592 2658 5649 his
2690 5595 2914 5664 cognitis
2954 5605 3175 5653 mortem
3213 5610 3317 5653 non
3338 5591 3649 5651 modonullo-

2146 5772 2499 5886 ”;‘gslstres.
2526 5772 3389 5831 :sedctonhtmcmnoremtottnnin
3419 5779 3649 5832 MM

2182 5893 2254 5958 (α)
2276 5896 2376 5947 vid.
2396 5904 2599 5949 neu-act.
2617 5895 2702 5951 lib.
2727 5900 2772 5961 i,
2790 5910 2894 5963 cap.
2912 5902 2960 5963 7,
2976 5915 3025 5953 n.
3043 5902 3088 5954 3.
