3824 6296
120 445 250 521 ιω

121 569 260 625 mne!
277 601 299 634 ,
321 576 527 625 verum,
542 561 709 631 etiam
733 554 1075 623 desiderabit.

188 633 405 718 ILSed
444 661 763 711 restatcutn
792 648 981 705 dolore
1017 655 1207 714 magna
1239 638 1526 699 conflictio.
1554 633 1700 691 Nihil

120 764 196 810 est
223 759 395 807 tamen
421 753 530 815 tam
556 734 750 807 durum
778 751 936 809 atque
961 738 1222 797 ferreum.
1249 732 1524 803 quodnon
1551 743 1698 783 amo-

126 849 195 902 ris
219 840 617 915 igneﬂincatur.
647 836 767 905 Quo
788 850 909 893 eum
938 849 998 890 se
1021 833 1198 888 anima
1222 830 1387 899 rapiet
1421 832 1477 883 in
1505 826 1695 892 Deum,

126 953 272 1009 super
290 948 514 1003 omnem
540 930 903 991 carniﬁcinam
928 929 1115 991 libera,
1139 933 1197 979 et
1222 920 1528 979 admiranda
1564 918 1701 973 voli-

128 1034 246 1089 tabit
279 1028 467 1099 pennis
495 1025 865 1097 pulcherrimis
899 1032 953 1077 et
989 1018 1380 1090 integerrimis,
1409 1013 1601 1085 quibus
1629 1010 1702 1067 ad

132 1125 215 1181 Dei
238 1120 535 1190 amplesum
565 1131 718 1173 amor
744 1124 923 1171 castus
952 1112 1209 1168 innititur.
1238 1107 1351 1164 Nisi
1379 1122 1507 1162 vero
1545 1118 1695 1158 ama-

130 1227 261 1272 tores
292 1212 442 1279 auri,
483 1218 753 1271 amatores
790 1206 961 1263 laudis
983 1247 999 1271 ,
1039 1212 1305 1258 amatores
1343 1198 1653 1255 feminarum
1677 1238 1695 1266 ,

134 1304 439 1362 amatoribus
479 1300 591 1358 suis
631 1299 769 1355 Deus
812 1297 950 1353 sinet
976 1310 1096 1352 esse
1134 1295 1421 1354 fortiores;
1448 1303 1573 1345 cum
1607 1289 1701 1344 ille

137 1415 231 1455 non
266 1412 411 1452 amor
429 1435 445 1457 .
470 1391 571 1448 sed
592 1390 972 1462 congruentius
995 1386 1256 1457 cupiditas
1290 1385 1374 1440 vel
1413 1381 1576 1437 libido
1602 1395 1700 1435 no-

135 1492 362 1547 minetur.
389 1486 445 1543 In
489 1501 591 1556 qua
635 1494 815 1541 tamen
855 1490 1075 1552 apparet
1097 1487 1326 1550 quantus
1360 1478 1430 1533 sit
1470 1476 1701 1545 impetus

135 1585 279 1641 animi
301 1583 365 1638 ad
396 1597 463 1638 ea
487 1596 605 1653 quae
624 1580 919 1649 diliguntur
942 1575 1209 1632 indefesso
1232 1587 1390 1629 cursu
1420 1573 1439 1603 ι
1471 1586 1565 1640 per
1593 1571 1700 1625 imm

134 1676 291 1732 mania
328 1688 552 1745 quaeque
593 1670 895 1733 tendentis,
937 1674 1355 1738 argnmentoque
1395 1662 1549 1718 nobis
1591 1670 1695 1729 est,

137 1786 279 1841 quam
304 1771 404 1823 sint
429 1767 611 1822 omnia
642 1763 979 1835 perferenda,
1006 1776 1073 1817 ne
1100 1760 1410 1816 deseramus
1436 1758 1623 1823 Deum,
1652 1758 1701 1814 si

137 1874 264 1920 tanta
294 1864 361 1918 illi
386 1872 443 1916 ut
466 1860 739 1924 deserant.
764 1858 1057 1929 perferunt.

135 1955 340 2013 CAPUT
377 1950 565 2010 XXIII.
595 1981 666 1992 —
694 1950 1033 2006 Fortitudinis
1072 1948 1261 2003 monita
1297 1955 1345 2002 et
1382 1946 1615 2016 exempla
1639 1960 1703 2000 ea:

766 2044 1065 2114 Scripturis.

199 2142 280 2197 ﬂ.
302 2202 305 2203 ν
327 2138 461 2210 Quid
505 2152 634 2209 ergo
678 2136 768 2192 hic
809 2135 941 2191 Novi
984 2132 1314 2191 Testamenti
1357 2131 1703 2187 auctoritates

136 2235 379 2304 colligam,
411 2231 502 2287 ubi
524 2230 723 2286 dictum
755 2236 859 2294 est,
884 2225 1163 2281 Tribulatio
1196 2224 1491 2294 patientiam
1521 2239 1703 2291 opera-

136 2340 231 2387 tur.
245 2327 477 2400 patientia
492 2324 853 2397 probationem,
874 2322 1105 2393 probatio
1118 2317 1447 2391 spem(Rom.
1467 2334 1519 2383 ν,
1540 2319 1595 2383 3,
1610 2316 1698 2389 4);

134 2433 182 2477 ct
217 2437 305 2475 non
338 2420 507 2474 solum
532 2417 763 2481 dictum,
802 2413 897 2469 sed
923 2413 1084 2468 etiam
1117 2411 1374 2481 exemplis
1399 2425 1585 2464 eorum
1611 2409 1701 2479 qui

134 2514 385 2576 dixerunt,
413 2510 693 2581 probatum
723 2515 879 2577 atque
909 2506 1198 2567 firmatum,
1221 2503 1297 2561 de
1322 2501 1500 2559 Veteri
1526 2502 1702 2569 potius

132 2608 489 2670 Testtmento,
532 2604 583 2657 in
631 2600 773 2672 quod
817 2600 890 2655 illi
938 2597 1121 2654 rabide
1162 2597 1418 2661 sa-vinnt,
1458 2596 1704 2651 excitabo

132 2701 415 2767 exemplum
454 2694 746 2765 patientiae.
783 2692 969 2761 Neque
994 2692 1139 2745 illum
1168 2689 1479 2745 memorabo
1507 2689 1697 2752 virum,

129 2807 152 2843 τι
190 2807 289 2860 quo
314 2792 362 2844 in
399 2788 600 2859 magnis
625 2784 944 2841 cruciatibus
967 2783 1205 2852 corporis
1230 2790 1285 2837 et
1311 2780 1555 2835 horribili
1585 2780 1709 2835 tabe

130 2883 497 2947 membrorum,
531 2893 638 2933 non
670 2876 830 2932 modo
857 2875 1185 2930 sustinentur
1210 2872 1464 2935 humana,
1495 2872 1590 2927 sed
1617 2871 1701 2926 di-

129 2976 253 3031 vina
274 2977 419 3030 etiam
444 2974 801 3044 disputantur.
826 2972 881 3026 In
907 2970 1059 3040 cujus
1086 2968 1305 3039 singulis
1328 2968 1549 3022 vocibus
1574 2965 1705 3021 satis

125 3070 316 3132 elucet,
336 3068 376 3122 si
403 3067 522 3136 quis
547 3078 702 3135 mque
728 3064 904 3119 animo
929 3063 1186 3121 attendat.
1213 3060 1394 3132 quanti
1424 3058 1701 3129 pendenda

123 3162 241 3215 sint
263 3159 369 3221 ista,
391 3173 511 3231 qua:
533 3173 657 3213 eum
682 3155 865 3212 volunt
889 3154 1131 3209 homines
1163 3168 1257 3222 per
1282 3151 1699 3207 dominationem

123 3251 433 3318 tcnere,ab
454 3249 538 3304 his
570 3248 703 3318 ipsis
733 3248 906 3317 potius
934 3262 1028 3316 per
1052 3244 1392 3315 cupiditatem
1434 3254 1699 3310 tenentur,

122 3354 197 3400 et.
221 3359 378 3400 rerum
407 3340 711 3398 mortalium
735 3339 877 3395 servi
903 3340 1053 3402 fiunt,
1075 3336 1200 3392 dum
1241 3337 1484 3407 imperite
1503 3336 1704 3391 domini

122 3451 254 3493 esse
275 3436 591 3492 desiderant.
619 3432 1075 3501 Amisit/namque
1112 3430 1201 3484 ille
1236 3445 1423 3484 omnes
1466 3428 1713 3496 divitias,

121 3538 200 3584 es
217 3527 366 3587 laetius
389 3536 608 3599 repente
634 3524 1025 3597 pauperrimus,
1053 3530 1160 3577 tam
1186 3522 1559 3578 inconcussum
1586 3522 1704 3576 ani-

120 3633 273 3675 mum
312 3619 479 3677 tenuit
514 3626 567 3673 et
614 3618 832 3673 inﬁxum
874 3614 1003 3680 Deo,
1044 3621 1101 3668 nt
1127 3612 1257 3668 satis
1288 3612 1699 3677 demonstraret,

118 3726 239 3769 non
263 3712 369 3769 illas
398 3711 498 3769 sibi
538 3710 705 3766 fuisse
738 3723 983 3780 magnas,
1017 3707 1111 3763 sed
1139 3721 1198 3763 se
1234 3705 1362 3773 illis,
1395 3706 1493 3760 sibi
1523 3715 1702 3761 autem

119 3808 292 3863 Deum
329 3804 449 3876 (Job
472 3820 513 3869 ι,
543 3818 580 3858 ιι
611 3803 653 3874 ).
679 3802 797 3870 Quo
836 3802 1015 3855 animo
1052 3798 1097 3853 si
1137 3813 1255 3853 esse
1293 3806 1508 3867 possent
1534 3796 1702 3851 nostri

116 3899 375 3968 t¢mporis
414 3895 679 3958 homines,
716 3908 823 3948 non
862 3905 1184 3961 magnopere
1227 3890 1278 3944 in
1326 3889 1472 3943 Novo
1511 3888 1711 3951 Testa-,

113 3997 308 4045 meum
330 3988 396 4043 ab
421 3988 642 4043 istorum
674 3984 1010 4055 possessione
1038 3982 1461 4052 probiberemur,
1488 3988 1547 4035 ut
1576 3995 1698 4050 per-

115 4082 163 4137 Γ
142 4082 254 4137 ccli
280 4097 395 4138 esse
419 4094 716 4155 possemus.
762 4076 925 4132 Multo
961 4075 1104 4129 enim
1146 4074 1438 4129 mirabilius
1474 4083 1556 4128 est
1593 4087 1702 4128 non

116 4174 129 4228 i
166 4172 385 4231 obterere
427 4173 565 4238 istis,
589 4168 830 4243 quamvis
861 4166 1153 4238 possideas,
1183 4164 1603 4236 quam'omnino
1638 4178 1702 4220 ea

119 4283 137 4319 r
158 4278 235 4320 ton
260 4265 546 4336 possidere;
890 4294 891 4301 η
930 4286 947 4307 λ-

156 4414 159 4419 .
196 4359 284 4415 45.
318 4356 421 4414 Sed
442 4356 701 4428 quoniam
740 4353 815 4410 de
834 4352 1020 4411 doiore
1045 4359 1203 4423 atque
1237 4350 1565 4407 cruciatibus
1583 4366 1707 4406 cor-

129 4454 279 4523 poris
301 4449 587 4507 tolerandis
603 4462 769 4504 .nnm
792 4447 994 4516 agitur,
1021 4444 1285 4515 relinquo
1307 4444 1461 4499 istum
1492 4445 1713 4509 virum,-

135 4544 255 4600 licet
280 4559 548 4613 maguum.
584 4542 707 4596 licet
733 4540 1008 4605 invictum,
1039 4539 1209 4593 virum
1239 4547 1435 4592 tamen.
1464 4536 1708 4592 Oderunt

135 4638 273 4693 enim
295 4636 443 4691 mihi
459 4632 746 4703 Scriptura:
772 4631 879 4685 illa
899 4629 1174 4701 altqieadm
1200 4624 1522 4685 fortitudinis
1552 4628 1704 4683 femi-

131 4737 373 4796 nam,.et
409 4725 474 4781 ad
501 4740 619 4780 eam
658 4721 1163 4793 jam'meltransire
1193 4720 1538 4789 compellunt.
1577 4717 1707 4786 Quae

132 4814 688 4888 cumise‘ptem-iiberis
727 4810 1408 4885 tyrannoatQue'carniiici
1458 4810 1602 4880 prius
1625 4809 1709 4863 vi-

133 4925 277 4966 scera
304 4909 676 4979 onmia,quam
708 4918 876 4960 unum
897 4903 1117 4958 verbum
1158 4902 1471 4972 sacrilegum
1500 4900 1711 4970 impen-

134 5001 213 5057 dit
228 5021 253 5056 ε’
266 5017 392 5059 etnn
408 5001 528 5070 ejus
547 4997 847 5055 hortatione
866 4995 963 5050 lilii
976 4994 1381 5061 iroborarentur,
1405 4996 1459 5048 in
1484 5007 1712 5064 quorum

137 5094 390 5152 membris
410 5092 520 5163 ipsa
543 5088 1097 5161 torquebatur‘Jathra
1120 5094 1299 5139 tamen
1314 5087 1477 5141 etiam
1498 5086 1714 5155 proprio

135 5201 377 5250 manere,
407 5181 548 5256 quod
574 5180 669 5237 eos
692 5180 832 5235 ferre
854 5180 1223 5250 prmeeperat-(
1240 5177 1283 5232 ll
1315 5178 1549 5233 tracanti.
1578 5177 1710 5250 vn).

137 5279 270 5348 Quid
315 5277 632 5333 addentem
664 5270 1022 5344 patientiam,
1068 5280 1281 5341 quaeso,
1333 5266 1457 5326 addi
1490 5271 1716 5342 potest?

140 5370 275 5440 Quid
308 5364 507 5425 tamen-
541 5366 735 5421 mirum
766 5364 831 5419 si
859 5362 1717 5432 omnibus‘mednllisconceptus

143 5464 235 5522 Dei
256 5468 410 5525 amat
424 5503 440 5529 ,
461 5462 543 5515 'et'
560 5449 895 5531 tyrar'tt'to’tet
910 5494 915 5499 ι
929 5454 1184 5521 carniﬁci,
1206 5464 1268 5509 et
1291 5454 1461 5509 dolori
1476 5472 1494 5522 ς
1510 5462 1581 5510 et:
1599 5466 1719 5515 cur:

142 5556 273 5626 pari.
295 5563 357 5611 et
372 5547 849 5615 semiretaﬁecm
866 5542 1193 5602 resistebat?
1210 5546 1420 5600 Annon
1440 5546 1679 5601 audierat
1701 5554 1717 5603 :‘

144 5645 398 5703 Wa»
414 5644 485 5697 inf
500 5638 787 5709 Icottspectn
806 5636 1046 5695 "Domini
1076 5651 1231 5691 Imors
1252 5666 1255 5673 ν
1274 5646 1569 5691 sanctorum
1596 5636 1723 5707 nejus

143 5737 325 5809 (Ρωω
336 5742 469 5802 om
496 5730 1061 5804 ιειιτηοηιαιιαιεηιε
1091 5728 1274 5785 ητιιον
1299 5731 1595 5803 ινενιρειεεξιςιιεΓ
1612 5730 1722 5801 [ον.

440 5840 517 5873 ηερ
544 5828 751 5871 «vim
804 5820 847 5869 L1
878 5822 994 5873 'pl--'
1022 5836 1047 5869 Γ
1100 5830 1129 5869 ."

448 5950 485 5975 ,ιιι

155 5873 163 5881 .
212 5842 217 5853 '
268 5844 279 5857 ν
316 5844 339 5875 -:
440 5828 751 5873 ἠραν-ηυξ
804 5822 847 5869 L1
878 5822 1047 5885 'pI-vt-
1100 5830 1146 5869 ξίν
1192 5846 1241 5873 ,ι

204 5886 1049 5989 ’ωςᾉξθροςίωιβςᾼεφρξισηεο
1182 5952 1231 5966 ..

1482 424 1691 483 LIBER
1723 421 1998 481 PRIMUS.

3247 427 3390 486 i350

1807 543 1999 599 tissime
2027 544 2048 615 (
2072 542 2224 599 Prov.
2270 560 2388 611 xvr,
2418 545 2488 601 52
2523 545 2584 619 )?
2609 559 2715 601 non
2744 545 3021 602 audierat:
3053 543 3216 601 Omne
3250 546 3393 616 quod

1810 640 1898 693 tibi
1926 641 2225 712 applicitum
2261 642 2446 708 fuerit,
2473 641 2687 709 accipe;
2712 651 2757 694 et
2787 640 2840 695 in
2883 640 3056 694 dolore
3087 642 3317 707 sustine;
3344 646 3395 697 et

1804 735 1859 789 in
1885 734 2167 788 humilitate
2191 744 2275 789 tua
2296 734 2422 788 habe
2447 734 2739 805 patientiam
2763 749 2781 788 :
2802 734 3037 804 quoniam
3057 732 3110 787 in
3134 734 3249 804 igne
3268 751 3361 804 pro
3377 765 3393 774 τ

1805 828 1950 883 batur
1974 844 2154 882 aurum
2181 837 2226 881 et
2251 836 2514 898 argentum
2543 824 2729 893 (Eccli.
2763 841 2818 891 ll,
2846 826 2899 886 4,
2929 825 2963 880 5
2990 824 3008 895 )
3031 823 3054 877 ?
3079 840 3184 878 non
3211 827 3392 880 audiec

1806 931 1927 975 rat:
1969 919 2100 974 Vasa
2128 920 2272 990 ﬁguli
2309 920 2485 990 probat
2520 922 2734 990 foruaa',
2759 927 2803 971 et
2831 918 3055 972 honrines
3071 917 3240 988 justas
3277 929 3391 972 ten-

1806 1015 1931 1070 tatio
1959 1012 2291 1069 tribulationis
2310 1013 2335 1065 ?
2362 1011 2468 1083 (Id.
2498 1027 2672 1077 xxvu,
2698 1007 2778 1082 6.)
2810 1010 2919 1065 Imo
2948 1025 3076 1064 vero
3100 1021 3152 1065 et
3182 1009 3314 1074 haec,
3337 1018 3395 1066 et

1805 1109 1911 1165 alia
1954 1108 2103 1178 plura
2144 1114 2471 1176 perceperat.
2502 1120 2619 1175 quce
2654 1119 2761 1160 uno
2802 1116 2985 1158 sancto
3030 1101 3122 1157 Dei
3167 1102 3391 1171 Spiritu,

1806 1211 1865 1257 ut
1894 1201 1946 1255 in
1974 1200 2087 1255 istis
2111 1198 2243 1254 Novi
2268 1196 2614 1262 Testamenti,
2637 1196 2714 1249 sic
2745 1197 2795 1250 in
2831 1196 2951 1258 illis,
2976 1196 3065 1266 qui
3092 1195 3191 1250 soli
3218 1195 3396 1251 adhuc

1806 1301 1960 1351 erant
1979 1335 1995 1359 ,
2028 1291 2202 1347 Libris
2227 1290 2406 1346 divina
2435 1299 2697 1359 prmcepla
2739 1287 3061 1345 fortitudinis
3090 1289 3393 1360 conscripta

1804 1394 1947 1443 sunt.

1972 1476 2197 1534 CAPUT
2222 1473 2412 1531 XXIV.
2444 1503 2516 1513 —-
2540 1472 2617 1527 De
2636 1474 2838 1542 justitia
2864 1483 2908 1527 et
2938 1474 3222 1542 prudentia.

1875 1574 1967 1629 44.
1990 1571 2124 1641 Quid
2148 1571 2214 1627 de
2236 1568 2442 1640 justitia
2468 1583 2586 1639 quae
2607 1566 2672 1622 ad
2704 1568 2867 1621 Deum
2895 1569 3161 1637 pertinet?
3182 1568 3390 1637 Nonne,

1806 1681 1927 1722 cum
1966 1674 2020 1720 et
2055 1664 2309 1719 Dominus
2348 1661 2509 1724 dicat.
2548 1658 2660 1714 Non
2699 1660 2903 1731 potestis
2946 1660 3138 1715 duobus
3178 1663 3397 1719 dominis

1806 1761 1990 1816 servire
2035 1757 2268 1831 (Matth.
2298 1772 2373 1821 γι,
2401 1755 2535 1824 24),
2564 1764 2619 1810 et
2662 1755 2944 1824 Apostolus
2982 1755 3261 1825 redarguat
3299 1770 3399 1812 eos

1807 1854 1896 1924 qui
1927 1859 2185 1908 creaturae
2212 1849 2386 1920 potius
2415 1863 2574 1919 quam
2601 1845 2839 1902 Creatori
2865 1846 3101 1901 serviunt
3128 1849 3144 1915 (
3167 1847 3312 1901 Rom.
3351 1862 3394 1918 ι⁹

1805 1946 1935 2017 23);
1962 1945 2015 2000 in
2036 1943 2212 1998 Veteri
2239 1941 2579 1997 Testamento
2601 1939 2750 2010 prius
2770 1938 2966 1994 dictum
2991 1948 3092 2003 est,
3120 1936 3397 1994 Dominum

1805 2037 1971 2093 Deum
1996 2047 2135 2091 tuum
2163 2036 2417 2101 adorabis,
2442 2042 2487 2087 et
2510 2033 2588 2088 illi
2612 2033 2708 2088 soli
2736 2032 2916 2086 servies
2935 2032 2961 2086 .9
2982 2029 3154 2100 (Deut.
3181 2045 3252 2095 vt,
3279 2029 3396 2106 15.)

1805 2128 1915 2187 Sed
1939 2128 2062 2199 quid
2104 2142 2238 2197 opus
2278 2133 2360 2181 est
2402 2124 2525 2178 hinc
2558 2124 2721 2197 plura
2746 2123 2940 2185 dicere,
2968 2137 3089 2177 cum
3116 2122 3397 2177 sententiis

1807 2222 2003 2279 talibus
2031 2221 2100 2275 ibi
2136 2220 2291 2290 plena
2314 2218 2421 2273 sint
2445 2215 2620 2270 omnia
2643 2216 2665 2270 ?
2693 2215 2838 2269 lianc
2874 2230 3002 2279 ergo
3025 2214 3228 2282 juStitia
3270 2215 3397 2270 vita:

1809 2316 2044 2385 regulam
2070 2312 2217 2367 dabit
2245 2310 2367 2365 huic
2390 2308 2612 2363 amatori
2643 2307 2708 2361 de
2736 2320 2842 2378 quo
2868 2320 3043 2359 sermo
3072 2314 3174 2369 est,
3200 2313 3257 2359 ut
3283 2305 3397 2361 Deo

1807 2422 1965 2477 quem
1995 2405 2185 2474 diligit,
2209 2402 2261 2457 id
2290 2412 2372 2457 est
2398 2414 2607 2455 summo
2660 2399 2819 2464 bono,
2842 2412 3063 2451 summa:
3092 2396 3391 2466 sapientiae,

1808 2513 2030 2555 summa:
2056 2496 2169 2567 paci
2199 2497 2240 2563 ί,
2266 2492 2612 2551 libentissime
2635 2492 2862 2555 serviat;
2891 2499 3189 2558 ceteraque
3212 2489 3393 2545 omnia

1809 2592 2001 2662 partim
2027 2590 2265 2661 subjecta
2294 2588 2393 2643 sibi
2420 2595 2587 2657 regat,
2616 2587 2804 2655 partim
2834 2582 3157 2652 subjicienda
3186 2599 3394 2654 pratsu-

1808 2694 1941 2740 mat.
1984 2683 2116 2751 Quae
2159 2697 2345 2738 norma
2392 2680 2620 2744 vivendi,
2670 2685 2729 2733 ut
2768 2676 3084 2742 docuimus,
3121 2677 3397 2748 utriusque

1808 2777 2132 2835 Testamenti
2162 2777 2475 2832 auctoritate
2498 2774 2797 2828 roboratur.

1877 2873 1968 2927 45.
2007 2871 2117 2927 Nec
2144 2871 2213 2926 de
2243 2869 2517 2941 prudentia
2548 2868 2746 2923 diutius
2774 2865 3137 2921 disserendum
3180 2874 3293 2932 est,
3324 2863 3396 2920 ad

1808 2981 1964 3037 quam
1989 2964 2350 3035 dignoscentia
2381 2963 2606 3033 pertinet
2629 2959 3045 3031 appetendorum
3067 2968 3122 3013 et
3148 2958 3393 3013 vitando.

1807 3076 1946 3115 rum.
1972 3058 2102 3126 Qum
2128 3058 2176 3113 si
2203 3057 2360 3117 desit,
2391 3055 2519 3109 nihil
2544 3069 2729 3109 eorum
2754 3052 2820 3107 de
2847 3052 3036 3121 quibus
3058 3051 3166 3122 jam
3191 3050 3394 3106 dictum

1810 3163 1910 3213 est.
1958 3151 2095 3208 efﬁci
2137 3160 2328 3221 potest.
2358 3147 2528 3219 Hujus
2567 3155 2744 3202 autem
2797 3154 2920 3201 sunt
2957 3145 3195 3201 excubiae
3232 3154 3394 3214 atque

1807 3243 2207 3317 diligentissima
2232 3241 2522 3313 vigilantia,
2545 3256 2613 3294 ne
2630 3240 2951 3307 subrepente
2974 3235 3225 3308 paulatim
3253 3235 3393 3289 mala

1808 3338 2056 3395 suasione
2108 3335 2352 3389 fallamur
2394 3351 2408 3386 :
2455 3330 2601 3387 unde
2643 3345 2785 3400 saepe
2833 3328 3125 3393 Dominus,
3180 3326 3395 3399 Vigilnte

1810 3430 2016 3501 (Matth.
2050 3443 2204 3494 xm,
2231 3423 2348 3499 42),
2373 3424 2562 3481 clamat
2587 3440 2602 3487 ;
2634 3432 2708 3489 et,
2739 3420 3021 3479 Ambulate.
3052 3420 3243 3489 inquit,
3270 3418 3396 3472 dum

1807 3523 1979 3577 lumen
1994 3520 2207 3583 habetis,
2230 3533 2398 3573 rte-vos
2418 3516 2631 3571 tenebris
2649 3511 3073 3583 comprehendant
3095 3508 3146 3580 (.I
3154 3526 3268 3563 oan.
3290 3522 3390 3573 xu,

1807 3613 1933 3685 55).
1962 3614 2198 3683 Itemque
2237 3611 2430 3666 dicitur
2453 3626 2466 3662 ε
2502 3606 2720 3663 Nescitis
2746 3607 2867 3677 quia
2894 3604 3146 3667 modicum
3172 3607 3390 3674 fermen-

1807 3719 1913 3764 tum
1938 3717 2092 3763 tatam
2117 3722 2337 3760 massam
2361 3703 2679 3774 corrumpit?
2707 3698 2764 3772 (I
2792 3699 2913 3754 Cor.
2941 3714 2995 3761 v,
3025 3695 3106 3769 6.)
3132 3694 3266 3765 Quid
3293 3709 3391 3749 au-

1806 3801 2162 3873 tem-proferri
2193 3797 2525 3855 manifestius
2549 3796 2617 3852 de
2645 3794 2816 3851 Veteri
2844 3792 3188 3849 Testamento
3206 3792 3394 3842 contra

1807 3898 1962 3953 istam
2002 3893 2435 3950 dormitationem
2476 3890 2638 3945 animi
2674 3896 2863 3957 potest,
2908 3901 3003 3954 per
3043 3898 3199 3953 quam
3240 3881 3297 3935 iit
3332 3888 3396 3936 ut

1806 4004 1914 4044 non
1941 3987 2233 4042 sentiamus
2253 3983 2403 4054 quasi
2426 3980 2722 4037 minutatim
2749 3984 3049 4046 serpentem
3075 3972 3388 4042 perniciem,

1807 4096 1965 4153 quam
1993 4077 2122 4133 illud
2161 4076 2302 4146 quod
2332 4089 2359 4127 a
2394 4071 2645 4142 propheta
2682 4069 2881 4125 dictum
2924 4075 3042 4121 est:
3075 4063 3176 4130 Qui
3198 4064 3394 4132 spernit

1805 4175 2024 4239 modica,
2055 4170 2297 4243 paulatim
2325 4167 2554 4221 decidet?
2572 4162 2767 4239 .(Eccli.
2792 4176 2905 4227 xm,
2931 4157 3009 4230 l.)
3042 4159 3114 4213 De
3139 4173 3241 4228 qua
3263 4170 3395 4211 sen-

1806 4265 1992 4330 tentia,
2012 4265 2057 4320 si
2079 4270 2429 4333 opportunnm
2452 4265 2592 4312 esset
2613 4254 3003 4314 festinantibus.
3025 4250 3395 4321 copiosissime

1807 4358 2141 4430 disputarem
2169 4356 2229 4419 ²;
2276 4361 2435 4422 atque
2475 4349 2527 4403 id
2564 4349 2619 4403 si
2647 4364 2678 4402 a
2720 4347 2877 4401 nobis
2908 4358 3049 4401 nunc
3084 4350 3394 4410 susceptum

1809 4450 2311 4520 munus'ilagitaret,
2340 4444 2565 4500 fortasse
2587 4442 3074 4497 demonstraremus
3102 4448 3259 4503 quam
3287 4432 3398 4490 sint

1812 4542 2218 4617 alta'mysteria,
2252 4556 2368 4612 qum
2399 4534 2778 4607 imperitissimi
2806 4540 2861 4586 et
2883 4528 3123 4599 sacrilegi
3152 4525 3396 4582 homines

1810 4615 2120 4702 deridenda,
2165 4647 2268 4687 non
2310 4630 2385 4685 illi
2420 4628 2636 4699 quidem
2676 4622 2937 4695 paulatim.
2964 4619 3076 4690 jam
3119 4615 3396 4681 decidunt,

1814 4729 1906 4785 sed
1936 4737 2126 4797 magno
2156 4725 2309 4793 lapsu
2339 4720 2632 4791 pra~cipites
2656 4724 2803 4769 eunt.
3040 4768 3043 4769 ν
3096 4752 3101 4763 ,
3186 4752 3193 4761 .

1815 4819 2039 4879 CAPUT
2084 4816 2252 4872 XXV.
2284 4844 2350 4855 --κ
2382 4812 2559 4883 Ofﬁcia
2603 4817 2816 4879 quatuor
2850 4805 3088 4861 uirtutum
3131 4803 3266 4865 circa
3305 4799 3403 4856 Dei

1888 4928 2139 4974 amorem,
2183 4910 2329 4980 cujus
2367 4905 2557 4960 annonis
2594 4900 2859 4973 premium
2893 4907 3186 4955 estaterna
3219 4897 3321 4951 vita
3352 4904 3403 4961 et

1886 5004 2104 5077 cognitio
2130 5000 2368 5054 veritatis.

1886 5100 1976 5156 46.
2016 5094 2154 5165 Quid
2191 5092 2417 5163 amplius
2455 5088 2524 5144 de
2561 5086 2800 5142 moribus
2841 5080 3230 5154 disputem?Si
3255 5079 3402 5136 enim

1819 5192 1959 5249 Deus
1984 5200 2068 5247 est
2098 5204 2363 5245 summum
2396 5182 2626 5241 hominis
2654 5182 2874 5244 bonum,
2901 5176 3043 5249 quod
3070 5188 3265 5244 negare
3293 5186 3403 5228 non

1819 5283 2323 5359 potestis,'seqnitur
2349 5281 2607 5352 proiecto,
2630 5275 2877 5348 quoniam
2906 5284 3172 5359 summum
3199 5268 3400 5359 bonum

1822 5357 2096 5452 appetere;
2121 5382 2204 5431 est
2228 5374 2366 5429 bene
2392 5374 2605 5436 vivere,
2634 5376 2692 5422 ιιι
2712 5364 2844 5423 nihil
2858 5362 2937 5418 sit
2972 5358 3117 5415 aliud
3143 5358 3281 5417 bene
3318 5357 3403 5413 vi-

1823 5450 1983 5536 vere,"
2000 5472 2160 5541 quam
2190 5476 2303 5523 toto
2326 5465 2506 5528 corde,
2534 5470 2641 5517 tnta
2667 5459 2858 5523 anima,
2892 5462 3002 5509 tota
3028 5460 3207 5508 mente
3233 5450 3405 5506 Deum

1825 5552 2080 5635 dilig‘eré‘:
2114 5568 2289 5631 aquo
2332 5556 2540 5622 existit,
2566 5562 2642 5609 int
2679 5551 3014 5616 incorruptus
3040 5544 3106 5598 in
3145 5557 3215 5597 eo
3249 5548 3406 5595 amor

1834 5676 1839 5685 ’
1870 5682 1907 5733 ἰ
2302 5670 2500 5744 summm
2518 5683 2753 5753 potentitz.
2776 5689 2831 5733 Ai.
2845 5679 2925 5731 alii
2940 5662 3051 5729 Cdd.
3065 5656 3406 5789 habentia}

1834 5770 2060 5789 ηικειύΜΔ
2078 5769 2118 5789 ε.
2139 5758 2297 5789 {parum
2316 5761 2530 5789 agnorum
2552 5748 2819 5789 irlenlidem
2834 5744 3060 5789 demanat
3084 5748 3246 5789 Αυω
3383 5768 3406 5789 ο

2552 5748 2820 5798 identidem
2834 5744 3060 5807 designat
3084 5744 3406 5803 Augustinus,

1827 5815 2551 5943 “mansuem,
2570 5840 2829 5941 arma
2868 5846 2879 5867 λ
3087 5838 3093 5867 ³
