3888 6402
45 429 171 491 15ιῖ

530 423 621 483 DE
655 418 951 483 MOKIBUS
983 410 1509 479 MANICHEORUM
1534 461 1547 485 ,
1589 418 1647 475 S;
1678 408 2058 476 'AUGUSTINI
2093 410 2297 474 LIBER
2334 409 2713 478 SECUNDUS.
2744 500 2766 505 Δ
2796 499 2823 505 Α

3169 404 3317 479 iw

45 500 3297 536 MM

950 564 1437 676 LIBER
1519 558 2362 674 SECUNDUS.

1154 729 1257 785 DE'
1281 724 1582 783 MOBIBUS
1616 722 2162 781 ΜΔΝΙῦΗΑὒΟΒυΜ.

84 844 127 887 ιιι
143 846 237 898 quo
250 829 469 898 τθὶυῐεξιὲι
487 827 754 898 (missine!
778 826 951 898 “om?
1341 816 1659 898 9999:9333"
1674 816 2290 898 R'WEEBQE‘FQE'F
2311 820 2624 898 ςκεξωιιιῐξων
2642 818 2835 898 αίέθὲί
2851 821 2979 879 mi
2999 832 3226 898 ‘9‘qu
3247 817 3303 872 ⁸⁸

45 883 175 960 ne;
191 883 303 960 quae
322 894 417 957 ipsi
436 883 666 960 in_im;iis
681 887 1020 960 suismeribus
1038 883 1415 960 praedicabanntsi

1406 877 1646 953 ignacula,
1669 877 2082 953 et‘s’uperstitiosa
2102 892 2277 947 eorum
2288 881 2580 935 abstinentia
2607 884 2936 947 mySteriaque
2954 877 3163 935 πω
3179 896 3298 947 sug-

45 942 589 1024 Mfmodmd
603 948 829 1000 nonnulla
850 949 899 997 in
916 947 977 997 iis
993 942 1302 1009 deprehensa
1321 942 1502 1007 ﬂagitia
1520 942 1817 991 referuntur.

45 1041 238 1100 CAPUT
273 1035 567 1096 PRIMUM.
590 1062 654 1075 —-
686 1031 954 1088 Summum
975 1030 1156 1085 bonum
1177 1028 1321 1084 estid
1365 1026 1446 1081 cui
1477 1041 1612 1081 com-

158 1201 163 1207 δ
567 1128 685 1197 petit
715 1124 905 1179 sumine
918 1120 1050 1180 esse.

99 1222 300 1281 LNulli
318 1235 439 1278 esse
462 1217 678 1274 dubium
709 1208 958 1291 arbitror,
982 1229 1100 1271 cum
1127 1213 1196 1269 de
1232 1211 1467 1267 bonis'et
1498 1225 1611 1265 ma-

47 1320 95 1375 lis
113 1318 382 1389 qua-ritur,
408 1313 509 1368 hoc
529 1302 1031 1383 genusquzrstionis
1057 1308 1127 1362 ad
1160 1306 1417 1361 moralem
1448 1304 1610 1374 pertio

51 1426 151 1467 uere
163 1406 522 1479 disciplinam,
548 1404 598 1458 in
621 1418 721 1473 qua
740 1403 841 1457 isto
858 1414 1106 1457 sermone
1120 1396 1613 1464 versamur.Quam-

50 1502 198 1555 obrem
240 1498 441 1554 vellem
463 1494 699 1567 quidem,
723 1502 779 1547 ut
801 1501 907 1546 tam
934 1505 1177 1546 serenam
1224 1488 1418 1543 mentis
1442 1472 1627 1539 aciem'

54 1592 263 1647 homines
292 1588 362 1645 ad
403 1587 519 1643 brec
568 1584 929 1654 investiganda
956 1579 1245 1646 deferrent,
1293 1590 1349 1633 ut
1392 1570 1628 1647 possent'

52 1683 199 1739 videre
227 1679 363 1736 illud
391 1693 657 1734 summum
692 1676 910 1739 bonum,
943 1687 1048 1744 quo
1076 1687 1182 1726 non
1215 1678 1298 1725 est
1326 1669 1631 1739 quidquam'

55 1774 211 1830 melius
239 1780 337 1827 aut
364 1770 635 1842 superius,
666 1768 751 1824 cui
784 1764 1052 1820 rationalis
1074 1763 1248 1817 anima
1272 1776 1400 1831 pura
1420 1767 1473 1813 et
1494 1774 1616 1829 per-

58 1864 163 1921 lecta
188 1863 547 1934 subjungitnr.
579 1861 691 1916 lloe
715 1860 854 1915 enim
887 1856 1154 1912 intellecto
1170 1863 1326 1924 atque
1356 1850 1610 1921 perfecto,

61 1955 186 2013 simul
214 1955 461 2011 viderent
501 1952 553 2008 id
581 1967 701 2010 esse
725 1949 864 2021 quod
894 1963 1099 2005 summe
1126 1962 1187 2001 ac
1214 1945 1458 2015 primitus
1493 1957 1614 1998 esse

62 2050 331 2107 rectissime
359 2047 573 2104 dicitur.
623 2045 734 2100 Hoc
760 2044 901 2100 enim
931 2042 1160 2098 maxime
1189 2055 1310 2095 esse
1331 2038 1617 2093 dicendum

62 2151 137 2209 est,
163 2141 304 2213 quod
324 2153 537 2210 semper
555 2137 742 2193 eodem
762 2134 920 2191 modo
945 2148 1065 2189 sese
1083 2131 1260 2198 habet,
1283 2128 1425 2201 quod
1446 2129 1617 2183 omni-

65 2235 193 2289 modo
206 2234 292 2289 sui
324 2232 501 2288 simile
523 2240 624 2294 est,
652 2229 790 2300 quod
821 2226 967 2282 nulla
992 2240 1055 2281 ex
1087 2234 1235 2296 parte
1261 2221 1529 2292 corrumpi
1556 2236 1619 2276 ac

66 2327 224 2382 mutari
258 2333 458 2397 potest,
487 2324 625 2393 quod
656 2337 760 2377 non
786 2320 1024 2389 subjaeet
1060 2318 1306 2387 tempori,
1341 2314 1483 2386 quod
1517 2313 1613 2368 ali—

68 2428 128 2474 ter
155 2434 298 2473 nunc
321 2432 382 2473 se
403 2415 601 2471 habere
638 2429 794 2484 quam
835 2410 1062 2466 habebat
1088 2418 1266 2476 antea,
1293 2424 1397 2462 non
1426 2413 1615 2477 potest.

70 2509 258 2567 idenim
285 2518 371 2566 est
399 2508 540 2580 quod
569 2521 690 2564 esse
718 2504 991 2560 verissime
1014 2503 1225 2558 dicitur.
1253 2502 1446 2558 Subest
1475 2499 1621 2555 enim

72 2602 166 2661 huic
208 2602 377 2659 verbo
423 2600 690 2657 manentis
735 2598 789 2652 in
816 2613 873 2652 se
919 2605 1080 2666 atque
1123 2592 1624 2649 incommutabiliter

72 2708 161 2751 sese
197 2692 447 2750 habentis
494 2700 695 2745 natura:
745 2687 1080 2758 signiﬁcatio.
1132 2684 1276 2739 lianc
1320 2683 1453 2737 nihil
1481 2678 1625 2735 aliud

74 2802 197 2857 quam
224 2785 397 2840 Deum
440 2795 725 2853 possumus
753 2778 954 2844 dicere,
1001 2775 1086 2830 cui
1115 2774 1159 2829 si
1190 2775 1511 2829 contrarium
1541 2786 1627 2824 re-

74 2887 134 2932 cte
155 2890 382 2948 quaeras,
415 2873 545 2928 nihil
574 2870 790 2926 omnino
816 2877 915 2924 est.
959 2867 1090 2922 Esse
1124 2866 1266 2920 enim
1295 2861 1623 2917 contrarium

77 2983 158 3023 non
181 2966 362 3032 habet,
395 2963 498 3020 nisi
537 2977 641 3018 non
669 2976 806 3018 esse.
838 2958 991 3013 Nulla
1021 2964 1106 3012 est
1142 2970 1268 3024 ergo
1298 2954 1406 3008 Deo
1434 2962 1623 3007 natura

76 3057 328 3114 contraria.
354 3053 463 3112 Sed
480 3057 726 3125 quoniam
746 3049 817 3104 ad
837 3049 948 3104 haec
963 3043 1365 3115 contemplanda
1388 3041 1626 3096 sauciam

80 3160 120 3206 et
139 3150 380 3209 hebetem
404 3145 695 3218 nugatoriis
721 3142 1057 3213 opinionibus
1082 3148 1138 3195 et
1162 3137 1417 3208 pravitate
1443 3134 1633 3189 volun-

80 3243 177 3299 tatis
191 3241 365 3297 aeiem
384 3237 580 3294 mentis
600 3234 872 3291 aiierimus
896 3249 910 3299 ;
938 3245 1215 3295 conemur,
1242 3236 1493 3297 quantum
1518 3239 1634 3294 pos-

81 3348 256 3401 sumus,
285 3331 351 3388 ad
380 3329 819 3402 qualemcumque
860 3333 1018 3381 tantae
1055 3322 1133 3377 rei
1175 3320 1413 3375 notitiam
1437 3332 1633 3390 perve-

82 3427 170 3483 nire
192 3423 515 3498 pedetentim
542 3429 700 3489 atque
727 3427 899 3483 caute,
931 3431 1037 3470 non
1066 3421 1123 3467 ut
1149 3412 1410 3476 videntes,
1451 3408 1545 3465 sed
1573 3413 1633 3462 ut

89 3518 332 3587 palpantes
359 3516 533 3570 solent
560 3524 817 3582 quaerere.

84 3609 277 3667 CAPUT
314 3608 379 3668 ll.
408 3636 480 3647 -—-
508 3603 703 3657 Malum
724 3601 843 3671 quid
865 3600 947 3655 sit.
974 3596 1174 3650 Malum
1203 3611 1307 3648 esse
1324 3592 1378 3646 id
1404 3590 1538 3662 quod
1566 3599 1639 3646 est

137 3711 297 3757 contra
324 3709 562 3755 naturam
598 3695 767 3748 dicunt
808 3691 1059 3747 verissim
1088 3685 1381 3752 Manio/arvi,
1411 3683 1499 3739 sed
1524 3683 1641 3737 hinc

138 3792 427 3848 subvertitur
454 3803 628 3843 eorum
656 3784 876 3838 luci-esis.

138 3886 184 3941 2.
209 3886 367 3955 Smpe
396 3892 556 3953 atque
583 3878 717 3935 adeo
747 3889 882 3947 pene
906 3887 1132 3942 semper,
1160 3867 1455 3933 Manichzei,
1482 3867 1550 3923 ab
1578 3867 1643 3923 iis

87 3978 251 4049 quibus
279 3974 529 4031 hmresim
558 3979 787 4026 vestram
817 3964 1134 4038 persuadere
1162 3960 1440 4023 molimini,
1467 3958 1645 4030 requi-

89 4069 183 4124 ritis
206 4086 344 4127 unu.
372 4065 447 4122 sit
472 4062 690 4120 malum.
723 4058 910 4115 Putate
935 4070 1019 4111 me
1039 4069 1178 4109 nunc
1201 4052 1443 4123 primitus
1468 4051 1520 4106 in
1552 4064 1646 4105 vos

88 4161 357 4224 incidisse;
385 4157 667 4226 impetrem
718 4148 919 4219 aliquid
955 4162 986 4202 a
1041 4146 1213 4210 vobis,
1267 4144 1311 4199 si
1369 4143 1560 4212 placet,
1587 4148 1650 4195 ut

88 4255 225 4310 etiam
256 4268 352 4309 vos
386 4248 630 4320 deposita
675 4243 942 4316 pauliSper
978 4239 1248 4310 opinione,
1274 4251 1373 4305 qua
1417 4248 1510 4289 vos
1548 4234 1651 4290 ista

89 4346 205 4403 scire
229 4343 543 4417 opinamini,
572 4354 685 4397 rem
734 4345 929 4392 tantam
962 4348 1173 4390 mecum
1204 4339 1450 4399 tanquam
1492 4326 1652 4382 rudes

94 4442 326 4509 htuagare
356 4432 593 4492 tentetis.
620 4424 1048 4485 Pet-cunctamini
1078 4438 1164 4478 me
1186 4419 1326 4475 unde
1345 4419 1414 4474 sit
1432 4419 1649 4484 malum;

92 4538 139 4585 at
159 4505 254 4602 ego
271 4526 509 4583 vicissim
539 4526 857 4593 percunctor
885 4530 980 4571 vos
1009 4513 1134 4585 quid
1156 4513 1222 4567 sit
1245 4511 1462 4566 malum.
1492 4505 1655 4577 Cujus

95 4628 162 4675 est
180 4597 376 4690 iustior
404 4609 714 4685 inquisitio?
740 4621 997 4665 eorumne
1016 4604 1104 4676 qui
1129 4609 1374 4673 quaerunt
1399 4599 1539 4654 unde
1565 4597 1655 4667 sit,

96 4713 217 4783 quod
246 4710 375 4784 quid
417 4708 492 4764 sit
517 4708 793 4777 ignorant;
822 4718 888 4756 an
930 4699 1047 4769 ejus
1084 4697 1174 4767 qui
1205 4695 1348 4765 prius
1370 4700 1519 4763 putat
1539 4705 1661 4748 esse

95 4803 423 4873 querendum
451 4797 578 4871 quid
605 4796 694 4862 sit,
724 4804 781 4850 ut
809 4808 913 4847 non
954 4786 1254 4860 ignouerei
1277 4785 1449 4858 (quod
1477 4785 1666 4840 absur-

95 4891 354 4951 dissimum
405 4887 518 4962 est)
544 4887 694 4957 origo
733 4880 1046 4955 quaeratur?
1085 4878 1374 4934 Verissime
1424 4875 1599 4931 dicitis
1620 4874 1662 4927 ⁸.

98 4982 218 5050 Quis
245 4985 386 5042 enim
420 4984 490 5037 ita
506 4988 590 5036 est
610 4987 787 5034 mente
806 4987 1002 5039 caicus,
1032 4970 1121 5042 qui
1142 4985 1246 5025 non
1264 4968 1442 5027 videat
1469 4967 1522 5021 id
1548 4965 1664 5021 cui-

98 5091 190 5145 the
206 5075 388 5148 generi
408 5073 606 5129 malum
625 5084 768 5134 esse,
790 5064 932 5136 quod
949 5071 1135 5119 contra
1151 5062 1266 5129 ejus
1284 5069 1527 5113 naturam
1543 5055 1667 5111 est?

104 5146 325 5221 Sedboc
365 5163 677 5227 constituto,
722 5156 980 5212 evertitur
1028 5150 1249 5219 haeresis
1275 5157 1451 5217 vestra
1478 5166 1492 5203 :
1519 5146 1667 5203 nulla

103 5258 246 5326 enim,
268 5266 459 5313 natura
489 5253 704 5318 malum,
751 5250 798 5311 si
834 5245 975 5319 quod
1003 5250 1187 5300 contra
1214 5248 1458 5297 naturam
1484 5248 1586 5304 est,
1616 5236 1669 5293 id

102 5346 201 5403 erit
231 5349 450 5411 malum.
477 5344 587 5401 Vos
633 5349 811 5401 autem
831 5336 1067 5392 asseritis
1096 5332 1379 5404 quamdam
1423 5339 1668 5385 naturam

1717 1000 2252 1094 atque’substantiam
2282 1008 2475 1079 malum
2504 1018 2644 1082 esse.
2670 1028 2902 1083 ‘Accedit
2939 1028 3099 1083 etiam
3139 1000 3307 1094 illud,l

1717 1115 1855 1188 quod
1885 1116 2065 1170 eontra
2100 1125 2336 1170 naturam
2359 1118 2610 1189 quidquid
2633 1127 2735 1186 est,
2764 1119 2947 1190 utique
2976 1129 3178 1175 naturre
3197 1110 3309 1176 ad:l

1717 1222 1975 1273 versatur,
2004 1218 2058 1263 et
2079 1224 2194 1262 eam
2220 1209 2475 1278 perimere
2500 1210 2703 1264 nititur.
2727 1210 2917 1265 Tendit
2937 1225 3065 1283 ergo
3084 1210 3136 1266 id
3158 1206 3307 1283 quod

1716 1302 1817 1364 est,
1852 1300 2026 1354 facere
2056 1309 2111 1353 ut
2143 1314 2245 1353 non
2292 1299 2360 1354 sit
2392 1338 2406 1352 .
2439 1299 2569 1354 Nam
2596 1309 2649 1355 et
2688 1300 3016 1370 ipsa‘natnra
3057 1302 3187 1357 nihil
3213 1306 3307 1359 est'

1715 1390 1878 1456 aliud,
1911 1382 2143 1466 quamid
2163 1391 2302 1462 quod
2333 1391 2640 1462 intelligitur
2659 1392 2711 1447 in
2750 1400 2844 1447 Suo
2866 1390 3060 1465 genere
3102 1392 3301 1466 aliquid

1716 1480 2146 1553 essexltaqne'ut
2182 1497 2282 1536 nos
2303 1483 2410 1548 jam
2453 1496 2592 1537 novo
2637 1482 2846 1538 nomine
2875 1482 2941 1538 ab
2965 1499 3030 1539 eo
3054 1484 3192 1555 quod
3218 1494 3299 1541 est

1719 1584 1858 1640 eSSe,
1892 1588 2141 1628 vocamus
2167 1575 2473 1639 essentiam,
2518 1588 2676 1644 quam
2707 1573 3013 1643 plerumque
3042 1575 3303 1630 substan-'

1720 1665 1847 1720 tiam
1874 1667 2034 1721 etiam
2073 1664 2409 1720 nominamus
2442 1682 2454 1717 :
2484 1664 2554 1719 ita
2595 1673 2803 1720 veteres
2828 1664 2915 1732 qui
2944 1663 3058 1719 hmc
3088 1667 3299 1721 nomina

1722 1773 1827 1815 non
1850 1752 2134 1825 habebant,
2160 1772 2255 1827 pro
2282 1757 2513 1813 essentia
2539 1765 2594 1811 et
2620 1757 2912 1811 substantia
2934 1765 3174 1811 naturam
3205 1772 3301 1812 vo-

1720 1849 1930 1904 cabant.
1963 1846 2195 1918 ldipsum
2241 1862 2370 1919 ergo
2398 1848 2594 1903 malum
2622 1854 2725 1914 est,
2757 1846 2802 1901 si
2841 1854 3041 1919 praeter
3070 1848 3305 1918 pertina-

1718 1940 1853 1995 ciam
1896 1938 2067 1994 velitis
2114 1937 2406 2003 attendere,
2440 1937 2671 1994 deiicere
2717 1937 2786 1993 ab
2825 1937 3059 1993 essentia
3083 1947 3137 1995 et
3157 1937 3224 1993 ad
3252 1936 3305 1993 id

1719 2031 1939 2088 tendere
1969 2041 2023 2086 ut
2048 2046 2154 2084 non
2180 2031 2267 2085 sit.

1792 2122 1844 2177 ὃ.
1867 2120 2122 2188 Quocirca
2150 2135 2269 2174 cum
2312 2118 2362 2173 in
2390 2117 2661 2174 Catholica
2686 2117 2902 2183 dicitur,
2934 2100 3172 2174 omnium
3211 2135 3307 2175 na-

1723 2220 1959 2267 turarum
2000 2220 2158 2280 atque
2194 2208 2608 2266 substantiarum
2644 2223 2764 2264 esse
2799 2217 3070 2263 auctorem
3115 2209 3301 2276 Deum,

1723 2302 1881 2359 simul
1920 2302 2228 2372 intelligitur
2253 2300 2319 2355 ab
2347 2300 2425 2354 eis
2452 2300 2540 2370 qui
2572 2299 2675 2354 hoc
2718 2307 2941 2370 possunt
2986 2298 3302 2371 intelligere,

1723 2412 1829 2453 non
1855 2412 1974 2452 esse
1998 2396 2162 2452 Deum
2191 2405 2458 2451 auctorem
2489 2376 2632 2448 mali.
2663 2393 2941 2463 Quomodo
2960 2392 3101 2449 enim
3129 2400 3308 2465 potest

1725 2489 1815 2545 ille
1838 2532 1852 2556 ,
1885 2490 1973 2559 qui
2006 2489 2240 2543 omnium
2271 2502 2389 2558 quae
2412 2495 2557 2554 sunt,
2585 2501 2742 2541 causa
2778 2494 2860 2542 est
2901 2495 2960 2540 ut
2984 2486 3106 2551 sint,
3146 2499 3305 2541 causa

1726 2592 1845 2637 esse
1888 2596 2071 2636 rursus
2120 2591 2175 2636 ut
2228 2574 2529 2646 non'sint,
2576 2577 2631 2633 id
2686 2589 2788 2645 est,
2847 2584 2906 2633 ut
2958 2578 3026 2633 ab
3072 2576 3315 2633 essentia

1728 2672 1977 2729 deﬁciant
2011 2681 2063 2727 et
2106 2671 2170 2725 ad
2199 2687 2304 2725 non
2355 2674 2474 2726 esse
2527 2669 2777 2726 tendant?
2810 2668 2952 2740 quod
2989 2670 3183 2724 malum
3215 2672 3315 2740 ge-‘

1730 2762 1907 2818 nerale
1952 2776 2069 2817 esse
2118 2763 2309 2817 clamat
2337 2761 2612 2816 verissima
2633 2760 2789 2815 ratio.
2836 2761 2906 2815 At
2934 2773 3060 2815 vero
3103 2759 3192 2815 illa
3215 2760 3319 2816 ve-'

1729 2863 1838 2910 stra
1861 2868 1991 2924 gens
2030 2852 2176 2918 mali,
2204 2868 2359 2923 quam
2401 2850 2564 2906 vultis
2592 2865 2711 2906 esse
2764 2866 3029 2905 summum
3079 2850 3301 2917 malum,

1731 2945 2000 3017 quomodo
2018 2945 2120 3000 erit
2147 2952 2329 2999 contra
2357 2955 2622 3010 naturam,
2662 2941 2712 2996 id
2741 2952 2823 2997 est
2850 2952 3036 2998 contra
3059 2941 3309 2998 substan-

1732 3034 1880 3102 tiam,
1910 3051 2030 3091 cum
2060 3048 2177 3090 eam
2200 3044 2439 3090 naturam
2462 3043 2619 3105 atque
2658 3033 3004 3089 substantiam
3032 3049 3150 3092 esse
3169 3033 3313 3089 dics:-

1733 3127 1841 3182 tis?
1864 3126 1922 3183 Si
1943 3126 2083 3182 enim
2110 3136 2295 3181 contra
2324 3141 2383 3181 se
2410 3124 2555 3189 facit,
2588 3125 2757 3195 ipsum
2784 3136 2904 3180 esse
2932 3125 3053 3180 sibi
3075 3123 3264 3181 adimit
3294 3144 3310 3181 :

1736 3216 1878 3288 quod
1904 3216 1947 3271 si
1977 3216 2274 3285 perfecerit,
2295 3230 2419 3270 tunc
2439 3214 2652 3271 demum
2672 3214 2944 3292 perveniet
2961 3213 3027 3269 ad
3047 3228 3316 3270 summum

1737 3311 1954 3365 malum.
1979 3310 2093 3365 Non
2119 3318 2294 3365 autem
2320 3307 2577 3378 perﬁciet,
2594 3308 2714 3377 quia
2731 3321 2848 3361 eam
2868 3319 2975 3361 non
2996 3305 3165 3361 modo
3175 3312 3319 3373 esse;

1740 3416 1927 3457 verum
1949 3402 2108 3457 etiam
2134 3400 2510 3470 sempiternam
2528 3411 2650 3454 esse
2669 3397 2846 3452 vultis.
2882 3397 2996 3452 Non
3024 3404 3200 3467 potest
3218 3396 3320 3467 igi-

1740 3502 1827 3549 tur
1850 3507 1969 3548 esse
1993 3507 2258 3548 summum
2285 3491 2502 3558 malum,
2533 3489 2675 3562 quod
2696 3489 3007 3561 perhibetur
3038 3503 3161 3547 esse
3189 3490 3321 3546 sub-

1743 3585 1954 3640 stantia.

1819 3677 1871 3730 4.
1902 3674 2006 3731 Sed
2027 3673 2151 3745 quid
2178 3673 2366 3729 faciam
2386 3672 2410 3727 ἲ
2434 3672 2558 3729 Scio
2584 3672 2763 3744 plures
2808 3684 2931 3728 esse
2960 3672 3013 3728 in
3042 3671 3226 3740 vobis,
3248 3687 3322 3744 qu

1752 3765 1867 3822 haec
1896 3764 2200 3837 intelligere
2228 3765 2447 3819 omnino
2488 3772 2772 3835 nequeant.
2808 3762 2934 3819 Scio
2977 3778 3165 3820 rursus
3202 3778 3327 3822 esse

1753 3858 2033 3930 quosdam,
2062 3857 2147 3927 qui
2169 3869 2470 3927 quanquam
2509 3855 2649 3909 bono
2673 3854 2885 3924 ingenio
2922 3861 3208 3922 utcumque
3230 3854 3332 3910 ista

1754 3950 1992 4014 videant,
2037 3949 2175 4003 mala
2222 3956 2396 4003 tamen
2442 3946 2734 4010 voluntate,
2777 3960 2880 4015 qua
2909 3946 3080 4013 ipsum
3121 3958 3334 4015 quoque

1756 4044 2029 4114 ingenium
2075 4051 2198 4096 sunt
2219 4040 2486 4106 amissuri,
2533 4038 2874 4110 pertinaciter
2897 4045 3074 4108 agant.
3103 4045 3157 4091 et
3180 4052 3330 4107 qua:-

1753 4145 1874 4192 rant
1898 4136 2070 4205 potius
2095 4132 2223 4203 quid
2252 4132 2504 4187 adversus
2525 4132 2622 4185 ista
2663 4130 2859 4196 dicant,
2884 4128 3025 4200 quod
3075 4127 3240 4184 tardis
3279 4137 3338 4185 et

1757 4228 2035 4284 imbecillis
2054 4225 2207 4282 facile
2232 4223 2623 4295 persuadeatur,
2647 4236 2804 4293 quam
2829 4236 2949 4277 vera
2969 4234 3090 4277 esse
3110 4235 3338 4279 consen-

1758 4320 1909 4374 tiant.
1932 4318 2048 4373 Non
2066 4333 2149 4372 me
2169 4326 2342 4371 tamen
2363 4315 2638 4385 scripsisse
2657 4313 2936 4385 putuitebit
2951 4310 3091 4383 quod
3104 4321 3193 4366 aut
3207 4311 3328 4382 quis

1758 4426 1920 4481 quam
1941 4408 1994 4464 in
2031 4407 2180 4463 vobis
2208 4407 2416 4461 landum
2444 4419 2547 4459 non
2576 4405 2756 4475 iniquo
2779 4404 2979 4474 judicio
3000 4401 3325 4467 consideret,

1762 4511 2109 4570 vestrumque
2132 4499 2390 4568 relinquat
2411 4509 2683 4555 errorem:
2714 4503 2804 4549 aut
2827 4493 2964 4563 quod
2987 4493 3244 4564 ingeniosi
3284 4502 3342 4549 et

1764 4593 1876 4648 Deo
1900 4588 2120 4657 subditi,
2151 4598 2308 4659 atque
2333 4587 2506 4643 adhuc
2525 4588 2593 4642 ab
2608 4586 2787 4641 studio
2814 4592 2992 4640 vestro
3013 4584 3201 4655 integri
3218 4594 3344 4641 cum

1762 4683 2011 4753 legerint,
2042 4694 2147 4735 non
2175 4680 2384 4750 possint
2406 4678 2598 4733 vestris
2621 4674 3176 4748 semionibus'deeipi.

1769 4770 1996 4829 CAPUT
2034 4769 2120 4826 ιη.
2143 4800 2216 4811 -
2240 4769 2437 4823 Malum
2468 4770 2514 4823 si
2537 4768 2774 4838 deﬁnitur
2798 4768 2850 4821 id
2873 4783 2980 4822 esse
3005 4767 3145 4838 quod
3167 4774 3334 4835 uocet,

2053 4878 2117 4919 ea:
2141 4862 2237 4916 hoc
2262 4877 2436 4916 rursus
2456 4858 2731 4915 lauicluei
2753 4860 3087 4915 retineantur.
3318 4866 3325 4879 '

1842 4956 1897 5013 5.
1926 4957 2236 5025 Quaeramus
2254 4968 2381 5024 ergo
2405 4952 2503 5006 ista
2527 4952 2931 5023 diligentius,'et
2950 4962 3208 5023 quantum
3229 4952 3344 5009 lteri

1776 5057 1968 5120 potem,
2009 5048 2235 5119 planius.
2274 5045 2601 5115 Percnnct'
2625 5058 2721 5100 vos
2746 5044 2941 5100 iterum
2976 5042 3104 5116 quid
3139 5046 3213 5102 sit
3239 5058 3353 5100 ma-

1776 5140 1925 5195 lum?
1951 5140 2006 5195 Si
2031 5138 2292 5203 dixeritis,
2333 5136 2391 5191 id
2414 5136 2557 5206 quod
2582 5144 2776 5203 nocet;
2804 5150 2977 5206 neque
3003 5134 3089 5189 hic
3118 5134 3351 5189 mentie-

1780 5234 1929 5289 mini.
1964 5231 2094 5298 Sed,
2125 5245 2339 5302 quasso,
2378 5228 2815 5293 animadvertite;
2860 5232 3076 5298 quasso,
3106 5222 3353 5294 vigilate;

1797 5338 2001 5396 quaeso,
2027 5324 2276 5393 deponite
2301 5320 2473 5376 studia
2502 5319 2751 5391 partimn,
2772 5326 2828 5374 et
2852 5330 3055 5381 verum,
3085 5324 3194 5370 non
3237 5315 3361 5372 vin-

856 5490 859 5499 Ρ
1288 5437 1550 5476 Αωιοπιτιο
1580 5439 1635 5475 η

1746 5430 2112 5472 sententiosum.
2256 5448 2263 5459 ι
2298 5458 2299 5461 η
2625 5446 2629 5451 -
3214 5440 3223 5453 Α

158 5523 362 5577 conatus
380 5528 460 5575 est
478 5520 626 5584 (uber
647 5519 712 5569 de
736 5494 941 5584 moribus
950 5508 1459 5584 κωδφωηφλωω

104 5563 871 5647 ὦῶῇξῖξμδῇιέῇέῇ
884 5563 1348 5647 ἐξιξιῃιηθῐὶςιειιξὶΞ
1364 5582 1463 5647 ιιθο
1483 5570 1701 5647 θρίω]οη
1714 5575 1957 5627 conventu
1978 5574 2057 5614 itit.
2082 5572 2159 5612 PP.
2181 5563 2594 5614 hanciscauorum

105 5632 654 5719 @"a—Jnhnevapud
672 5648 803 5700 bov.,
826 5632 1070 5719 ppsuemo
1086 5644 1195 5682 cum
1214 5632 1595 5719 editionib‘tlts‘t-gr.
1618 5635 1671 5680 et
1684 5634 1793 5705 boy.

180 5693 687 5791 ῖῦτῆᾖᾶἷᾶὺῖὖιιιε
713 5693 1013 5844 ﬁdium
1040 5714 1139 5758 cas
1171 5710 1376 5756 omnes
1404 5693 1706 5754 editiones
1730 5693 1822 5755 ini

180 5801 394 5844 oratus-
801 5825 815 5840 .

110 5801 395 5854 moratas.

2613 5528 3362 5621 ἓίέῗὲἶὼἳῖέιίῐῖιῖὦῖιῖὲε

1834 5690 1923 5751 tio
1951 5685 2499 5751 Betractationum
2568 5686 2633 5747 et
2680 5674 3173 5753 Confessionum
3240 5692 3370 5741 nte-

169 5826 224 5852 υ1
380 5839 395 5852 .
729 5826 815 5844 η..
2846 5826 2850 5834 Α

169 5892 183 5963 ξ
207 5826 597 5963 ηέῒιιιᾳθξιιιε
790 5890 846 5936 At
866 5884 917 5933 in
935 5887 1044 5932 Mss.
1067 5887 1261 5941 septem
1276 5874 1510 5927 omittitur
1530 5886 1542 5922 :
1565 5870 1815 5926 rarissima
1831 5869 2011 5933 dicitis;
2033 5871 2082 5918 in
2098 5867 2206 5919 aliis
2226 5874 2431 5929 quatuor
2452 5866 2659 5915 habetur
2678 5876 2690 5913 :
2709 5859 2758 5915 si
2771 5858 2946 5923 dicitis,
2970 5858 3098 5924 quod
3112 5865 3197 5913 est
3211 5866 3378 5921 mm

110 5959 336 6017 naturam,
357 5950 600 6006 verissime
621 5945 796 6000 dicitis.
