3888 6400
565 503 697 569 1551

564 622 676 680 Nos
695 620 783 691 qui
808 628 933 674 aere
948 614 1193 674 vivimus,
1217 619 1270 665 et
1284 616 1427 665 terra
1443 616 1495 662 et
1511 621 1646 676 aqua
1673 603 1890 658 obrutos
1919 604 2139 653 necant:

567 712 972 775 innumerabilia
1000 721 1128 763 vero
1153 702 1438 760 animantia
1475 715 1570 769 per
1605 710 1819 752 arenam
1861 691 2141 747 laxiorem-

564 822 670 882 que
693 817 888 862 terram
912 798 1104 869 repunt
1130 795 1359 851 vitaliter
1385 792 1399 846 :'
1432 792 1605 861 pisces
1631 798 1807 842 autem
1824 785 1876 839 iu
1904 783 2143 837 hocaere

566 875 883 959 moriuntur.
915 892 1054 964 ignis
1090 903 1319 959 corpora
1340 893 1530 939 nostra
1553 878 1867 947 cci-ruinpit,
1896 875 1989 931 sed
2010 889 2141 930 ωη-

566 994 843 1049 venienter
883 985 1169 1047 adhibitus,
1208 988 1263 1035 et
1290 978 1511 1033 resumit
1538 991 1567 1027 a
1600 972 1816 1042 frigore,
1847 977 1901 1023 et
1929 967 2142 1022 morbos

568 1078 983 1141 innumerabiles
1020 1074 1186 1145 pellit.
1210 1070 1302 1127 Sol
1340 1070 1439 1124 iste
1480 1066 1564 1121 cui
1597 1079 1735 1135 genu
1764 1060 1995 1125 ﬂectitis,
2037 1069 2144 1127 quo

569 1190 693 1234 vero
716 1172 846 1230 nihil
870 1172 1006 1225 inter
1020 1165 1242 1222 visibilia
1267 1161 1534 1233 pulchrius
1553 1157 1837 1221 invenitur,
1850 1152 2144 1223 aquilarum

569 1269 754 1327 oculos
778 1271 1008 1333 vegetat,
1037 1268 1247 1314 nostros
1271 1253 1471 1311 sauciat
1498 1254 1766 1320 inspectus
1785 1256 1840 1303 et
1868 1247 2142 1302 tenebrat:

570 1361 663 1418 sed
685 1360 741 1414 ﬁt
767 1372 860 1430 per
884 1350 1319 1411 consuetudinem
1340 1356 1398 1401 ut
1418 1359 1516 1401 nos
1542 1357 1751 1415 quoque
1771 1343 1824 1396 in
1848 1336 1919 1395 'eo
1933 1341 2047 1395 sine
2064 1340 2146 1393 in—

570 1450 853 1511 commodo
878 1448 1044 1502 aciem
1075 1444 1311 1512 ﬁgamus.
1338 1438 1471 1492 Num
1514 1448 1639 1505 ergo
1679 1433 1852 1489 sinitis
1872 1443 1934 1487 ut
1960 1433 2033 1487 illi
2052 1445 2146 1487 ve-

571 1558 713 1601 neno
740 1556 861 1596 eum
883 1546 1273 1605 comparemus,
1296 1530 1434 1599 quod
1465 1526 1673 1581 mulieri
1693 1523 2000 1578 Atheniensi
2027 1536 2150 1577 con-

575 1634 804 1694 suetudo
835 1631 959 1686 fecit
990 1622 1295 1682 innoxium?
1331 1619 1597 1689 Respicite
1620 1631 1748 1687 ergo
1774 1614 2059 1684 aliquando
2095 1621 2151 1670 et

572 1728 855 1792 advertite,
881 1723 929 1778 si
952 1718 1244 1777 substantia
1276 1716 1380 1769 ulla
1412 1713 1608 1767 malum
1634 1720 1735 1773 est,
1760 1708 1877 1762 ideo
1900 1707 2038 1777 quod
2060 1706 2152 1761 lae-

574 1824 649 1880 dit
683 1820 911 1889 aliquem
933 1855 947 1878 ,
980 1814 1148 1868 lucem
1178 1820 1335 1879 quam
1364 1803 1537 1860 colitis
1559 1802 1631 1855 ab
1657 1800 1760 1854 hoc
1797 1799 2018 1853 crimine
2044 1811 2151 1851 non

572 1929 731 1988 posse
771 1906 1005 1966 defendi.
1033 1901 1380 1960 Considerate
1401 1897 1579 1967 potius
1606 1894 1742 1948 hanc
1770 1891 2149 1946 inconvenien-

573 1982 702 2066 tiam
746 2000 1044 2059 universale
1073 1995 1269 2053 malum
1309 2004 1447 2052 esse,
1485 2003 1580 2057 per
1607 2000 1764 2056 quam
1802 1985 1931 2040 solis
1973 1982 2153 2038 radius

578 2100 953 2158 tenebrascere
976 2092 1161 2149 oculos
1203 2089 1344 2152 facit,
1384 2101 1504 2140 cum
1534 2084 1615 2138 eis
1643 2081 1773 2136 nihil
1804 2080 1873 2134 sit
1908 2079 2028 2134 luce
2062 2077 2153 2147 ju-

575 2192 817 2252 cundius.

574 2280 802 2342 CAPUT
861 2278 952 2335 IX.
991 2304 1065 2320 —-—
1103 2275 1184 2330 Ne
1225 2274 1489 2327 consistere
1528 2267 1725 2340 quidem
1758 2263 2156 2319 Manichteomm

1001 2366 1198 2439 fabulas
1226 2365 1287 2417 de
1311 2362 1451 2416 bonis
1476 2368 1522 2413 et
1546 2358 1711 2411 uallis.

648 2466 737 2522 14.
765 2463 891 2519 llaec
915 2458 1058 2525 dixi,
1089 2466 1144 2512 ut
1161 2499 1174 2520 ,
1200 2456 1247 2510 si
1269 2455 1377 2508 lieri
1407 2453 1596 2521 potest,
1625 2446 1837 2501 tandem
1862 2444 2039 2499 dicere
2066 2441 2160 2497 de-

578 2558 763 2617 sinatis
783 2554 980 2609 tnalum
999 2566 1121 2606 esse
1150 2557 1348 2602 terram
1380 2560 1472 2612 per
1498 2543 1813 2594 immensum
1847 2537 2159 2607 profundam

576 2662 633 2708 et
653 2651 899 2719 longam;
930 2642 1124 2697 malum
1165 2652 1284 2693 esse
1327 2642 1557 2689 mentem
1590 2646 1682 2700 per
1719 2639 1913 2683 terram
1958 2641 2159 2695 vagan-

581 2755 724 2805 tem;
753 2716 963 2792 imalum
991 2744 1110 2788 esse
1134 2730 1365 2800 quinque
1390 2734 1538 2778 antra
1570 2723 1952 2776 elementorum
1974 2760 1989 2785 ,
2021 2716 2161 2771 aliud

581 2833 848 2897 tenebris;
882 2824 1024 2883 aliud
1054 2824 1236 2892 aquis,
1263 2818 1404 2874 aliud
1437 2817 1640 2880 ventis,
1664 2813 1804 2866 aliud
1845 2810 1980 2881 igni,
2022 2807 2162 2862 aliud

579 2932 728 2988 lumo
758 2916 1006 2997 plenum;
1037 2917 1234 2973 malum
1262 2928 1382 2968 esse
1419 2909 1663 2964 animalia
1710 2908 1761 2963 in
1802 2903 1905 2959 illis
1946 2900 2165 2972 singulis

582 3034 704 3082 nuta
744 2994 1058 3077 elementis,
1108 3008 1373 3079 serpentia
1420 3006 1472 3057 in
1518 3000 1785 3064 tenebris,
1835 2996 2066 3050 natantia
2110 2994 2165 3048 in

581 3115 766 3187 aquis,
800 3104 1028 3164 volatilia
1057 3104 1109 3157 in
1136 3100 1307 3156 ventis
1331 3139 1345 3161 ,
1373 3090 1729 3187 quadrupedia
1757 3090 1808 3187 in
1832 3088 1960 3187 igne
1973 3128 1988 3152 ,
2019 3084 2166 3153 bipe-

487 3193 498 3202 ’
582 3179 663 3263 dia
693 3207 746 3259 in
775 3202 941 3257 futuo.
983 3196 1105 3251 Hac
1133 3192 1277 3247 enim
1322 3189 1459 3242 sicut
1500 3202 1529 3238 a
1572 3184 1724 3238 vobis
1766 3179 2162 3242 describuntur,

584 3299 731 3356 nullo
761 3293 919 3349 modo
944 3303 1064 3345 esse
1091 3293 1370 3356 poterunt:
1393 3281 1642 3350 quoniam
1667 3274 1917 3345 quidquid
1941 3273 2044 3327 tale
2062 3279 2163 3337 est,

586 3391 639 3445 in
665 3393 916 3457 quantum
945 3388 1027 3435 est
1046 3418 1062 3443 ,
1093 3393 1123 3430 a
1150 3388 1357 3430 summo
1402 3372 1513 3424 Deo
1539 3369 1606 3421 sit
1639 3380 1857 3421 necesse
1885 3372 1997 3428 est,
2030 3378 2165 3432 quo—

585 3456 727 3536 niam
753 3476 804 3530 in
828 3480 1079 3544 quantum
1100 3474 1209 3527 est,
1237 3464 1419 3533 utique
1436 3462 1631 3516 bonum
1652 3467 1753 3515 est.
1771 3459 1825 3513 Si
1847 3459 1986 3511 enim
2017 3456 2169 3510 dolor

586 3581 642 3628 et
676 3564 1011 3623 imbecillitas
1036 3558 1228 3613 malum
1257 3564 1367 3615 est,
1398 3560 1549 3607 erant
1568 3551 1638 3605 ibi
1677 3549 1919 3603 animalia
1946 3547 1999 3601 itt
2023 3553 2168 3601 tanta

587 3658 825 3729 corporis
850 3654 1119 3713 ﬁrmitate,
1168 3657 1225 3702 ut
1265 3660 1450 3699 eorum
1492 3642 1761 3697 abortivos
1804 3639 1970 3705 fetus,
2018 3647 2166 3707 post-

587 3764 745 3824 quam
766 3750 833 3805 de
863 3748 944 3801 liis
972 3741 1263 3799 secundum
1290 3743 1517 3791 vestram
1545 3743 1745 3788 sectam
1775 3731 2059 3785 fabricatus
2087 3738 2170 3784 est

587 3823 834 3907 mundus,
856 3839 926 3894 de
944 3834 1080 3892 coelo
1100 3833 1152 3887 in
1184 3841 1380 3886 terram
1410 3825 1665 3881 cecidisse
1688 3832 1742 3877 et
1765 3823 1896 3876 mori
1928 3836 2031 3874 non
2071 3835 2167 3889 po-

587 3936 750 3993 tuisse
792 3931 1000 3988 dicatis.
1047 3928 1101 3983 Si
1145 3922 1357 3979 emt-itas
1407 3918 1603 3973 malum
1646 3924 1762 3980 est,
1808 3913 2093 3968 videbant:
2124 3910 2171 3967 si

588 4027 851 4092 surditas,
883 4021 1186 4077 audiebant.
1217 4015 1271 4071 Si
1300 4014 1667 4068 obmutescere
1702 4017 1794 4063 aut
1824 4015 2171 4070 mutum.esse

588 4120 785 4177 malum
829 4124 945 4179 est,
988 4125 1156 4182 usque
1187 4109 1320 4162 adeo
1360 4106 1761 4175 signataeatqne
1802 4100 2062 4154 distincta}
2099 4098 2170 4153 ibi

588 4217 925 4268 voces-erant
944 4246 959 4268 ,
1003 4211 1058 4257 ut
1085 4200 1338 4256 adversus
1380 4197 1548 4251 Deum
1574 4194 1770 4248 bellum
1794 4206 1979 4261 gerere
1998 4231 2013 4255 ,
2037 4190 2172 4245 sicut

589 4302 860 4367 asseritis,
889 4300 968 4354 eis
994 4296 1044 4349 in
1085 4292 1343 4348 concione
1381 4304 1486 4343 uno
1514 4285 1865 4357 persuadente
1893 4282 2167 4352 placuerit.

588 4395 644 4453 Si
672 4392 921 4449 sterilitas
957 4387 1151 4442 malum
1173 4392 1255 4437 est
1275 4423 1291 4455 ,
1313 4389 1428 4435 erat
1456 4379 1525 4432 ibi
1555 4378 1690 4431 ﬁlios
1716 4373 2029 4446 procreandi
2057 4387 2170 4426 ma-

588 4500 690 4559 gna
721 4480 1030 4539 fecunditas.
1059 4475 1117 4532 Si
1142 4474 1384 4529 exsilium
1413 4470 1608 4524 malum
1635 4477 1749 4531 est,
1799 4467 1850 4518 in
1895 4479 1988 4518 sua
2032 4472 2171 4518 terra

589 4588 773 4645 erant,
801 4586 1030 4638 suasque
1069 4569 1311 4640 regiones
1356 4563 1679 4619 incolebant.
1706 4559 1762 4615 Si
1794 4559 2017 4613 servitus
2054 4570 2169 4612 ma-

589 4672 699 4727 lutn
725 4678 806 4723 est
825 4708 840 4734 ,
872 4673 1024 4721 erant
1056 4661 1126 4715 ibi
1154 4659 1313 4715 etiam
1340 4656 1431 4727 qui
1468 4652 1789 4724 regnabant.’
1810 4652 1867 4705 Si
1894 4663 2036 4704 mors
2058 4661 2172 4703 ma—

591 4764 703 4820 lum
730 4767 812 4815 est
833 4800 849 4827 ,
876 4754 1141 4820 vivebant,
1172 4761 1226 4807 et
1250 4752 1319 4806 ita
1347 4740 1625 4814 vivebant,
1659 4754 1716 4801 ut
1743 4752 1973 4800 mentem
2002 4743 2171 4813 ipsam

591 4862 810 4924 prorsus
829 4890 844 4915 ,
882 4859 981 4901 nec
1007 4853 1125 4914 post
1153 4841 1427 4899 victoriam
1457 4837 1549 4893 Dei
1572 4878 1589 4905 ,
1616 4836 1726 4892 ullo
1751 4835 1908 4890 modo
1939 4846 2169 4903 unquam

590 4922 729 5001 mori
757 4950 912 5010 posse
936 4935 1249 5008 praedicetis.
1356 4930 1361 4941 '
1500 4962 1503 4969 .
1568 4956 1571 4965 ι
1718 4922 1775 4951 '-

566 5058 573 5059 ί
668 5033 752 5089 l5.
800 5030 924 5093 Cur,
966 5040 1179 5099 quasso,
1230 5025 1282 5077 in
1330 5035 1544 5104 ’Immu
1590 5019 1997 5075 maloinvenio'
2028 5024 2171 5071 tanta

589 5129 739 5185 bona
757 5126 837 5180 iis‘
850 5123 1003 5178 malis
1022 5164 1036 5188 ,
1065 5134 1187 5190 quae
1202 5114 1610 5172 commetmtravi
1631 5154 1645 5179 ,
1664 5113 1978 5169 contraria-1
1994 5112 2107 5167 ρΑυι
2122 5111 2172 5166 si

593 5221 710 5277 haec
739 5234 847 5275 non
872 5222 1009 5271 sunt
1045 5212 1213 5275 mala,
1244 5210 1421 5264 ullane
1462 5204 1693 5262 tandem‘
1742 5204 2067 5263 substantia,
2117 5204 2171 5258 in

594 5322 849 5385 quantum
875 5303 1167 5363 substantia
1208 5311 1320 5367 est,
1354 5302 1548 5355 malum
1578 5300 1714 5355 erit?
1738 5298 2027 5353 Simulum
2068 5296 2171 5350 im-

593 5404 854 5461 becillitas
877 5414 982 5455 non
1011 5407 1114 5462 est,
1139 5396 1407 5449 malumne
1435 5393 1539 5447 erit
1562 5406 1752 5461 corpus
1778 5389 2085 5445 inﬁrmum?
2113 5388 2170 5443 Si

594 5498 794 5554 malum
819 5494 1031 5549 caecitas
1058 5506 1162 5545 non
1197 5498 1278 5544 est
1296 5531 1310 5555 ,
1338 5488 1604 5543 malumne
1631 5492 1786 5539 erunt
1812 5484 2079 5539 tenebrze?
2114 5483 2173 5540 Si

596 5591 796 5647 malum
826 5585 1055 5642 surditas
1086 5597 1188 5636 non
1232 5592 1343 5643 est,
1394 5580 1658 5635 malumne
1702 5572 1803 5630 erit
1844 5575 2071 5630 Surdus?
2114 5574 2173 5631 Si

596 5678 796 5737 malum
834 5690 943 5731 non
984 5682 1066 5730 est
1116 5682 1317 5727 mutum
1366 5684 1519 5736 esse,
1562 5662 1827 5722 malumne
1852 5668 1951 5720 erit
1981 5667 2173 5735 piscis?

595 5770 653 5828 Si
701 5769 952 5825 sterilitas
982 5767 1179 5821 malum
1227 5780 1334 5820 non
1380 5772 1493 5830 est,
1543 5760 1806 5830 quomodo
1851 5760 2048 5814 malum
2093 5770 2174 5816 est

586 5862 794 5917 animal
823 5858 1045 5916 sterile?
1070 5858 1126 5913 Si
1154 5857 1397 5912 exsilium
1425 5855 1618 5909 malum
1646 5867 1750 5908 non
1778 5859 1882 5919 est,
1907 5853 2174 5923 quomodo

599 5951 795 6017 malum
841 5959 922 6009 est
966 5949 1160 6006 animal
1204 5948 1482 6015 exsulans,
1514 5946 1596 6003 vel
1627 5945 1817 6002 animal
1847 5946 1900 6002 in
1928 5946 2172 6004 exsilium

1439 484 1527 546 DE
1567 482 1863 544 MORIBUS
1901 424 2440 543 λιΑΝιειιέὲοιξυΜ,
2479 461 2536 529 s.
2578 467 2943 531 AUGUSTINI

2238 5318 2245 5323 '
2279 5300 2510 5358 tenebris
2540 5299 2649 5354 suis
2674 5296 2912 5351 viderent
2936 5291 3270 5364 purissimam
3290 5331 3305 5353 ,
3337 5303 3460 5358 qua
3484 5301 3514 5340 a
3541 5281 3676 5338 vobis
3694 5285 3795 5331 cum

3685 470 3809 532 £552

2246 597 2475 666 aliquem
2521 595 2771 650 mittens?
2799 594 2857 648 Si
2900 592 3126 649 servitus
3162 590 3364 648 malum
3408 605 3514 648 non
3540 596 3648 660 est,
3683 608 3803 664 quo-

2245 688 2405 745 modo
2471 688 2670 742 malum
2728 696 2810 742 est
2872 685 3068 741 animal
3130 685 3367 741 serviens
3395 724 3413 750 ,
3478 685 3563 740 vel
3624 688 3803 742 servire
3864 686 3865 701 ‘

2246 784 2548 856 quempiam
2611 795 2807 852 cogens
2864 779 2935 833 εἳ
2989 779 3044 834 Si
3096 793 3243 834 mors
3290 777 3489 833 malum
3543 791 3649 833 non
3705 789 3803 847 est,

2247 874 2514 949 quomodo
2560 874 2753 928 malum
2800 880 2885 928 est
2924 872 3115 928 animal
3163 869 3423 935 mortale,
3466 869 3547 925 vel
3591 867 3805 926 inferens
3864 882 3865 945 ᾖ

2248 972 2513 1028 mortem?
2539 970 2594 1026 Si
2618 985 2743 1024 vero
2765 968 2881 1024 haec
2908 966 3043 1024 mala
3062 975 3219 1032 sunt,
3243 963 3515 1036 quomodo
3539 979 3642 1019 non
3666 975 3804 1021 erunt

2248 1064 2386 1119 bona
2432 1063 2655 1119 ﬁrmitas
2682 1061 2953 1131 corporis,
2986 1059 3164 1126 visus,
3194 1058 3406 1113 auditus
3426 1098 3443 1124 ,
3480 1057 3673 1112 locutio
3699 1072 3802 1125 pcr-
3864 1092 3865 1101 η

2250 1155 2480 1211 suadens
2503 1196 2518 1221 ,
2549 1152 2836 1208 fecunditas
2855 1193 2869 1218 ,
2901 1151 3069 1206 solum
3099 1150 3364 1221 genitale,
3405 1147 3653 1211 libertas,
3680 1148 3798 1216 vita,

2250 1264 2368 1321 qute
2397 1248 2573 1303 omnia
2610 1247 2663 1301 in
2698 1247 2788 1301 illo
2822 1244 2949 1300 mali
2991 1258 3156 1315 regno
3199 1244 3362 1299 fuisse
3404 1240 3718 1313 perhibetis,
3756 1250 3800 1298 et

2252 1359 2517 1400 summum
2544 1342 2739 1396 malum
2764 1339 2969 1396 “audetis
2993 1338 3268 1394 asserere?

2323 1434 2408 1489 l6.
2443 1434 2717 1489 Postremo
2738 1432 2783 1486 si
2811 1429 2972 1505 (quod
2998 1430 3215 1485 omnino
3239 1442 3399 1485 nemo
3415 1442 3647 1500 unquam
3666 1444 3798 1500 ηει-
3864 1462 3865 1467 η

2252 1522 2347 1599 vit)
2397 1524 2816 1579 inconvenientia
2861 1523 3054 1577 malum
3094 1530 3207 1587 est,
3253 1520 3383 1592 quid
3432 1521 3796 1576 conveniendus

2253 1632 2409 1687 quam
2437 1616 2525 1669 illa
2554 1615 2665 1670 suis
2691 1615 2987 1685 quibusque
3018 1613 3334 1668 animalibus
3358 1612 3651 1679 elementa;
3677 1622 3799 1667 tene-

2255 1708 2363 1762 bras
2391 1707 2756 1777 serpentibus,
2792 1721 2942 1777 aqua:
2968 1706 3299 1769 natantibus,
3329 1703 3477 1760 venti
3498 1703 3794 1770 volantibus,

2254 1798 2393 1869 ignis
2416 1798 2780 1865 edacioribus,
2825 1798 3000 1851 fumus
3041 1794 3388 1851 elatioribus?
3433 1795 3595 1849 Tanta
3617 1797 3742 1851 enim
3774 1809 3798 1847 ε
3864 1812 3865 1871 ξ

2255 1892 2406 1947 vobis
2435 1893 2485 1945 in
2525 1891 2803 1946 discordia:
2825 1898 2983 1961 gente
3009 1888 3293 1944 concordia
3312 1929 3327 1953 ,
3357 1896 3409 1943 et
3435 1896 3606 1942 tantus
3625 1888 3673 1942 in
3696 1902 3798 1957 per-

2254 1983 2518 2038 versitatis
2541 1982 2669 2038 sede
2695 1960 3188 2037 ordodescribitur.
3217 1979 3277 2033 Si
3312 1978 3456 2046 quod
3498 1986 3676 2044 uocet,
3702 1993 3796 2032 uta-
3864 1960 3865 2023 Ῠ

2257 2076 2368 2131 lum
2398 2084 2480 2131 est
2499 2119 2513 2143 ,
2558 2075 2747 2131 omitto
2780 2074 2906 2130 illud
2937 2072 3353 2129 valentissimum
3379 2070 3519 2143 quod
3544 2084 3691 2141 supra
3727 2068 3797 2123 di-

2257 2180 2399 2226 ctum
2445 2179 2526 2225 est
2545 2210 2560 2235 ,
2608 2168 2789 2224 noceri
2820 2182 2923 2222 non
2953 2167 3221 2236 potuisse,
3253 2164 3339 2218 ubi
3370 2163 3565 2219 nullum
3592 2171 3697 2217 erat
3718 2161 3795 2215 hoc
3864 2188 3865 2193 η

2262 2276 2386 2317 num
2421 2279 2434 2315 :
2463 2259 2556 2316 scd
2586 2261 2630 2314 si
2655 2258 2756 2314 hoc
2783 2259 3064 2313 obscurum
3098 2265 3214 2318 est,
3242 2254 3371 2309 illud
3405 2264 3549 2310 certe
3586 2253 3797 2309 omnibus

2262 2353 2464 2407 eminet
2492 2361 2543 2407 et
2568 2357 2808 2421 apparet,
2838 2349 2978 2420 quia,
3010 2349 3151 2402 sicut
3175 2346 3305 2412 dixi,
3330 2356 3387 2402 et
3413 2354 3470 2400 ut
3489 2360 3665 2401 omnes
3687 2359 3797 2399 cou-

2261 2445 2517 2511 sentinnt,
2544 2443 2685 2514 quod
2714 2450 2870 2496 nocet
2906 2449 2990 2496 est
3018 2440 3213 2494 malum
3244 2457 3256 2490 :
3286 2437 3459 2493 fumus
3481 2438 3533 2492 in
3560 2439 3640 2492 illa
3664 2446 3801 2507 gente

2264 2538 2542 2607 bipedibus
2567 2536 2883 2591 animalibus
2911 2548 3016 2588 non
3041 2532 3301 2598 nocebat;
3323 2532 3493 2602 genuit
3515 2545 3592 2594 ea,
3619 2528 3801 2584 etaluit

2263 2639 2419 2700 atque
2447 2629 2697 2683 sustinuit
2737 2628 2851 2681 sine
2896 2625 3014 2680 labe
3056 2624 3357 2690 nascentia,
3395 2621 3690 2685 crmceutia,
3715 2634 3796 2674 reo
3864 2684 3865 2687 η

2265 2722 2496 2793 gnantia.
2529 2720 2680 2775 Nunc
2711 2734 2838 2773 vero
2869 2725 3143 2789 postquam
3189 2716 3408 2771 mixtum
3434 2721 3512 2769 est
3546 2712 3673 2767 malo
3708 2711 3797 2765 ιω.
3864 2716 3865 2761 1

2267 2827 2413 2876 num,
2441 2811 2716 2867 nocentior
2742 2811 2916 2865 fumus
2940 2808 3160 2864 ell‘ectus
3184 2817 3300 2874 est;
3333 2807 3405 2861 ita
3429 2814 3486 2861 ut
3510 2821 3537 2858 a
3565 2803 3704 2859 nobis
3724 2801 3800 2873 qui

2268 2915 2412 2959 certe
2440 2902 2658 2974 bipedes
2687 2918 2901 2968 sumus,
2934 2900 3189 2957 sustineri
3215 2914 3320 2955 non
3349 2897 3543 2970 possit,
3567 2905 3798 2962 excaecat,

2268 2997 2547 3069 opprimit,
2592 3003 2764 3050 necat.
2810 2994 3046 3049 Tantane
3088 2992 3244 3047 malis
3286 2989 3558 3046 elementa
3577 2987 3798 3043 commix-

2271 3088 2413 3143 tione
2452 3087 2577 3143 boni
2621 3087 2846 3142 accessit
2888 3084 3227 3139 immanitas?
3252 3091 3401 3138 tanta
3445 3081 3550 3137 Deo
3589 3085 3799 3152 regnante
3864 3098 3865 3125 ι

2270 3177 2624 3250 perversitas?
3864 3174 3865 3225 ξ

2340 3273 2428 3326 l7.
2458 3271 2615 3326 Certe
2660 3285 2757 3325 cur
2782 3270 2833 3323 in
2864 3268 3075 3324 cteteris
3096 3265 3338 3323 videmus
3368 3267 3523 3322 istam
3546 3276 3796 3333 cottgmen-

2272 3364 2396 3418 tiam
2415 3404 2428 3427 ,
2470 3378 2588 3433 quze
2617 3370 2889 3416 auctorem
2917 3368 3150 3415 vestrum
3180 3357 3391 3428 decepit
3412 3364 3566 3428 atque
3588 3352 3730 3410 illexit
3747 3349 3800 3403 ad

2270 3454 2635 3526 componenda
2677 3453 2989 3510 mendacia?
3029 3452 3157 3518 Cur,
3201 3452 3449 3521 inquam,
3480 3448 3803 3503 tenebram-

2271 3548 2549 3620 pentibus,
2596 3562 2747 3620 aqua:
2798 3545 3133 3611 natantibus,
3177 3544 3328 3599 venti
3369 3540 3656 3597 volantibus
3702 3552 3802 3593 cou-
3864 3530 3865 3607 1

2271 3618 2502 3713 gruum;
2554 3618 2950 3711 quadrupedem
2977 3653 3105 3694 vero
3146 3637 3286 3708 ignis
3332 3634 3597 3699 incendit,
3642 3640 3691 3686 et
3726 3643 3800 3682 nos
3864 3618 3865 3685 Ῐ

2274 3734 2449 3788 fumus
2478 3732 2707 3788 otl‘ocat?
2730 3731 2867 3800 Quid
2895 3730 3036 3802 quod
3062 3731 3221 3785 etiam
3248 3737 3529 3800 serpentes
3548 3723 3800 3781 acutissime
3864 3734 3865 3743 η

2275 3827 2485 3894 vident,
2548 3834 2604 3881 et
2654 3825 2935 3897 praesentia
2982 3823 3111 3879 solis
3162 3823 3463 3889 exsultant,
3508 3819 3669 3890 ibique
3707 3820 3801 3869 sunt

2273 3917 2716 3985 abundantiores,
2764 3916 2851 3970 ubi
2895 3930 2988 3970 aer
3033 3913 3277 3969 serenior
3314 3910 3578 3968 dil'iicilius
3600 3917 3648 3965 et
3666 3905 3801 3962 rarius

2274 4009 2469 4065 nubem
2495 4006 2798 4063 contrahit?
2838 4004 2975 4073 Quid
3001 4003 3281 4060 absurdius
3301 4044 3318 4068 ,
3347 4016 3506 4073 quam
3531 4000 3599 4055 ibi
3619 4007 3802 4054 esscac-
3864 4054 3865 4063 χ

2278 4100 2667 4157 commodatius
2694 4109 2749 4155 et
2769 4098 2940 4169 aptius
2964 4097 3165 4152 incolas
3203 4102 3577 4163 amatoresque
3593 4087 3798 4145 tenebra-

2276 4211 2423 4259 rum,
2476 4195 2563 4249 ubi
2613 4193 2744 4249 lucis
2794 4190 3163 4262 perspicuitate
3189 4186 3485 4258 gaudeturi
3507 4181 3647 4252 Quod
3670 4181 3707 4235 si
3731 4191 3801 4231 eos
3864 4176 3865 4235 Ῑ

2278 4287 2453 4343 dicitis
2484 4286 2737 4343 delectari
2770 4285 2943 4355 potius
2980 4282 3155 4338 calore
3202 4294 3362 4351 quam
3410 4278 3633 4341 lumine,
3671 4269 3803 4327 multo
3848 4270 3866 4355 ψ

2276 4378 2652 4449 congruentius
2702 4376 2753 4431 in
2800 4376 2921 4446 igne
2962 4381 3237 4443 serpentes
3259 4371 3464 4425 alacres
3486 4374 3655 4430 natos,
3681 4371 3802 4431 quam

2278 4474 2482 4528 tardum
2513 4473 2717 4527 asinum
2743 4468 2991 4525 diceretis
3023 4485 3036 4520 :
3063 4474 3117 4521 et
3144 4474 3322 4520 tamen
3347 4464 3451 4519 luci
3482 4460 3595 4516 huic
3616 4455 3805 4511 amicam

2277 4565 2516 4637 aspidem
2545 4565 2660 4634 quis
2711 4570 2899 4631 neget,
2949 4574 3069 4614 cum
3117 4557 3234 4626 ejus
3283 4555 3428 4611 oculi
3463 4549 3638 4622 aquilze
3666 4542 3807 4637 oculis

2277 4633 2690 4728 comparentur?
2731 4653 2834 4710 Sed
2877 4652 2944 4707 de
2974 4651 3154 4707 bestiis
3179 4648 3391 4703 videro.
3422 4645 3527 4701 Nos
3548 4633 3803 4728 ipsum!»

2278 4766 2452 4817 secro,
2480 4748 2877 4805 consideremus
2902 4744 3017 4800 sine
3041 4741 3329 4814 pertinacia
3346 4780 3362 4808 ,
3391 4748 3445 4795 et
3475 4734 3673 4792 tandem
3691 4727 3805 4817 fabu-

2276 4842 2340 4897 lis
2377 4841 2527 4895 vanis
2566 4850 2620 4894 et
2655 4835 2961 4908 perniciosis
3001 4835 3233 4888 animum
3260 4842 3540 4885 exuamus.
3560 4824 3679 4894 Quis
3696 4815 3799 4874 enim

2274 4943 2472 4990 tantam
2497 4932 2897 5003 perversitatem
2928 4927 3083 4992 ferat,
3102 4910 3200 4995 qua
3222 4922 3421 4978 dicitur
3444 4922 3499 4976 in
3520 4917 3800 5003 tettebﬂrlltﬂ

2276 5038 2466 5097 gente,
2500 4999 2599 5079 icui
2646 5021 2773 5077 nihil
2824 5019 3116 5075 admixtum
3155 5023 3281 5071 erat
3322 5014 3571 5074 luminis,
3605 4999 3801 5097 auiunlia

2278 5090 2484 5186 bipedia
2512 5125 2618 5168 tam
2646 5112 2878 5171 ﬁrmam,
2920 5119 3027 5163 tam
3056 5115 3292 5176 vegetam
3314 5145 3329 5170 ,
3374 5112 3484 5158 tam
3523 5099 3724 5167 denique
3742 5090 3802 5186 ill‘

2275 5209 2580 5267 credibilem
2611 5207 2716 5260 vim
2760 5203 3008 5258 habuisse
3037 5202 3089 5254 in
3133 5197 3413 5253 oculorum
3438 5194 3580 5258 acie,
3623 5194 3675 5244 ut
3703 5179 3798 5239 etin

3861 4270 3866 4361 τ

2278 5394 2578 5452 mendatur,
2601 5402 2887 5460 regnorum
2910 5384 3006 5440 Dei
3028 5383 3197 5437 lucem
3221 5378 3506 5450 (siquidem
3533 5374 3665 5430 illam
3679 5366 3795 5425 etiam

2277 5486 2469 5540 talibus
2492 5481 2752 5537 visibilem
2780 5478 2942 5532 fuisse
2971 5473 3185 5546 vultis),
3210 5480 3268 5543 et
3293 5468 3624 5538 aspicerent.
3642 5466 3795 5517 etim

2279 5578 2604 5640 sidcrareut,
2638 5582 2692 5628 et
2717 5570 3124 5627 delectarentur,
3154 5572 3209 5619 et
3230 5564 3549 5632 appeterent
3581 5573 3597 5611 :

2278 5679 2451 5725 autem
2473 5666 2654 5723 oculos
2666 5659 3040 5718 commixtione
3066 5654 3195 5711 lucis
3211 5695 3227 5722 ,
3253 5648 3627 5708 commixtione
3648 5644 3796 5699 suam

2797 5871 2870 5935 ex
2890 5879 3057 5934 codice
3072 5871 3474 5940 Regio-Icum

2341 5823 3059 5921 miserescite-aa

2276 5950 2463 6004 behicis
2483 5950 2762 6013 adiecimus.
