3824 6296
161 499 305 558 1553

147 619 308 685 boni,
341 619 720 676 commixtione
744 610 972 688 denique
1014 615 1108 672 Dei
1157 626 1262 671 tam
1311 615 1584 680 infirmos,
1625 614 1732 669 tam

145 704 442 766 imbecillos
463 725 585 766 esse
609 708 873 775 redditos,
904 716 962 763 ut
1002 722 1174 778 neque
1218 705 1502 778 quidquam
1548 705 1730 764 vidca-

147 818 266 858 mus
294 804 348 858 in
378 803 642 866 tenebris,
672 811 728 858 et
754 800 884 856 solis
904 811 1175 872 aspectum
1220 799 1367 855 nullo
1411 798 1570 856 modo
1595 800 1732 854 ferre

145 896 446 965 possimus,
477 905 638 966 atque
684 893 807 949 inde
844 893 1118 960 conversi,
1149 892 1308 948 etiam
1337 906 1457 963 qua:
1499 908 1530 947 a
1577 890 1731 947 nobis

144 987 369 1041 vidchan
377 997 480 1053 tur,
505 985 846 1056 quaeramus?
1505 1037 1510 1042 .

213 1078 304 1133 18.
356 1077 484 1132 Haec
529 1077 633 1132 dici
681 1085 930 1148 possunt,
971 1077 1132 1132 etiam
1161 1076 1207 1131 si
1235 1075 1505 1144 corruptio
1531 1074 1726 1129 malum

139 1176 253 1232 est,
293 1166 436 1238 quod
462 1181 613 1237 aeque
637 1181 796 1221 nemo
821 1166 1037 1236 ambigit
1062 1183 1075 1219 :
1110 1181 1213 1220 non
1239 1165 1380 1220 enim
1407 1175 1530 1219 tunc
1553 1164 1728 1220 fumus

142 1259 520 1327 corrumpebat
558 1273 728 1317 genus
766 1258 1103 1319 animalium.
1134 1257 1274 1322 quod
1301 1258 1460 1312 modo
1487 1271 1727 1312 corrum-

148 1351 236 1418 pit.
271 1349 339 1405 Et
365 1365 432 1406 ne
459 1365 674 1420 pergam
703 1365 800 1420 per
827 1351 1029 1421 singula
1053 1390 1072 1419 ,
1101 1350 1244 1422 quod
1289 1351 1504 1420 longum
1548 1360 1631 1406 est
1671 1359 1726 1406 et

150 1457 246 1497 non
296 1456 691 1506 necessarium,
739 1457 908 1508 usque
948 1443 1080 1498 adeo
1123 1442 1299 1497 minus
1344 1450 1497 1497 erant
1529 1457 1722 1500 corru-

149 1535 308 1602 ptioni
336 1533 565 1588 obnoxia
583 1573 597 1596 ,
628 1549 748 1604 qua:
777 1533 847 1589 ibi
883 1533 1167 1589 animantia
1197 1533 1359 1588 fuisse
1387 1534 1684 1604 conlingitis
1703 1575 1719 1600 ,

150 1633 204 1680 ut
225 1625 446 1680 abortivi
473 1640 662 1680 eorum
707 1625 851 1681 fetus
889 1625 1120 1680 nondum
1146 1624 1213 1680 ad
1252 1627 1574 1680 nascendum
1606 1625 1721 1680 ido-

150 1719 230 1774 nei
251 1757 267 1780 .
293 1718 361 1773 de
383 1718 522 1774 calo
548 1721 600 1772 in
621 1727 818 1774 terram
847 1718 1189 1788 praecipitati,
1216 1729 1268 1772 et
1294 1718 1470 1773 vivere
1488 1759 1504 1778 ,
1544 1727 1598 1771 et
1636 1717 1719 1787 gi-

153 1822 346 1878 gnere,
373 1819 429 1864 et
467 1823 654 1862 rursus
677 1808 959 1877 conjurare
983 1807 1282 1878 potuerint,
1316 1808 1569 1862 habentes
1615 1807 1720 1860 uti-

154 1915 246 1971 que
267 1901 538 1970 pristinam
569 1900 872 1954 firmitatem
898 1941 914 1963 ,
953 1899 1078 1971 quia
1115 1901 1224 1969 jam
1253 1908 1405 1954 erant
1428 1899 1670 1968 concepti
1700 1901 1717 1930 ⁸

154 2002 264 2046 ante
301 1993 732 2047 commixtionem
777 1992 901 2047 boni
941 2003 995 2048 et
1036 1992 1204 2047 mali:
1247 2007 1370 2046 nam
1407 2004 1526 2062 post
1564 1993 1718 2048 istam

154 2083 530 2137 eonctetionem
556 2098 676 2153 qua:
704 2082 772 2138 de
819 2082 885 2138 iis
927 2094 1049 2138 nata
1094 2092 1245 2150 sunt,
1293 2099 1355 2138 ea
1396 2084 1570 2138 dicitis
1598 2099 1719 2140 esse

144 2172 380 2227 animalia
401 2213 417 2240 ,
443 2189 564 2245 qua:
595 2189 734 2229 nunc
755 2175 1114 2230 infirmissima
1135 2185 1188 2229 et
1213 2173 1369 2228 facile
1392 2175 1717 2244 corruptioni

141 2263 378 2320 cedentia
416 2265 658 2320 videmus
684 2283 700 2321 :
731 2267 851 2336 quis
898 2264 1039 2321 hunc
1063 2266 1262 2321 diutius
1292 2267 1522 2322 tolerare
1554 2267 1718 2337 possit

141 2368 373 2410 errorem
397 2396 414 2420 ,
442 2356 544 2411 nisi
579 2356 672 2427 qui
697 2367 789 2410 aut
814 2357 914 2412 ista
946 2371 1050 2412 non
1080 2357 1252 2422 videt,
1279 2365 1370 2412 aut
1403 2357 1583 2413 nescio
1613 2372 1716 2428 qua

142 2447 434 2504 incredibili
492 2450 876 2504 consuetudine
934 2464 997 2504 ac
1048 2448 1399 2504 familiaritate
1447 2449 1716 2504 vobiscum

139 2552 317 2594 comm
342 2554 532 2594 omnes
558 2540 726 2594 moles
753 2539 976 2594 rationis
1004 2538 1286 2593 oliduruit?

138 2630 358 2688 CAPUT
377 2630 443 2686 Χ.
471 2661 542 2672 -
567 2630 688 2685 Tria
711 2632 973 2702 signacula
998 2647 1194 2684 morum
1222 2648 1254 2683 a
1282 2629 1577 2686 Manicth
1597 2648 1713 2701 per-

659 2737 832 2791 peram
859 2723 1156 2790 excogitata.

218 2812 297 2868 l9.
325 2812 426 2868 Sed
450 2813 702 2883 quoniam
727 2812 935 2867 ostendi
956 2854 972 2878 ,
1002 2821 1058 2866 ut
1087 2813 1334 2878 arbitror,
1375 2812 1444 2867 de
1484 2812 1634 2867 bonis
1660 2822 1714 2868 et

137 2903 292 2959 malis
315 2905 682 2975 generalibus,
731 2905 784 2958 in
829 2905 1038 2974 quantis
1070 2905 1302 2960 tenebris
1329 2914 1382 2959 et
1423 2906 1476 2959 in
1521 2916 1712 2975 quanta

132 2995 358 3051 falsitate
380 2998 702 3063 versamini;
734 3012 874 3052 nunc
895 2997 1163 3052 videamus
1185 2997 1280 3051 tria
1311 2998 1397 3052 illa
1422 2999 1708 3068 signacula,

131 3101 257 3157 quae
282 3087 328 3142 in
354 3087 543 3143 vestris
571 3089 803 3143 moribus
837 3104 1023 3159 magna
1061 3088 1216 3143 laude
1249 3103 1313 3144 ac
1340 3091 1711 3159 pnrdicatione

131 3179 353 3249 iactatis.
381 3179 510 3248 Quae
535 3189 658 3234 sunt
687 3179 897 3236 tandem
934 3181 1031 3234 ista
1061 3181 1366 3250 signacula?
1388 3181 1506 3236 Oris
1530 3182 1673 3238 certe
1691 3225 1707 3250 ,

131 3279 206 3325 et
221 3285 475 3338 manuum,
506 3281 561 3327 et
586 3271 752 3327 sinus.
781 3272 918 3339 Quid
949 3271 1192 3328 esthoc?
1221 3272 1285 3328 Ut
1303 3288 1416 3340 ore,
1440 3274 1626 3344 inquit,
1657 3283 1711 3330 et

130 3363 373 3419 manibus
394 3406 410 3432 ,
440 3373 496 3418 et
522 3365 641 3420 sinu
667 3375 850 3420 castus
871 3373 925 3421 et
954 3365 1204 3420 innocens
1229 3365 1298 3421 sit
1327 3366 1502 3421 homo.
1536 3367 1671 3435 Quid
1690 3409 1705 3434 ,

130 3452 194 3506 si
217 3453 368 3510 Oculis
386 3495 400 3517 ,
431 3455 684 3522 auribus,
713 3455 931 3510 naribus
959 3456 1172 3524 peccet?
1201 3456 1325 3526 quid
1349 3499 1364 3524 ,
1391 3458 1436 3512 si
1476 3458 1709 3534 calcibus

130 3543 396 3600 hominem
436 3544 667 3616 affligat,
713 3546 794 3601 vel
839 3547 997 3600 etiam
1025 3546 1219 3602 necet?
1244 3547 1520 3612 Quomodo
1549 3549 1711 3616 istum.

131 3636 422 3691 tenebimus
443 3654 625 3701 reum,
653 3637 740 3706 qui
770 3653 870 3694 nec
893 3653 1016 3700 ore,
1046 3654 1145 3692 nec
1165 3639 1407 3693 mnibus
1425 3680 1440 3702 ,
1473 3655 1572 3694 nec
1591 3641 1706 3695 sinu

128 3726 403 3795 peccavit?
438 3729 543 3784 Sed
567 3743 691 3783 cum
719 3743 814 3796 os,
847 3729 1049 3800 inquit,
1081 3731 1331 3794 nomino,
1373 3745 1559 3785 onmes
1587 3747 1710 3786 sen-

127 3832 232 3873 sus
251 3821 332 3891 qui
351 3829 477 3876 sunt
501 3825 551 3875 in
573 3821 745 3891 capite
763 3863 779 3887 ,
812 3822 1029 3892 intelligi
1053 3823 1206 3888 volo;
1235 3839 1355 3878 cum
1384 3834 1560 3880 autem
1590 3840 1707 3880 ina-

126 3927 259 3968 num
277 3955 290 3978 ,
319 3930 531 3969 omnem
553 3916 954 3982 operationem;
998 3930 1118 3971 cum
1159 3917 1332 3970 sinum
1354 3957 1370 3979 ,
1398 3931 1609 3971 omnem
1640 3916 1706 3972 li-

122 4003 358 4059 bidinem
407 4005 740 4062 seminalem.
784 4006 902 4073 Quo
931 4022 1058 4076 ergo
1085 4008 1242 4062 vultis
1283 4009 1548 4077 pertinere
1592 4007 1706 4062 bla-

124 4097 433 4167 βοειθωίεεῖ
457 4097 523 4152 ad
550 4111 612 4152 os
634 4138 650 4164 ,
675 4112 743 4153 an
782 4098 848 4152 ad
879 4099 1128 4154 manum?
1158 4097 1256 4154 Est
1293 4099 1434 4152 enim
1471 4098 1710 4168 operatio

124 4191 231 4246 ista
257 4205 349 4261 per
375 4190 630 4261 linguam.
677 4191 854 4262 Itaque
883 4191 928 4246 si
973 4205 1077 4245 uno
1112 4205 1311 4262 genere
1345 4192 1707 4260 Operatioiiem

127 4298 345 4339 omnem
370 4283 686 4339 ooncluditis
707 4326 725 4350 ,
751 4299 852 4339 cur
873 4282 1235 4354 operationem
1264 4283 1454 4353 pedum
1483 4282 1707 4353 conjun-

121 4375 250 4446 gitis
275 4375 546 4442 manibus,
578 4376 771 4447 lingua:
789 4373 1083 4447 separatis?
1103 4376 1184 4430 An
1204 4417 1220 4440 ,
1251 4375 1372 4445 quia
1393 4374 1568 4445 lingua
1593 4389 1709 4430 ver-

126 4468 210 4525 bis
235 4468 501 4540 significat
531 4467 748 4540 aliquid,
771 4482 888 4524 eam
911 4467 1070 4522 vultis
1104 4466 1379 4538 seiungere
1405 4466 1473 4522 ab
1498 4482 1560 4522 ea
1583 4481 1710 4536 ope-

123 4561 336 4617 ratione
359 4575 478 4630 quae
507 4573 615 4614 non
637 4557 964 4630 significandi
994 4557 1161 4628 gratia
1189 4556 1277 4622 fit;
1307 4557 1376 4611 ita
1405 4564 1462 4611 ut
1484 4556 1706 4611 definia-

122 4661 214 4710 tur
239 4652 569 4724 signaculum
598 4667 882 4718 manuum,
926 4651 994 4706 ab
1029 4651 1337 4722 operatione
1379 4651 1551 4716 mala,
1589 4667 1709 4722 qua:

123 4760 233 4801 non
259 4743 590 4815 signiﬁcandi
617 4757 776 4798 causa
803 4751 922 4811 est,
944 4743 1306 4799 continentia?
1339 4742 1444 4800 Sed
1469 4743 1594 4814 quid
1632 4743 1709 4800 fa-

119 4835 260 4891 cturi
288 4834 450 4898 estis,
480 4834 526 4890 si
555 4833 675 4905 quis
711 4844 895 4904 peccet
918 4834 1260 4906 significando
1295 4834 1493 4906 aliquid
1535 4835 1706 4892 mani-

118 4926 222 4983 bus
239 4967 256 4992 ,
289 4935 348 4980 ut
377 4925 435 4979 fit
459 4940 580 4980 cum
610 4924 894 4980 scribimus
912 4966 928 4992 ,
959 4926 1041 4980 vel
1066 4933 1217 4997 gestu
1241 4925 1435 4997 aliquid
1453 4927 1592 4997 quod
1620 4925 1705 4981 in-

120 5015 393 5086 telligatur
433 5014 800 5072 ostendimus?
848 5015 950 5071 hoc
995 5016 1136 5072 enim
1181 5016 1261 5071 ori
1308 5026 1467 5088 atque
1515 5017 1708 5087 lingum

119 5107 361 5165 tribuere
386 5123 490 5163 non
533 5108 788 5178 potestis,
821 5108 941 5177 quia
987 5107 1230 5163 manibus
1269 5108 1345 5162 fit.
1384 5107 1521 5177 Quid
1565 5108 1706 5164 enim

117 5199 424 5266 absurdius,
450 5215 610 5271 quam
639 5208 696 5254 ut
719 5215 839 5255 cum
872 5200 968 5253 tria
995 5199 1238 5254 dicantur
1256 5199 1542 5271 signacula,
1572 5200 1702 5265 oris,

117 5307 376 5347 manuum
399 5333 414 5357 ,
444 5302 499 5348 et
527 5293 703 5356 sinus,
743 5290 984 5361 quicdam
1033 5299 1246 5363 peccata
1287 5291 1613 5362 deprehensa
1653 5292 1706 5348 in

117 5383 368 5461 manibus
394 5383 692 5440 tribuantur
712 5383 835 5440 ori?
881 5382 938 5438 Si
979 5393 1154 5438 autem
1180 5383 1418 5454 operatio
1443 5383 1707 5455 generalis

119 5477 369 5531 manibus
387 5475 563 5544 datur,
594 5492 714 5548 quae
741 5475 950 5531 tandem
975 5475 1111 5531 ratio
1130 5485 1210 5531 est
1233 5475 1422 5546 pedum
1444 5476 1708 5546 operatio-

120 5581 239 5621 nem
275 5565 399 5621 huic
425 5567 622 5622 addere
640 5609 657 5635 ,
689 5567 879 5638 linguai
901 5583 1006 5622 non
1027 5566 1262 5622 addere?
1286 5567 1554 5624 Videtisne
1574 5583 1708 5639 quo-

123 5659 285 5714 modo
315 5660 564 5715 novitatis
591 5660 845 5730 appetitio
867 5660 1063 5716 comite
1084 5675 1267 5715 errore
1288 5659 1338 5716 iu
1370 5675 1584 5731 magnas
1607 5659 1703 5717 de-

121 5750 347 5806 ducatur
388 5752 698 5822 angustias?
730 5752 922 5809 Tribus
959 5769 1185 5823 namque
1231 5754 1346 5809 istis
1384 5754 1702 5826 signaculis,

179 5866 193 5895 ι
223 5861 370 5921 Editi,
393 5862 610 5934 guajam
628 5869 768 5915 eram
787 5863 1016 5930 mepti.
1042 5865 1267 5916 Undecim
1284 5873 1414 5929 Mss,
1448 5864 1562 5930 quia
1602 5873 1708 5917 For—

119 5928 569 5987 teanpro,inqua.
930 5928 938 5930 “
1056 5970 1066 5976 .
1227 5971 1240 5987 ,

353 6067 356 6072 .
401 6009 628 6074 Sauc'r.
669 6013 940 6075 Ancusr.
970 6017 1020 6078 Ι.

1467 490 1669 553 LlBER
1705 494 2081 557 SECUNDUS.

3281 509 3417 568 1354

1842 629 1964 684 qua:
1983 629 2115 670 nova
2133 617 2356 687 quadam
2373 617 2630 676 divisione
2647 622 2962 690 praedicatis,
2980 624 3244 694 quomodo
3261 626 3418 682 inclu-

1839 702 1976 759 datis
1995 705 2227 761 omnium
2250 719 2581 778 peccatorum
2620 714 2983 783 purgationem
3013 730 3116 769 non
3146 716 3413 772 invenitis.

1836 790 2060 849 CAPUT
2088 793 2178 850 XI.
2195 826 2264 837 —
2279 797 2612 869 Signaculum
2635 802 2737 856 oris
2758 804 2904 868 quale
2922 805 3060 872 apud
3080 805 3131 856 Μ
3136 807 3410 873 anicluros,

1956 885 2043 954 qui
2067 885 2387 955 blasphemia:
2435 890 2489 943 in
2515 889 2678 944 Deum
2703 893 2775 945 rei
2799 909 2906 947 esse
2923 895 3299 947 convincuntur.

1904 971 1994 1029 20.
2036 974 2142 1029 Sed
2171 977 2386 1032 dividite
2415 988 2471 1034 ut
2505 981 2697 1048 vultis,
2739 984 3126 1052 praztermittitc
3160 987 3412 1055 quidquid

1834 1066 1993 1121 vultis
2021 1085 2034 1121 :
2066 1083 2128 1123 ea
2152 1084 2270 1139 quae
2298 1073 2526 1128 maxime
2549 1073 2731 1129 soletis
2773 1077 3150 1131 commendare
3168 1119 3183 1140 ,
3212 1087 3409 1134 tracte-

1835 1171 1973 1211 mus.
2021 1159 2101 1212 Ad
2142 1159 2253 1214 oris
2281 1161 2419 1215 enim
2461 1164 2784 1232 signaculum
2819 1165 2995 1222 dicitis
3025 1169 3319 1238 pertinere,
3345 1171 3412 1224 ab

1831 1252 1976 1306 omni
2023 1254 2300 1309 continere
2341 1253 2684 1324 blasphemia.
2712 1258 2804 1312 Est
2830 1271 3002 1314 autem
3048 1261 3410 1329 bl:ISphenlla,

1829 1354 1950 1395 cum
1978 1343 2152 1414 aliqua
2182 1345 2321 1398 mala
2347 1344 2597 1399 dicuntur
2621 1346 2688 1402 de
2717 1347 2887 1403 bouis.
2918 1350 3095 1420 Itaque
3117 1351 3226 1420 jam
3254 1353 3411 1422 vulgo

1829 1432 2154 1503 blaSpliemia
2183 1449 2290 1490 non
2317 1437 2595 1506 accipitur,
2624 1438 2721 1492 nisi
2754 1440 2887 1493 mala
2913 1443 3071 1495 verba
3099 1442 3164 1495 de
3196 1444 3303 1497 Deo
3331 1445 3412 1496 di-

1828 1537 1990 1581 cere:
2019 1525 2087 1581 de
2133 1525 2433 1582 hominibus
2476 1544 2702 1598 namque
2745 1529 2973 1586 dubitari
3018 1541 3220 1600 potest;
3270 1533 3411 1591 Deus

1828 1629 1954 1670 vero
1982 1616 2096 1670 sine
2119 1618 2479 1673 controversia
2512 1619 2680 1673 bonus
2700 1629 2803 1674 est.
2833 1618 2886 1673 Si
2919 1634 3044 1690 ergo
3074 1623 3206 1676 ratio
3228 1624 3412 1677 convi-

1826 1705 1991 1771 cerit,
2017 1706 2282 1762 neminem
2325 1708 2393 1762 de
2436 1708 2544 1763 Deo
2571 1710 2751 1778 pejora
2777 1724 2936 1778 quam
2967 1724 3060 1764 vos
3085 1710 3260 1766 dicere
3277 1751 3295 1778 ,
3321 1711 3412 1766 ubi

1825 1797 1926 1848 erit
1952 1797 2293 1852 memorabile
2325 1798 2435 1853 oris
2468 1799 2832 1870 signaculum?
2865 1802 3026 1856 Docet
3065 1803 3206 1856 enim
3238 1804 3408 1867 ratio,

1823 1899 1926 1941 nec
1965 1900 2094 1942 sane
2137 1888 2443 1957 recondita,
2485 1890 2578 1945 sed
2605 1892 2656 1944 in
2685 1902 2926 1959 promptu
2954 1893 3052 1946 sita
3091 1902 3145 1947 et
3172 1894 3412 1961 exposita

1823 1980 2060 2032 omnium
2091 1980 2409 2047 intellectui,
2442 1982 2535 2036 sed
2575 1984 2770 2037 invicta
2795 1992 2850 2036 ct
2882 1998 2946 2038 eo
2982 1983 3226 2038 invictior
3266 1984 3411 2054 quod

1823 2082 1939 2122 eam
1977 2085 2134 2124 nemo
2159 2071 2404 2140 ignorare
2441 2072 2780 2141 permittitur,
2813 2073 2976 2127 Deum
3015 2089 3134 2129 esse
3169 2075 3411 2132 incorru-

1822 2158 2094 2227 ptibilem,
2145 2161 2668 2228 iucommutabileu‘i,
2721 2164 3102 2226 inviolabilem,
3150 2149 3204 2219 in
3248 2182 3410 2236 quem

1822 2249 1962 2302 nulla
2014 2250 2337 2320 indigentia,
2390 2253 2530 2306 nulla
2575 2252 2939 2319 imbecillitas,
2994 2254 3136 2308 nulla
3194 2257 3409 2312 miscria

1821 2339 2012 2394 cadere
2051 2342 2237 2410 p0ssit.
2279 2341 2452 2413 Usque
2492 2343 2626 2398 adeo
2660 2353 2834 2398 autem
2873 2346 2972 2399 ista
3015 2346 3187 2400 omnis
3229 2348 3408 2403 anima

1820 2432 2095 2487 rationalis
2123 2436 2477 2491 communiter
2517 2437 2706 2504 sentit,
2739 2446 2794 2491 ut
2829 2439 2986 2492 etiam
3024 2454 3117 2493 vos
3157 2454 3277 2494 cum
3323 2439 3408 2494 di-

1820 2533 2031 2589 cuntur,
2060 2528 2325 2582 annuatis.

1887 2613 1978 2670 21.
2006 2617 2112 2672 Sed
2165 2634 2286 2673 cum
2351 2618 2558 2674 fabulas
2601 2629 2803 2675 vestras
2846 2637 3058 2676 narrare
3112 2624 3401 2692 cmperitis,

1818 2713 1872 2758 et
1896 2708 2319 2777 corruptibilem,
2347 2721 2402 2763 et
2423 2709 2874 2776 commutabilem,
2899 2719 2952 2765 cl
3003 2712 3324 2778 violabilem,
3347 2725 3404 2771 et

1818 2795 2121 2867 indigentia:
2169 2800 2492 2867 obnoxium,
2550 2811 2605 2856 et
2648 2803 3064 2858 imbecillitatem
3114 2804 3402 2860 admitten-

1820 2896 1944 2952 tem,
1971 2900 2024 2943 et
2060 2905 2091 2944 a
2132 2892 2346 2945 miseria
2400 2908 2506 2946 non
2552 2901 2724 2947 tutum
2761 2894 2925 2947 Deum
2979 2895 3111 2948 mira
3163 2898 3403 2954 excitate

1817 2981 2047 3048 possessi
2077 2983 2344 3049 suadetis,
2382 2992 2437 3039 et
2487 2984 2618 3039 mira
2668 2985 2908 3040 excitate
2939 2989 3200 3055 possessis
3238 2991 3402 3045 etiam

1814 3070 2162 3137 persuadens,
2198 3074 2370 3144 Atque
2417 3073 2518 3128 hoc
2558 3091 2742 3145 parum
2782 3087 2864 3130 est
2903 3093 2913 3128 :
2946 3093 3050 3131 non
3098 3080 3238 3133 enim
3281 3095 3403 3134 cor-

1814 3161 2116 3229 ruptibilem
2163 3171 2368 3218 tantum
2420 3165 2586 3221 Deum
2645 3165 2856 3234 dicitis,
2904 3167 2996 3221 sed
3058 3179 3399 3239 corruptum;

1814 3265 1914 3304 nec
1939 3260 1993 3306 et
2016 3254 2467 3322 commutabilem,
2495 3255 2590 3311 sed
2610 3265 3022 3324 commutatum;
3052 3275 3151 3314 nec
3177 3261 3401 3316 violabi-

1815 3338 1942 3404 lem,
1969 3341 2064 3395 sed
2088 3342 2376 3409 violatum;
2407 3359 2506 3400 nec
2549 3346 2636 3415 qui
2679 3348 2848 3419 possit
2884 3347 3223 3418 indigentiam
3266 3352 3399 3419 pati,

1814 3432 1906 3485 sed
1933 3431 2284 3503 indigentem;
2311 3451 2410 3491 nec
2445 3436 2498 3490 in
2527 3452 2683 3507 quem
2715 3453 2901 3493 casura
2926 3441 3015 3506 sit,
3044 3442 3138 3496 sed
3164 3443 3214 3496 iu
3240 3459 3403 3513 quem

1813 3523 2066 3578 ceciderit
2107 3526 2466 3594 imbecillitas;
2496 3545 2594 3584 nec
2634 3531 2721 3600 qui
2763 3533 2923 3587 miser
2947 3549 3065 3589 ese
3089 3537 3272 3604 possit,
3305 3538 3403 3593 sed

1814 3617 2088 3670 miserum.
2121 3618 2366 3673 Animam
2394 3621 2585 3691 quippe
2629 3624 2788 3676 Deum
2827 3639 2948 3678 esse
2970 3625 3144 3680 dicitis
3174 3627 3254 3682 vel
3276 3642 3400 3697 par-

1815 3714 1919 3761 tem
1952 3707 2062 3763 Dei.
2095 3708 2206 3764 Nec
2229 3710 2384 3766 video
2409 3713 2676 3781 quomodo
2707 3714 2846 3769 Deus
2875 3731 2978 3770 non
3006 3717 3094 3784 sit,
3122 3733 3240 3787 qua:
3275 3735 3400 3786 pars

1815 3796 1907 3852 Dei
1929 3798 2152 3854 dicitur:
2179 3816 2300 3854 nam
2327 3810 2380 3856 et
2402 3802 2515 3855 auri
2544 3819 2665 3872 pars
2692 3818 2896 3870 aurmu,
2918 3814 2971 3859 et
2990 3808 3191 3875 argenti
3213 3822 3396 3877 argen-

1743 3911 1746 3914 ~
1815 3890 2208 3960 tum,ctlapidis
2222 3891 2373 3960 lapis;
2388 3902 2461 3956 et,
2475 3894 2607 3945 utad
2623 3891 2945 3962 haecmajura
2961 3896 3251 3962 veniamus,
3269 3912 3396 3966 pars

1814 3986 1968 4032 terra:
1990 3988 2132 4034 terra
2161 3988 2261 4043 est.
2294 3991 2348 4035 et
2372 3998 2523 4051 aqua:
2552 3997 2673 4052 pars
2697 3998 2852 4052 aqua,
2883 3992 2935 4037 rt
2961 3987 3101 4040 aeris
3124 4001 3235 4052 aer,
3266 3998 3319 4042 ct
3345 3991 3395 4046 si

1813 4070 1936 4139 quid
1979 4070 2047 4126 de
2085 4072 2203 4141 igne
2245 4073 2557 4137 detraxeris,
2591 4075 2762 4144 ignem
2792 4090 2912 4130 esse
2946 4092 3051 4131 non
3079 4078 3312 4149 negabis,
3339 4091 3396 4137 et

1813 4161 2060 4231 quislibet
2102 4178 2225 4231 pars
2255 4164 2387 4218 lucis
2430 4163 2556 4217 nihil
2587 4172 2759 4234 potest
2782 4181 2899 4221 esse
2927 4166 3067 4221 aliud
3093 4183 3249 4237 quam
3276 4170 3389 4226 lux.

1814 4252 1920 4306 Cur
1946 4267 2072 4322 ergo
2115 4268 2238 4323 pars
2283 4253 2376 4308 Dei
2410 4271 2514 4308 non
2555 4256 2656 4309 erit
2688 4255 2856 4309 licus?
2882 4257 2963 4310 An
2989 4257 3265 4312 articulata
3296 4261 3393 4318 Dei

1813 4341 1982 4398 forma
2003 4357 2084 4400 est
2103 4346 2282 4410 ‘,sicut
2305 4345 2558 4413 hominis,
2577 4347 3001 4420 reliquorumque
3016 4351 3391 4409 animantium?
3423 4407 3426 4410 ,

1814 4453 1935 4492 nam
1965 4453 2088 4509 pars
2114 4439 2342 4494 hominis
2366 4455 2470 4496 non
2499 4451 2580 4496 est
2606 4439 2784 4496 homo.

1882 4529 1974 4582 22.
2002 4530 2105 4586 Sed
2131 4529 2196 4584 ad
2223 4531 2510 4601 quamlibet
2531 4532 2750 4586 istarum
2766 4533 3072 4603 Opinionum
3097 4535 3388 4608 descendo,
3423 4595 3425 4602 ,

1813 4633 1868 4681 et
1911 4626 2218 4696 singillatim
2248 4636 2523 4696 utramque
2550 4625 2848 4682 considero.
2879 4626 3010 4682 Nam
3047 4629 3092 4684 si
3121 4629 3285 4686 Deum
3317 4633 3392 4691 ita

1812 4730 1932 4770 esse
1963 4716 2120 4770 vultis
2144 4727 2199 4770 ut
2220 4716 2414 4783 lucem,
2442 4699 2686 4770 recusare
2712 4730 2818 4771 non
2848 4719 3066 4788 potestis
3089 4720 3252 4775 Deum
3270 4739 3391 4780 esse

1810 4810 2037 4880 aliquam
2061 4819 2261 4880 partem
2279 4809 2389 4866 Dei.
2410 4807 2783 4877 Quamobrem,
2802 4825 2922 4865 cum
2937 4820 3139 4880 partem
3162 4813 3254 4870 Dci
3271 4831 3391 4872 esse

1812 4901 2039 4955 animam
2071 4899 2261 4965 dicitis,
2292 4916 2448 4970 quam
2477 4914 2584 4954 non
2613 4900 2816 4970 negatis
2838 4911 2892 4956 et
2919 4914 3220 4974 corruptam
3247 4921 3390 4973 esse,

1812 5005 1930 5062 qua:
1955 4991 2113 5045 stulta
2142 5001 2256 5056 est;
2285 5000 2340 5047 et
2367 4999 2764 5058 commutatam,
2793 5009 2912 5064 quae
2937 4997 3145 5066 sapiens
3174 4996 3300 5061 fuit;
3331 5008 3390 5055 et

1812 5082 2077 5146 violatam,
2102 5097 2218 5154 quin
2256 5084 2522 5153 propriam
2566 5085 2939 5152 perfectionem
2982 5102 3086 5140 non
3126 5086 3310 5152 habet;
3333 5098 3387 5142 ct

1813 5174 2154 5244 indigentem,
2177 5190 2295 5245 quae
2323 5175 2491 5245 poscit
2518 5176 2807 5242 auxilium;
2834 5186 2890 5232 et
2914 5177 3248 5242 imbecillam,
3267 5194 3386 5247 qua:

1813 5266 2070 5321 medicina
2087 5275 2225 5338 eget;
2242 5277 2294 5322 et
2320 5267 2591 5332 miseram,
2618 5285 2734 5338 qua:
2762 5269 2916 5325 beata
2943 5283 3059 5323 esse
3079 5267 3382 5326 desiderat:

1812 5358 1927 5415 haec
1950 5359 2125 5415 omnia
2154 5360 2206 5414 in
2244 5360 2408 5417 Deum
2434 5362 2690 5434 sacrilega
2715 5362 2960 5432 Opinione
2993 5359 3258 5415 confertis.
3281 5362 3388 5417 Aut

1811 5451 1856 5505 si
1877 5467 1982 5506 non
2003 5451 2294 5508 conceditis
2311 5452 2424 5508 haec
2446 5453 2514 5509 de
2532 5454 2725 5514 anima,
2743 5465 2843 5505 nec
2867 5449 3090 5520 Spiritus
3101 5461 3182 5507 est
3199 5468 3388 5509 neces-

1811 5544 1982 5600 sarius
2000 5546 2022 5577 ³
2040 5587 2056 5612 ,
2084 5545 2175 5616 (ιυί
2198 5545 2428 5600 animam
2451 5545 2503 5600 in
2525 5547 2795 5600 veritatem
2815 5541 3048 5612 inducat,
3075 5544 3196 5615 quia
3223 5546 3390 5603 stulta

1874 5681 2572 5750 ξιικθεὶωείαιιώθιφρ

1873 5745 2021 5806 mss.
2043 5738 2252 5806 septem,
2275 5738 3390 5806 nequpostolus'estneeessarias.sliiodd.,nec

1811 5805 1895 5871 Spi
1919 5804 2014 5857 itus
2034 5800 2431 5871 “(necessariiij
2451 5808 2589 5871 Forte
2606 5800 2935 5871 utrumquead
2955 5808 3145 5871 textum
3154 5804 3388 5871 pertinet.

1810 5863 2006 5920 notatur
2029 5869 2159 5916 enim
2181 5865 2490 5923 manichaeus,
2509 5865 2592 5926 qui
2624 5863 2822 5926 apostoli
2844 5864 2938 5914 sibi
2960 5863 3167 5926 malum
3185 5864 3391 5916 vindica-

1815 5931 1917 5991 bat,
1942 5943 2005 5981 ex
2024 5927 2147 5977 libro
2165 5927 2229 5978 de
2247 5926 2454 5977 Moribus
2469 5925 2592 5978 Eccl.
2622 5925 2729 5990 cap.
2751 5925 2831 5986 33,
2855 5939 2904 5975 η.
2928 5925 3018 5989 72;
3041 5926 3225 5991 quique
3246 5927 3389 5990 Spiri.

2531 6014 3149 6093 {Qitm'arztc—trots.)
