3888 6434
358 552 490 617 1359

354 679 571 732 Domino
601 661 907 722 manducat;
934 654 1124 727 gratias
1157 652 1291 704 enim
1330 648 1433 719 agit
1459 645 1589 699 Deo.
1616 642 1683 697 Et
1721 641 1938 732 quirnoii

355 731 663 826 manducet,
692 754 911 810 Domino
950 761 1051 799 non
1073 746 1364 803 manducat,
1381 748 1427 791 et
1464 736 1655 807 gratias
1677 733 1781 803 agit
1806 731 1935 785 Dio.

364 855 526 913 Nemo
550 853 683 909 enim
710 859 935 903 nastruni
960 842 1055 896 sibi
1074 838 1209 903 vivit,
1228 845 1432 889 etneiiio
1455 831 1551 886 sibi
1575 839 1803 881 moritur.
1820 834 1939 878 Sive

359 964 489 1003 enm
516 946 748 1009 vivimus,
780 937 997 993 Domino
1017 932 1262 991 vivimus;
1301 940 1403 979 sive
1426 936 1691 985 morimur,
1718 916 1938 1009 Domino

357 1041 621 1095 morimur.
653 1036 773 1089 Sive
794 1030 929 1085 enim
954 1026 1182 1086 vivimus,
1203 1022 1305 1072 sive
1337 1015 1603 1079 morimur,
1621 1008 1829 1063 Domini
1849 1022 1937 1060 su-

354 1148 485 1190 mus.
506 1129 536 1185 Ι
542 1147 573 1184 ii
592 1129 686 1182 hoc
696 1124 828 1178 enim
851 1119 1079 1174 Christus
1104 1124 1147 1166 et
1166 1110 1284 1164 vixit
1304 1111 1344 1175 ί,
1364 1116 1410 1160 et
1424 1115 1648 1159 mortuus
1671 1112 1764 1162 est,
1796 1109 1843 1152 et
1856 1113 1939 1151 re-

354 1222 593 1284 surrean't,
611 1228 663 1271 ut
680 1226 725 1269 et
745 1215 964 1266 vivorum
983 1218 1028 1261 et
1046 1213 1352 1258 mortuorum
1363 1197 1665 1250 dominetur.
1680 1191 1759 1245 Tu
1774 1200 1943 1243 autent

354 1310 694 1384 c'itidjudicas
712 1312 920 1376 fratrem
946 1300 1119 1351 tuum?
1138 1304 1221 1347 aut
1250 1305 1303 1344 tu
1327 1303 1482 1361 quare
1508 1292 1703 1356 spernis
1733 1293 1943 1383 fratrem

358 1376 544 1461 inani?
562 1405 747 1456 Unities
761 1412 893 1450 en.ni
913 1391 1155 1446 stabimus
1178 1396 1293 1439 ante
1310 1382 1527 1436 tribunal
1545 1378 1663 1431 Dei.
1680 1377 1944 1444 Scriptum

358 1507 433 1554 est
462 1510 595 1550 enim
623 1491 759 1565 (ιω.
783 1500 913 1551 xcv,
940 1483 1034 1546 25,
1061 1479 1157 1549 24)
1187 1494 1201 1531 :
1235 1475 1354 1528 Vivo
1383 1489 1495 1543 ego,
1521 1469 1642 1566 dicit
1664 1467 1940 1566 Dominus,

357 1588 596 1660 quoniam
625 1559 747 1635 mihi
771 1579 999 1648 [lectetur
1031 1585 1175 1624 omne
1193 1581 1344 1638 genu,
1372 1572 1417 1616 et
1442 1559 1756 1629 confitebitur
1783 1559 1947 1656 omnis

359 1657 534 1753 lingua
563 1676 690 1729 Deo.
735 1672 918 1738 Itaque
945 1663 1282 1753 unusquisque
1319 1664 1547 1753 nostrum
1576 1666 1667 1753 pro
1790 1657 1947 1701 ratio-

360 1740 477 1829 nem
496 1769 667 1824 reddet
688 1762 818 1817 Deo.
840 1758 888 1813 Ν
897 1774 962 1812 on
976 1772 1093 1825 ergo
1110 1750 1331 1819 amplius
1354 1740 1948 1835 invicemdijudicemus,

362 1862 453 1917 sed
485 1860 580 1911 hoc
605 1854 837 1927 judicate
862 1847 1052 1917 magis,
1084 1858 1145 1896 ne
1173 1838 1371 1911 ponatis
1413 1829 1774 1927 offendiculuni

362 1914 442 2008 vel
454 1914 772 2006 scandalum.
794 1942 918 1997 Scio
937 1914 983 1992 et
1004 1936 1206 2003 confido
1222 1932 1273 1983 in
1291 1927 1511 1981 Domino
1527 1922 1558 1977 J
1566 1938 1673 1988 esu,
1689 1914 1806 1991 quia
1822 1914 1950 1971 nihil

364 2053 625 2098 commune
642 2049 729 2105 per
757 2034 946 2103 ipsum,
963 2026 1059 2080 nisi
1089 2026 1131 2078 ei
1148 2022 1235 2093 qui
1258 2018 1510 2073 existimat
1536 2014 1658 2084 quid
1693 2022 1953 2063 commune

363 2150 489 2200 esse,
514 2129 591 2185 illi
605 2138 869 2183 commune
890 2129 983 2175 est.
1011 2117 1072 2172 Si
1093 2116 1226 2170 enim
1250 2122 1456 2182 propter
1476 2106 1641 2159 cibum
1657 2108 1817 2200 frater
1837 2110 1954 2200 tuus

366 2188 715 2284 conlristatur,
735 2231 833 2270 non
841 2214 955 2286 jam
967 2210 1242 2264 secundum
1257 2204 1548 2256 churitatem
1563 2195 1811 2249 ambulas.
1827 2188 1954 2248 Noli

366 2320 475 2372 cibo
500 2326 585 2371 tuo
613 2312 820 2386 perdere
844 2308 1012 2371 illum,
1055 2316 1146 2371 pro
1188 2314 1285 2369 quo
1328 2293 1556 2389 Christus
1593 2298 1821 2342 mortuus
1858 2292 1951 2338 est.

371 2411 419 2466 Ν
427 2428 494 2465 οη
512 2382 632 2479 ergo
650 2406 1022 2473 blaspliemeiur
1038 2398 1223 2448 bonum
1238 2398 1484 2441 nostrum.
1504 2382 1555 2435 Ν
1562 2397 1626 2435 on
1647 2389 1721 2433 est
1742 2390 1955 2479 regnum

371 2503 466 2558 Dei
506 2469 622 2555 esca
660 2506 707 2551 et
742 2469 911 2567 potus,
942 2486 1031 2542 sed
1062 2483 1263 2556 justitia
1304 2488 1349 2532 et
1388 2490 1491 2546 pax
1532 2482 1586 2567 et
1615 2469 1860 2567 gaudium
1901 2469 1957 2519 in

371 2596 571 2666 Spiritu
614 2562 807 2645 sancto.
853 2581 954 2649 Qui
981 2579 1113 2633 enim
1142 2577 1195 2627 in
1235 2573 1328 2625 hoc
1359 2568 1509 2622 servit
1548 2562 1957 2669 Cliristopplacet

374 2660 504 2757 Deo,
535 2696 580 2741 et
610 2685 848 2756 probatus
878 2685 949 2731 est
982 2668 1285 2726 hominibus.
1329 2668 1509 2761 Itaque
1673 2660 1813 2729 pacis

374 2744 638 2844 sectemur,
671 2784 717 2828 et
743 2785 858 2845 quis
896 2768 1247 2835 ludificationis
1288 2765 1404 2812 sunt
1448 2755 1503 2807 in
1552 2752 1783 2805 invicem.
1832 2744 1959 2845 Noli

372 2882 580 2945 prapter
596 2837 768 2923 escam
788 2865 1041 2917 destruere
1067 2871 1193 2926 Opus
1210 2850 1326 2905 Dei.
1351 2847 1535 2902 Omnia
1548 2844 1751 2916 quidem
1770 2837 1960 2945 munda

375 2932 514 3032 iuni,
535 2963 623 3018 sed
651 2960 845 3015 malum
864 2965 937 3010 est
963 2951 1153 3006 honuni
1174 2947 1258 3019 qui
1277 2960 1368 3017 per
1387 2940 1715 3009 offensionem
1739 2932 1957 3032 mandu-

378 3064 478 3110 cat.
500 3026 709 3108 'Bonuin
744 3058 815 3102 est
863 3060 964 3099 non
1004 3042 1309 3094 manducare
1333 3046 1557 3096 carnem,
1587 3038 1632 3081 et
1666 3041 1766 3079 non
1798 3026 1961 3076 bibere

378 3151 567 3211 vinum,
594 3158 750 3213 neque
777 3142 831 3194 in
858 3116 957 3209 quo
986 3142 1144 3207 frater
1173 3142 1286 3185 tuus
1309 3125 1604 3194 offenditur,
1634 3129 1720 3172 aut
1740 3114 1959 3173 scanda-

377 3244 581 3305 lisatur,
620 3246 709 3290 aut
747 3233 1059 3301 infirmatur.
1102 3224 1179 3278 Tu
1218 3220 1369 3291 fidem
1402 3216 1551 3270 habes
1590 3226 1740 3285 penes
1785 3218 1958 3262 temet-

380 3335 566 3403 ipsum,
610 3328 735 3381 habe
776 3338 949 3377 corani
992 3318 1123 3371 Deo.
1168 3314 1353 3367 Beatus
1393 3310 1479 3379 qui
1516 3324 1617 3360 non
1643 3304 1851 3404 judicat.
1883 3315 1963 3403 se:

384 3401 657 3491 inetipsuni
705 3419 757 3470 in
791 3430 849 3468 eo
881 3412 1015 3483 quod
1043 3409 1240 3479 probat.
1289 3403 1389 3469 Qui
1431 3410 1599 3453 autem
1637 3401 1893 3491 discernit,
1918 3401 1965 3446 si

382 3484 755 3571 manducauerit
804 3506 1072 3557 damnatus
1120 3507 1215 3563 est,
1250 3496 1371 3567 quia
1406 3508 1507 3546 non
1541 3504 1603 3543 ea:
1638 3490 1759 3558 fide.
1803 3484 1965 3539 Omne

383 3615 552 3661 autem
579 3601 714 3672 quod
739 3614 839 3651 non
864 3606 1023 3649 estea:
1052 3591 1173 3661 fide,
1197 3597 1455 3660 peccatum
1483 3592 1577 3638 est.
1602 3581 1849 3681 Debemus
1867 3593 1961 3630 ait-

384 3712 483 3753 tem
510 3710 600 3748 nos
627 3691 875 3761 firmiores
901 3684 1264 3738 inibecittitates
1287 3678 1607 3746 infirmorum
1636 3678 1894 3735 sustinere,
1918 3678 1967 3723 et

383 3808 487 3847 non
526 3786 667 3842 nobis
705 3786 923 3855 placere.
969 3774 1318 3843 Unusquisque
1350 3779 1577 3822 nostrum
1614 3780 1843 3834 proximo
1874 3775 1967 3816 suo

386 3886 582 3955 placeat
606 3880 658 3931 in
680 3854 887 3938 bonum,
913 3870 978 3924 ad
1014 3868 1400 3935 (edificauonem
1431 3861 1473 3912 ³.
1505 3858 1712 3913 Etenim
1739 3854 1967 3910 Christus

391 3948 495 4031 to.
510 3948 612 4028 sibi
639 3968 826 4042 placuit
852 3964 1029 4035 illam.
1055 3974 1163 4024 ιιν,
1194 3965 1240 4011 et
1268 3969 1357 4050 xy,
1384 3952 1517 4050 1-5).
1764 4040 1776 4050 ⁸

460 4069 549 4124 55.
599 4068 809 4119 Satisne
848 4063 1068 4127 apparet
1096 4049 1409 4121 Apustolum
1439 4044 1517 4100 eis
1551 4044 1869 4114 praecepisse
1912 4045 1972 4093 ut

386 4174 580 4219 carnes
605 4171 707 4211 non
738 4150 1141 4209 manducarent,
1173 4154 1346 4212 neque
1376 4140 1556 4192 vinum
1585 4135 1827 4189 biberent
1854 4129 1972 4201 qui-

388 4265 617 4321 cumque
662 4244 923 4300 ﬁrmiores
964 4245 1166 4303 essent,
1194 4249 1315 4303 quia
1346 4233 1585 4285 inﬁrmos
1634 4222 1972 4327 oﬁendebant

392 4362 501 4404 non
537 4343 616 4400 eis
656 4333 1022 4408 congiueudo,
1047 4340 1102 4386 et
1124 4328 1387 4383 iaciebant
1416 4332 1472 4377 ut
1494 4327 1741 4393 putarent
1763 4332 1857 4372 eos
1879 4331 1971 4388 qui

390 4441 495 4497 ﬁde
520 4436 697 4494 omnia
723 4430 917 4487 munda
939 4424 1266 4498 judicabant,
1297 4420 1349 4473 in
1369 4418 1682 4486 obsequium
1708 4411 1970 4467 idolorum

391 4550 422 4588 ε
449 4533 637 4587 talibus
655 4526 827 4597 epulis
850 4532 905 4577 et
928 4528 1057 4591 potu
1083 4515 1223 4570 nolle
1250 4510 1548 4566 abstinere?
1566 4505 1687 4605 5100
1712 4504 1973 4605 signiﬁcat

394 4636 447 4678 et
475 4625 541 4676 ad
570 4595 876 4675 Corinthios
913 4612 1017 4666 hoc
1044 4607 1206 4664 modo
1238 4602 1478 4659 scribens
1509 4615 1523 4651 :
1549 4595 1630 4694 De
1657 4595 1973 4694 escis

394 4716 757 4780 sacrificiorum
782 4720 897 4777 quae
929 4702 1081 4756 idolis
1110 4696 1459 4757 immolantur,
1488 4690 1673 4744 scimus
1701 4686 1820 4780 quia
1845 4682 1973 4738 nihil

400 4817 470 4860 est
509 4803 701 4855 idolum
730 4800 784 4851 in
812 4797 1018 4857 mundo,
1049 4803 1095 4848 et
1118 4788 1253 4862 quod
1295 4786 1464 4839 nullus
1509 4781 1648 4835 Deus
1689 4779 1786 4832 nisi
1821 4791 1969 4830 unus.

365 4908 369 4913 ‘
400 4896 542 4952 Nam
572 4893 661 4946 etsi
695 4898 809 4944 sunt
836 4889 919 4957 qui
949 4890 1181 4941 dicantur
1212 4880 1307 4947 dii,
1350 4879 1451 4931 sive
1490 4876 1545 4929 in
1587 4871 1732 4939 caelo,
1771 4871 1874 4925 sive
1918 4869 1974 4923 in

398 5005 568 5053 terra;
602 4986 744 5039 nobis
773 4994 938 5035 tamen
971 4995 1100 5033 unus
1124 4974 1264 5029 Deus
1292 4971 1467 5033 Pater,
1491 4984 1553 5022 ea:
1576 4984 1675 5037 quo
1709 4963 1899 5027 omnia,
1927 4972 1973 5016 et

396 5103 486 5140 nos
514 5085 569 5135 in
595 5081 707 5146 illo,
748 5085 795 5131 et
831 5090 961 5127 unus
1002 5070 1248 5125 Dominus
1268 5065 1420 5120 Jesus
1444 5062 1690 5123 Christus,
1715 5075 1804 5130 per
1826 5073 1975 5129 quem

405 5176 596 5240 omnia,
619 5184 663 5228 et
690 5185 782 5226 nos
806 5183 894 5241 per
917 5167 1103 5235 ipsum.
1148 5162 1252 5216 Sed
1277 5175 1377 5213 non
1400 5157 1453 5211 in
1473 5153 1702 5211 omnibus
1724 5162 1797 5208 est
1816 5156 1975 5207 scien-

400 5273 491 5324 tia.
522 5267 743 5333 Quidam
784 5269 951 5316 autem
988 5258 1041 5310 in
1076 5253 1375 5309 conscientia
1411 5266 1503 5303 sua
1530 5264 1690 5319 usque
1721 5245 1888 5300 adhuc
1921 5249 1976 5298 in

398 5363 560 5418 idolio
585 5361 727 5434 quasi
752 5354 1088 5424 idololhylum
1117 5347 1442 5413 manducaui,
1484 5354 1531 5400 et
1560 5342 1861 5399 conscientia
1886 5356 1974 5395 eo-

401 5472 516 5513 rum
545 5470 659 5507 cum
686 5452 749 5505 sit
766 5450 1009 5517 infirma,
1039 5441 1350 5515 inquinatur.
1396 5437 1529 5493 Esca
1557 5448 1721 5490 autem
1749 5450 1839 5489 nos
1876 5449 1978 5487 non

397 5546 709 5601 commendat
736 5542 864 5596 Deo.
894 5537 1074 5609 Neque
1093 5536 1224 5591 enim
1247 5535 1289 5587 si
1316 5532 1797 5593 nianducaverinius,
1820 5528 1979 5581 abun-

400 5640 666 5702 dabinius;
715 5648 871 5698 neque
911 5633 954 5687 si
998 5646 1099 5684 non
1142 5623 1629 5687 manducaverimus,
1666 5620 1975 5689 deficiemus.

414 5733 588 5789 Videte
624 5743 790 5787 autem
817 5746 879 5786 ne
907 5734 1035 5803 forte
1064 5726 1171 5782 haec
1202 5724 1400 5779 licentia
1437 5729 1597 5773 vestra
1621 5714 1979 5783 off'endiculuin

467 5890 486 5919 ι
508 5887 647 5946 miti,
666 5894 711 5937 et
729 5886 857 5938 vit-it.
879 5892 1008 5944 uss”
1029 5889 1076 5934 et
1096 5882 1215 5934 vixit
1237 5894 1255 5932 :
1278 5893 1420 5944 porro
1455 5883 1683 5927 neutrum
1703 5876 1782 5926 hic
1815 5874 1909 5926 loci
1930 5875 1981 5926 in

401 5949 555 6011 agis
567 5950 813 5996 taediantis
830 5953 1111 6011 repetiturg
1136 6005 1145 6011 _
1512 6000 1541 6011 ..

470 6008 492 6038 ³
507 6011 615 6059 Ἀει-
632 6019 826 6067 novem,
844 6003 1027 6068 placeat
1047 6005 1111 6053 ad
1131 6005 1295 6053 bonum
1314 6003 1691 6067 aedificandum.

1204 526 1293 593 DE
1331 528 1632 591 ueniens
1671 524 2216 594 mmemeouuu,
2254 524 2315 583 s.
2354 510 2721 582 AUGUSTINI

3484 514 3640 587 isse

2044 643 2134 710 fiat
2166 638 2406 708 inﬁrmis.
2439 639 2497 693 Si
2520 640 2653 693 enim
2678 639 2792 707 quis
2824 637 3002 693 viderit
3039 648 3151 694 eum
3173 647 3263 712 qui
3282 639 3431 695 habet
3454 643 3643 697 scias-

2045 734 2189 800 tiam,
2212 734 2265 786 in
2290 733 2449 786 idolio
2474 733 2862 799 recunibeiuem,
2884 748 3047 787 nonne
3067 735 3367 788 conscientia
3380 736 3495 806 ejus
3509 750 3646 790 ιιι,

2044 827 2110 881 sit
2143 827 2369 896 infirma,
2398 826 2732 895 ludificabitur
2757 827 2826 880 ad
2863 828 3268 881 manducandum
3307 827 3598 900 idolothytis
3617 868 3642 894 ,

2046 928 2093 973 et
2116 920 2293 991 peribit
2319 922 2550 987 infirmus
2568 920 2621 973 iii
2645 928 2733 973 tua
2750 920 3052 974 conscientia
3071 921 3247 991 frater,
3270 930 3650 991 propterquam

2046 1010 2277 1065 Christus
2302 1022 2527 1065 mortuus
2545 1014 2655 1065 est?
2680 1010 2770 1065 Sic
2795 1025 2962 1066 autem
2989 1022 3252 1083 peccantes
3276 1013 3329 1066 in
3352 1019 3557 1083 fratres,
3581 1021 3648 1066 et

2047 1113 2376 1172 percutieiites
2390 1102 2745 1156 conscientiam
2764 1103 2988 1174 ipsorum
3011 1104 3288 1174 infirmam,
3304 1106 3357 1157 iii
3373 1104 3653 1160 Christum

2048 1196 2283 1264 peccatis.
2311 1198 2629 1265 Quapmpter
2651 1196 2695 1249 si
2722 1211 2836 1249 esca
2857 1195 3167 1250 scandalizat
3192 1197 3402 1267 fratrem
3436 1211 3644 1263 meum,

2048 1301 2149 1338 non
2177 1284 2489 1339 nianducabo
2515 1301 2717 1339 carnem
2742 1303 2794 1340 in
2820 1296 3060 1341 teternum
3094 1303 3155 1343 ne
3183 1296 3393 1357 fratrem
3414 1287 3654 1343 scanda—

2053 1375 2197 1428 lizent
2225 1374 2276 1445 il
2302 1377 2419 1429 (.‘or.
2447 1392 2560 1443 vni,
2582 1378 2616 1431 4
2639 1378 2791 1447 etc.).

2123 1467 2210 1522 54.
2242 1470 2371 1521 Item
2399 1469 2504 1522 alio
2529 1470 2648 1523 loco
2679 1486 2693 1521 :
2721 1469 2856 1535 Quid
2881 1470 3036 1541 ergo?
3058 1470 3169 1523 dico
3193 1472 3329 1540 quod
3352 1473 3501 1527 idolis
3528 1474 3650 1529 im—

2051 1559 2294 1611 molatum
2312 1560 2375 1612 sit
2398 1560 2591 1630 aliquid
2612 1560 2638 1614 7
2661 1571 2748 1614 aut
2776 1562 2911 1631 quod
2940 1563 2956 1592 ί
2979 1561 3169 1616 idolum
3187 1565 3250 1616 sit
3264 1566 3455 1635 aliquid
3470 1568 3498 1619 .7
3527 1566 3657 1621 Sed

2052 1664 2165 1717 qute
2191 1651 2453 1704 immolant
2487 1650 2691 1718 Gentes,
2717 1654 2982 1708 diemoni'is
3003 1656 3285 1721 immolant,
3308 1666 3355 1708 et
3371 1672 3471 1709 non
3499 1656 3647 1712 Deo.

2054 1739 2194 1795 Nolo
2221 1751 2387 1795 autem
2420 1758 2506 1798 vos
2533 1744 2695 1798 socios
2721 1746 2833 1814 fieri
2870 1745 3252 1801 dienionioiuni.
3283 1745 3403 1801 Non
3427 1750 3653 1819 potestis

2053 1835 2258 1888 calicem
2301 1834 2509 1891 Domini
2536 1836 2700 1891 bibere
2714 1880 2732 1905 ,
2760 1849 2807 1891 et
2830 1838 3037 1893 calicem
3068 1840 3428 1894 dieinonioruni
3469 1857 3490 1894 :
3533 1859 3650 1897 non

2055 1925 2260 1993 potestis
2286 1942 2471 1981 menste
2488 1928 2697 1981 Domini
2730 1929 3002 2000 participes
3026 1944 3154 1997 esse,
3179 1941 3224 1983 et
3246 1946 3426 1986 W
3443 1934 3652 1986 diemo-

2055 2016 2274 2071 nierum.
2299 2020 2380 2072 An
2398 2020 2698 2074 temulainur
2724 2021 3034 2075 Dominum?
3054 2020 3317 2093 Numquid
3336 2025 3423 2077 illo
3449 2026 3650 2094 fortio-

2056 2124 2135 2163 res
2157 2126 2330 2164 sunius
2344 2112 2369 2164 ?
2396 2111 2579 2165 Omnia
2598 2112 2719 2165 mihi
2744 2112 2880 2165 licita
2896 2122 3035 2177 sunt,
3057 2114 3146 2167 sed
3165 2130 3266 2167 non
3287 2116 3457 2167 omnia
3480 2131 3651 2185 expe-

2057 2201 2202 2255 diunt
2233 2217 2253 2255 .'
2280 2204 2450 2257 omnia
2468 2204 2591 2257 mihi
2612 2205 2749 2257 licita
2768 2214 2905 2270 sunt,
2926 2206 3014 2259 sed
3036 2221 3136 2259 non
3166 2206 3333 2260 omnia
3354 2208 3649 2277 aedificant.

2060 2293 2225 2349 Nemo
2262 2297 2396 2364 quod
2415 2313 2562 2350 suum
2593 2307 2665 2351 est
2696 2308 2910 2368 quierat,
2946 2298 3035 2353 sed
3057 2300 3191 2370 quod
3224 2300 3443 2355 alterius.
3474 2300 3653 2355 Omne

2058 2387 2190 2455 quod
2234 2388 2288 2440 in
2327 2389 2538 2442 macello
2568 2390 2734 2455 venit,
2762 2392 3093 2457 manducate;
3126 2390 3255 2444 nihil
3277 2393 3649 2463 interrogantes

2062 2487 2264 2548 propter
2286 2481 2661 2534 conscientiam.
2686 2482 2748 2536 Si
2770 2484 2881 2553 quis
2900 2494 3069 2537 autem
3083 2483 3288 2551 dixerit,
3314 2484 3420 2539 Hoc
3446 2502 3647 2540 immo-

2061 2571 2219 2622 latum
2239 2580 2311 2623 est
2336 2570 2523 2638 idolis;
2563 2573 2717 2627 nolite
2758 2578 3099 2644 manducare,
3151 2586 3346 2646 propter
3378 2577 3646 2646 iltuinqus'

2061 2661 2272 2728 indicat,
2315 2672 2361 2717 et
2403 2676 2610 2734 propter
2647 2667 3004 2720 conscientiam
3031 2682 3053 2720 :
3090 2668 3425 2722 conscientiam
3452 2680 3638 2722 autem

2062 2753 2204 2819 dico,
2236 2772 2337 2810 non
2363 2766 2523 2824 tuam,
2552 2757 2640 2811 sed
2664 2756 2891 2813 alterius.
2927 2758 3118 2830 thuid
3152 2762 3285 2814 enim
3309 2762 3499 2815 libertas
3520 2776 3645 2815 mea

2052 2846 2319 2916 judicatur
2350 2848 2412 2901 ab
2440 2851 2543 2903 alia
2581 2851 2884 2904 conscientia
2900 2851 2926 2905 ?
2949 2853 3125 2925 Siego
3157 2868 3273 2906 cuin
3295 2854 3455 2923 gratia
3479 2854 3652 2924 parti-

2063 2940 2175 3007 cipo
2194 2978 2210 3005 ,
2232 2938 2353 3008 quid
2375 2938 2695 3011 blasphemor
2732 2958 2828 3011 pro
2856 2958 2956 3013 quo
2991 2944 3183 3012 gratias
3218 2945 3353 3015 ago?
3380 2945 3499 2999 Sive
3519 2961 3653 3018 ergo

2068 3030 2401 3092 mandacatis.
2429 3035 2532 3085 sive
2557 3032 2741 3098 bibitis,
2769 3035 2845 3086 vel
2869 3034 3009 3087 aliud
3029 3035 3151 3103 quid
3174 3037 3360 3105 facitis,
3396 3035 3567 3089 amisii:
3596 3036 3658 3090 iis

2064 3121 2281 3192 gloriam
2296 3122 2393 3176 Dei
2403 3124 2573 3193 facite.
2593 3126 2717 3178 Sine
2729 3123 3003 3192 offensione
3016 3136 3168 3180 estote
3185 3126 3216 3180 J
3224 3127 3383 3182 udteis
3396 3137 3440 3181 et
3457 3126 3660 3184 (ἔταὼ

2066 3224 2112 3267 et
2135 3214 2374 3268 Ecclesia
2396 3215 2513 3283 Dei,
2542 3218 2668 3269 sicut
2690 3226 2735 3269 et
2763 3232 2853 3288 ego
2880 3217 3110 3272 omnibus
3130 3234 3220 3290 per
3242 3206 3415 3273 omnia
3440 3222 3655 3291 placa,

2068 3323 2169 3361 non
2196 3323 2424 3377 qutei‘ens
2465 3310 2600 3379 quod
2646 3311 2769 3362 milii
2817 3309 2941 3363 utile
2977 3320 3070 3379 est,
3108 3313 3196 3366 sed
3227 3316 3361 3383 quod
3384 3315 3575 3380 muttis,
3600 3321 3657 3366 ut

2067 3400 2192 3453 salvi
2237 3401 2383 3469 fiant.
2424 3400 2716 3455 linitatores
2741 3401 2836 3455 mei
2866 3412 3056 3470 estote,
3102 3403 3231 3458 sicut
3266 3413 3312 3457 et
3341 3419 3431 3476 ego
3464 3402 3659 3459 Christi

2069 3490 2263 3561 (lCor.
2283 3508 2347 3559 lx,
2380 3492 2561 3560 19-53,
2592 3503 2639 3546 et
2660 3510 2734 3560 si,
2761 3494 2834 3566 l).

2141 3583 2229 3639 35.
2258 3588 2492 3654 Apparet
2520 3588 2707 3656 igitur,
2750 3595 2808 3640 ut
2843 3586 3053 3657 Opinor,
3079 3602 3189 3659 quo
3214 3589 3316 3645 ﬁne
3339 3603 3373 3644 a
3400 3590 3665 3646 carnibus

2070 3686 2125 3731 et
2146 3692 2177 3731 a
2202 3678 2323 3732 vino
2347 3682 2417 3733 sit
2439 3679 2833 3736 abstinendum.
2861 3681 2908 3736 ls
2931 3685 3051 3738 linis
3074 3695 3159 3739 est
3179 3685 3480 3755 triplex.Ad
3504 3701 3663 3743 coni-

2072 3772 2400 3840 primendaiu
2442 3771 2879 3841 delectationem,
2919 3759 3039 3845 quae
3078 3775 3130 3830 in
3164 3776 3247 3830 lus
3270 3779 3500 3832 maxime
3520 3778 3665 3833 cibis

2074 3860 2256 3916 haberi
2298 3863 2454 3930 solet,
2483 3875 2639 3934 atque
2674 3866 2728 3919 in
2759 3866 2847 3919 tali
2882 3877 3011 3936 potu
3056 3883 3222 3939 usque
3244 3870 3310 3924 ad
3338 3872 3663 3926 ebrietatem

2071 3967 2369 4023 pervenire.
2400 3956 2479 4010 Ad
2507 3958 2755 4013 tuendam
2780 3959 3161 4028 innrniitatem,
3190 3972 3402 4032 promer
3420 3964 3514 4017 illa
3533 3978 3665 4033 qua:

2074 4046 2436 4101 sacriﬁcantur
2480 4058 2639 4120 atque
2679 4051 2929 4104 libantur.
2967 4051 3035 4105 Et
3063 4057 3205 4123 quod
3244 4066 3473 4108 musime
3508 4066 3667 4108 cim-

2076 4139 2434 4195 mendandum
2470 4151 2553 4196 est
2574 4182 2588 4207 ,
2626 4152 2843 4213 propter
2868 4141 3216 4213 charitatem,
3248 4146 3663 4203 neimbecilﬁo-

2077 4248 2196 4288 rum
2229 4233 2299 4287 ab
2337 4234 2420 4288 bis
2448 4236 2831 4291 continentium
2870 4237 3168 4292 oﬁendatur
3206 4240 3505 4293 inﬁrmitas.
3550 4238 3665 4297 Vos

2079 4332 2257 4379 autem
2305 4324 2574 4381 immunda
2619 4341 2739 4382 βεδε
2791 4328 3012 4383 obsonia
3071 4329 3248 4385 dicitis
3277 4368 3296 4397 ,
3348 4345 3469 4385 cum
3510 4329 3664 4387 dicat

2076 4417 2363 4487 Apostolus
2388 4419 2565 4472 omnia
2590 4418 2784 4474 munda
2823 4434 2961 4485 esse,
2995 4420 3092 4476 sed
3129 4421 3180 4476 ei
3204 4420 3396 4476 malum
3418 4435 3538 4476 esse
3560 4421 3665 4491 qui

2078 4524 2175 4580 per
2224 4510 2572 4567 oﬁensionem
2618 4510 2917 4567 manducat.
2962 4511 3035 4567 Et
3084 4528 3304 4583 prorsus
3347 4513 3499 4569 credo
3550 4529 3660 4572 vos

2079 4602 2194 4657 istis
2214 4604 2385 4673 epulis
2410 4603 2694 4674 inquinari,
2716 4618 2783 4659 eo
2802 4604 2919 4675 ipso
2942 4620 3047 4676 quo
3067 4606 3341 4662 immunda
3363 4620 3475 4662 esse
3497 4605 3658 4662 arbi-

2081 4692 2312 4748 tramini.
2345 4695 2433 4747 Ait
2456 4696 2596 4748 enim
2624 4713 2643 4749 τ
2676 4693 2837 4749 Credo
2864 4708 2911 4750 et
2940 4698 3139 4765 confido
3176 4698 3230 4751 in
3270 4697 3483 4752 Domino
3500 4695 3665 4767 Iesu,

2078 4785 2196 4855 quia
2222 4784 2350 4838 nihil
2369 4801 2632 4840 commune
2654 4803 2745 4858 per
2771 4786 2974 4858 ipsum;
3001 4787 3091 4843 sed
3114 4790 3160 4843 ei
3184 4790 3274 4860 qui
3290 4791 3536 4845 existimat
3557 4793 3671 4848 ali-

2078 4876 2199 4948 quid
2223 4892 2485 4931 commune
2507 4892 2644 4943 esse,
2676 4878 2751 4931 illi
2772 4894 3034 4934 commune
3066 4890 3161 4935 est.
3200 4881 3300 4937 Cui
3330 4894 3499 4937 autem
3553 4886 3673 4941 dn-

2079 4970 2226 5026 bium
2247 4981 2349 5039 est,
2380 4986 2664 5026 commune
2700 4971 2849 5026 illum
2895 4974 3223 5029 immundum
3245 4989 3302 5031 et
3326 4977 3670 5047 inquinatum

2083 5064 2335 5120 vocasse?
2363 5062 2468 5120 Sed
2495 5065 2713 5120 stultum
2742 5072 2826 5121 est
2850 5066 3119 5122 Vobiscum
3146 5084 3308 5139 ageie
3329 5070 3397 5126 de
3415 5072 3669 5143 Scripta-

2082 5158 2177 5225 ris,
2214 5174 2335 5214 cum
2382 5166 2438 5214 et
2480 5159 2740 5214 rationem
2776 5159 3074 5230 pollicendo
3124 5164 3421 5235 accipiatis,
3458 5175 3510 5221 et
3563 5184 3670 5224 eos

2082 5251 2305 5320 Libros,
2352 5252 2406 5306 in
2449 5254 2639 5322 quibus
2681 5268 2868 5323 magna
2907 5263 2990 5309 est
3025 5256 3298 5327 religionis
3334 5258 3669 5330 auctoritas,

2083 5344 2230 5401 falsis
2255 5346 2515 5417 capitibus
2539 5346 2790 5401 immissis
2827 5358 3105 5419 corruptos
3144 5365 3264 5405 esse
3305 5352 3505 5407 dicatis.
3552 5353 3671 5408 Ra-

2084 5439 2226 5493 tione
2247 5438 2403 5508 igitur
2423 5438 2550 5491 mibi
2570 5437 2884 5507 persuadete
2907 5441 3174 5509 quomodo
3202 5453 3493 5498 sescentem
3530 5458 3670 5499 car-

2085 5548 2181 5587 nes
2217 5532 2578 5603 coiiiquinetit,
2606 5533 2651 5585 si
2678 5532 2793 5587 sine
2818 5532 2921 5585 ulla
2949 5532 3246 5591 olfensione
3264 5575 3280 5600 ,
3309 5538 3422 5591 sine
3445 5535 3551 5590 ulla
3574 5537 3670 5592 in-

2086 5624 2237 5679 ﬁrma
2259 5626 2526 5695 Opinione,
2560 5625 2675 5679 sine
2696 5625 2796 5679 ulla
2820 5625 3035 5681 libidine
3061 5628 3372 5682 sumuntur?

2205 5717 2428 5773 CAPUT
2465 5716 2578 5773 XV.
2600 5746 2671 5758 —
2691 5717 2852 5773 Esum
2878 5721 3103 5773 carnium
3129 5737 3222 5775 cur
3246 5720 3536 5775 interdicunt

2728 5808 3015 5863 Manichiei'.

2157 5903 2243 5959 36.
2291 5902 2478 5973 Opera:
2511 5901 2735 5970 pretium
2775 5910 2855 5956 est
2903 5911 3063 5957 totam
3085 5904 3459 5975 superstitiose
3493 5904 3678 5985 hujus

2152 6006 2165 6038 ⁸
2189 6011 2294 6055 uss.
2320 6017 2508 6063 novem,
2532 6014 2622 6052 non
2637 5996 2779 6061 quod.
