3874 6300
250 375 397 437 1381

249 491 600 554 abstinentiae
624 487 884 546 rationem
921 502 1280 559 cognoscere,
1309 500 1428 560 qua
1454 494 1527 543 ita
1563 485 1803 542 redditur
1830 503 1844 540 :

249 586 562 654 Quoniam,
603 583 803 653 inquit,
847 582 1144 639 membrum
1176 580 1270 637 Dei
1297 580 1558 636 malorum
1601 580 1848 636 substan-

250 675 716 735 tiscommixtum
731 682 833 734 est,
854 683 912 729 ut
931 688 1048 729 eam
1071 672 1384 734 refrenaret,
1407 681 1566 744 atque
1588 687 1620 728 a
1639 686 1850 728 summo

252 769 443 827 furore
485 767 863 838 comprimeret
897 764 1013 834 (sic
1038 765 1180 821 enim
1205 762 1431 836 dicitis).
1471 764 1540 819 de
1563 764 1850 819 commixta

250 869 488 930 utraque
515 868 733 922 natura,
762 855 814 911 id
838 864 922 912 est
951 854 1074 910 boni
1093 864 1150 910 et
1173 855 1298 910 mali
1318 896 1334 919 ,
1383 853 1612 910 mundus
1645 865 1728 910 est
1774 853 1850 911 fa-

250 950 520 1007 bricatus.
544 947 674 1003 Pars
691 955 871 1003 autem
902 945 990 1002 illa
1015 944 1192 1002 divina
1215 960 1282 1002 ex
1311 947 1457 1001 omni
1486 955 1638 1016 parte
1668 945 1851 1002 mundi

249 1042 502 1115 quotidie
550 1050 805 1112 purgatur
827 1080 842 1103 ,
871 1047 928 1094 et
973 1039 1025 1094 in
1070 1052 1165 1093 sua
1212 1052 1372 1107 regna
1402 1039 1728 1094 resumitur:
1757 1038 1851 1094 sed

252 1135 373 1190 bare
400 1148 504 1204 per
524 1142 720 1188 terram
749 1129 1034 1193 exhalans,
1057 1135 1115 1184 et
1151 1127 1218 1183 ad
1242 1129 1438 1184 colum
1469 1128 1690 1183 tendens
1712 1169 1729 1194 ,
1775 1130 1854 1184 in-

247 1226 430 1282 currit
457 1225 514 1282 in
544 1225 760 1295 stirpes,
787 1222 1038 1294 quoniam
1068 1219 1335 1276 radicibus
1363 1230 1518 1276 terra:
1544 1221 1849 1293 alligantur,

257 1326 429 1386 atque
457 1316 528 1372 ita
574 1329 762 1370 omnes
802 1313 1029 1378 herbas,
1060 1319 1116 1366 et
1149 1309 1364 1368 arbusta
1402 1312 1577 1366 omnia
1609 1311 1855 1368 fecundat

249 1416 568 1480 etvegetat.
603 1406 740 1464 Hinc
766 1405 1013 1461 animalia
1037 1404 1214 1462 cibum
1239 1405 1486 1475 capiunt,
1516 1421 1634 1476 qua:
1660 1407 1705 1463 si
1735 1422 1854 1462 con-

250 1500 553 1566 cumbunt,
581 1499 749 1570 ligant
773 1497 826 1552 in
848 1513 1011 1553 carne
1031 1497 1267 1552 divinum
1291 1497 1417 1552 illud
1445 1497 1738 1552 membrum
1758 1541 1775 1564 ,
1801 1506 1856 1554 et

248 1607 282 1648 a
309 1600 469 1647 certo
492 1605 593 1646 suo
615 1589 807 1644 itinere
831 1602 1077 1643 aversum
1103 1597 1262 1657 atque
1289 1587 1598 1656 impeditum
1614 1629 1629 1651 ,
1655 1589 1852 1642 errori-

249 1681 740 1751 buserumnisque
761 1681 1056 1750 implicant.
1087 1679 1268 1748 Itaque
1293 1679 1396 1736 cibi
1415 1681 1503 1750 qui
1525 1680 1591 1736 de
1617 1681 1855 1749 frugibus

250 1783 308 1831 et
331 1773 517 1844 pomis
542 1782 813 1843 parantur,
840 1771 883 1824 si
901 1769 968 1825 ad
994 1779 1227 1832 sanctos,
1260 1769 1312 1824 id
1336 1779 1420 1826 est
1445 1770 1512 1824 ad
1538 1771 1854 1826 Manichteos

251 1865 512 1929 veniant,
542 1877 637 1933 per
655 1877 840 1917 eorum
871 1861 1168 1916 castitatem
1188 1902 1204 1927 ,
1232 1871 1287 1916 et
1309 1861 1578 1916 orationes
1597 1903 1612 1928 ,
1643 1871 1697 1916 et
1718 1861 1856 1930 psal-

252 1970 372 2010 mos
397 1995 418 2022 ,
447 1953 710 2025 quidquid
739 1953 791 2008 in
811 1952 891 2008 eis
915 1962 998 2007 est
1023 1952 1344 2006 luculentum
1376 1962 1428 2008 et
1459 1951 1692 2007 divinum
1725 1969 1854 2022 pur-

249 2054 411 2118 gatur
439 2046 482 2104 ί.
514 2044 568 2100 id
597 2052 681 2100 est
717 2058 780 2099 ex
814 2043 959 2099 omni
994 2052 1142 2112 parte
1175 2044 1480 2114 perficitur,
1508 2053 1567 2099 ut
1591 2043 1657 2099 ad
1693 2059 1854 2115 regna

249 2136 474 2208 propria
502 2135 620 2192 sine
649 2135 757 2191 ulla
799 2134 1035 2190 sordium
1074 2133 1380 2190 diflicultate
1406 2134 1683 2189 referatur.
1724 2136 1856 2191 Hinc

251 2237 328 2282 est
352 2226 505 2297 quod
538 2225 858 2281 mendicanti
886 2225 1118 2290 homini,
1153 2227 1240 2296 qui
1265 2225 1589 2281 manichaeus
1617 2242 1720 2280 non
1745 2228 1852 2294 sit,

250 2331 452 2386 panem
485 2315 570 2371 vel
611 2315 811 2387 aliquid
863 2316 1102 2386 frugum,
1157 2316 1243 2372 vel
1268 2331 1459 2385 aquam
1507 2316 1705 2386 ipsam,
1734 2333 1855 2386 qua:

251 2409 514 2464 omnibus
537 2409 657 2463 vilis
678 2418 790 2476 est,
818 2408 934 2464 dari
967 2407 1288 2478 prohibetis;
1322 2424 1389 2463 ne
1410 2410 1708 2464 membrum
1739 2409 1852 2478 Dei,

252 2500 401 2572 quod
429 2499 516 2554 his
536 2499 696 2554 rebus
735 2501 1029 2556 adntixtum
1057 2509 1174 2567 est,
1217 2500 1328 2554 suis
1355 2501 1586 2570 peccatis
1611 2501 1855 2556 sordida-

251 2600 368 2646 tum
397 2607 430 2645 a
464 2590 637 2646 reditu
664 2590 934 2660 impediat.

322 2682 421 2738 37.
451 2680 652 2736 Carnes
674 2696 849 2736 autem
871 2681 983 2752 jam
1013 2681 1080 2738 de
1104 2682 1234 2751 ipsis
1261 2681 1508 2737 sordibus
1535 2683 1708 2738 dicitis
1737 2698 1856 2740 esse

251 2784 561 2831 concretas.
604 2773 758 2845 Fugit
794 2776 934 2828 enim
961 2774 1154 2844 aliquid
1196 2775 1358 2843 partis
1389 2775 1528 2828 illius
1547 2775 1768 2842 divinae,
1799 2786 1858 2831 ut

252 2866 556 2939 perhibetis
576 2908 592 2931 ,
614 2865 739 2921 dum
771 2865 947 2937 fruges
975 2877 1025 2921 et
1059 2881 1213 2936 poma
1236 2875 1557 2936 carpuntur;
1587 2866 1852 2937 fugitcum

249 2958 568 3030 afﬂiguntur
591 2958 670 3012 vel
701 2957 921 3013 terendo
941 2957 1024 3010 vel
1048 2957 1293 3012 molendo
1322 2958 1405 3012 vel
1435 2959 1731 3028 e0quendo,
1769 2961 1853 3014 vel

251 3050 420 3105 etiam
464 3048 756 3104 mordendo
799 3057 959 3118 atque
1003 3047 1324 3102 mandendo.
1381 3047 1537 3119 Fugit
1583 3050 1741 3103 etiam
1796 3049 1848 3104 in

251 3141 510 3197 omnibus
547 3139 779 3194 motibus
805 3138 1112 3193 animalium
1134 3181 1148 3204 ,
1193 3138 1274 3193 vel
1305 3153 1426 3193 cum
1456 3141 1724 3209 gestiunt,
1769 3140 1855 3196 vel

252 3247 378 3288 cum
400 3239 719 3286 exercentur
737 3271 754 3297 ,
781 3229 864 3285 vel
893 3245 1012 3284 cum
1042 3228 1288 3284 laborant
1313 3271 1328 3295 ,
1361 3230 1442 3285 vel
1472 3246 1593 3286 cum
1633 3232 1854 3286 omnino

251 3321 458 3394 aliquid
485 3331 789 3392 operantur.
827 3321 984 3392 I-‘ugit
1009 3321 1171 3376 etiam
1202 3320 1254 3376 in
1272 3321 1384 3391 ipsa
1412 3323 1588 3392 quiete
1633 3332 1810 3378 nostra
1832 3365 1850 3391 ,

251 3417 385 3472 dum
413 3417 468 3470 in
489 3429 733 3486 corpore,
761 3414 847 3469 illa
867 3429 989 3486 qua:
1006 3415 1305 3485 appellatur
1327 3415 1574 3486 digestio,
1601 3415 1854 3473 interiore

254 3509 443 3564 calore
467 3507 766 3562 conlieitur.
813 3508 987 3576 Atque
1029 3505 1102 3560 ita
1147 3513 1226 3560 tot
1266 3506 1633 3561 occasionibus
1678 3507 1854 3562 divina

253 3600 504 3673 fugiente
547 3608 771 3664 natura,
826 3597 1076 3669 quiddam
1115 3597 1534 3652 sordidissimum
1577 3608 1852 3665 remanet,

253 3694 407 3750 unde
444 3708 540 3764 per
561 3691 900 3748 concubitqu
942 3705 1069 3746 caro
1097 3689 1388 3754 formetur;
1423 3705 1543 3746 eum
1573 3691 1747 3746 anima
1775 3698 1855 3745 ta-

253 3801 385 3842 men
439 3783 566 3838 boni
620 3782 894 3854 generis’,
945 3780 1196 3853 quoniam
1244 3783 1488 3851 quamvis
1533 3782 1850 3852 plurimum,

256 3893 370 3934 non
393 3885 571 3931 tamen
594 3885 761 3931 totum
781 3875 1003 3941 bonum,
1027 3875 1336 3932 memoratis
1360 3874 1466 3931 illis
1485 3875 1716 3930 motibus
1730 3889 1856 3930 evo-

255 3969 357 4024 lat.
385 3967 644 4036 Quocirca
667 4009 682 4032 ,
713 3982 834 4022 cum
883 3967 1059 4022 anima
1086 3966 1248 4023 etiam
1279 3982 1495 4022 carnem
1524 3967 1851 4032 deseruerit,

257 4060 458 4117 nimias
499 4058 685 4115 sordes
710 4060 943 4130 reliquas
968 4059 1083 4114 lteri
1106 4099 1122 4125 ,
1167 4068 1223 4114 et
1260 4059 1382 4114 ideo
1418 4074 1602 4115 eorum
1645 4058 1733 4130 qui
1759 4073 1853 4114 ve-

258 4161 487 4208 scuntur
509 4151 758 4206 carnibus
778 4191 795 4217 ,
818 4150 1047 4206 animam
1077 4150 1429 4222 coinquinari.

332 4239 421 4298 CA
432 4239 566 4298 PU'I‘
592 4240 732 4296 XVI.
752 4269 824 4281 —
849 4240 1024 4312 Aperit
1051 4251 1338 4312 portentosa
1368 4238 1767 4294 Munia/tamin

930 4335 1190 4407 mysteria.

335 4424 426 4483 58.
461 4424 511 4482 0
535 4439 712 4481 rerum
739 4435 946 4482 naturae
983 4425 1279 4482 obscuritas
1299 4465 1314 4489 ,
1344 4433 1600 4496 quantum
1643 4433 1854 4497 tegmen

260 4525 351 4578 est
367 4517 655 4576 falsitatis?
681 4516 814 4588 Quis
833 4532 962 4585 non,
990 4516 1104 4573 hzrc
1133 4516 1384 4583 audiens,
1413 4517 1506 4588 qui
1533 4531 1708 4571 rerum
1733 4531 1858 4572 cau-

263 4627 355 4669 sas
382 4627 490 4668 non
519 4609 742 4677 didicit,
781 4609 871 4681 qui
913 4609 1147 4664 nondum
1181 4608 1420 4665 veritatis
1448 4610 1858 4680 quantulocum-

264 4719 370 4776 que
398 4702 598 4759 lumine
623 4716 871 4772 aspersus
902 4701 1178 4772 corporeis
1203 4699 1518 4771 imaginibus
1538 4699 1758 4763 fallitur,
1789 4714 1858 4755 eo

265 4796 384 4868 ipso
409 4809 519 4867 quo
538 4793 654 4850 hac
685 4791 903 4849 minime
920 4800 1210 4862 apparent,
1231 4800 1287 4848 et
1311 4805 1407 4861 per
1426 4789 1666 4862 quaedam
1689 4790 1856 4845 simu-

265 4889 408 4949 lacra
433 4903 615 4946 rerum
634 4885 919 4943 visibilium
950 4886 1276 4955 cogitantur.
1307 4897 1363 4941 et
1385 4884 1584 4941 diserte
1610 4883 1714 4940 diei
1737 4899 1860 4954 pos-

266 4989 425 5048 sunt,
463 4994 588 5035 vera
615 4994 736 5036 esse
759 4977 1086 5034 arbitretur?
1127 4976 1334 5033 Talium
1359 4987 1534 5033 autem
1576 4976 1856 5034 hominum

269 5086 480 5144 magna».
505 5070 672 5126 turba:
694 5079 855 5143 atque
879 5085 1070 5142 greges
1091 5059 1350 5126 vocantur
1367 5112 1382 5136 ,
1409 5085 1542 5140 quos
1579 5069 1858 5142 religiosus

269 5162 427 5220 timor
459 5161 528 5218 ab
562 5161 646 5218 his
681 5161 906 5218 fallaciis
945 5161 1119 5232 potius
1146 5177 1305 5232 quam
1353 5160 1491 5216 ratio
1528 5169 1668 5216 tutos
1711 5159 1853 5217 facit.

269 5252 625 5322 Quamobrem
656 5253 726 5308 ita
758 5267 858 5324 ego
883 5253 983 5307 ista
1011 5251 1248 5308 conabor
1281 5249 1558 5317 refellere,
1602 5259 1858 5321 quantum

275 5359 361 5401 me
391 5343 532 5400 Deus
559 5342 812 5414 adjuvare
840 5342 1141 5414 dignabitur
1158 5382 1174 5408 ,
1205 5348 1265 5397 ut
1287 5356 1392 5397 non
1427 5342 1594 5397 solum
1622 5342 1858 5412 pruden-

332 5497 514 5564 "aditi,
537 5496 823 5564 ιαςιειαιωπ
855 5502 1109 5564 parm.
1132 5503 1190 5548 At
1223 5503 1332 5564 Mss.
1353 5504 1476 5564 octo,
1505 5495 1862 5564 Iuculgnfttmet

272 5556 517 5626 dum;
537 5561 610 5610 uti
631 5559 733 5625 legl
772 5556 1017 5622 postulant
1053 5558 1310 5623 sequentia
1349 5556 1519 5618 verba,
1543 5556 1791 5626 perﬁcitur
1809 5566 1862 5611 ut

276 5621 351 5716 ad:
551 5627 661 5731 le
683 5684 857 5733 enim
880 5682 1241 5745 preposition,
1255 5692 1386 5745 cum,
1407 5683 1479 5731 sic
1499 5687 1689 5733 textum
1707 5685 1861 5734 inter-

271 5751 527 5808 pungunt:
551 5740 945 5808 carorfomutur.
973 5740 1136 5808 fuitne
1173 5740 1330 5808 tanien
1371 5740 1504 5808 bon,
1534 5750 1632 5795 etc.
1665 5745 1758 5794 sed
1777 5745 1863 5795 ali-

271 5805 448 5872 ᾶιιιωὶιο
468 5807 744 5856 concinnior
761 5812 868 5855 uss.
892 5806 1038 5858 lectio
1056 5818 1200 5870 quam
1223 5805 1300 5855 hic
1320 5805 1582 5858 reddimus.

1608 369 1808 428 LIBER
1849 370 2225 430 SECUNDUS.

3399 381 3420 430 1
3430 381 3538 433 51ιῖ

1955 487 2085 542 tium
2112 488 2330 557 iudicio,
2360 505 2468 561 quo
2492 490 2648 546 simul
2679 505 2741 546 ac
2765 490 2903 546 dicta
2935 491 3127 547 fuerint
3147 493 3537 563 improbentur,

1955 578 2050 635 sed
2079 580 2175 648 ipsi
2203 582 2365 637 etiam
2405 583 2604 654 vulgari
2634 582 3022 654 intelligentiae,
3064 598 3222 654 quam
3253 585 3359 640 sint
3401 583 3530 642 falsa

1957 679 2010 726 et
2033 672 2258 726 absurda
2282 675 2411 730 satis
2429 674 2652 731 eluceat.

2029 764 2118 820 39.
2148 765 2324 822 Primo
2343 766 2483 822 enim
2508 783 2710 838 quaero,
2734 768 2875 824 unde
2889 767 3125 824 doceatis
3151 769 3204 824 in
3231 767 3535 837 frumentis,

1956 869 2022 911 ac
2048 854 2309 926 legumine
2327 897 2342 923 ,
2370 867 2423 912 et
2447 858 2698 924 oleribus,
2730 867 2784 914 et
2807 858 3027 915 ﬂoribus
3047 901 3064 927 ,
3091 868 3147 914 et
3170 862 3341 932 pomis
3360 860 3538 918 inesse

1958 946 2114 1003 istam
2136 949 2315 1004 nescio
2329 967 2486 1021 quam
2513 962 2713 1022 partem
2743 953 2858 1008 Dei.
2890 951 2971 1008 Ex
2997 954 3112 1022 ipso
3127 953 3323 1008 coloris
3343 955 3534 1021 nitore,

1960 1038 2232 1108 inquiunt,
2279 1049 2332 1095 et
2369 1042 2548 1097 odoris
2570 1043 2934 1111 iucunditate,
2963 1053 3018 1099 et
3044 1045 3248 1114 saporis
3280 1046 3540 1102 suavitate

1959 1131 2295 1186 manifestum
2322 1142 2402 1186 est
2433 1151 2446 1186 :
2477 1149 2593 1203 qua:
2613 1133 2738 1188 dum
2763 1150 2866 1188 non
2894 1134 3087 1189 habent
3113 1135 3281 1205 putria
3306 1177 3322 1201 ,
3350 1136 3538 1190 eodem

1958 1222 2100 1278 bono
2138 1237 2257 1278 sese
2289 1222 2499 1278 deserta
2543 1239 2660 1278 esse
2689 1224 3003 1294 significant.
3035 1225 3148 1279 Non
3177 1225 3336 1295 pudet
3374 1225 3540 1282 Deum

1959 1329 2091 1368 naso
2110 1323 2164 1368 et
2190 1313 2366 1384 palato
2396 1313 2663 1369 inventum
2698 1316 2918 1384 putare?
2941 1315 3034 1371 sed
3061 1317 3172 1371 hinc
3191 1317 3397 1371 omitto.
3440 1314 3544 1372 La-

1961 1408 2068 1461 tine
2095 1407 2234 1462 enim
2258 1407 2408 1462 vobis
2429 1406 2599 1461 dicam
2617 1448 2634 1474 ,
2655 1415 2729 1472 et,
2755 1418 2811 1462 ut
2829 1407 2930 1464 dici
2959 1409 3188 1476 assolet,
3217 1409 3440 1464 multum
3459 1416 3544 1464 est

1959 1497 2024 1551 ad
2045 1513 2158 1552 vos.
2192 1497 2322 1552 Illud
2355 1500 2530 1568 potius
2554 1498 2924 1569 qualicumque
2945 1510 3118 1554 mente
3142 1501 3541 1572 intelligendum

1960 1590 2088 1655 fuit,
2126 1591 2170 1645 si
2197 1591 2377 1646 colore
2407 1600 2626 1662 apparet
2650 1592 2700 1645 in
2732 1591 3044 1660 corporibus
3077 1593 3199 1647 boni
3226 1594 3503 1663 pnescntia
3522 1633 3542 1660 ,

1961 1683 2144 1738 fimum
2168 1684 2474 1739 animalium
2501 1725 2516 1748 ,
2540 1684 2680 1755 quod
2703 1684 2935 1756 ipsarum
2958 1683 3114 1738 etiam
3155 1685 3391 1740 carnium
3415 1701 3548 1755 pur-

1958 1786 2264 1846 gamentum
2293 1787 2406 1840 est,
2436 1776 2660 1832 diversis
2711 1776 2882 1832 nitere
2907 1777 3172 1831 coloribus
3193 1817 3207 1840 ,
3257 1777 3388 1832 alias
3421 1792 3550 1832 can-

1959 1868 2114 1934 dido,
2156 1870 2472 1940 plerumque
2497 1870 2744 1935 aureolo,
2795 1879 2850 1924 et
2879 1870 2996 1924 aliis
3044 1869 3343 1936 huiusmodi
3368 1911 3382 1935 ,
3411 1885 3547 1941 quos

1960 1960 2013 2014 in
2055 1961 2224 2028 pomis
2250 1968 2305 2015 et
2344 1960 2563 2015 floribus
2589 1960 2732 2014 velut
2763 1971 2926 2015 teStes
2952 1959 3046 2014 Dei
3086 1961 3362 2029 prmsentis
3391 1969 3548 2030 atque

1962 2048 2270 2104 inhaerentis
2317 2051 2576 2117 accipitis.
2619 2049 2756 2117 Quid
2789 2049 2998 2103 tandem
3030 2064 3202 2103 causa:
3249 2057 3357 2112 est,
3405 2049 3547 2119 quod

1961 2143 2205 2198 ruborem
2238 2142 2290 2197 in
2318 2158 2438 2198 rosa
2469 2142 2695 2197 indicem
2726 2141 3043 2196 abundantis
3073 2140 3193 2195 boni
3221 2155 3340 2197 esse
3366 2139 3551 2212 perhi-

1961 2232 2118 2299 betis,
2145 2243 2202 2290 et
2225 2233 2472 2288 eumdem
2500 2233 2764 2288 damnatis
2792 2234 2842 2286 in
2872 2232 3167 2301 sanguine?
3197 2231 3302 2286 Cur
3328 2233 3379 2286 in
3409 2233 3548 2288 viola

1961 2327 2206 2382 eumdem
2236 2327 2469 2382 colorem
2488 2327 2888 2398 amplectimini,
2913 2340 3068 2396 quem
3091 2326 3142 2379 in
3170 2325 3475 2382 cholerihus
3497 2329 3541 2395 ⁸,

1960 2419 2015 2474 in
2043 2419 2231 2474 morbo
2253 2420 2590 2475 icterieorum
2613 2461 2627 2482 ,
2657 2420 2708 2474 in
2739 2419 2951 2474 infantis
2971 2417 3197 2488 denique
3218 2417 3340 2472 fimo
3360 2433 3550 2488 asper-

1959 2511 2202 2565 namini?
2247 2509 2356 2565 Cur
2396 2511 2626 2566 nitorem
2667 2519 2823 2580 atque
2861 2508 3118 2578 fulgorem
3144 2507 3276 2572 olei,
3315 2509 3551 2566 clamare

1960 2605 2168 2674 copiam
2195 2604 2480 2659 cosdmixti
2510 2603 2630 2658 boni
2665 2603 3029 2670 arbitramini,
3061 2610 3116 2657 et
3141 2601 3206 2656 ad
3232 2601 3284 2656 id
3315 2616 3551 2673 purgan-

1959 2695 2086 2748 dnm
2105 2695 2282 2750 fauces
2302 2704 2356 2750 et
2381 2704 2617 2750 ventrem
2647 2696 2869 2764 paratis;
2897 2694 2963 2748 de
2988 2693 3164 2764 pingui
3187 2702 3362 2746 autem
3380 2703 3548 2747 carne

1959 2785 2214 2840 simillimi
2263 2787 2480 2857 fulgoris
2521 2785 2913 2840 destinantibus
2954 2785 3114 2854 guttis
3156 2784 3302 2838 labra
3343 2781 3552 2838 contin-

1961 2893 2088 2946 gere
2119 2877 2448 2932 formidatis?
2490 2877 2598 2931 Cur
2626 2876 2694 2931 de
2739 2876 2998 2931 thesauris
3029 2876 3119 2931 Dei
3154 2875 3417 2932 melonem
3447 2888 3551 2943 pu-

1963 2971 2086 3024 tatis
2109 2985 2330 3036 aureum
2374 2983 2529 3033 esse;
2584 2976 2637 3022 et
2665 2983 2840 3037 pernae
2869 2967 3078 3037 adipem
3124 2966 3427 3031 rancidam,
3463 2964 3548 3020 vel

1962 3063 2047 3117 ovi
2076 3062 2307 3117 medium
2330 3076 2436 3116 non
2461 3060 2692 3131 putatis?
2715 3059 2824 3114 Cur
2849 3059 2998 3112 vobis
3022 3058 3222 3113 candor
3242 3057 3293 3112 in
3327 3057 3547 3112 lactucis

1963 3154 2222 3225 praedicat
2254 3153 2418 3208 Dcttm
2438 3195 2454 3220 ,
2483 3152 2535 3206 in
2565 3152 2699 3206 lacte
2732 3166 2836 3204 non
2868 3149 3155 3220 prtedicat?
3187 3149 3260 3204 De
3280 3146 3550 3203 coloribus

1961 3245 2103 3300 enim
2132 3244 2306 3300 adhuc
2333 3245 2549 3314 loquor,
2593 3241 2863 3312 inquibus
2901 3240 2983 3309 (ut
3026 3241 3264 3294 omittam
3304 3235 3545 3310 Cetera),

1961 3334 2120 3388 unius
2150 3334 2367 3404 pavonis
2388 3333 2576 3405 pennis
2600 3341 2653 3388 et
2683 3332 2876 3403 plumis
2893 3373 2908 3395 ,
2937 3346 3056 3401 quze
3081 3340 3224 3385 certe
3248 3329 3316 3384 de
3341 3343 3546 3384 concu-

1961 3424 2074 3479 bitu
2114 3433 2170 3480 et
2214 3441 2374 3480 carne
2401 3433 2722 3490 nascuntur,
2762 3424 2901 3477 nulla
2936 3422 3157 3492 potestis
3190 3422 3376 3477 vestita
3403 3420 3552 3476 110νί⁴

1961 3515 2060 3570 bus
2088 3525 2238 3586 prata
2267 3516 2531 3571 conferre.

2031 3607 2123 3663 40.
2157 3607 2288 3662 Nam
2327 3607 2371 3660 si
2402 3617 2458 3662 et
2487 3606 2652 3662 odore
2700 3607 2967 3662 invenitur
3009 3605 3110 3660 hoc
3135 3602 3332 3661 bonum
3355 3647 3369 3668 ,
3413 3620 3551 3662 non-

1959 3701 2226 3756 nullorum
2248 3699 2556 3754 animalium
2586 3699 2838 3753 carnibus
2863 3697 2980 3752 miri
3003 3697 3182 3751 odoris
3199 3696 3553 3752 conficiuntur

1961 3800 2250 3862 unguenta.
2293 3789 2409 3847 Cibi
2435 3789 2670 3858 denique
2699 3789 2834 3859 ipsi,
2880 3787 2966 3856 qui
2995 3803 3114 3841 cum
3143 3787 3394 3840 carnibus
3435 3801 3551 3841 me-

1963 3883 2204 3940 liusculis
2225 3884 2484 3952 concoqui
2512 3880 2705 3942 SOIt‘III,
2730 3879 2896 3932 multo
2911 3876 3194 3946 jucundius
3220 3876 3366 3930 olent
3392 3891 3550 3944 quant

1961 3975 2006 4028 si
2029 3975 2106 4028 eis
2132 3988 2260 4028 caro
2285 3973 2561 4028 defuisset.
2587 3971 2862 4025 Postremo
2887 3969 2933 4022 si
2959 3968 3172 4022 suavius
3186 3967 3382 4024 olentia
3399 3984 3555 4025 mun-

1964 4066 2116 4121 diora
2158 4063 2443 4134 iudicatis,
2491 4060 2720 4132 quodam
2769 4060 2880 4113 luto
2922 4059 3061 4112 vesci
3110 4057 3346 4119 avidius.
3391 4075 3550 4130 quam

1959 4153 2298 4210 cisterninam
2320 4167 2510 4221 aquam
2526 4151 2708 4205 bibere
2719 4148 3004 4212 debuistis;
3021 4147 3143 4218 quia
3161 4147 3373 4218 perfusa
3391 4148 3551 4206 imbri

1960 4254 2102 4300 terra
2133 4243 2353 4307 siccior,
2377 4256 2532 4296 nares
2563 4241 2698 4294 miro
2719 4238 2885 4295 odore
2911 4238 3222 4309 permulcet,
3252 4238 3552 4312 meliusque

1959 4335 2068 4390 olet
2093 4335 2198 4390 tale
2239 4333 2407 4389 lutum
2433 4374 2448 4398 ,
2493 4347 2648 4403 quam
2679 4332 2724 4386 si
2771 4331 3106 4402 exciperetur
3135 4331 3311 4403 pluvia
3348 4333 3547 4401 purior.

1959 4428 2112 4496 Quod
2147 4427 2192 4484 si
2217 4442 2461 4499 saporem
2487 4440 2621 4496 opus
2653 4435 2738 4479 est
2773 4423 3012 4479 attestari
3035 4465 3051 4490 ,
3082 4433 3139 4477 ut
3163 4438 3550 4494 cognoscamus

1963 4520 2207 4576 habitare
2253 4519 2306 4574 in
2353 4531 2578 4589 corpore
2619 4515 2815 4586 aliquid
2860 4515 2989 4582 Dei,
3045 4515 3211 4585 magis
3248 4513 3451 4568 habitat
3495 4515 3547 4570 in

1963 4609 2187 4682 dactylis
2213 4618 2268 4664 et
2307 4608 2465 4664 melle
2501 4622 2660 4677 quam
2699 4607 2942 4661 incarne
2967 4605 3180 4675 porcina
3201 4643 3218 4668 ,
3249 4603 3342 4660 sed
3380 4605 3548 4674 magis

1963 4700 2016 4755 in
2041 4715 2202 4754 carne
2229 4697 2441 4768 porcina
2471 4711 2628 4767 quam
2651 4696 2704 4750 in
2727 4694 2878 4759 faba;
2907 4695 3076 4765 magis
3106 4694 3158 4749 in
3191 4694 3290 4749 fico
3312 4709 3470 4764 quam
3494 4694 3548 4750 in

1965 4791 2152 4854 ﬁeato,
2177 4804 2306 4846 ecce
2331 4788 2601 4854 concedo;
2630 4787 2722 4843 sed
2762 4799 2816 4843 et
2839 4802 2935 4842 vos
2960 4787 3264 4852 concedite,
3295 4787 3461 4858 magis
3495 4788 3551 4844 in

1964 4882 2122 4938 fieato
2144 4895 2300 4952 quam
2340 4881 2392 4935 in
2430 4880 2572 4935 beta.
2613 4877 2752 4946 Quid
2777 4878 2917 4949 quod
2944 4879 3042 4933 ista
3071 4883 3276 4933 ratione
3299 4877 3549 4948 eogimiui

1961 4972 2239 5035 conliteri,
2282 4970 2538 5042 quasdam
2572 4971 2797 5039 stirpes,
2838 4983 2969 5039 quas
2991 4976 3135 5025 certe
3162 4981 3350 5023 omnes
3390 4983 3547 5024 mun-

1961 5060 2140 5118 diores
2165 5061 2322 5116 vultis
2367 5075 2524 5132 quam
2569 5073 2783 5115 carnem
2809 5099 2824 5121 ,
2860 5073 2924 5114 ex
2963 5058 3077 5129 ipsa
3107 5058 3266 5113 Carne
3307 5057 3552 5128 accipere

1964 5152 2131 5207 Deum
2152 5193 2167 5217 ,
2213 5150 2257 5205 si
2288 5165 2479 5220 sapore
2511 5149 2652 5205 Deus
2677 5149 2949 5204 immixtus
2968 5146 3309 5219 agnoscitur?
3335 5147 3467 5204 Nam
3494 5157 3552 5205 et

1963 5245 2108 5300 olera
2133 5241 2397 5313 sapidiora
2438 5241 2569 5296 fiunt
2592 5249 2742 5297 cocta
2777 5256 2897 5296 eum
2937 5239 3190 5295 carnibus
3221 5256 3236 5292 :
3265 5247 3319 5294 et
3355 5238 3552 5296 herbas

1965 5336 2158 5408 quibus
2215 5349 2406 5405 pecora
2455 5343 2773 5404 pascuntur,
2815 5341 3030 5403 gustare
3079 5346 3182 5387 non
3231 5345 3553 5402 possumus;

1965 5442 2250 5486 conversas
2264 5436 2439 5483 autem
2467 5427 2518 5481 in
2548 5440 2764 5482 succum
2786 5425 2937 5480 laetis
2958 5466 2973 5492 ,
3003 5433 3057 5480 et
3075 5423 3256 5480 colore
3284 5431 3554 5496 praestan-

2028 5625 2044 5656 ί
2069 5629 2122 5693 In
2143 5621 2348 5693 excuse.
2376 5619 2611 5693 habent;
2634 5616 2878 5693 ςοιοτὲιηιε
2897 5617 3191 5693 amantem
3213 5631 3402 5693 me:
3425 5627 3550 5693 φιτ

1962 5691 2161 5748 propter
2200 5696 2263 5733 ex
2308 5689 2416 5732 Mss.
2439 5678 2790 5739 substituimus,
2824 5678 3125 5742 cholerihus;
3165 5693 3334 5732 vocem
3375 5683 3550 5732 latium

1962 5747 2160 5805 quidem
2183 5746 2452 5802 barbaram,
2473 5747 2571 5805 sed,
2601 5746 2751 5805 Atris__
2774 5749 2894 5791 :orte
2931 5751 3177 5805 receptam
3197 5743 3256 5805 ad
3279 5740 3550 5805 signiﬁcau-

1961 5756 2160 5855 gutdetn
2183 5756 2452 5802 barbaram,
2473 5756 2558 5792 sea
2601 5756 2720 5790 ams
2774 5756 2894 5791 .ortc
2931 5756 3177 5805 receptam
3197 5756 3256 5805 aa
3279 5756 3460 5815 signat..-

1995 5821 2077 5856 um
2100 5806 2345 5855 choleram
2367 5813 2447 5853 aut
2469 5803 2664 5853 cholera
2682 5803 2896 5854 affectos.
