3888 6438
246 5965 264 6002 ἡ

341 491 479 550 1363

343 609 505 662 tiores
525 645 541 668 ,
564 614 617 662 et
645 618 833 673 sapore
859 598 1650 668 commodissimasjudicamus.

418 698 509 750 ιι.
538 697 618 750 An
649 696 783 748 bona
809 693 903 746 tria
926 692 1082 746 simul
1111 692 1198 745 ubi
1222 691 1448 750 fuerint.
1475 689 1524 746 id
1552 699 1628 746 est
1652 687 1806 744 color
1832 686 1926 739 bo-

345 803 451 842 nus
475 794 526 842 et
561 787 694 859 odor
711 794 790 840 et
817 799 1004 856 sapor,
1037 783 1107 838 ibi
1137 797 1257 838 esse
1286 782 1540 850 majorem
1569 779 1925 848 bonique-tem

349 877 582 949 putatis?
605 859 776 932 Nolite
796 891 923 949 ergo
937 874 1106 930 tiores
1121 882 1411 943 tantopere
1433 871 1612 926 mirari
1639 879 1797 952 atque
1821 870 1928 922 lau-

347 968 496 1034 dare,
515 967 677 1041 quosi
685 965 1051 1041 udicandosad
1065 964 1294 1020 tribunal
1309 963 1474 1034 palati
1492 977 1596 1016 non
1604 959 1831 1030 potestis
1841 957 1929 1014 ad-

347 1037 766 1115 mittewiNolitc
781 1037 1105 1130 portulacam
1117 1055 1302 1112 saltem
1317 1054 1565 1114 carnibus
1579 1061 1924 1126 anteponere,

347 1167 463 1222 qua-
484 1133 552 1206 ab
569 1151 652 1205 his
665 1149 832 1206 coctis
850 1158 906 1206 et-
916 1148 1097 1205 colore
1109 1157 1166 1204 et.
1180 1161 1370 1218 sapore
1382 1154 1438 1201 et
1450 1145 1614 1200 odore
1625 1153 1925 1214 superatur.

346 1244 620 1301 Porcellus
654 1234 808 1299 assus
848 1242 974 1317 (hoc
999 1242 1138 1298 enim
1169 1240 1357 1312 cogitis
1379 1281 1394 1304 ,
1420 1248 1487 1294 ut
1510 1238 1577 1293 de
1606 1237 1747 1294 bono
1785 1245 1841 1292 et
1861 1237 1929 1293 de

349 1338 512 1403 malo,
540 1350 644 1390 non
667 1334 1012 1405 scriptoribus
1031 1341 1086 1389 et
1115 1330 1346 1387 librariis
1369 1370 1383 1391 .
1409 1328 1504 1384 sed
1526 1329 1713 1395 coquis
1741 1338 1794 1382 et
1813 1327 1930 1382 dul-

345 1429 524 1486 ciariis
549 1426 805 1482 ministris
830 1427 1104 1482 vobiscum
1119 1423 1297 1491 potius
1309 1419 1656 1488 disseramus)
1679 1436 1694 1473 :
1725 1417 1932 1486 porcel-

347 1519 431 1575 lus
451 1533 580 1588 ει·εο
593 1533 745 1593 assus
769 1517 1014 1573 etcolore
1045 1511 1245 1568 nitidus
1266 1553 1283 1579 ,
1313 1520 1367 1578 et
1384 1511 1550 1566 odore
1579 1509 1806 1566 blandus
1827 1550 1844 1576 ,
1875 1517 1931 1565 et

344 1627 537 1682 sapore
550 1609 820 1682 .jucundus
865 1620 985 1664 est:
1015 1606 1224 1661 habetis
1267 1604 1557 1677 perfectum
1584 1604 1776 1659 divinae
1803 1602 1931 1658 sub-

345 1704 554 1758 stantiae
603 1697 945 1756 inbabitantis
985 1697 1271 1762 indicium;
1323 1695 1463 1751 trino
1501 1695 1806 1750 testimonio
1837 1709 1932 1750 vos

347 1795 568 1858 invitat,
609 1803 664 1848 et
694 1794 904 1862 purgari
945 1801 1121 1847 vestra
1157 1789 1438 1846 sanctitate
1461 1788 1753 1845 desiderat.
1783 1789 1931 1844 lnva-

349 1888 498 1955 ditc,
545 1884 674 1956 quid
713 1884 1076 1941 cunctamini?
1124 1881 1249 1955 quid
1280 1881 1648 1937 contradicere
1679 1881 1931 1952 paratis?

345 1977 536 2034 Colore
556 1976 680 2032 solo
728 1976 1025 2032 lenticulam
1075 1973 1231 2029 ﬁmus
1273 1973 1432 2028 vincit
1467 1973 1717 2037 infantis,
1767 1972 1933 2029 odoro

345 2074 466 2130 solo
490 2087 610 2127 assa
632 2070 807 2127 offella
834 2079 1047 2139 superat
1071 2070 1254 2123 mitem
1278 2083 1344 2123 ac
1363 2067 1584 2122 viridem
1627 2066 1786 2122 ticum
1803 2106 1820 2132 ,
1844 2081 1932 2120 sa-

349 2180 483 2236 pore
502 2164 622 2220 solo
636 2163 820 2218 bzcdus
840 2163 1049 2217 occisus
1064 2160 1301 2225 herbam,
1314 2174 1484 2231 quam
1506 2158 1658 2212 vivus
1680 2158 1930 2228 pascitur,

345 2255 511 2312 vincit
544 2273 558 2310 :
586 2255 800 2310 inventa
825 2262 910 2310 est
931 2253 1090 2307 etiam
1112 2266 1238 2308 caro
1256 2293 1271 2315 ,
1300 2251 1451 2320 cujus
1475 2264 1634 2306 musa
1663 2249 1745 2303 his
1775 2249 1933 2304 simul

350 2349 520 2404 tribus
547 2347 768 2403 testibus
797 2346 1097 2414 adjuvetur.
1121 2343 1258 2411 Quid
1289 2342 1524 2413 quaeritis
1549 2341 1817 2411 amplius?
1844 2351 1936 2398 aut

347 2439 472 2512 quid
497 2439 688 2495 dicturi
723 2438 894 2494 estis?
931 2436 1040 2493 Cur
1063 2451 1158 2490 vos
1195 2434 1474 2505 epulantes
1520 2432 1822 2490 immundos
1850 2431 1934 2487 fa-

349 2534 492 2588 ciant
551 2531 886 2602 pulpamenta
907 2571 923 2593 ,
957 2539 1020 2586 et
1069 2527 1403 2598 disputantes
1429 2527 1542 2581 inec
1563 2534 1806 2596 portenta
1825 2541 1934 2581 non

347 2621 578 2678 faciant:
607 2621 900 2690 priesertim
926 2634 1046 2674 cum
1085 2617 1216 2673 solis
1246 2616 1397 2673 istius
1419 2614 1624 2680 radius,
1652 2629 1810 2683 quem
1839 2630 1936 2670 vos

345 2723 496 2771 certe
526 2725 580 2768 et
621 2712 873 2768 carnibus
910 2709 1158 2765 omnibus
1198 2717 1253 2764 et
1297 2706 1535 2778 frugibus
1577 2707 1931 2778 anteponitis,

344 2819 448 2861 nec
471 2804 642 2866 oleat,
667 2817 768 2858 nec
791 2801 995 2870 sapiat,
1025 2799 1119 2856 sed
1158 2797 1526 2854 tantummodo
1563 2798 1702 2853 inter
1741 2807 1935 2854 caetera

345 2911 606 2967 corpora,
647 2893 959 2966 praestantia
989 2891 1359 2964 fulgentissimi
1391 2892 1624 2959 coloris,
1668 2890 1931 2958 emineat;

345 2988 437 3058 qui
463 3002 561 3043 vos
585 3000 907 3057 magnOpere
930 2984 1197 3049 hortatur,
1215 2992 1375 3055 atque
1399 2983 1536 3039 adeo
1557 2984 1698 3050 cogit
1717 2983 1931 3048 invitos,

346 3086 407 3133 ut
447 3077 584 3132 inter
610 3077 929 3134 documenta
957 3075 1229 3132 commisti
1271 3074 1397 3130 boni
1415 3117 1432 3143 ,
1461 3073 1592 3130 nihil
1624 3075 1819 3132 coloris
1847 3074 1933 3130 ni-

346 3171 448 3226 tori
479 3169 811 3240 praetentis?

414 3263 505 3318 42.
537 3261 617 3317 Ad
649 3262 766 3316 illas
793 3276 922 3331 ergo
965 3259 1280 3316 reducimini
1323 3261 1630 3328 angustias,
1676 3269 1735 3315 ut
1765 3261 1934 3332 magis

344 3353 398 3410 in
423 3354 708 3424 sanguine,
757 3360 814 3408 et
838 3354 889 3406 in
916 3353 980 3407 iis
1003 3368 1121 3423 quae
1156 3350 1470 3406 animalium
1508 3353 1757 3408 carnibus
1785 3353 1931 3409 {teti-

343 3443 564 3500 dissima
583 3483 600 3507 ,
631 3442 723 3496 sed
751 3441 912 3496 nitide
935 3441 1168 3495 colorata
1192 3438 1245 3493 in
1272 3440 1403 3496 vicis
1421 3452 1706 3510 egeruntur
1724 3485 1740 3508 ,
1769 3459 1931 3513 quam

346 3535 402 3588 in
429 3534 585 3587 oliva:
631 3531 770 3586 foliis
798 3531 1112 3601 pallentibus
1139 3540 1340 3600 partem
1371 3531 1465 3587 Dei
1495 3531 1734 3588 habitare
1764 3534 1929 3589 latea-

345 3626 496 3682 mini.
541 3624 691 3692 Quod
722 3624 765 3677 si
810 3622 1012 3686 dicitis,
1055 3638 1173 3676 nam
1202 3623 1360 3677 etiam
1399 3621 1499 3678 hoc
1523 3623 1733 3690 dicitis,
1779 3625 1933 3680 olivze

344 3714 469 3772 folia
491 3755 505 3780 ,
531 3729 652 3769 cum
676 3713 1057 3780 incenduntur,
1085 3714 1260 3782 ignem
1287 3713 1531 3769 emittere
1551 3753 1570 3780 ,
1594 3713 1646 3769 in
1671 3731 1778 3785 quo
1798 3733 1931 3786 pra:-

344 3807 518 3864 sentia
548 3805 678 3861 lucis
702 3813 957 3874 apparet;
982 3818 1173 3858 carnes
1190 3811 1389 3865 autem,
1411 3819 1532 3860 cum
1545 3805 1930 3872 incenduntur,

346 3914 456 3954 non
504 3896 640 3952 idem
672 3895 846 3952 facere
878 3911 892 3948 :
921 3893 1047 3965 quid
1075 3895 1144 3948 dc
1170 3893 1326 3963 adipe
1370 3895 1795 3964 reSpondebitis,
1840 3900 1931 3969 qui

345 4004 513 4060 prope
549 4003 737 4043 omnes
764 3986 922 4043 Italas
945 3986 1188 4041 lucernas
1213 3986 1513 4040 illuminat?
1535 3987 1670 4054 Quid
1711 3989 1780 4045 de
1809 3991 1934 4046 timo

346 4079 544 4136 bubulo
561 4120 577 4145 ,
610 4079 697 4149 qui
723 4087 806 4134 est
823 4088 968 4134 certe
993 4077 1142 4131 bovis
1168 4091 1329 4131 carne
1349 4077 1617 4132 sordidior
1633 4120 1650 4142 ,
1691 4095 1799 4150 quo
1823 4081 1932 4137 sic.

345 4182 466 4228 cato
487 4172 665 4227 rustici
695 4171 773 4226 sic
788 4178 1010 4224 utuntur
1027 4168 1094 4224 ad
1125 4167 1301 4224 focum
1320 4209 1338 4236 ,
1358 4178 1417 4224 ut
1439 4169 1557 4240 ejus
1583 4171 1702 4242 igne
1727 4170 1934 4230 facilius

343 4264 479 4319 nihil
504 4265 570 4318 sit
595 4265 846 4332 fumoque
875 4261 1184 4332 purgatius?
1230 4261 1368 4328 Quid
1411 4261 1552 4332 quod
1572 4303 1588 4328 ,
1633 4263 1678 4317 si
1709 4265 1850 4321 nitor
1875 4275 1933 4322 et

345 4355 519 4428 fulgor
546 4356 804 4426 majorem
822 4354 1179 4425 («praiseutiam
1230 4353 1422 4410 divina:
1451 4356 1617 4425 partis
1659 4359 1928 4427 ostendit,

348 4461 466 4501 eam
489 4462 582 4501 vos
609 4462 718 4501 non
741 4437 994 4516 purgatis.
1025 4460 1130 4501 non
1151 4443 1494 4516 consignatis,
1522 4461 1628 4502 non
1654 4448 1932 4506 liberatis?

347 4536 618 4607 Siquidem
648 4544 733 4592 est
758 4536 986 4591 maxime
1005 4535 1058 4591 in
1083 4533 1308 4590 ﬁoribus
1329 4576 1344 4598 .
1370 4542 1428 4591 ut
1453 4537 1692 4591 omittam
1714 4542 1930 4610 sangui-

349 4641 508 4692 nem,
535 4637 589 4680 et
619 4626 1018 4698 innumerabilia
1042 4628 1094 4682 in
1119 4642 1308 4691 carne,
1339 4625 1427 4682 vel
1467 4642 1532 4684 ex
1574 4643 1736 4686 carne
1757 4631 1930 4686 simil-

346 4718 472 4774 lima
496 4759 511 4783 ,
537 4732 671 4786 quos
693 4729 836 4775 certe
854 4717 1017 4774 ﬂores
1047 4717 1242 4775 habere
1267 4718 1320 4774 in
1344 4719 1516 4791 epulis
1531 4735 1644 4776 non
1657 4723 1889 4792 .potestis
1912 4742 1926 4778 :

346 4810 436 4881 qui
465 4809 510 4863 si
531 4808 692 4864 etiam
719 4810 968 4866 carnibus
988 4811 1332 4867 vesceremini
1350 4852 1366 4876 ,
1393 4827 1644 4883 squamas
1665 4825 1826 4876 certe
1841 4817 1928 4885 pi-

346 4901 550 4966 scium,
593 4910 648 4954 et
680 4900 942 4969 quosdam
985 4903 1300 4958 vermiculos
1342 4912 1501 4974 atque
1540 4920 1929 4977 muscam-que

347 4991 527 5048 omnia
555 4990 715 5046 etiam
756 4989 808 5044 in
837 4991 1070 5068 tenebris
1093 4993 1208 5048 luce
1238 4994 1753 5063 propria'ooruscaut
1771 4999 1926 5068 ψαι-

345 5083 550 5162 mentis
564 5079 757 5138 vestris
778 5094 887 5136 non
915 5063 1258 5140 adhibemus.

419 5174 508 5231 43.
523 5173 671 5242 :Quid
698 5173 856 5245 igitur
881 5179 1084 5238 restat,
1112 5173 1213 5228 nisi
1232 5185 1288 5229 ut
1311 5175 1493 5234 dicere
1515 5178 1774 5236 desinatis
1790 5222 1806 5248 ,
1827 5180 1928 5238 ha-

347 5264 477 5322 bere
519 5279 613 5319 vos
655 5265 878 5321 idoneos
917 5262 1125 5333 iudices
1152 5266 1365 5333 oculos,
1413 5284 1606 5339 nares,
1643 5273 1924 5344 «palatum,

347 5355 539 5425 quibus
561 5354 750 5410 divina:
771 5354 935 5424 partis
959 5356 1294 5426 praesentiam
1323 5358 1376 5415 in
1397 5351 1710 5433 corporibus
1731 5379 1928 5437 appro-

349 5444 525 5500 betis?
554 5444 646 5500 llis
670 5454 845 5501 autem
880 5447 1098 5501 remotis
1122 5488 1134 5506 .
1168 5449 1308 5505 unde
1343 5451 1600 5510 docebitis
1624 5473 1729 5513 non
1769 5460 1930 5516 modo

348 5536 604 5605 majorem
635 5543 837 5605 partem
862 5537 951 5592 Dei
981 5537 1032 5591 in
1059 5540 1309 5608 stirpibus
1335 5558 1455 5600 esse
1487 5563 1642 5615 quam
1669 5549 1720 5602 in
1755 5552 1930 5605 carni-

346 5626 480 5690 bus,
513 5629 606 5682 sed
649 5630 867 5686 omnino
898 5646 1017 5686 esse
1045 5632 1241 5703 aliquid
1268 5636 1385 5704 ejus
1427 5637 1479 5690 in
1521 5639 1811 5708 stirpibus?
1845 5643 1926 5698 An

347 5718 688 5790 pulchritudo
710 5736 806 5774 vos
832 5732 1040 5788 movet,
1076 5739 1182 5778 non
1207 5741 1324 5795 qua:
1355 5728 1403 5781 in
1440 5731 1697 5786 suavitate
1735 5733 1928 5790 coloris

347 5817 432 5862 ext
448 5848 466 5874 ,
492 5807 588 5862 sed
605 5813 723 5878 quin
747 5809 806 5865 in
826 5811 1051 5882 partium
1072 5819 1447 5884 congruentia?
1467 5817 1678 5875 Utinam
1706 5823 1806 5879 hoc
1838 5841 1927 5881 es-

249 5951 263 5990 ἰ
353 5905 435 5952 set
471 5897 696 5966 Quaado
716 5902 857 5955 enim
885 5904 1196 5971 corporibus
1216 5908 1561 5967 animantium
1581 5953 1596 5982 ,
1626 5915 1677 5969 in
1702 5932 1923 5990 quorum

1186 480 1275 536 DE
1315 474 1610 535 uomens
1649 447 2192 552 iuuentam,
2225 449 2290 528 "s.
2333 474 2698 546 Aucusrm

3482 482 3633 552 "£6!

2039 587 2620 665 iotntaparibusparia
2653 594 2888 649 membra
2916 597 3300 668 respondeant,
3344 601 3634 662 audentis

2035 679 2258 756 distorta
2289 683 2426 753 ligna
2448 685 2731 741 conferre?
2757 687 2873 741 [Sed
2897 688 2940 742 si
2977 692 3334 758 corporalimu
3349 709 3634 754 sensuum

2035 773 2742 843 testimoniis.delectamini,
2789 778 2928 848 quod
2955 793 3170 836 necesse
3193 790 3280 836 est
3305 783 3490 854 iisqui
3517 787 3634 842 vim

2035 866 2474 924 essentiamente
2495 868 2676 924 videre
2695 882 3058 940 norimus-sum,
3085 876 3359 943 quomodo
3386 878 3637 947 probatis

2033 971 2132 1028 per
2156 973 2359 1014 moram
2389 961 2660 1029 temporis,
2690 971 2861 1032 etrper
2888 963 3514 1038 obtritionesquasdam,
3543 971 3633 1027 fu-

2031 1063 2160 1120 gere
2191 1049 2270 1104 .de
2295 1052 2608 1119 corporibus
2635 1055 2979 1115 substantiam
3019 1057 3174 1124 boni,
3205 1059 3318 1114 nisi
3346 1061 3482 1128 quia'
3501 1062 3637 1120 inde

2035 1141 2259 1210 discedit
2285 1142 2458 1208 Deus,
2490 1153 2547 1198 ut
2581 1146 2854 1212 asseritis,
2882 1147 3030 1204 etde
3047 1149 3264 1205 ioco-in
3303 1152 3481 1208 locum
3509 1156 3632 1210 mi-

2034 1236 2194 1306 grat?
2222 1237 2445 1294 Plenum
2471 1248 2554 1294 est
2587 1237 2890 1296 dementiae.
2936 1241 3499 1316 ‘Veruiiimmc'n'sig'ua
3527 1263 3638 1304 vos

2036 1325 2103 1380 ad
2131 1326 2283 1382 istam
2315 1330 2635 1384 sententiam
2659 1339 2713 1384 et
2745 1332 2970 1396 indicia,
3012 1343 3265 1404 quantum
3317 1338 3637 1395 existimare

2037 1431 2288 1486 possum,
2320 1420 2462 1474 nulla
2491 1419 2776 1476 duxerunt.
2806 1423 2965 1479 Multa
2998 1425 3139 1478 enim
3173 1437 3356 1497 carpta
3373 1428 3451 1483 de
3465 1431 3636 1486 arbo-

2037 1510 2188 1564 ribus
2228 1512 2308 1565 vel
2339 1512 2518 1566 evulsa
2543 1513 2616 1568 de
2661 1522 2833 1578 terra,
2878 1527 3158 1586 antequam
3201 1520 3268 1573 ad
3308 1522 3492 1575 cibum
3531 1537 3637 1577 no-

2039 1611 2206 1657 strum
2235 1602 2472 1665 veniant,
2502 1604 2906 1674 interpositione
2923 1608 3098 1676 aliqua
3122 1611 3380 1679 temporis
3410 1614 3634 1670 meliora

2039 1695 2376 1755 redduntur:
2406 1705 2457 1749 nt
2491 1697 2632 1764 porri
2659 1709 2712 1750 et
2738 1698 2898 1752 intiba
2923 1741 2940 1764 ,
2981 1700 3227 1768 lactucaz,
3257 1719 3378 1758 uva:
3399 1745 3416 1769 ,
3451 1706 3631 1770 mala,

2040 1786 2205 1852 ﬁcus,
2237 1795 2292 1842 et
2312 1788 2553 1858 quaadam
2581 1790 2692 1858 pira
2726 1807 2740 1844 :
2767 1801 2821 1844 et
2851 1791 3634 1866 inulta-praeterea-quaeeteu-

2041 1882 2281 1937 lurantur
2307 1882 2498 1938 melius
2517 1924 2530 1940 .
2553 1882 2677 1937 dum
2711 1898 2814 1938 nou
2843 1885 3022 1940 statim
3053 1887 3382 1957 iit-decerpta
3411 1889 3629 1953 iuerint,

2038 1975 2423 2042 absumuntur,
2467 1985 2522 2030 et
2547 1986 2772 2046 corpore
2795 1981 3078 2046 capiuntur
3099 1980 3404 2047 salubrius,
3447 1992 3506 2037 et
3531 1999 3633 2038 sa-

2036 2068 2194 2136 piunt
2223 2068 2274 2122 in
2304 2083 2397 2123 ore
2413 2068 2708 2124 conditius:
2738 2086 2857 2140 qua:
2873 2079 3025 2124 tanta
3039 2073 3394 2128 commoditas
3427 2079 3632 2130 et‘sna-

2043 2162 2176 2216 vitas
2215 2161 2504 2218 inesse'his
2531 2163 2692 2218 rebus
2723 2164 2942 2217 minime
2983 2164 3234 2231 deberet,
3265 2165 3310 2220 si
3337 2167 3632 2224 secundum

2041 2263 2274 2309 vestram
2319 2257 2674 2320 sententiam,
2719 2257 2872 2309 tanto
2899 2255 3187 2311 desertiora
3235 2257 3375 2312 bono
3405 2262 3628 2323 tierent,

2035 2355 2241 2416 quanto
2259 2346 2562 2402 diuturnius
2589 2358 3238 2418 reponuutur,tpostquam
3251 2364 3296 2403 'a
3321 2355 3464 2404 terra
3477 2351 3630 2420 quasi

2043 2447 2073 2486 a
2105 2441 2274 2487 matre
2310 2443 2550 2501 separata
2594 2443 2737 2487 sunt.
2777 2431 2919 2488 Caro
2955 2435 3071 2503 ipsa
3121 2434 3290 2503 pridie
3331 2437 3626 2492 occisorum

2039 2523 2350 2579 animalium
2381 2523 2621 2595 profecto
2648 2535 2730 2579 est
2753 2527 3036 2592 jucundior
3073 2537 3236 2593 atque
3260 2531 3580 2584 commouit»
3600 2549 3619 2587 :

2049 2623 2154 2662 non
2195 2620 2372 2663 autem
2405 2608 2474 2663 ita
2503 2624 2622 2663 esse
2652 2611 2965 2678 oportebat,
2992 2611 3068 2674 si,
3119 2621 3175 2666 ut
3204 2613 3431 2667 asseritis
3451 2653 3469 2678 ,
3501 2614 3614 2682 plus

2048 2698 2270 2755 haberet
2297 2700 2459 2765 boni,
2488 2717 2555 2756 eo
2598 2700 2685 2756 die
2723 2715 2910 2755 recens
2955 2702 3229 2758 animante
3277 2704 3615 2775 interempto,

2041 2791 2487 2863 quampostridie
2531 2808 2652 2848 cum
2689 2791 2884 2849 divina:
2930 2793 3239 2849 substantia:
3290 2799 3461 2866 major
3507 2795 3624 2868 iuga

2041 2881 2176 2937 facta
2207 2891 2370 2937 esset.

2111 2973 2203 3027 44.
2232 2973 2422 3028 Vinum
2467 2989 2596 3029 vero
2643 2982 2904 3029 vetustate
2937 2975 3128 3044 «purius
3169 2977 3466 3047 meliusque
3495 2978 3631 3034 «ﬁcri

2043 3062 2162 3132 quis
2209 3064 2449 3132 ignoret?
2493 3079 2593 3120 nec
2629 3064 2702 3119 ad
2730 3067 3113 3136 pervertendos
3140 3081 3333 3122 sensus
3381 3068 3632 3124 redolen-

2039 3155 2149 3210 tius
2180 3155 2217 3219 ⁸,
2253 3164 2310 3208 ut
2334 3155 2565 3224 putatis,
2586 3155 2680 3210 sed
2705 3155 2771 3211 ad
2807 3157 3155 3227 vegetaudum
3180 3169 3378 3227 curpus
3392 3160 3582 3216 utilius
3615 3180 3631 3216 :

2044 3256 2250 3300 tantum
2281 3246 2420 3301 adsit
2451 3246 2672 3313 modus,
2698 3262 2856 3317 quem
2884 3247 2936 3300 in
2966 3249 3109 3303 omni
3151 3265 3212 3305 re
3241 3249 3508 3307 dominari
3529 3251 3632 3308 de—

2043 3350 2146 3395 cet.
2173 3339 2306 3394 Nam
2335 3347 2511 3394 musto
2535 3341 2840 3396 recentiore
2857 3341 3173 3410 perversitas
3192 3355 3452 3398 sensuum
3479 3343 3633 3399 citius

2040 3431 2181 3487 solet
2205 3430 2478 3486 accidere:
2506 3431 2576 3486 ita
2606 3439 2662 3485 ut
2689 3431 2736 3487 si
2760 3432 3120 3501 aliquandoin
3141 3432 3256 3488 lacu
3288 3438 3631 3504 remanseris,

2041 3527 2473 3592 aliquantuiuque
2507 3524 2792 3587 ferbucrit,
2825 3525 3091 3581 intuentes
3124 3525 3634 3596 desuper-percusso

2041 3615 2265 3670 cerebro
2294 3615 2590 3685 praecipites
2626 3624 2779 3685 agat,
2831 3624 2888 3670 et
2912 3613 3010 3669 nisi
3039 3615 3219 3685 aliquo
3244 3616 3406 3670 modo
3434 3619 3631 3676 ubve-

2041 3709 2254 3774 niatur,
2279 3708 2597 3777 exstinguat.
2613 3708 2740 3764 Jam
2766 3709 2906 3778 quod
2933 3709 2998 3762 ad
3026 3709 3380 3766 valetudinem
3402 3713 3596 3769 attinet
3613 3753 3631 3779 ,

2042 3801 2213 3855 inilari
2245 3816 2311 3857 eo
2357 3815 2582 3870 corpora
2627 3803 3028 3873 perniciosequc
3073 3802 3332 3868 distendi,
3377 3805 3498 3874 quis
3532 3807 3629 3862 ab-

2042 3894 2203 3948 nuat?
2246 3893 2382 3948 Num
2410 3893 2529 3948 ideo
2551 3904 2692 3947 tanta
2731 3894 3065 3950 inconnnoda
3100 3894 3327 3964 ’iusunt,
3355 3897 3480 3967 quia
3495 3898 3630 3967 :plus

2042 3983 2201 4039 habet
2231 3985 2350 4039 boni
2376 4002 2389 4050 ;
2425 3998 2700 4054 propterea
2725 3986 2822 4038 ista
2854 3987 2904 4039 in
2931 3987 3041 4039 viui
3067 3995 3328 4041 vetustate
3352 3997 3625 4052 nou'sunt,

2040 4077 2159 4146 quia
2187 4077 2377 4130 divinae
2399 4077 2710 4130 substantim
2732 4092 2854 4146 pars
2875 4092 3061 4147 magna
3097 4078 3378 4134 discessit?
3421 4079 3628 4134 Absur-

2040 4168 2164 4222 dum
2188 4179 2267 4222 est
2287 4169 2495 4232 dicere;
2514 4168 2973 4238 vobisvpraesertim
2997 4170 3083 4238 qui
3104 4171 3439 4239 praesentiam
3462 4173 3627 4240 partis

2041 4259 2166 4323 Dei,
2216 4261 2414 4322 oculis,
2462 4260 2710 4324 naribus,
2751 4261 2966 4330 palato,
3011 4276 3130 4315 cum
3163 4263 3214 4316 1ιί
3260 4269 3448 4318 seu‘s'us
3487 4264 3624 4320 bene

2040 4349 2372 4415 afﬁciuntur,
2419 4351 2685 4420 judicatis.
2727 4351 2845 4406 Jam
2872 4367 2999 4407 vero
3024 4369 3141 4422 qua:
3170 4361 3310 4406 tanta
3354 4355 3621 4423 perversio

2039 4449 2149 4507 est,
2175 4442 2360 4496 vinum-
2383 4451 2568 4512 putare
2598 4442 2664 4498 l‘el
2705 4444 2998 4513 principum
3029 4445 3366 4501 tenebrarum
3386 4447 3614 4508 ,iet'tn'is

2038 4535 2377 4591 comedendis
2395 4551 2506 4591 non
2535 4535 2794 4606 parcere?
2815 4535 3047 4604 Magisne
3073 4537 3229 4593 inerit
3245 4537 3383 4595 illud
3393 4537 3612 4594 {clm

2038 4629 2091 4683 in
2133 4643 2264 4698 cupa
2286 4671 2301 4696 ,
2331 4645 2490 4699 quam
2532 4641 2657 4684 cum
2687 4631 2736 4684 in
2766 4631 2931 4684 acinis
2975 4629 3168 4685 fuerit?
3204 4629 3367 4698 Quod
3411 4631 3618 4688 si‘bouo

2036 4720 2348 4776 discedente
2393 4722 2545 4790 quasi
2595 4721 2860 4777 meracius
2907 4730 3147 4776 remanet
3194 4721 3621 4788 niuium-~,-et-id

2035 4815 2294 4882 temporis
2321 4825 2468 4870 mora
2496 4815 2759 4886 contingit
2773 4832 2794 4879 ;τ
2821 4831 2925 4870 non
2952 4815 3229 4885 oportebat
3253 4815 3471 4870 easdem
3492 4832 3622 4871 uvas

2034 4919 2325 4974 suspens
2367 4913 2528 4975 atque
2571 4917 2813 4962 servatas
2834 4906 2956 4962 ﬁeri
3002 4906 3272 4973 mitiores,
3319 4906 3617 4974 dulciores,

2032 4995 2359 5053 salubriores
2386 5013 2402 5050 :
2431 5011 2603 5068 neque
2625 4999 3018 5068 ipsum-vinum
3061 4998 3204 5068 quod
3233 5013 3396 5067 supra
3419 4998 3619 5055 dictum

2032 5098 2150 5156 est,
2193 5096 2255 5166 et
2295 5087 2490 5144 amissa
2529 5090 2648 5147 luce
2685 5090 2930 5161 liquidius
2958 5097 3124 5161 atque
3156 5089 3522 5156 luculentius,
3554 5104 3618 5150 et

2032 5177 2303 5236 salutifera
2332 5180 2622 5236 substantia
2647 5180 2955 5237 discedente
2976 5182 3258 5238 salubrius.

2104 5271 2197 5327 45.
2223 5271 2361 5340 Quid
2401 5272 2574 5328 dicam
2619 5272 2688 5328 de
2717 5273 2870 5342 lignis
2894 5283 2946 5328 et
2975 5272 3248 5330 frondibus
3267 5317 3283 5342 ,
3327 5293 3450 5348 qua:
3475 5287 3613 5335 tem-

2033 5377 2164 5434 pore
2191 5372 2469 5425 arescunt,
2501 5377 2598 5417 nec
2633 5378 2699 5419 ex
2741 5379 2808 5418 eo
2849 5364 3061 5419 a‘VODiS
3089 5364 3440 5436 dici-possunt
3462 5369 3612 5426 dete-

2033 5455 2173 5510 riora
2215 5453 2368 5509 iieri?
2405 5453 2458 5508 Id
2486 5455 2625 5508 enim
2653 5457 2901 5509 amittunt
2939 5471 3043 5524 quo
3069 5455 3242 5511 l‘umus
3265 5459 3524 5529 gignitur,
3562 5460 3611 5516 id

2033 5554 2213 5600 autem
2266 5545 2497 5599 retinent
2523 5545 2663 5600 unde
2697 5543 2866 5601 lucida
2883 5545 3101 5602 "flamina
3119 5549 3432 5618 consurgit,
3476 5551 3524 5607 et
3549 5567 3606 5604 ea

2033 5627 2276 5693 claritate
2302 5653 2458 5707 quam
2487 5637 2705 5690 multum
2734 5637 2981 5707 diligitis,
3006 5637 3186 5709 purius
3211 5641 3411 5698 bonum
3443 5644 3492 5699 in
3514 5643 3605 5697 ari-

2033 5728 2306 5798 (tioribus,
2335 5733 2491 5800 quam
2518 5735 2570 5786 in
2599 5729 2937 5787 viridioribus
2967 5731 3370 5792 csse“'te‘statur.
3396 5734 3473 5793 Ex
3499 5749 3601 5806 quo

2098 5931 2112 5961 '
2136 5936 2244 5982 ιω.
2267 5930 2452 5994 plures,
2473 5930 2720 5984 dolentius.
