3874 6300
535 354 666 410 1367

1447 356 1529 413 DE
1566 357 1863 417 MORlBUS
1902 358 2446 434 MANICHEORUM,
2485 365 2542 422 S.
2575 369 2941 431 AUGUSTINI

2271 271 2273 273 .
2311 267 2340 284 ,ι
2435 273 2444 278 ι

3629 398 3733 457 1368

525 477 642 534 est,
674 468 956 526 deliciosas
992 483 1144 526 escas
1183 471 1506 540 respuendas
1526 472 1856 543 jitdii-aretis.
1882 473 2017 530 Nam
2053 472 2099 530 si
2203 475 2340 532 hanc
2377 480 2592 538 sumita
2619 485 2930 553 venditore,
2981 505 3201 560 passura
3245 505 3362 564 est,
3397 500 3533 571 quod
3560 520 3729 575 psmn

440 609 460 628 ,
525 559 645 631 quis
678 559 834 614 etiam
859 575 1034 614 rerum
1062 570 1301 615 naturam
1333 566 1549 634 vimque
1571 564 1760 617 animat
1778 573 1830 620 et
1858 565 2096 635 corporis
2200 578 2343 636 erat,
2374 572 2420 627 si
2450 581 2503 629 te
2529 574 2692 632 dante
2720 581 3068 648 sumpsisset?
3107 585 3330 643 Involvit
3346 559 3508 661 igitur
3531 559 3730 658 sordibd;

520 655 699 709 minus
743 654 986 719 intuens,
1024 653 1175 710 vobis
1198 656 1456 710 concedat
1497 658 1727 712 animam
1765 659 2093 727 coinquinari

519 744 860 810 dembsonio,
893 746 1057 800 multo
1082 747 1245 818 magis
1269 763 1386 803 eam
1417 757 1594 802 tamen
1625 749 1947 804 immundam
1976 750 2091 805 lieri

515 837 802 907 cupiditate
829 837 1134 894 conceditis.
1165 838 1293 904 Quae
1324 853 1452 909 ergo
1480 840 1612 894 ratio
1651 849 1765 906 est,
1799 841 1876 894 vel
1915 840 2092 909 potius

513 931 776 996 amentia,
818 929 884 985 de
926 946 1148 986 numero
1189 931 1481 987 electorum
1531 931 1799 987 hominem
1850 932 2086 1002 pellere,

512 1026 604 1096 qui
644 1023 778 1079 forte
813 1038 1025 1079 carnem
1056 1024 1374 1081 valetudinis
1399 1040 1586 1091 causa,
1629 1025 1771 1080 nulla
1799 1025 2087 1094 cupiditate

507 1115 795 1186 gustaverit
828 1133 841 1168 :
873 1115 916 1169 si
951 1124 1127 1170 autem
1165 1116 1396 1185 piperata
1423 1116 1607 1172 tubera
1639 1117 1900 1171 veraciter
1927 1115 2086 1171 edere

507 1205 870 1276 concupierit,
903 1204 1250 1260 immodestia:
1277 1216 1476 1260 tantum
1507 1207 1641 1272 forte
1664 1207 2084 1276 possitis‘repre-

506 1299 744 1354 hcndere
763 1339 778 1360 ,
806 1310 909 1352 non
937 1306 1111 1352 autem
1141 1305 1196 1351 ut
1221 1309 1589 1362 corruptorem
1624 1297 1878 1353 damnare
1907 1299 2085 1368 signa-

508 1389 648 1445 culi?
693 1387 767 1442 lta
799 1387 852 1442 fit
883 1398 938 1442 ιιι
963 1389 1014 1443 in
1043 1389 1228 1444 electis
1254 1389 1445 1445 vestris
1463 1405 1583 1446 esse
1618 1405 1722 1444 non
1760 1391 1957 1457 possit,
1991 1392 2080 1461 qui

505 1480 748 1552 proditus
774 1479 958 1542 fuerit,
1011 1496 1116 1534 non
1145 1482 1566 1552 concupiscendo
1585 1525 1598 1548 ,
1627 1482 1724 1539 sed
1771 1483 2032 1540 medendo
2059 1485 2077 1516 ¹

503 1579 710 1640 partem
747 1569 976 1640 aliquam
1003 1585 1245 1626 cmuasse
1269 1571 1661 1640 gallinaazesse
1703 1582 1877 1627 autem
1917 1575 1968 1628 in
2013 1573 2078 1629 iis

497 1663 670 1733 possit
714 1663 803 1731 qui
840 1663 1185 1720 vehementer
1228 1664 1539 1735 cumipbas,
1589 1674 1643 1720 et
1684 1665 1784 1720 alia
1836 1665 2075 1736 placenta

499 1772 664 1812 carne
687 1757 916 1811 carentia
937 1757 1266 1813 desiderasse
1291 1772 1349 1812 se
1378 1758 1494 1828 ipse
1519 1757 1833 1828 prodiderit.
1859 1757 2074 1812 Tenetis

499 1863 629 1916 ergo
665 1862 786 1900 eum
825 1849 1284 1917 quem-cupiditas
1335 1849 1584 1903 eordibns
1635 1849 1865 1917 mergit,
1913 1863 2072 1918 quem

497 1952 628 1992 vero
653 1937 764 2004 ipse
782 1937 950 1999 cibus,
982 1946 1040 1992 ut
1062 1939 1408 2004 arbitramini,
1442 1940 1697 2003 maculat,
1732 1955 1834 1994 non
1859 1942 2068 2009 tenetis,

499 2043 619 2082 cum
647 2028 1060 2097 iuquiuatinnem
1089 2030 1154 2083 de
1183 2032 1606 2097 concupiscentia
1634 2048 1791 2102 quam
1814 2032 1879 2088 de
1906 2033 2070 2088 obso-

493 2118 584 2172 nio
612 2118 766 2188 longe
797 2117 1048 2188 majorem
1078 2119 1188 2174 fieri
1227 2119 1521 2182 fateamini.
1552 2137 1616 2176 co
1645 2159 1649 2172 ι
1674 2123 1968 2192 ριωιρηιεε
1989 2133 2070 2178 ta-

491 2225 615 2264 men
656 2224 776 2264 eum
814 2210 900 2280 qui
938 2209 1167 2265 conditis
1192 2212 1504 2268 suavissime
1547 2213 1782 2284 frugibus
1832 2215 2069 2270 imminet

491 2299 736 2360 inhians.
784 2315 1008 2371 seseque
1049 2317 1152 2356 non
1197 2311 1382 2357 tenet:
1422 2303 1764 2360 excludentes
1807 2320 1932 2360 eum
1978 2309 2067 2375 qui

490 2391 754 2461 quaslibet
781 2392 965 2461 epulas
992 2393 1262 2448 hominum
1289 2395 1703 2463 comprimenda:
1728 2395 1884 2452 famis
1907 2413 2065 2455 causa

486 2483 607 2538 sine
636 2483 739 2538 ulla
772 2483 1060 2552 cupiditate
1083 2493 1296 2551 paratus
1323 2501 1561 2550 sumere,
1595 2497 1648 2541 et
1677 2497 1889 2556 paratus
1910 2491 2066 2546 amit-

487 2580 633 2638 tere,
666 2572 1030 2628 indiﬁ'erenter
1047 2576 1207 2642 capit.
1240 2576 1316 2630 En
1365 2574 1485 2630 miri
1517 2593 1723 2643 mores,
1756 2597 1821 2634 en
1854 2583 2062 2654 egregia

487 2662 766 2732 disciplina
789 2704 803 2726 ,
836 2679 902 2718 en
933 2665 1294 2720 memorabilis
1316 2670 1696 2738 temperantia!

563 2753 650 2810 52.
691 2754 805 2809 Jam
833 2755 972 2825 quod
993 2772 1052 2810 ea
1083 2773 1202 2826 qua:
1237 2758 1386 2813 vobis
1424 2761 1573 2830 quasi
1617 2763 1883 2832 purganda
1925 2764 2060 2821 oﬂ'e-

486 2855 677 2900 runtur
714 2845 779 2899 ad
813 2847 998 2916 epulas
1021 2889 1036 2912 ,
1083 2848 1230 2903 nefas
1274 2853 1471 2921 putatis
1489 2853 1532 2905 si
1563 2855 1680 2924 quis
1706 2855 1841 2911 alius
1871 2866 2063 2925 praeter

483 2938 684 2992 electos
711 2938 775 2993 ad
806 2939 1086 2994 cibaudum
1113 2943 1370 3013 tetigerit,
1411 2955 1621 3015 quantte
1647 2949 1982 3018 turpitudinis
2008 2959 2063 3007 ct

482 3028 767 3097 aliquando
805 3030 1021 3086 sceleris
1060 3032 1274 3102 plenum
1305 3036 1425 3089 est?
1465 3036 1734 3106 Siquidem
1773 3055 1916 3110 saepe
1954 3049 2059 3096 tam

484 3119 644 3171 multa
672 3118 886 3184 dantur,
915 3129 972 3174 ut
991 3122 1232 3177 consumi
1257 3122 1407 3180 facile
1433 3141 1460 3178 a
1495 3129 1674 3196 paucis
1700 3144 1806 3183 non
1835 3131 2056 3199 possint.
2096 3157 2099 3160 ·

482 3206 550 3261 Et.
588 3210 834 3277 quoniam
881 3211 1214 3281 sacrilegium
1257 3223 1484 3283 putatur,
1511 3217 1598 3271 vel
1625 3217 1744 3272 aliis
1765 3218 1894 3273 dare
1920 3221 2058 3290 quod

481 3297 772 3361 redundat,
801 3300 884 3354 vel
910 3309 1054 3356 certe
1079 3302 1311 3371 abjieere
1329 3346 1344 3370 ,
1374 3305 1426 3359 in
1450 3321 1668 3377 magnas
1685 3310 2059 3366 contrudimini

483 3387 795 3454 cruditates,
828 3398 995 3444 totum
1017 3391 1155 3460 quod
1185 3391 1365 3447 datum
1404 3401 1490 3450 est
1531 3397 1680 3466 quasi
1719 3414 1942 3470 purgare
1966 3416 2059 3457 cu-

480 3477 707 3548 pientes.
754 3477 869 3533 Jam
899 3495 1026 3534 vero
1055 3481 1302 3549 distenti,
1343 3492 1397 3540 et
1435 3501 1599 3556 prope
1635 3499 1942 3560 crepantes,
1964 3508 2060 3548 eos

482 3568 571 3637 qui
611 3567 710 3621 sub
748 3576 922 3624 vestra
960 3570 1234 3640 disciplina
1273 3584 1417 3642 sunt,
1449 3592 1642 3646 pueros
1661 3579 1727 3634 ad
1755 3579 2058 3640 devoranda

482 3659 684 3726 reliqua
705 3659 903 3715 crudeli
923 3660 1284 3720 dominatione
1301 3668 1615 3736 compellitis
1638 3687 1653 3723 :
1673 3670 1745 3725 ita
1763 3654 1824 3726 ἶιι
1849 3675 2057 3731 cuidam

482 3749 553 3803 sit
593 3750 775 3804 Romze
806 3751 1096 3822 objectum,
1126 3755 1266 3826 quod
1296 3759 1521 3814 miseros
1551 3763 1797 3829 parvulos
1821 3767 2059 3836 cogendo

478 3843 544 3897 ad
576 3845 895 3901 vescendum
924 3846 1014 3901 tali
1049 3850 1420 3917 superstitione
1458 3854 1745 3909 necaverit.
1774 3855 1924 3922 Quod
1954 3875 2056 3914 non

477 3937 752 3993 crederem
774 3981 790 4005 ,
837 3940 938 3996 nisi
980 3941 1172 3997 scirem
1210 3956 1461 4014 quantum
1491 3945 1642 4003 nefas
1676 3964 1799 4006 esse
1830 3952 2056 4008 arbitre-

476 4028 628 4096 mini,
657 4029 744 4085 vel
769 4030 886 4086 aliis
915 4033 1026 4088 haec
1050 4033 1180 4089 dare
1205 4037 1296 4106 qui
1323 4037 1479 4093 electi
1505 4054 1610 4094 non
1637 4051 1778 4106 sunt,
1812 4046 1892 4099 vel
1913 4054 2057 4100 certe

473 4119 801 4189 projicienda
856 4137 1064 4179 curare.
1129 4125 1277 4181 Unde
1330 4128 1418 4182 illa
1469 4132 1715 4186 vescendi
1769 4136 2056 4192 necessitas

476 4219 664 4278 restat,
683 4228 800 4283 quae
819 4215 884 4269 ad
923 4217 1280 4287 turpissimam
1324 4221 1636 4279 cruditatem
1676 4226 1697 4258 ’
1719 4241 1852 4296 pene
1877 4230 2055 4298 quoti-

477 4300 565 4357 die
583 4344 600 4368 ,
629 4302 914 4374 aliquando
943 4315 1118 4364 tamen
1145 4320 1320 4380 petest
1345 4322 1398 4368 et
1425 4329 1594 4384 usque
1623 4316 1688 4372 ad
1712 4319 2052 4378 homicidium

475 4397 773 4463 pervenire.

547 4486 636 4541 5'5.
669 4485 799 4553 Quae
836 4503 956 4544 cum
998 4489 1069 4546 ita
1107 4492 1246 4560 sint,
1293 4495 1452 4550 etiam
1501 4511 1689 4566 panem
1733 4501 2052 4560 mendicanti

476 4575 606 4631 dare
651 4577 978 4647 prohibetis:
1005 4584 1234 4638 censetis
1281 4593 1455 4640 tamen
1498 4597 1714 4657 pr0pter
1749 4589 2052 4650 misericor-

476 4664 619 4720 diam
649 4708 666 4733 ,
720 4669 804 4724 vel
852 4671 1024 4740 potius
1067 4683 1283 4744 propter
1333 4675 1581 4732 invidiam
1625 4695 1873 4739 nummos
1912 4684 2047 4742 dari.

473 4756 613 4824 Quid
637 4757 721 4812 hic
743 4762 888 4828 prius
907 4778 1122 4834 arguam
1140 4807 1152 4830 ,
1185 4766 1550 4824 crudelitatem
1570 4811 1585 4834 ,
1616 4787 1682 4826 an
1708 4775 2052 4834 vecordiam?

473 4847 613 4916 Quid
635 4849 774 4904 enim
805 4852 848 4905 si
875 4868 940 4908 eo
967 4855 1084 4911 loco
1113 4874 1197 4912 res
1220 4869 1426 4929 agatur,
1457 4862 1544 4917 ubi
1569 4865 1770 4922 vernalis
1797 4868 1948 4926 cibus
1971 4870 2051 4928 in-

472 4938 648 4994 veniri
689 4955 794 4995 non
839 4947 1050 5012 potest?
1089 4947 1258 5004 Homo
1296 4965 1460 5021 egens
1484 4953 1571 5010 ille
1602 4955 1740 5012 fame
1764 4959 2050 5020 moriturus

473 5040 586 5096 est,
619 5031 742 5088 dum
767 5042 820 5088 tu
843 5034 922 5088 vir
945 5036 1155 5105 sapiens
1173 5050 1225 5094 et
1247 5041 1503 5114 benignus
1526 5049 1692 5118 magis
1709 5064 2047 5111 cucumerem

473 5138 630 5192 quain
681 5125 950 5181 hominem
1000 5128 1288 5186 miseraris.
1343 5133 1466 5191 Haec
1487 5148 1568 5192 est
1619 5140 1858 5210 profecto
1901 5143 2048 5218 (quid

469 5215 618 5270 enim
639 5215 811 5271 dicam
838 5220 1216 5288 congruentius
1237 5234 1291 5278 et
1306 5225 1570 5303 planius?)
1587 5230 1714 5289 falsa
1741 5215 2046 5294 misericor-

470 5305 554 5360 dia
598 5317 651 5361 et
699 5324 820 5364 vera
869 5310 1176 5367 crudelitas.
1221 5314 1369 5372 Nunc
1411 5323 1711 5380 vecordiam
1752 5327 2043 5386 videamus.

477 5394 612 5460 Quid
641 5399 780 5453 enim
811 5400 854 5454 si
887 5402 1115 5457 nummis
1138 5404 1271 5469 illis,
1299 5421 1432 5476 quos
1461 5410 1704 5482 dederis,
1730 5417 1830 5472 sibi
1857 5433 2045 5487 panem

474 5490 656 5543 emat?
686 5490 868 5546 Nonne
908 5492 1007 5548 hoc
1043 5495 1093 5550 in
1126 5497 1216 5551 illo
1241 5514 1362 5566 pars
1393 5503 1475 5557 illa
1503 5517 1673 5563 vestra
1716 5509 1891 5568 divina
1915 5554 1928 5578 ,
1956 5515 2045 5585 qui

527 5618 545 5688 ξ
573 5623 638 5688 ita
659 5623 768 5688 Mss.
793 5629 846 5672 At
869 5623 1209 5688 editihahent,
1233 5630 1434 5685 edendo.

461 5679 560 5790 ‘6;
588 5683 756 5732 Exaui
771 5714 786 5741 ,
811 5684 1175 5749 crudelitatem;
1194 5679 1458 5755 cujusloer)
1481 5705 1588 5750 Mss.
1610 5700 1808 5765 habent,
1832 5705 2045 5759 crudita-

2200 670 2450 727 peccator
2487 665 2576 720 ille
2614 669 2889 727 mendicus
2927 683 3128 741 partem
3162 677 3258 732 Dei
3286 683 3518 740 revolare
3550 692 3729 760 capte...

2198 757 2304 804 tem
2326 793 2342 818 ,
2395 755 2502 808 tuis
2531 758 2763 813 nummis
2787 760 2852 815 ad
2883 770 2950 816 ta'
2976 774 3085 819 tum
3122 768 3300 824 scelus
3335 770 3566 842 adjutus:
3591 755 3636 834 et
3669 793 3728 837 ta-

2197 855 2318 896 men
2367 859 2464 900 vos
2509 846 2750 904 homines
2814 854 3208 922 prudentissimi
3255 861 3504 922 interesse
3546 872 3723 930 arbitra-

2195 934 2345 1000 mini,
2371 935 2416 989 si
2444 936 2784 996 homicidium
2801 943 3014 1027 facturo
3039 963 3143 1004 non
3170 950 3310 1006 detis
3331 953 3582 1014 hominem
3602 979 3721 1032 quell
3824 949 3825 956 γ

2192 1026 2416 1092 occidat,
2439 1029 2535 1085 sed
2557 1033 2786 1090 scientes
2801 1019 3088 1105 pecuniam
3109 1042 3254 1098 unde
3273 1047 3599 1106 occidendum

2193 1126 2370 1185 paret,
2410 1119 2567 1176 detis.
2599 1125 2734 1190 Quid
2762 1126 2828 1180 ad
2857 1127 2992 1184 banc
3022 1131 3282 1188 insaniam
3313 1137 3432 1193 addi
3460 1145 3716 1210 potestﬂu

2189 1211 2331 1263 enim
2365 1212 2421 1265 lit
2448 1222 2502 1267 ut
2530 1225 2622 1269 aut
2651 1216 2811 1272 homo
2844 1221 3120 1288 moriatur,
3145 1226 3192 1280 si
3221 1230 3457 1284 venalem
3481 1249 3574 1287 non
3599 1237 3712 1295 inve-

2186 1300 2326 1354 nerit
2352 1301 2528 1357 cibum
2547 1344 2561 1367 ,
2584 1315 2674 1360 aut
2697 1308 2846 1364 cibus
2867 1310 3015 1380 ipse,
3044 1313 3090 1368 si
3115 1315 3417 1373 invenerit:
3449 1337 3641 1393 quorum
3655 1331 3710 1383 al-

2187 1398 2357 1446 terum
2383 1405 2468 1450 est
2490 1411 2675 1453 verum
2706 1400 3084 1470 homicidium;
3113 1408 3343 1465 alterum
3374 1425 3611 1482 vestrum,
3635 1436 3708 1475 vo-

2183 1479 2267 1536 bis
2305 1494 2480 1540 tatnen
2530 1487 2601 1542 ita
2651 1491 3021 1561 tribuendum,
3074 1507 3325 1568 tanquam
3373 1479 3623 1580 utrumque
3658 1515 3710 1569 sit

2183 1588 2387 1629 verum.
2431 1577 2563 1634 Nam
2605 1583 2751 1651 quod
2795 1586 3068 1643 auditores
3103 1603 3311 1647 vestros
3339 1610 3443 1651 non
3471 1577 3708 1664 prohibetis

2179 1667 2431 1724 carnibus
2451 1672 2612 1736 vesci,
2631 1673 2724 1728 sed
2754 1677 2996 1732 occidere
3018 1681 3268 1737 animalia
3294 1687 3586 1754 prohibetis,
3605 1693 3703 1763 quid

2181 1756 2394 1813 stultius
2421 1768 2476 1813 et
2504 1766 2804 1829 perversius
2833 1766 2944 1821 fieri
2972 1772 3186 1838 potest?
3228 1772 3359 1828 Nam
3403 1776 3446 1831 si
3487 1779 3591 1834 talis

2177 1850 2503 1904 Contaminat
2530 1852 2680 1907 cibus
2697 1895 2713 1918 ,
2741 1870 2838 1910 vos
2857 1872 3070 1926 quoque
3094 1863 3288 1918 sumite
3313 1883 3326 1917 :
3349 1867 3392 1921 si
3411 1870 3699 1937 contaminat,

2175 1951 2296 2006 quae
2336 1941 2550 1996 tandem
2594 1943 2860 2001 dementia
2890 1959 2974 2003 est
3001 1952 3172 2022 majus
3199 1955 3348 2012 nefas
3387 1969 3576 2026 putare,
3614 1967 3701 2020 ani-

2173 2043 2316 2084 mam
2361 2033 2633 2101 porcinam
2658 2035 2726 2091 de
2749 2051 2974 2108 corpore
3001 2041 3248 2111 solvere,
3287 2062 3439 2116 quam
3467 2051 3698 2110 humanam

2172 2121 2393 2188 porcino
2414 2138 2637 2192 corpore
2660 2129 2926 2184 maculare
2950 2129 2975 2184 ?

2171 2205 2396 2266 CAPUT
2435 2212 2596 2269 XVII.
2640 2246 2707 2257 —
2737 2217 2988 2274 Mannum
3032 2223 3350 2294 signaculum
3387 2232 3516 2300 apud
3557 2232 3697 2288 Hnni-

2615 2308 2782 2364 clttzos
2805 2312 2956 2379 quale
2977 2314 3044 2367 sit
3068 2317 3315 2384 aperitur.

2240 2391 2329 2446 54.
2359 2391 2463 2448 Sed
2497 2395 2607 2464 jam
2646 2397 2713 2452 ad
2753 2415 3005 2458 manuum
3033 2407 3364 2474 signaculum
3399 2415 3693 2473 consideran-

2167 2481 2292 2537 dum
2339 2486 2772 2560 tractandumque
2821 2495 3114 2553 veniamus.
3162 2500 3241 2554 Ac
3281 2505 3484 2573 primum
3509 2508 3688 2576 quidem

2167 2575 2306 2643 quod
2327 2576 2394 2630 ab
2423 2577 2730 2636 animalium
2761 2599 2920 2650 nece,
2967 2596 3023 2642 et
3054 2590 3123 2643 ab
3161 2592 3394 2661 stirpium
3418 2575 3684 2657 laceratione

2166 2677 2263 2719 vos
2297 2669 2638 2736 temperatis,
2680 2676 3260 2744 superstitiosissimum
3298 2684 3506 2740 Christus
3534 2699 3684 2746 osten-

2165 2755 2242 2808 dit
2266 2775 2278 2808 :
2308 2761 2396 2827 qni
2429 2760 2625 2816 nullam
2655 2764 2808 2818 nobis
2831 2781 2951 2822 cum
2985 2769 3176 2827 belluis
3201 2783 3254 2827 et
3277 2776 3525 2832 arboribus
3545 2781 3688 2836 socie-

2168 2857 2326 2903 tatem
2353 2851 2486 2920 juris
2514 2869 2633 2908 esse
2649 2855 2912 2924 judicans,
2941 2871 2995 2917 et
3021 2863 3070 2914 iu
3096 2880 3309 2935 gregem
3337 2882 3586 2937 porcorum
3602 2873 3690 2928 dre-

2164 2953 2351 2994 mones
2395 2942 2537 2997 misit
2581 2945 2790 3016 (Matth.
2832 2965 2956 3015 vttr,
3001 2951 3114 3023 3‘3),
3160 2965 3219 3011 et
3261 2959 3491 3014 arborem
3527 2961 3570 3015 iu
3605 2978 3686 3031 qua

2166 3029 2392 3087 fructum
2438 3050 2541 3089 non
2591 3037 2881 3101 invenerat,
2931 3043 3213 3101 maledicto
3255 3049 3450 3104 aridam
3477 3052 3581 3107 fecit
3600 3029 3687 3114 (id.

2163 3137 2272 3188 χχι,
2318 3125 2430 3193 19).
2462 3124 2603 3181 Nihil
2633 3138 2780 3185 certe
2819 3133 2966 3201 porci
2987 3175 3000 3194 .
3034 3134 3160 3190 nihil
3185 3140 3346 3194 arbor
3370 3141 3452 3195 illa
3480 3157 3685 3212 peccare-

2164 3221 2268 3266 rat.
2298 3213 2483 3285 Neque
2511 3219 2656 3272 enim
2697 3236 2863 3291 usque
2892 3238 2958 3278 eo
2986 3223 3264 3284 dementes
3288 3246 3483 3299 sumus,
3509 3245 3556 3288 ut
3578 3235 3687 3289 arbi-

2162 3309 2370 3358 tremur
2387 3323 2480 3360 sua
2507 3318 2698 3377 sponte
2741 3311 2985 3369 arborem
3027 3318 3108 3372 vel
3158 3320 3451 3389 frugiferam
3489 3338 3590 3380 esse
3621 3325 3685 3382 vel

2161 3396 2419 3451 aterilem.
2469 3397 2653 3470 Neque
2699 3402 2829 3458 illud
2877 3405 2963 3461 hic
3004 3410 3154 3465 vobis
3194 3412 3467 3468 dicendum
3492 3427 3587 3481 est,
3620 3415 3686 3472 bis

2162 3482 2313 3539 factis
2345 3486 2623 3544 Dominum
2655 3503 2894 3548 nostrum
2919 3497 3021 3551 alia
3052 3501 3296 3568 qna-dam
3325 3503 3591 3573 significare
3614 3521 3686 3560 vo-

2161 3575 2324 3631 luisse
2350 3594 2365 3629 :
2394 3578 2512 3647 quis
2558 3585 2699 3636 enim
2750 3589 2987 3641 nesciat?
3029 3587 3134 3646 Sed
3161 3603 3309 3648 certe
3353 3594 3475 3650 Filio
3503 3594 3578 3650 Dei
3600 3611 3680 3651 non

2161 3680 2257 3735 per
2283 3666 2623 3725 homicidium
2651 3673 2860 3744 signum
2885 3675 3118 3734 dandum
3145 3679 3278 3750 fuit,
3308 3685 3352 3741 si
3372 3686 3584 3742 arborem
3607 3701 3678 3742 ne‘

2161 3771 2285 3813 care
2303 3799 2319 3824 ,
2353 3769 2408 3812 ut
2438 3775 2530 3815 vos
2558 3761 2753 3828 dicitis,
2787 3767 3128 3825 homicidium
3157 3783 3260 3839 est,
3291 3785 3380 3831 aut
3404 3792 3567 3833 necare
3585 3778 3679 3834 atii-

2161 3847 2335 3901 malia.
2364 3847 2494 3904 Nam
2525 3861 2578 3906 et
2605 3852 2672 3907 de
2701 3853 3007 3915 hominibus
3027 3901 3042 3923 ,
3069 3877 3190 3918 cum
3221 3867 3412 3936 quibus
3436 3869 3585 3939 utique
3605 3886 3678 3924 su-

2160 3951 2278 3992 mus
2315 3939 2450 4006 juris
2493 3943 2746 3999 societate
2781 3947 3048 4017 conjuncti
3069 3993 3085 4018 ,
3114 3953 3263 4025 signa
3288 3959 3509 4028 quatdatn
3527 3959 3672 4025 dedit;

2160 4027 2255 4080 sed
2284 4028 2520 4082 sanando
2543 4029 2786 4089 homines
2803 4076 2820 4103 ,
2854 4053 2956 4092 non
2987 4045 3246 4099 necando.
3273 4027 3419 4114 Quod
3440 4048 3556 4104 etde
3579 4049 3671 4105 bel-

2160 4118 2263 4173 luis
2285 4127 2340 4173 et
2366 4122 2432 4175 de
2456 4123 2736 4181 arboribus
2762 4125 2997 4196 faceret,
3037 4134 3083 4188 si
3119 4137 3307 4193 eadem
3351 4155 3442 4195 nos
3472 4157 3567 4195 cum
3591 4141 3676 4195 illis

2159 4210 2447 4277 societate,
2496 4228 2598 4283 qua
2646 4231 2740 4272 vos
2788 4219 3118 4292 opinamini,
3159 4228 3464 4299 conjunctos
3490 4231 3675 4300 essein-

2157 4299 2373 4357 dicaret.

2228 4393 2317 4448 55.
2357 4395 2475 4462 Quo
2521 4397 2639 4454 loco
2685 4402 2811 4458 mihi
2859 4408 3148 4466 auctoritas
3193 4412 3551 4487 interponenda
3587 4418 3674 4473 vis:

2156 4497 2272 4555 est,
2321 4502 2594 4561 propterea
2637 4497 2758 4566 quia
2797 4498 2866 4556 de
2905 4517 3155 4572 pecorum
3189 4510 3392 4578 anima,
3420 4522 3471 4568 et
3491 4513 3550 4568 dc
3567 4527 3675 4582 qua-

2155 4578 2276 4634 dam
2307 4582 2410 4636 vita
2434 4598 2533 4653 qua
2561 4585 2808 4644 dicuntur
2829 4592 3047 4649 arbores
3071 4596 3251 4655 vivere
3269 4643 3283 4662 ,
3310 4616 3414 4657 non
3434 4578 3673 4674 potest-vo-

2156 4669 2358 4727 biscum
2403 4674 2664 4732 subtiliter
2698 4677 2974 4751 disputari.
3019 4687 3128 4744 Sed
3168 4693 3416 4760 quoniam
3436 4669 3675 4766 privilegio

2155 4761 2385 4832 quodam
2417 4780 2510 4855 vos
2537 4769 2799 4835 tuemini,
2848 4783 2907 4828 ut
2944 4774 3013 4831 de
3059 4777 3350 4851 Scripturis
3376 4761 3574 4855 opprimi
3598 4761 3673 4840 ne-

2154 4853 2358 4921 queatis
2375 4893 2390 4918 ,
2418 4853 2645 4912 dicendo
2667 4873 2760 4915 eas
2783 4875 2903 4919 esse
2923 4862 3138 4923 falsatas
3160 4887 3176 4934 ;
3205 4853 3492 4945 quanquam
3511 4891 3560 4931 ea
3578 4887 3674 4944 qua!

2154 4947 2564 5002 commemoravi
2613 4948 2682 5003 de
2722 4953 2949 5020 arbore,
2996 4965 3052 5012 et
3096 4959 3164 5016 de
3206 4977 3365 5035 grege
3404 4980 3669 5038 porcorum.

2156 5046 2422 5103 nnnquatn
2450 5049 2481 5089 a
2508 5042 2910 5108 corruptoribus
2955 5045 3192 5107 immissa
3215 5066 3336 5110 esse
3361 5053 3544 5110 dixistis
3568 5073 3578 5106 τ
3605 5063 3669 5108 ta-

2151 5110 2274 5177 men
2294 5163 2309 5187 ,
2359 5138 2429 5180 ne
2467 5129 2868 5191 considerantes
2886 5147 3140 5206 quantum
3159 5143 3318 5200 vobis
3341 5146 3642 5202 adversentur
3666 5188 3676 5204 .

2153 5213 2256 5270 hoc
2298 5215 2436 5272 idem
2478 5220 2636 5276 etiam
2665 5222 2732 5279 de
2757 5225 2840 5282 his
2867 5229 3150 5301 aliquando
3181 5233 3357 5293 dicere
3397 5239 3576 5303 velitis;
3610 5243 3652 5291 te

2151 5322 2305 5362 neam
2341 5313 2671 5380 propositum
2701 5331 2876 5374 meum
2897 5355 2912 5385 ,
2941 5331 2999 5376 ut
3017 5336 3046 5376 a
3073 5324 3244 5392 vobis,
3274 5331 3468 5400 magnis
3487 5327 3676 5384 omnino

2148 5401 2589 5468 pollicitatoribus
2613 5409 2835 5466 rationis
2861 5421 3018 5484 atque
3045 5418 3311 5488 veritatis,
3341 5434 3546 5492 quaeram
3580 5418 3669 5488 lli-

2150 5505 2292 5546 mnm
2323 5494 2448 5562 quid
2477 5497 2616 5552 obsit
2653 5501 2858 5570 arbori,
2895 5521 2998 5560 non
3026 5506 3146 5564 dico
3163 5511 3209 5566 si
3241 5526 3440 5581 pomum
3468 5509 3572 5565 inde
3601 5505 3667 5560 fo-

2149 5581 2342 5638 liumve
2368 5585 2652 5659 decerpas.
2683 5593 2822 5662 quod
2848 5597 3055 5666 quidem
3079 5601 3216 5669 apud
3244 5617 3335 5660 vos
3352 5643 3364 5665 .
3390 5603 3431 5658 si
3451 5601 3552 5671 quis
3573 5613 3662 5654 non

2147 5676 2496 5748 imprudentia
2519 5722 2534 5746 ,
2582 5684 2674 5738 sed
2721 5687 2893 5741 sciens
2923 5689 3133 5753 fecerit.
3161 5693 3400 5764 signaculi
3423 5700 3661 5761 complet

2146 5769 2264 5834 sine
2295 5770 2396 5826 ulla
2427 5770 2751 5832 dubitatione
2779 5778 3127 5858 damnabitur,
3158 5783 3248 5839 sed
3273 5784 3470 5841 omnino
3493 5782 3534 5837 si
3557 5795 3657 5837 eam
