3874 6300
97 486 204 545 i569

1389 471 1592 528 LIBER
1626 467 1996 527 SECUNDUS.

3188 473 3329 532 £370

97 602 318 661 radicitus
345 611 525 652 eruas.
557 595 744 650 Anima
774 605 1005 661 namque
1026 589 1114 644 illa
1140 601 1296 657 quam
1325 584 1638 639 rationalem
1739 588 1989 656 misceat,
2033 601 2188 662 atque
2226 595 2280 650 ίη
2323 592 2456 650 alias
2499 591 2700 650 formas
2736 589 3040 663 illiganda",
3078 590 3326 647 crucia."

100 696 243 752 inesse
287 687 564 744 arboribus
601 683 965 748 arbitramini,
1010 680 1202 736 arbore
1229 678 1406 734 excisa
1433 673 1643 730 vinculo

100 785 307 842 solvitur.
336 796 430 836 vos
457 780 596 834 enim
639 775 738 831 hoc
765 774 966 835 dicitis,
1012 780 1065 826 et
1087 785 1155 826 eo
1190 768 1404 840 quidem
1433 766 1645 822 vinculo

102 881 141 934 in
167 891 259 944 quo
287 887 472 942 magna
501 869 708 924 nnseria
730 909 744 930 ,
769 865 913 920 nulla
940 864 1162 918 utilitate
1187 861 1482 944 tenebatur.
1511 857 1645 914 Nam

103 980 144 1025 et
166 965 532 1023 revolutionem
555 959 785 1015 hominis
806 953 860 1011 in
884 956 1166 1021 arborem,
1196 937 1377 1008 notum
1406 960 1490 1007 est
1515 966 1609 1005 vos
1627 991 1644 1016 ,

105 1062 236 1116 idest
259 1067 530 1112 auctorem
577 1055 748 1121 ipsum
783 1059 1018 1104 vestrum
1043 1089 1059 1113 ,
1103 1061 1200 1118 pro
1229 1045 1425 1116 ingenti
1457 1058 1644 1113 poena,

106 1167 188 1208 non
213 1160 381 1204 tamen
414 1160 511 1214 pro
536 1156 744 1198 summa
765 1182 780 1205 ,
813 1140 986 1193 solere
1015 1137 1246 1192 minitari
1274 1151 1288 1189 :
1321 1145 1374 1190 et
1400 1149 1526 1189 num
1557 1149 1650 1203 po-

109 1255 189 1300 test
215 1243 260 1294 in
288 1238 480 1294 arbore
503 1235 677 1288 anima
720 1232 854 1294 iieri,
890 1240 948 1285 ut
976 1229 1028 1284 in
1058 1229 1293 1292 homine,
1321 1224 1648 1292 sapientior?

111 1341 201 1396 Non
227 1332 440 1392 necandi
471 1328 703 1384 hominis
729 1325 926 1396 quippe
950 1322 1242 1378 certissima
1274 1319 1411 1375 ratio
1438 1325 1521 1373 est
1541 1359 1554 1377 .
1585 1333 1653 1372 ne

110 1441 178 1488 aut
211 1444 322 1486 etim
364 1438 526 1481 neces
568 1421 717 1491 cujus
760 1416 1017 1489 sapientia
1055 1423 1110 1468 et
1149 1414 1316 1467 virtus
1342 1411 1460 1465 aliis
1489 1408 1654 1479 pluri-

115 1539 228 1580 mum
257 1517 506 1592 prodest,
544 1522 637 1568 aut
672 1527 792 1567 eum
821 1509 909 1580 qui
937 1507 1070 1562 forte
1101 1513 1307 1577 poterat
1336 1503 1404 1557 ad
1440 1503 1654 1570 sapien-

113 1618 211 1672 tiam
254 1608 526 1682 pervenire
547 1647 564 1672 ,
613 1605 726 1660 sive
763 1601 1094 1657 extrinsecus
1119 1598 1187 1651 ab
1211 1596 1386 1665 aliquo
1411 1592 1655 1647 admoni-

115 1721 206 1775 tus,
231 1705 338 1762 sive
358 1699 701 1758 interioribus
725 1690 1135 1765 cogitationibus
1159 1689 1414 1743 divinitus
1432 1686 1659 1740 illustra-

115 1812 195 1856 tus.
250 1796 498 1853 Animam
563 1801 741 1846 autem
797 1787 1068 1851 hominis,
1125 1791 1324 1854 quanto
1372 1780 1661 1850 sapientior

115 1904 303 1960 corpore
350 1884 677 1947 excesserit,
726 1890 873 1936 tanto
926 1878 1105 1934 utilius
1157 1874 1414 1930 excedere
1465 1874 1662 1928 veritas

115 1982 257 2037 docet.
286 1989 338 2034 et
368 1977 576 2031 ratione
596 1972 936 2028 subtilissima
954 2009 970 2035 ,
995 1979 1048 2024 et
1071 1967 1384 2023 auctoritate
1405 1963 1658 2019 latissime

116 2080 376 2144 pervagata.
402 2065 763 2136 Quamobrem
792 2062 881 2130 qui
907 2061 1154 2116 arborem
1181 2057 1359 2124 dejicit
1378 2097 1393 2118 ,
1425 2057 1654 2108 animam

117 2167 215 2220 nihil
242 2164 290 2219 in
315 2160 578 2230 Sapientia
608 2157 969 2228 prolicientem
1001 2153 1067 2206 de
1096 2153 1185 2206 illo
1205 2164 1427 2219 corpore
1453 2149 1658 2202 liberat.

116 2257 261 2326 Itaque
284 2269 376 2309 vos
401 2251 648 2307 homines
672 2246 841 2301 sancti
864 2287 881 2310 ,
908 2259 1024 2310 vos,
1054 2244 1265 2311 inquam
1282 2281 1300 2306 ,
1331 2239 1663 2308 potissimum

118 2346 323 2404 excidere
349 2344 574 2399 arbores
595 2337 861 2394 deberetis
883 2377 899 2401 ,
940 2344 994 2390 et
1033 2349 1214 2388 earum
1254 2332 1458 2385 animas
1483 2329 1550 2382 ab
1576 2329 1666 2383 illo

118 2439 291 2495 vinculo
312 2444 506 2492 exutas
529 2431 859 2488 orationibus
879 2436 936 2483 et
962 2426 1179 2498 psalmis
1206 2423 1270 2477 ad
1304 2422 1519 2476 meliora
1545 2435 1665 2491 per-

119 2534 294 2587 ducere.
325 2533 402 2583 .-\n
429 2527 502 2580 de
534 2525 616 2580 his
642 2522 833 2577 animis
861 2520 959 2572 hoe
992 2516 1103 2571 lieri
1150 2522 1360 2584 potest.
1402 2524 1666 2581 non-quas

121 2630 266 2676 mente
286 2616 621 2689 adjnvcritis.
648 2612 740 2667 sed
768 2625 899 2682 quas
925 2617 1107 2662 ventre
1134 2603 1472 2672 receperitis?

172 2715 248 2769 5e.
282 2707 537 2780 Quamvis
576 2706 802 2775 idipstun
844 2702 1047 2755 animas
1087 2698 1377 2758 arborum,
1417 2693 1667 2764 quamdiu

121 2813 216 2859 sunt
237 2804 282 2856 in
308 2799 589 2856 arboribus
611 2837 628 2864 ,
655 2795 720 2848 ad
752 2793 1064 2859 sapientiam
1093 2803 1197 2841 twn
1221 2787 1498 2856 prolicere,
1523 2800 1665 2838 sum-

123 2911 200 2949 ma:
219 2891 468 2963 angustiae
488 2930 503 2956 ,
534 2895 793 2956 quantum
823 2883 1078 2942 arbitror,
1115 2894 1209 2932 vos
1233 2876 1553 2944 compellunt
1588 2875 1664 2929 fa-

123 2987 196 3041 tcri
213 3026 227 3052 ,
248 3001 360 3040 cum
385 2999 415 3036 a
448 2981 599 3036 vobis
627 2977 881 3048 qna-ritur
907 2989 1002 3028 cur
1029 2983 1081 3028 et
1107 2970 1386 3024 arhOribns
1420 2982 1521 3020 non
1545 2967 1668 3019 mit-

123 3086 233 3132 tatur
252 3084 544 3146 preceptor
567 3081 732 3141 aposu
755 3070 839 3124 lus
859 3110 874 3133 ,
905 3073 997 3120 aut
1021 3082 1114 3118 cur
1141 3063 1227 3118 ille
1252 3063 1340 3132 qui
1366 3060 1670 3115 hominibus

126 3179 328 3232 mittitur,
357 3181 466 3221 non
495 3175 548 3218 et
567 3161 845 3237 arboribus
873 3156 1123 3226 praedicet
1143 3154 1440 3207 veritatem.
1467 3149 1563 3204 Hic
1583 3165 1673 3202 co-

123 3260 273 3330 gimiui
315 3254 659 3329 respondere,
707 3253 822 3306 illas
857 3251 1061 3302 animas
1091 3245 1366 3315 percipere
1397 3243 1448 3296 in
1483 3241 1672 3296 talibus

127 3351 395 3422 c0rporibus
429 3353 692 3418 przrcepta
719 3341 891 3396 divina
925 3353 1028 3391 non
1058 3351 1232 3406 posse.
1255 3333 1360 3389 Sed
1389 3333 1673 3386 vehemen-

127 3452 208 3499 tius
222 3453 281 3497 ab
306 3443 411 3497 alio
441 3440 607 3498 latere
637 3432 892 3505 urgemini
917 3446 932 3496 ;
960 3426 1387 3500 quandoquidem
1414 3425 1529 3478 illas
1557 3439 1674 3493 per-

129 3533 286 3614 hibetis
308 3542 360 3588 et
392 3529 584 3584 audire
613 3539 770 3580 voces
801 3531 1010 3576 no~tras
1031 3562 1047 3588 ,
1078 3529 1130 3574 et
1155 3519 1314 3574 verba
1340 3515 1638 3585 intelligere
1657 3553 1672 3578 ,

128 3607 398 3693 tat-corpora
429 3627 712 3687 motusque
737 3629 1018 3684 corporum
1070 3610 1298 3674 intueri,
1331 3607 1676 3679 cogitationes

130 3717 320 3788 denique
347 3717 495 3789 ipsas
524 3710 844 3783 perspicere.
873 3707 1001 3773 Qua:
1039 3704 1083 3759 si
1112 3717 1235 3756 vera
1258 3710 1403 3766 sunt,
1430 3714 1527 3753 cur
1547 3697 1676 3752 nihil

131 3822 316 3880 possunt
338 3826 368 3866 a
405 3807 540 3864 lucis
564 3800 805 3875 apostolo
833 3799 1072 3854 discere?
1101 3795 1182 3850 vel
1210 3811 1307 3850 cur
1331 3793 1488 3848 etiam
1512 3790 1679 3846 multo

130 3903 304 3959 facilius
332 3917 442 3958 non
478 3903 698 3969 possunt
724 3907 880 3962 quam
909 3905 1034 3954 nos,
1075 3902 1196 3943 cum
1239 3884 1489 3940 interiora
1520 3881 1678 3937 etiam

130 3996 292 4052 mentis
328 3989 628 4066 aspiciant?
671 3987 744 4041 lta
769 3983 910 4038 enim
939 3979 1185 4050 magister
1207 3977 1294 4032 ille
1312 4017 1327 4042 ,
1359 3976 1447 4044 qtti
1475 3988 1570 4026 vos
1599 3973 1679 4026 lo-

130 4092 308 4160 quendo
331 4090 417 4144 vix
447 4087 622 4147 docet,
650 4081 709 4136 ut'
724 4076 918 4138 dicitis,
945 4071 1222 4143 cogitando
1243 4084 1333 4124 eas
1353 4075 1534 4138 posset
1559 4081 1681 4118 eruo

131 4183 389 4252 dire,qu:e
429 4176 722 4235 sententias
761 4171 879 4240 ejus
925 4176 1049 4220 ante
1090 4176 1388 4217 sermonem
1420 4161 1472 4215 in
1503 4158 1682 4213 animo

133 4249 400 4328 cernerent.
429 4270 484 4326 Si
508 4284 635 4322 vero
676 4266 791 4320 haec
833 4261 966 4315 l'alsa
1003 4264 1149 4321 sunt,
1180 4253 1354 4308 videte
1380 4251 1595 4306 tandem
1625 4249 1678 4304 in

132 4377 217 4433 quo
238 4379 415 4419 errore
436 4359 675 4430 jacentis.

188 4456 265 4511 5⁵1.
299 4456 414 4510 .lam
444 4429 591 4523 quod
618 4461 771 4518 poma
798 4429 1042 4514 ipsi'non
1084 4435 1404 4505 decerpitis,
1432 4432 1684 4489 herbam-

135 4560 220 4614 que
243 4560 343 4600 non
362 4522 580 4604 vellitis,
614 4535 705 4592 sed
734 4545 907 4588 tamen
937 4530 1004 4584 ab
1030 4526 1356 4583 auditoribus
1375 4524 1564 4579 vestris
1593 4522 1688 4578 de-

137 4613 258 4706 ccrpi
288 4645 340 4690 et
365 4631 517 4690 evelli
545 4637 701 4698 atque
727 4623 903 4680 afferri
946 4619 1097 4674 vobis
1131 4618 1356 4688 jubetis,
1403 4632 1509 4670 non
1541 4623 1597 4668 nt
1622 4613 1687 4668 iis

133 4704 448 4796 quiaﬂ‘erunt
477 4729 716 4784 tantum,
745 4714 842 4770 sed
868 4720 926 4767 ut
950 4711 1014 4766 iis
1042 4710 1200 4765 etiam
1231 4722 1348 4776 qua:
1371 4704 1684 4768 afferuntur,

139 4792 368 4887 prodesse
413 4812 657 4886 possitis,
698 4807 814 4880 quis
852 4805 988 4860 bene
1023 4799 1368 4874 considerans
1393 4795 1501 4850 ullo
1528 4792 1690 4848 modo

139 4883 464 4964 toleraverit?
505 4902 718 4964 Primo,
771 4895 892 4966 quia
933 4890 1065 4948 nihil
1103 4890 1326 4963 interest
1359 4893 1535 4941 utrum
1576 4883 1691 4955 ipse

137 5001 292 5057 scelus
319 4997 596 5058 admittas,
626 5006 692 5045 an
723 4996 938 5060 propter
972 4992 1024 5038 te
1061 4981 1128 5036 ab
1164 4979 1270 5034 alio
1306 4976 1509 5032 admitti
1535 4975 1686 5031 velis.

139 5092 273 5148 Nolle
298 5102 352 5149 te
373 5089 529 5146 dicis.
574 5079 851 5152 Quomodo
892 5091 1018 5146 ergo
1047 5070 1356 5128 subvenitur
1389 5069 1463 5124 illi
1500 5065 1690 5121 divinae

141 5185 292 5251 parti,
321 5197 435 5254 qua:
462 5180 514 5233 in
541 5171 760 5230 lactucis
785 5179 837 5225 et
860 5168 915 5222 in
942 5164 1113 5236 porris
1134 5162 1304 5232 jacet,
1336 5159 1379 5214 si
1400 5171 1556 5213 nemo
1577 5155 1693 5210 hare

143 5249 357 5341 evellat,
392 5281 446 5328 et
481 5268 548 5324 ad
573 5272 786 5323 sanctos
811 5257 1076 5332 purganda
1103 5253 1347 5311 deferat?
1375 5249 1572 5306 Deinde
1592 5291 1606 5315 ,
1638 5257 1691 5302 tu

145 5367 243 5435 ipse
267 5365 524 5421 transiens
548 5375 645 5431 per
669 5370 790 5412 eum
827 5365 1042 5422 agrum,
1083 5348 1135 5402 in
1161 5359 1268 5416 quo
1297 5343 1388 5398 tibi
1409 5342 1530 5412 jure
1558 5339 1693 5392 ami-

143 5428 263 5512 citi-.e
292 5428 606 5524 decerpendi
649 5444 786 5517 quod
830 5443 955 5497 libet
1004 5445 1236 5509 potestas
1281 5432 1470 5496 datur,
1509 5430 1555 5485 si
1596 5428 1697 5484 ﬁco

145 5549 322 5603 videris
355 5522 573 5602 corvum
614 5537 978 5593 imminentem
1000 5571 1016 5597 ,
1046 5528 1170 5600 quid
1199 5523 1399 5580 l‘acics?
1422 5522 1608 5576 Nonne
1632 5535 1698 5575 ex

146 5642 376 5708 Opinione
421 5650 543 5696 tua,
577 5635 706 5687 licus
753 5629 866 5699 ipsa
922 5635 1095 5680 tecum
1149 5619 1288 5690 loqui
1328 5626 1383 5672 et
1424 5613 1698 5685 deprecari

149 5732 499 5787 miserabiliter
519 5725 744 5787 videtur,
775 5729 830 5774 ut
855 5733 972 5773 eam
999 5717 1113 5786 ipse
1137 5713 1410 5780 decerpas,
1441 5719 1491 5762 et
1517 5717 1701 5761 sancto

147 5835 320 5880 ventre
363 5816 738 5896 purilicandam
783 5807 1304 5874 resitscimndainque
1344 5803 1567 5873 scpelias
1603 5816 1700 5870 pu-

143 5918 273 5987 tius,
317 5892 470 5991 quam
518 5924 710 5969 corvus
757 5907 842 5962 ille
879 5905 1182 5962 dcvoratam
1239 5895 1444 5952 funesto
1493 5892 1699 5963 corpori

1749 679 1976 748 datoque
1999 686 2358 740 transmittat?
2381 684 2517 752 Quid
2540 694 2591 739 te
2609 683 2877 739 crudelius
2893 725 2909 746 .
2937 683 2981 740 si
3005 697 3188 738 verum
3213 683 3328 738 est!

1749 774 1874 845 quid
1904 774 2165 845 ineptius,
2196 777 2242 832 si
2272 777 2462 833 falsum
2493 778 2609 832 est?
2637 776 2763 845 quid
2795 776 2963 847 magis
3002 776 3327 830 contrarium

1751 865 2043 932 disciplinae
2080 875 2306 930 vestrm,
2353 869 2396 922 si
2442 866 3073 936 signaculumsolxeris?
3115 863 3240 936 quid
3279 874 3332 920 te

1752 958 2016 1014 inimicius
2042 959 2134 1014 Dei
2166 960 2425 1020 membro.
2454 961 2498 1015 si
2525 958 2880 1016 custodieris?

1826 1049 1913 1106 58.
1954 1049 2060 1105 Sed
2087 1049 2188 1104 hoc
2213 1065 2276 1104 ex
2309 1059 2480 1106 vestra
2507 1051 2756 1119 opinione
2783 1049 2909 1103 falsa
2938 1057 2992 1104 et
3020 1046 3327 1116 nugatoria:

1755 1157 1876 1196 nam
1912 1152 2057 1198 certa
2083 1151 2137 1197 et
2167 1141 2444 1196 manifesta
2479 1141 2764 1196 crudelitas
2797 1141 2849 1194 in
2880 1139 3029 1194 vobis
3057 1153 3176 1194 esse
3199 1152 3332 1192 con-

1755 1235 2002 1297 vincitur,
2030 1249 2094 1288 ex
2125 1232 2312 1288 eodem
2344 1232 2460 1301 ipso
2484 1247 2664 1286 errore
2691 1247 2932 1286 manans.
2961 1230 3018 1286 Si
3042 1229 3161 1298 quis
3187 1229 3331 1283 enim

1758 1341 1854 1396 per
1876 1325 2120 1379 morbum
2155 1339 2383 1393 corpore
2408 1323 2666 1378 dissoluto
2686 1363 2699 1385 ,
2732 1323 2902 1376 fessus
2931 1321 2997 1374 ab
3025 1321 3245 1382 itinere,
3273 1333 3337 1374 ac

1759 1427 1908 1488 peste
1947 1417 2274 1472 semianimis
2300 1416 2351 1471 in
2382 1416 2464 1470 via
2502 1415 2710 1484 jaceat,
2743 1414 2872 1468 nihil
2901 1414 3081 1467 valens
3108 1411 3338 1480 amplius

1758 1525 1916 1581 quam
1946 1519 2232 1579 utcumque
2256 1508 2418 1564 verba
2443 1505 2686 1580 proferre
2705 1547 2721 1572 ,
2745 1505 2846 1572 cui
2881 1506 3046 1573 prosit
3077 1504 3143 1559 ad
3173 1504 3336 1559 strin-

1760 1599 1989 1672 gendum
2011 1614 2202 1668 corpus
2224 1599 2393 1668 pirum
2415 1598 2550 1660 dari,
2577 1607 2733 1666 teque
2755 1603 3113 1649 transeuntem
3138 1604 3197 1648 nt
3215 1594 3341 1649 sub-

1762 1693 1944 1746 venias
1972 1700 2118 1755 oret,
2146 1699 2304 1761 atque
2332 1690 2578 1744 obsecret
2606 1695 2664 1741 ut
2687 1687 2755 1743 de
2783 1687 2974 1741 arbore
3003 1685 3238 1754 proxima
3265 1724 3278 1747 ,
3309 1698 3342 1739 a

1761 1801 1864 1855 qua
1886 1785 2032 1838 nullo
2063 1783 2326 1849 humano,
2364 1781 2508 1836 nullo
2532 1779 2761 1849 denique
2802 1792 2931 1832 vero
2953 1777 3070 1844 jure
3099 1775 3348 1846 prohibeo

1763 1877 1872 1940 ris,
1901 1890 2114 1944 pomum
2150 1874 2342 1929 alferas
2367 1871 2568 1926 homini
2587 1914 2601 1933 ,
2632 1879 2752 1941 post
2779 1869 3046 1940 paululum
3077 1866 3178 1922 nisi
3209 1869 3347 1922 fece-

1767 1967 1840 2022 ris
1869 1967 2152 2028 morituro;
2182 1974 2236 2018 tu
2265 1964 2348 2018 vir
2392 1963 2718 2018 christianos
2760 1970 2815 2017 et
2847 1969 3064 2015 sanctus
3099 1957 3349 2012 transibis

1765 2057 1961 2129 potius,
1988 2066 2040 2110 et
2078 2056 2342 2108 hominem
2378 2054 2454 2107 sic
2479 2051 2724 2106 allectum
2755 2059 3163 2118 precantemque
3185 2047 3346 2102 dese-

1768 2165 1855 2204 res
1877 2189 1892 2214 ,
1923 2163 1990 2202 ne
2009 2148 2167 2201 arbor
2185 2146 2354 2217 ploret
2377 2145 2501 2198 dum
2525 2143 2722 2197 fructus
2745 2142 2995 2198 deinitur.
3020 2150 3072 2191 et
3095 2149 3149 2192 tu
3171 2140 3350 2207 signa-

1767 2240 1871 2294 culi
1919 2237 2204 2292 dissolutor
2251 2235 2316 2288 ad
2371 2249 2555 2302 pinnas
2609 2232 2956 2287 manicba-ias
2982 2227 3290 2284 destinet-is.
3325 2228 3343 2260 ί

1767 2331 1812 2388 Ο
1840 2346 2016 2386 mores
2039 2337 2094 2383 et
2113 2325 2467 2382 innocentiam
2501 2324 2814 2395 -ingularem
2837 2323 2850 2376 !

1839 2421 1927 2478 59.
1957 2420 2060 2478 Sed
2083 2421 2192 2490 jam
2214 2420 2280 2475 de
2301 2433 2430 2474 nece
2454 2415 2758 2471 animalium
2785 2411 3049 2483 requiram
3070 2408 3209 2478 quod
3235 2423 3352 2462 mo-

1769 2525 1875 2575 vet.
1910 2525 1962 2568 et
1991 2515 2152 2567 multa
2182 2512 2394 2582 quidem
2422 2505 2723 2578 hujusmodi
2759 2505 2918 2560 etiam
2947 2503 2997 2556 in
3025 2502 3124 2555 hoc
3154 2514 3348 2567 genere

1769 2607 1873 2662 dici
1904 2615 2143 2676 possunt.
2171 2603 2302 2658 Nam
2329 2601 2452 2673 quid
2479 2599 2652 2653 oberit
2675 2597 2862 2651 animze
2893 2594 3018 2661 lupi,
3050 2591 3138 2661 qui
3169 2592 3351 2659 lupum

1773 2699 2100 2756 interfecerit
2133 2716 2145 2750 :
2176 2713 2296 2751 cum
2325 2704 2378 2750 et
2407 2695 2561 2762 lupus
2588 2691 2678 2746 ille
2699 2731 2713 2750 .
2742 2680 2990 2759 quamdiu
3020 2685 3164 2750 vivit,
3196 2683 3350 2752 lupus

1775 2791 1980 2846 futurus
2018 2791 2120 2852 sit,
2151 2804 2249 2843 nec
2274 2787 2364 2840 ulli
2409 2785 2740 2853 obtemperet
2778 2776 3142 2850 pra'dicatori.
3174 2784 3232 2829 ut
3257 2773 3353 2829 ali-

1773 2896 2026 2954 quantum
2053 2885 2120 2936 ab
2139 2881 2316 2935 ovium
2348 2879 2604 2950 sanguine
2633 2881 2918 2943 temperet;
2951 2884 3001 2926 et
3025 2886 3089 2924 ex
3119 2869 3208 2923 illo
3233 2867 3352 2922 vin-

1773 2975 1894 3029 culo
1918 2972 2179 3040 corporis.
2210 2971 2384 3024 anima
2410 2966 2698 3021 secundum
2729 2978 2822 3016 vos
2857 2959 3157 3020 rationalis,
3185 2958 3354 3012 inter-

1776 3066 1908 3120 fecta
1928 3065 2099 3120 bellua
2124 3062 2404 3116 liberetur?
2421 3059 2484 3114 Et
2507 3059 2572 3112 ab
2590 3059 2687 3110 hac
2703 3055 2912 3126 quidem
2930 3052 3073 3107 czcde
3091 3049 3358 3106 auditores

1775 3155 1935 3211 etiam
1975 3163 2180 3208 vestros
2219 3151 2511 3220 prohibetis
2539 3165 2552 3202 :
2587 3145 2757 3215 major
2785 3143 2924 3198 enim
2964 3141 3171 3195 videtur
3196 3154 3355 3210 quam

1775 3248 1830 3323 in
1857 3245 2157 3300 arboribus.
2183 3244 2278 3298 llic
2299 3251 2504 3296 vestros
2529 3253 2720 3294 sensus
2739 3277 2753 3299 .
2778 3247 3066 3304 eoi-porcos
3092 3231 3358 3296 videlicet,

1779 3354 1886 3394 non
1907 3338 2127 3392 multum
2159 3334 2421 3404 improbo.
2450 3330 2698 3384 Videmus
2731 3327 2871 3382 enim
2901 3332 2955 3378 et
2983 3323 3202 3377 vocibus
3241 3335 3364 3376 sen-

1781 3433 1958 3495 timus,
1979 3444 2098 3484 cum
2117 3427 2302 3482 dolore
2328 3423 2460 3480 mori
2477 3421 2788 3482 animantia,
2811 3416 2950 3487 quod
2972 3413 3183 3485 quidem
3203 3413 3365 3467 homo

1781 3521 2074 3577 contemnit
2101 3519 2153 3572 in
2180 3517 2368 3579 bestia,
2398 3530 2516 3569 cum
2548 3527 2650 3583 qua
2679 3509 2880 3565 scilicet
2908 3504 3220 3562 rationalem
3243 3502 3363 3558 ani-

1782 3630 1922 3670 mam
1963 3627 2066 3666 non
2110 3608 2364 3669 habente,
2409 3605 2551 3659 nulla
2597 3602 2727 3672 legis
2768 3599 3021 3654 societate
3063 3594 3362 3665 copulatur.

1783 3705 1889 3758 Sed
1930 3701 2145 3758 eosdem
2195 3707 2398 3753 vestros
2447 3707 2634 3749 Sensus
2677 3693 2729 3746 in
2779 3688 3045 3744 intuendis
3088 3684 3370 3740 arboribus

1784 3811 1967 3868 quaero
1986 3835 2002 3860 ,
2029 3801 2084 3846 et
2106 3805 2202 3846 VOS
2219 3803 2394 3844 caecos
2423 3799 2639 3854 prorsus
2676 3783 2904 3836 invenio.
2937 3778 3003 3833 Ut
3032 3777 3172 3831 enim
3209 3774 3368 3829 omit-

1785 3864 1892 3942 tam
1913 3883 2050 3956 quod
2075 3881 2232 3936 nullis
2258 3879 2486 3932 motibus
2511 3877 2561 3929 in
2592 3874 2733 3942 ligno
2762 3882 2949 3925 sensus
2972 3864 3171 3919 doloris
3199 3877 3365 3931 appa-

1786 3989 1903 4042 ret,
1931 3952 2064 4044 tquid
2107 3968 2437 4025 manifestius
2477 3979 2632 4034 quam
2665 3971 2790 4015 tunc
2831 3973 2888 4011 se
2932 3956 3130 4025 optime
3168 3952 3366 4007 habere

1785 4043 2033 4124 arborem
2061 4079 2180 4117 cum
2211 4061 2369 4130 viget,
2396 4072 2514 4111 cum
2553 4051 2761 4107 frondet
2779 4092 2794 4117 ,
2821 4063 2941 4103 cum
2977 4045 3195 4100 ﬂoribus
3225 4043 3340 4097 laeta

1788 4157 2042 4215 fructibus
2058 4152 2303 4223 opulenta
2322 4147 2441 4204 est?
2457 4147 2525 4200 At
2543 4145 2642 4197 hoc
2661 4143 2708 4196 ei
2729 4141 3034 4210 plerumque
3050 4149 3113 4189 ac
3133 4133 3370 4188 maxime

1790 4251 2061 4322 putatione
2088 4252 2386 4316 pra-statur.
2411 4235 2561 4304 Quod
2607 4233 2652 4288 si
2690 4231 2888 4287 ferrum
2930 4230 3005 4283 sic
3030 4225 3282 4286 sentiret,
3311 4232 3370 4278 ιιι

1788 4315 1967 4406 vultis,
2004 4315 2405 4395 contabesceret
2433 4329 2604 4400 potius
2640 4334 2721 4381 tot
2749 4323 3010 4390 tantisque
3039 4318 3221 4372 all‘ecta
3249 4315 3366 4369 vul.

1789 4434 2026 4491 neribus.
2047 4443 2203 4501 quam
2225 4442 2286 4482 ex
2310 4424 2412 4479 illis
2434 4419 2699 4492 pullulans
2726 4413 2875 4478 locis,
2900 4422 3006 4466 tam
3028 4416 3170 4464 certa
3193 4405 3374 4462 exsul-

1791 4530 1987 4583 tatione
2017 4522 2378 4578 reviresceret.

1862 4617 1952 4672 60.
1984 4615 2358 4669 Verumtamen
2394 4619 2489 4660 cur
2517 4599 2690 4669 majus
2718 4597 2866 4654 nel'as
2890 4591 3087 4665 putatis
3125 4587 3370 4644 animalia

1790 4725 1948 4784 quam
1973 4709 2162 4775 stirpes
2177 4700 2404 4764 credere,
2425 4709 2546 4750 cum
2567 4692 2672 4747 illa;
2692 4689 2840 4744 vobis
2859 4684 3126 4758 puriorem
3141 4681 3372 4736 animam

1792 4776 1951 4873 quam
1975 4808 2169 4852 carnes
2187 4790 2386 4844 habere
2414 4782 2728 4840 videantur?
2760 4780 2865 4846 Fit,
2891 4776 3083 4848 inquit,
3113 4788 3372 4844 compen-

1795 4869 1931 4949 satio
1957 4884 2220 4960 quaedam,
2243 4895 2364 4935 cum
2391 4891 2574 4934 eorum
2595 4917 2610 4942 ,
2642 4890 2761 4946 qua:
2785 4871 2853 4928 de
2876 4870 3019 4942 agris
3037 4869 3367 4931 auferuntur,

1795 4998 1919 5056 pars
1959 4959 2136 5048 aliqua
2178 4972 2334 5028 datur
2375 4964 2557 5024 electis
2595 4965 2898 5035 sanctisque
2933 4963 3223 5034 purganda.
3253 4959 3371 5014 1am

1795 5052 2038 5146 superius
2075 5070 2174 5124 ista
2203 5066 2454 5122 frustrata
2492 5067 2645 5121 sunt,
2687 5056 2922 5126 satisque
2955 5052 3372 5110 demonstratum

1796 5139 1896 5235 esi,
1929 5173 2181 5236 quantum
2211 5157 2479 5220 existimo,
2507 5151 2649 5206 nulla
2679 5149 2882 5203 ratione
2904 5146 3008 5202 dici
3036 5145 3149 5213 plus
3176 5153 3296 5195 esse
3320 5139 3372 5194 in

1799 5231 2032 5329 frugibus
2071 5253 2237 5324 partis
2262 5250 2401 5304 illius
2443 5247 2594 5301 bona:
2620 5257 2780 5314 quam
2822 5241 2873 5294 in
2899 5236 3165 5292 carnibus.
3199 5231 3301 5288 Sed
3329 5231 3374 5285 si

1798 5346 2089 5405 vendendis
2129 5339 2377 5397 carnibus
2412 5337 2608 5392 victum
2641 5333 2860 5403 quisque
2897 5332 3186 5387 sustentet,
3219 5331 3376 5390 atque

1801 5456 1958 5496 omne
1987 5437 2104 5493 talis
2139 5432 2335 5504 negotii
2374 5431 2578 5484 lucrum
2610 5427 2662 5480 in
2701 5420 2939 5478 emendis
2964 5418 3254 5471 electorum
3282 5429 3375 5469 ve-

1803 5543 2031 5588 strorum
2059 5528 2192 5584 cibis
2215 5531 2508 5584 consumat,
2535 5520 2811 5590 pluresque
2841 5511 2955 5564 istis
2976 5508 3162 5563 alierat
3181 5506 3378 5562 sanctis

1804 5636 1955 5681 escas
1989 5634 2145 5690 quam
2172 5613 2399 5688 agricola
2425 5617 2480 5665 et
2519 5607 2742 5662 rusticus
2766 5618 2780 5666 ;
2809 5614 2986 5655 nonne
3013 5598 3200 5654 eadem
3227 5611 3376 5652 eont-

1870 5775 1886 5806 ί
1911 5779 2043 5826 Lov.,
2062 5767 2127 5816 ad
2142 5753 2584 5829 pmnas_,-tlmric_ltaris
2603 5751 2872 5829 deatimris.
2893 5757 3018 5809 Mss»,
3043 5747 3383 5829 mwamchtetm;

1807 5835 1854 5886 id
1878 5808 2122 5892 iis};
2138 5808 2437 5892 adnisi-ator
2460 5817 2775 5892 Manichacus:
2801 5825 2962 5886 supra,
2987 5825 3036 5862 η.
3056 5813 3134 5863 5’3.
3157 5837 3218 5848 -—-
3237 5808 3380 5868 παιρι

1808 5883 1971 5948 ξΙτὰίὶςςξ
1989 5883 2129 5953 juxta
2149 5894 2218 5939 Er.
2247 5891 2286 5932 et
2317 5891 2431 5928 \‘en.
2495 5885 2552 5931 at.
2858 5883 2860 5886 '
