3888 6396
587 419 721 480 1571

582 532 897 607 pensatione
921 530 1022 589 sibi
1050 528 1337 585 animantia
1362 527 1526 583 licere
1551 524 1815 596 perimere
1839 518 2167 580 clamitabit?

581 616 702 694 Es't,
726 624 915 696 inquit,
938 622 1039 680 alia
1068 622 1309 694 quaedam
1331 620 1684 677 secretissima
1708 617 1863 673 ratio.
1886 618 2001 672 Non
2025 616 2167 672 enim

582 722 736 779 deest
781 720 984 776 homini
1028 718 1222 775 callido
1264 717 1519 773 adversus
1569 716 1813 772 indoctos
1856 712 1909 770 in
1964 716 2168 771 natura:

582 813 907 868 obscuritate
932 809 1248 882 perfugium.
1276 807 1535 864 leestes
1555 808 1719 871 enim,
1742 807 1843 873 ait,
1880 802 2163 876 prlllcipes,

582 908 670 977 qui
691 905 760 960 de
786 912 941 975 gente
972 904 1307 959 tenebrarum
1336 902 1474 970 capti
1501 911 1659 970 atque
1685 900 1841 953 vincti
1862 941 1875 962 ,
1906 914 1938 953 a
1966 899 2164 954 Condi-

560 1011 697 1061 ;-tore
743 995 925 1052 mundi
954 996 1006 1050 in
1052 994 1154 1049 illis
1190 992 1417 1047 ordinati
1451 1000 1575 1046 sunt
1604 990 1775 1057 lacis,
1818 1004 1913 1044 sua
1945 991 2167 1061 quisque

553 1048 814 1159 lpossidet
844 1088 894 1141 in
930 1095 1071 1141 terra
1097 1082 1343 1139 animalia
1366 1126 1381 1151 ,
1408 1082 1477 1138 de
1511 1099 1608 1137 suo
1636 1082 1840 1138 scilicet
1876 1080 2071 1153 genere
2103 1098 2166 1139 ac

555 1166 741 1251 {stirpe
767 1176 1030 1236 venientia
1057 1196 1070 1230 :
1095 1178 1183 1251 qui
1208 1174 1575 1249 peremptores
1600 1191 1784 1231 eorum
1813 1190 1935 1232 reos
1961 1183 2160 1244 tenent,

578 1292 677 1332 nec
703 1276 771 1332 de
797 1274 899 1330 hoc
938 1272 1135 1328 mundo
1162 1277 1309 1327 exire
1346 1272 1690 1342 permittunt,
1730 1270 2010 1342 pomisque
2046 1273 2165 1327 illo’s

575 1362 766 1439 quibus
792 1375 1034 1437 possunt,
1061 1374 1115 1419 et
1151 1364 1474 1420 cruciatibus
1505 1372 1755 1419 atterunt.
1788 1362 1917 1432 Qu'is
1942 1366 2161 1433 imperi-

567 1446 751 1513 ‘torum
793 1457 907 1513 hare
937 1473 1041 1511 non
1083 1452 1349 1518 formidet.
1378 1466 1431 1511 et
1455 1456 1545 1526 qui
1572 1455 1622 1511 in
1660 1466 1801 1511 tanta
1840 1456 2164 1515 obscuritate

578 1548 705 1603 nihil
732 1547 893 1615 videt,
922 1548 1025 1602 hoc
1050 1547 1119 1601 ita
1147 1555 1206 1602 ut
1226 1545 1417 1602 dicitur
1433 1561 1552 1602 esse
1580 1564 1682 1603 non
1710 1542 2037 1605 arbitretur?
2056 1542 2162 1605 Sed

575 1655 673 1709 ego
706 1634 999 1693 institutum
1029 1636 1135 1693 non
1165 1637 1457 1709 relinquam
1484 1654 1660 1694 meum
1682 1681 1696 1705 ,
1728 1642 1812 1696 cui
1855 1641 1993 1697 Deus
2031 1641 2153 1697 ade-

564 1726 678 1798 'rit,
711 1742 765 1785 ut
793 1730 1127 1802 apertissima
1165 1731 1387 1789 veritate
1425 1722 1650 1789 obscura
1694 1734 1969 1791 mendacia
2000 1735 2160 1791 refel-

562 1806 768 1878 lantur.

642 1917 729 1970 6i.
758 1910 951 1985 Qumro
981 1912 1146 1982 enim,
1188 1916 1231 1970 si
1258 1914 1503 1971 animalia
1532 1934 1649 1988 qua:
1688 1918 1737 1971 in
1769 1918 1926 1974 terris
1961 1923 2084 1975 snht
2105 1916 2157 1974 et

562 1990 625 2063 in
655 2008 828 2077 aquis,
858 2008 925 2061 de
956 2006 1043 2060 illo
1074 2006 1269 2074 genere
1304 2008 1600 2080 principum
1633 2025 1728 2080 per
1766 2011 2157 2066 successionem

572 2099 736 2171 prolis
756 2109 809 2151 et
828 2099 1189 2169 operationem
1208 2094 1520 2153 concubitus
1542 2101 1779 2166 veniunt,
1802 2117 1921 2156 cum
1946 2102 2009 2155 ad
2038 2101 2159 2157 illos

567 2192 841 2247 abortivos
882 2193 1017 2247 ictus
1044 2200 1319 2247 revocatur
1347 2190 1497 2263 origo
1540 2192 1867 2249 nascentium
1891 2213 1905 2259 ;
1932 2202 2114 2264 quiem
2137 2235 2154 2263 ,

570 2288 802 2354 inquam,
826 2283 869 2338 si
898 2283 968 2337 ita
989 2293 1088 2344 est.
1114 2292 1287 2338 utrum
1311 2299 1461 2353 apes,
1484 2293 1538 2338 et
1560 2300 1735 2341 ranas.
1767 2294 1818 2340 et
1843 2286 1941 2340 alia
1968 2286 2152 2352 multa,

568 2393 686 2446 qua:
705 2375 821 2431 sine
840 2376 1124 2430 concubitu
1151 2376 1455 2446 gignuntur,
1487 2393 1590 2431 non
1617 2377 1684 2432 sit
1705 2377 1854 2433 nefas
1875 2378 2157 2434 occidere?

564 2470 721 2526 Nefas
738 2485 856 2524 esse
877 2469 1070 2524 dicitis.
1094 2468 1209 2525 Non
1232 2486 1357 2539 ergo
1376 2481 1597 2542 propter
1619 2472 1989 2540 cognationem
2014 2473 2157 2540 prin-

566 2563 742 2633 cipum
769 2561 949 2618 nescio
977 2576 1223 2631 quorum,
1254 2563 1322 2617 ab
1348 2562 1694 2617 animantium
1726 2579 1855 2617 nece
1882 2563 2152 2619 auditores

566 2663 770 2708 vestros
818 2651 1129 2721 prohibetis.
1182 2654 1290 2708 Aut
1328 2655 1371 2708 si
1423 2654 1728 2724 generalem
1781 2656 2149 2725 cognationem

567 2746 804 2800 omnium
843 2760 963 2800 esse
1006 2760 1291 2815 corporum
1322 2745 1526 2810 dicitis,
1575 2747 1791 2800 arbores
1834 2764 2045 2818 quoque
2083 2748 2150 2804 ad

565 2837 808 2892 eamdem
835 2838 1130 2906 principum
1153 2836 1499 2892 offensionem
1528 2838 1707 2906 procul
1731 2837 1893 2891 dubio
1920 2840 2152 2907 pertine-

565 2926 714 2987 bunt.
738 2926 930 2995 quibus
949 2943 1171 2997 βινοίη-ε
1202 2943 1305 2981 non
1327 2939 1408 2983 est
1430 2927 1735 2982 mandatum
1762 2928 2089 2982 auditoribus
2108 2930 2147 2979 ί.

565 3016 790 3073 Rcditur
814 3034 940 3089 ergo
969 3017 1034 3074 ad
1068 3019 1193 3073 illud
1228 3020 1548 3085 invalidum,
1576 3036 1636 3075 ea
1665 3036 1784 3091 qua:
1820 3018 1869 3074 in
1897 3022 2150 3092 stirpibus

562 3106 835 3162 auditores
862 3107 1092 3174 hednnt,
1118 3111 1323 3180 expiari
1351 3125 1448 3182 per
1479 3109 1683 3164 fructus
1714 3126 1848 3181 quos
1885 3110 1949 3164 ad
1981 3112 2153 3167 eccle-

563 3196 696 3253 siam
726 3210 953 3255 vestram
986 3200 1174 3256 ferunt.
1204 3203 1406 3256 Dictum
1434 3213 1515 3259 cst
1541 3204 1680 3258 enim
1712 3202 1813 3258 hoc
1839 3205 2017 3272 modo,
2056 3222 2151 3261 eos

562 3288 654 3361 qui
684 3289 735 3343 iu
773 3292 997 3344 macello
1027 3292 1227 3347 laniant
1255 3294 1499 3348 animalia
1532 3310 1824 3362 carneSqne
1852 3292 2144 3364 venditant,

564 3380 610 3436 si
634 3382 795 3434 vestri
819 3380 1089 3436 auditores
1114 3385 1219 3436 sint
1238 3422 1254 3448 ,
1283 3400 1483 3452 suaque
1512 3385 1655 3439 lttcra
1685 3389 2004 3454 comparatis
2037 3387 2149 3444 fru-

562 3468 719 3541 gibus
741 3469 893 3525 vobis
920 3469 1215 3536 conferant,
1246 3472 1444 3527 aedem
1478 3475 1617 3529 illam
1656 3477 2017 3546 quotidianam
2048 3478 2149 3535 sibi

563 3560 728 3617 licere
769 3572 1143 3632 contemnere,
1192 3575 1245 3622 et
1283 3567 1536 3638 quidquid
1580 3568 1632 3624 in
1672 3586 1733 3623 ea
1781 3574 1982 3641 peccati
2029 3583 2147 3641 est,

564 3656 760 3712 vestris
782 3657 951 3724 epulis
978 3658 1197 3713 aboleri.

638 3747 726 3803 62.
756 3747 908 3817 Quod
937 3750 981 3804 si
1007 3749 1213 3815 dicatis,
1236 3753 1682 3822 quemadmodum
1713 3757 1779 3811 dc
1807 3759 1978 3827 pomis
2004 3769 2057 3815 et
2082 3759 2151 3817 de

565 3841 819 3909 oleribus,
837 3842 1216 3899 conferendmn
1238 3843 1403 3901 fuisse
1423 3854 1479 3899 ut
1509 3846 1594 3901 illa
1620 3847 1915 3904 interfectio
1936 3852 2149 3907 veniam

564 3944 898 4002 mereretur;
927 3935 1069 4006 quod
1098 3936 1221 4005 quia
1263 3936 1375 3993 fieri
1420 3952 1524 3992 non
1573 3948 1747 4008 potest
1778 3940 1963 4009 (electi
2004 3942 2147 3997 enim

561 4042 669 4082 non
691 4026 856 4083 edunt
882 4028 1162 4101 carnem),
1188 4030 1592 4100 temperandum
1616 4048 1735 4087 esse
1758 4030 2089 4090 auditoribus
2116 4050 2149 4091 a

561 4132 695 4174 nece
733 4118 1225 4191 animalittm:qnid
1274 4123 1666 4191 respondehitis
1711 4124 1778 4179 de
1821 4126 1988 4196 Spinis
2022 4127 2147 4182 her-

559 4209 751 4280 bisque
780 4212 1089 4278 inutilibus,
1127 4228 1261 4283 quas
1289 4214 1570 4271 evellendo
1600 4218 1654 4272 in
1693 4216 1836 4287 agris
1862 4212 2149 4292 purgandis

560 4302 806 4373 agricolae
834 4312 1055 4365 necant.
1084 4320 1185 4361 nec
1218 4320 1283 4361 ex
1312 4304 1398 4361 bis
1431 4308 1582 4363 vobis
1611 4320 1837 4379 possunt
1873 4311 2021 4367 cibos
2046 4313 2148 4369 ali-

562 4410 700 4464 quos
724 4394 1015 4451 exhibere?
1039 4395 1317 4465 Quomodo
1341 4398 1409 4453 ad
1434 4400 1642 4455 veniam
1681 4403 1967 4471 pertinebit
2002 4414 2145 4461 tanta

562 4487 822 4555 vastatio,
869 4487 1009 4543 unde
1047 4488 1188 4543 nulla
1230 4499 1314 4545 est
1350 4505 1475 4547 esca
1514 4495 1865 4551 sanctorum?
1890 4498 1971 4552 An
2007 4496 2145 4555 forte

557 4579 812 4661 quidquid
832 4590 1109 4650 peccatum
1128 4581 1285 4638 fuerit
1308 4593 1369 4640 ut
1388 4583 1564 4657 fruges
1588 4593 1645 4642 et
1668 4602 1823 4658 poma
1845 4589 2141 4661 proficiant,

559 4658 614 4725 et
638 4671 708 4728 de
730 4672 863 4742 ipsis
888 4674 1126 4751 frugibus
1148 4685 1205 4732 et
1245 4677 1419 4747 pomis
1443 4678 1641 4749 aliquid
1674 4658 2004 4739 comedendo
2029 4658 2143 4741 dis?-

560 4760 802 4817 solvitis?
820 4762 957 4831 Quid
988 4764 1033 4819 si
1058 4780 1188 4837 ergo
1206 4780 1368 4837 agros
1406 4767 1623 4825 locustae
1648 4779 1739 4826 aut
1764 4786 1946 4829 mures
1973 4782 2027 4830 et
2050 4789 2141 4830 so-

556 4852 696 4908 vices
724 4862 951 4922 vastant,
995 4856 1139 4926 quod
1178 4872 1324 4928 saipe
1363 4858 1606 4915 accidere
1637 4862 1978 4919 manifestum
2015 4864 2142 4923 est?

559 4945 774 5019 impune
802 4947 868 5002 ab
898 4950 1127 5018 agricola
1156 4960 1338 5008 vestro
1360 4953 1606 5008 auditore
1632 4954 1992 5024 necabantur,
2016 4957 2138 5029 quia

557 5038 676 5096 ideo
705 5046 889 5108 peccat
924 5047 985 5094 ut
1012 5037 1215 5097 fructus
1250 5043 1563 5115 proficiant?
1591 5045 1687 5101 llic
1714 5055 1861 5103 certe
1900 5060 2140 5104 coarcta-

553 5129 706 5185 tuim.
736 5131 842 5184 Aut
864 5130 1007 5184 enim
1037 5132 1331 5188 conceditis
1358 5134 1686 5194 auditoribus
1717 5137 2138 5195 interfectionem

552 5219 887 5288 animalium,
914 5236 1072 5292 quam
1099 5232 1275 5279 vester
1296 5234 1482 5282 auctor
1507 5230 1806 5286 concedere
1835 5232 2021 5298 noluit,
2049 5240 2140 5288 aut

551 5325 648 5366 eos
660 5311 745 5365 «ab
774 5311 1095 5382 agricultura
1120 5315 1279 5370 etiam
1306 5317 1655 5387 probibebitis
1673 5361 1691 5388 ,
1721 5337 1878 5392 quam
1902 5324 1990 5379 ille
2009 5339 2140 5381 con-

550 5400 733 5456 cessit.
757 5401 1069 5474 Quanquam
1093 5421 1236 5477 smpe
1260 5409 1421 5463 etiam
1448 5408 1628 5466 dicere
1658 5412 1898 5468 audeatis
1927 5413 2137 5470 fenera-

551 5502 725 5559 torem
743 5495 1160 5553 innocentiorem
1187 5515 1306 5556 esse
1319 5517 1478 5571 quam
1504 5505 1790 5570 rusticum;
1815 5522 1985 5577 usque
2004 5509 2139 5564 adeo

551 5586 856 5643 melonibus
874 5603 1032 5661 quam
1055 5590 1359 5651 hominibus
1377 5594 1508 5648 estis
1528 5595 1827 5651 amiciores.
1850 5596 1903 5655 Si
1924 5600 2137 5670 quidem

606 5720 1913 5811 ξιξῖῖῗηηφξξῖίέίξέξὲἒὲσιὲἐίίέθνέφίές,
1952 5738 2137 5811 ναίον,

534 5780 735 5855 tametsi
770 5780 844 5855 ad.
861 5791 975 5855 Lov1
995 5786 1042 5855 in
1066 5790 1334 5855 marginem
1355 5780 1559 5855 reiecta.
1581 5780 1650 5844 De
1672 5780 2139 5855 inmisit-6&3!

542 5801 735 5835 autem!
776 5801 834 5832 au
862 5801 970 5835 ιον.
996 5801 1042 5833 ιη
1066 5801 1167 5837 mar
1204 5802 1249 5837 In

542 5838 781 5893 ultoribus
796 5844 937 5908 plura
958 5845 1038 5896 hic
1058 5801 1252 5910 passﬁn.

1491 408 1582 467 ne
1617 404 1918 462 uomens
1956 354 2503 475 manumanu,
2543 408 2600 465 s.
2642 409 3017 471 AUGUSTlNl

3705 422 3822 479 Hii

2279 515 2353 572 illi
2396 512 2809 593 nc'laedantur,
2857 530 3049 586 melius
3071 529 3324 601 iudicatis
3361 532 3621 591 hominem
3656 537 3819 596 fenore

2270 606 2548 699 itrt’tcidari.
2566 608 2819 674 'Hdzccihe
2841 618 2923 675 est
2940 616 3255 692 appetenda,
3278 614 3673 699 et'prﬂicatida
3690 626 3817 699 iusti.

2266 696 2369 767 ’tia,
2390 716 2468 760 'an
2498 700 2671 777 petitis
2690 712 3011 770 exsecranda
3038 725 3092 770 et
3116 694 3409 772 damnanda
3422 694 3632 776 :fa'llacia
3648 694 3814 779 filam-

2262 786 2395 852 ‘liit'te
2443 808 2525 854 est
2562 796 2941 859 'mise'ricordia
2985 807 3375 874 memorabilis,
3419 825 3483 864 an
3518 804 3809 870 ‘éxﬁérauda

2263 882 2450 958 potius
2476 886 2819 949 immanitas?

2343 980 2431 1038 63.
2460 980 2595 1050 Quid
2625 980 2762 1055 quod
2780 1003 2811 1041 a
2834 978 2967 1044 n'ece
2992 989 3298 1046 animalium
3320 1006 3418 1047 nec
3442 984 3717 1065 “statim
3739 1002 3809 1068 pe.

2262 1068 2465 1127 dicnlis
2491 1084 2546 1129 et
2565 1074 2824 1145 pulicibiis
2845 1074 3195 1137 et‘bimicibus
3212 1076 3809 1158 “temperatisiﬁaghatn-

2271 1162 2373 1236 que
2401 1164 2557 1237 hujus
2586 1171 2660 1225 rei
2680 1159 3052 1229 "defensionem
3075 1176 3286 1244 putatis,
3311 1170 3454 1246 quiid
3478 1170 3698 1236 sesese
3716 1196 3808 1236 sor-

2262 1244 2366 1312 ‘des
2391 1260 2695 1316 nostrorum
2741 1262 3021 1334 corporum
3058 1262 3249 1321 dicitis.
3280 1244 3442 1335 'Quod
3470 1260 3631 1338 primo
3650 1276 3806 1341 aperte

2258 1342 2458 1405 flilsum
2486 1352 2552 1407 de
2574 1352 2747 1424 pulice
2777 1356 2830 1411 et
2853 1357 3042 1412 eimiCe
3070 1354 3805 1421 dicitbrXCUi‘eniltt’illlnma-

2269 1434 2521 1497 nifestum
2563 1456 2645 1500 est
2690 1444 2807 1501 hrec
2847 1444 3097 1503 ahiina'li'a
3130 1450 3247 1504 'no‘it
3274 1448 3359 1507 de
3388 1446 3584 1508 illam
3608 1452 3805 1526 ‘lidrpttre

2254 1534 2498 1590 'existere
2518 1536 2764 1593 ?‘Deinde
2790 1541 2835 1593 si
2858 1538 3194 1596 co'nculiittim
3220 1526 3805 1604 vébéméﬁfiils‘tkﬂeeno

2256 1625 2418 1689 'mini,
2450 1628 2591 1696 quod
2620 1628 2839 1685 tiiniium
2860 1630 3026 1687 videri
3056 1632 3239 1701 vultis,
3268 1634 3500 1693 'cur'ilon
3530 1638 3664 1697 vobis
3681 1657 3806 1697 unm-

2267 1714 2414 1773 iliora
2438 1719 2688 1775 vitientur
2707 1716 3123 1797 animalia,qu
3142 1728 3258 1784 sine
3272 1724 3804 1791 concﬁﬁiih'ﬂem

2256 1804 2427 1866 ‘carne
2475 1814 2801 1870 nascuntur?
2838 1816 3146 1889 quanquam
3190 1816 3334 1877 enim
3384 1828 3563 1893 pastea
3605 1822 3804 1883 ineundo

2256 1898 2495 1973 pariant.
2525 1904 2629 1961 non
2666 1906 2843 1963 tamen
2886 1906 3038 1965 nobis
3063 1910 3376 1969 coeuntibus
3411 1914 3482 1970 de
3523 1912 3685 1972 Iloé‘lt‘o
3707 1930 3803 1973 cor-

2250 1990 2395 2066 ‘pore
2438 1996 2609 2068 primo
2649 1998 2958 2056 nascuntur.
2986 2001 3112 2058 'Jam
3144 2019 3291 2070 vero,
3310 2005 3355 2061 si
3398 2008 3717 2079 quaecumque
3745 2008 3801 2065 de

2265 2088 2562 2145 viventibus
2608 2088 2900 2163 gignuntur
2943 2094 3291 2166 corporibus,
3323 2092 3667 2156 sordidissima
3703 2110 3802 2157 sunt

2260 2181 2515 2250 putanda,
2551 2185 2718 2239 multo
2748 2180 2914 2257 magis
2934 2188 3284 2259 quascumque
3308 2188 3375 2247 de
3400 2192 3630 2249 mortuis.
3655 2193 3799 2265 Impu-

2258 2270 2383 2324 nius
2406 2286 2536 2342 ergo
2563 2272 2825 2329 ocCiditur
2853 2277 2936 2331 vel
2964 2292 3119 2355 sorex
3136 2323 3150 2342 ,
3175 2282 3254 2337 vel
3281 2277 3484 2353 aﬂgilis,

2260 2360 2490 2431 quosde
2519 2360 2764 2421 liilinatiis
2794 2354 3142 2426 cadaveribus
3177 2366 3355 2439 nasci,
3382 2370 3409 2427 ἐι
3450 2370 3594 2429 me
3608 2354 3799 2448 potissi-

2248 2448 2405 2505 'fnmn
2438 2453 2675 2509 solemus
2714 2454 2917 2512 audire.
2941 2458 3049 2514 Sed
3075 2461 3301 2516 obscura
3329 2458 3511 2519 omitto
3534 2474 3582 2520 et
3598 2464 3797 2521 incerta.

2250 2530 2337 2596 Ὄθ
2354 2536 2541 2613 ap'lbits
2569 2548 2715 2601 certe
2740 2545 2879 2602 fama
2905 2557 2988 2604 eSt
3007 2551 3288 2619 celebrior,
3316 2548 3447 2626 quin
3466 2556 3529 2610 de
3555 2557 3699 2612 boum
3720 2572 3799 2611 ca-

2260 2638 2545 2697 daveribus
2598 2645 2857 2700 oriantur.
2884 2644 3033 2719 Ergo
3070 2646 3379 2705 occiduntur
3401 2644 3625 2721 ‘impulle.
3660 2653 3723 2706 At
3759 2654 3800 2707 si

2261 2729 2363 2786 hoc
2386 2744 2596 2805 quoque
2618 2730 2835 2791 dubium
2867 2730 2969 2805 ζέει,
2998 2752 3155 2795 nemo
3186 2742 3298 2797 fere
3325 2743 3389 2797 de
3405 2740 3649 2800 Scarabe'ts
3667 2742 3799 2799 dubi-

2264 2831 2368 2906 tat,
2403 2826 2529 2895 quin
2568 2826 2637 2882 dc
2676 2826 2801 2883 {lino
2842 2830 2894 2885 iu
2936 2833 3093 2901 pilata
3130 2835 3413 2889 rotundata
3447 2826 3513 2891 ab
3552 2832 3629 2891 bis
3663 2845 3805 2906 atque

2259 2898 2450 2971 obriito
2477 2910 2706 2975 exiStaiit
2734 2921 2830 2995 (ιι).
2857 2898 2980 2979 llaec
3006 2924 3163 2996 igitur
3201 2924 3488 2982 animantia
3506 2922 3676 2984 'etl'lia

2246 3002 2505 3078 persequi
2531 3011 2741 3082 longum
2771 3023 2872 3081 est,
2896 3016 3190 3072 sbrdidiora
3216 3028 3362 3073 certe
3382 3006 3580 3075 debetis
3602 3010 3791 3091 o'pinari,

2259 3114 2415 3168 quam
2450 3101 2718 3169 pediculos
2747 3115 2983 3171 vestros;
3012 3119 3065 3161 et
3093 3115 3267 3163 tamen
3300 3106 3389 3164 illa
3424 3102 3651 3166 occide‘re
3670 3108 3793 3166 nefas

2259 3189 2410 3243 vobis
2439 3192 2677 3256 videtur,
2712 3193 2794 3250 his
2838 3206 3013 3252 autem
3048 3213 3267 3268 parcere
3292 3201 3510 3257 stultum
3538 3192 3659 3258 :rtisi
3685 3200 3794 3258 forte

2257 3281 2398 3349 quod
2426 3294 2546 3337 sunt
2579 3282 2689 3340 haec
2709 3287 2956 3343 animalia
2981 3292 3524 3360 parvapcon’temnitls.
3542 3293 3663 3351 Sane
3682 3294 3719 3349 si
3736 3295 3792 3349 ita

2258 3386 2339 3431 est
2359 3419 2374 3443 ,
2410 3385 2465 3432 ut
2489 3378 2683 3434 animal
2714 3374 2819 3453 quo
2847 3383 3057 3440 brevius
3096 3395 3213 3453 est,
3252 3404 3319 3442 eo
3346 3384 3676 3462 contemptius
3697 3400 3792 3443 esse

2257 3460 2471 3549 debeat,
2503 3485 2722 3526 necesse
2750 3483 2834 3530 est
2858 3476 3119 3531 camelum
3150 3478 3349 3533 homini
3374 3460 3665 3550 prensis.

2333 3558 2423 3615 64.
2465 3561 2577 3617 Huc
2606 3564 2812 3620 accedit
2851 3566 2941 3622 illa
2968 3568 3206 3638 gradatio
3225 3612 3241 3635 ,
3271 3586 3390 3641 qua:
3421 3570 3538 3627 ciiin
3568 3568 3653 3627 vos
3674 3570 3791 3627 Iudi-

2257 3670 2411 3721 rem,
2462 3670 2558 3710 nos
2595 3670 2737 3728 saepe
2786 3659 3033 3715 turbavit.
3074 3661 3227 3718 Nulla
3255 3664 3398 3719 enim
3439 3670 3588 3721 causa
3628 3672 3695 3721 est
3714 3678 3790 3718 cur

2260 3742 2473 3815 propter
2498 3744 2719 3814 parvum
2751 3751 2990 3820 corporis
3034 3748 3337 3819 modulilin,
3379 3744 3535 3826 pille‘i
3572 3752 3788 3811 tiet‘atldus

2257 3838 2343 3902 sit,
2374 3855 2477 3893 non
2506 3841 2664 3895 etiam
2698 3858 2879 3898 musca
2904 3859 3023 3915 qua:
3045 3845 3097 3899 in
3127 3844 3241 3902 faba
3264 3846 3515 3919 gignitur.
3542 3848 3601 3904 Et
3621 3836 3783 3909 Sillim.

2256 3928 2351 3981 'cnr
2381 3944 2486 3983 non
2524 3931 2683 3986 etiam
2726 3932 2823 3987 ista
2862 3934 3019 4004 paulo
3055 3938 3300 4007 amplior,
3332 3940 3488 4010 cujus
3681 3936 3789 3993 ﬂatus

2256 4019 2434 4074 minor
2456 4028 2539 4076 est
2564 4024 2721 4093 Quam
2754 4020 2862 4079 illa.
2884 4024 2997 4082 Hoc
3022 4029 3183 4085 etiam
3210 4020 3471 4103 sequitur,
3488 4022 3553 4087 itit
3571 4028 3671 4103 alis
3685 4043 3785 4100 quo-

2255 4130 2358 4184 que
2386 4113 2501 4171 sine
2530 4117 2681 4188 culpa
2727 4120 3223 4193 perimatur,'cu'jus
3262 4125 3438 4197 pullus
3477 4119 3593 4181 huic
3620 4132 3787 4179 mulsea:

2255 4200 2579 4277 Coaequatu'r.
2616 4208 2742 4265 lude
2769 4210 2835 4265 ad
2857 4211 3073 4268 locustae
3098 4215 3298 4284 pullum
3328 4198 3664 4279 ét'llicust‘am,
3690 4210 3786 4268 little

2242 4296 2320 4351 'ad
2370 4298 2569 4367 pullum
2614 4300 2781 4357 muris
2818 4310 2871 4357 et
2905 4296 3133 4360 murem.
3159 4302 3230 4360 Et
3272 4294 3341 4363 ne
3374 4298 3580 4379 lougttllt
3600 4296 3782 4368 ‘fztélim.

2256 4402 2433 4443 nonne
2459 4388 2654 4445 videtis
2690 4390 2774 4445 bis
2806 4393 3057 4463 gradibus
3081 4395 3147 4449 ad
3164 4395 3514 4467 elephantum
3539 4388 3782 4469 perveniri,

2253 4488 2311 4533 ut
2336 4480 2555 4534 omnino
2581 4482 2813 4537 recusari
2840 4499 2943 4538 non
2966 4486 3131 4554 possit
3151 4482 3418 4557 ingentem
3438 4478 3569 4543 illﬂlit
3587 4484 3786 4542 bellum

2251 4570 2367 4625 sine
2406 4572 2563 4641 culpa
2605 4588 2665 4628 se
2712 4575 2983 4643 occidere,
3013 4576 3254 4651 quisquis
3301 4568 3509 4653 propté
3542 4576 3783 4653 parvulum

2250 4679 2445 4739 corpus
2479 4664 2901 4723 interfectionem
2929 4669 3119 4739 pulicis
3146 4681 3421 4741 peccatum
3449 4664 3558 4729 esse
3581 4668 3677 4727 non
3703 4683 3782 4740 pu-

2251 4758 2364 4811 tat?
2391 4754 2496 4814 Scd
2518 4758 2627 4828 jam
2658 4750 2817 4815 etiam
2843 4756 2909 4817 de
2952 4756 3252 4834 liujusmodi
3291 4758 3444 4838 niigis
3473 4752 3593 4823 saltis
3617 4763 3778 4819 dictum
3848 4768 3849 4773 ‘

2247 4846 2500 4905 arbitror.

2240 4918 2470 4999 EAPUT
2691 4975 2761 4984 —
2784 4926 2858 5001 De
2872 4924 3133 5027 ξὶρηαὸίίῑὸ
3157 4948 3298 5005 sinus
3323 4962 3371 5005 et
3396 4934 3613 5023 nefandis
3633 4950 3776 5018 Inple-

2324 5104 2329 5109 δ
2774 5036 2863 5093 rt't'a
2890 5037 3308 5094 Manichaeorum.

2317 5125 2403 5182 65.
2438 5125 2623 5182 Restat
2668 5124 3007 5211 signaculum
3036 5129 3181 5185 sinus
3201 5172 3217 5197 ,
3266 5130 3318 5185 in
3350 5147 3456 5202 quo
3490 5126 3688 5213 multum
3714 5125 3773 5180 in-

2245 5227 2387 5272 certa
2414 5225 2501 5273 est
2527 5218 2743 5273 castitas
2773 5230 2965 5274 vestra.
2997 5202 3111 5276 Nan
3148 5221 3291 5277 enim
3330 5204 3676 5284 conciilillum,
3700 5213 3771 5272 sed

2247 5320 2303 5364 ut
2343 5311 2496 5379 longe
2529 5320 2654 5366 ante
2686 5310 2755 5364 ab
2794 5311 3051 5387 Apostolo
3081 5304 3280 5367 dictum
3321 5321 3425 5379 est,
3452 5308 3571 5370 vere
3607 5307 3770 5379 nuptias

2247 5401 2542 5473 prohibetis
2581 5401 2632 5475 (Ι
2661 5401 2793 5456 Tim.
2841 5400 2923 5470 iv,
2950 5403 3045 5474 ὅ),
3088 5420 3207 5475 quae
3246 5403 3365 5461 talis
3385 5400 3556 5477 operis
3592 5396 3682 5458 una
3710 5405 3783 5483 eat

2248 5497 2467 5551 hooesta
2489 5493 2748 5552 defensio.
2771 5495 2867 5552 Hic
2895 5512 3001 5553 non
3021 5496 3203 5553 dubito
3223 5514 3318 5554 vos
3336 5494 3457 5556 esse
3484 5496 3791 5613 clamatum!

2248 5589 2601 5613 ε--..ε.ι;-..-...-,
2630 5586 2856 5613 α-,......,.-
2916 5589 3133 5613 .I:---.l-
3202 5594 3487 5613 ---ημμμ
3526 5580 3764 5613 Luna“...

2247 5589 2603 5660 invidiamque
2628 5586 2882 5656 facturos,
2912 5589 3166 5656 dicendo,
3197 5594 3491 5647 castitatem
3526 5580 3787 5663 perfectam:

2248 5697 2339 5738 vos
2369 5683 2713 5738 vehementer
2752 5683 3123 5738 commendare
3159 5694 3316 5756 atqm:
3338 5685 3563 5753 laudare,
3592 5692 3683 5737 non
3706 5685 3765 5731 ω·

2305 5865 2379 5932 (α)
2398 5864 2499 5914 vid.
2523 5870 2725 5915 neu-act.
2749 5862 2832 5914 lib.
2858 5864 2904 5924 ί,
2922 5876 3026 5929 cap.
3047 5864 3097 5929 7,
3116 5856 3235 5917 n.'8.
