3874 6300
63 414 154 477 1⁵75
1317 390 1518 448 LIBER
1555 389 1567 442 1

1678 390 1931 452 11110118.

62 545 143 588 mn
185 520 378 591 nuptias
417 514 751 586 prohibere;
805 508 1236 590 quandoquidem
1295 505 1568 590 auditores

61 618 188 678 vestri,
203 625 418 684 quorum
440 606 596 679 apud.
614 622 706 678 vos
731 597 998 661 secundus
1018 612 1102 657 est
1121 599 1338 672 gradus,
1369 598 1569 658 ducere

60 725 169 779 atque
207 679 386 761 habere
431 715 534 756 non
565 697 964 768 ,prohibeantur
1007 707 1220 779 uxores.
1253 687 1401 758 .Qure
1447 679 1568 743 cum

59 776 192 874 magna
214 812 331 852 voce
368 804 423 852 et
451 807 649 863 magna
675 785 1033 862 indignatione
1060 776 1319 850 dixeritis,
1346 777 1445 853 ego
1475 777 1569 866 vos

61 873 183 952 lenius
213 886 530 952 interrogabo
552 883 619 938 ad
647 884 788 938 hunc
824 879 1041 959 modum
1070 895 1083 931 :
1114 891 1293 936 nonne
1320 873 1568 932 vos'estis

60 989 117 1059 qui
140 982 499 1052 ﬁliosgignere,
535 992 602 1032 eo
628 975 768 1046 quod
805 975 994 1030 anima:
1034 971 1265 1042 ligcutur
1291 970 1352 1030 in
1381 983 1563 1031 carne,

60 1058 214 1151 gnam
241 1072 422 1143 potatis
450 1085 569 1124 esse
597 1077 894 1137 peccatum,
923 1079 1082 1134 quam
1112 1063 1283 1132 ipsum
1310 1058 1566 1124 concubi-

59 1170 165 1225 tum?
189 1166 353 1221 Nonne
390 1177 485 1216 vos
512 1160 642 1215 estis
681 1158 773 1232 qui
818 1171 916 1210 nos
950 1154 1202 1210 solebatis
1231 1153 1468 1216 mouere,
1511 1158 1569 1232 ut

58 1269 245 1331 quantum
281 1253 388 1308 ﬁeri
431 1258 629 1321 posset,
663 1229 1070 1304 Observaremus
1103 1255 1328 1311 tempus,
1367 1234 1472 1312 quo
1499 1225 1567 1295 ad

58 1359 295 1417 coact-ptum
333 1344 519 1400 mulier
561 1351 677 1412 post
704 1339 1017 1412 genitalium
1057 1338 1316 1392 viscerum
1368 1345 1564 1405 purga-

60 1444 195 1496 tionem
219 1447 327 1506 apta
352 1444 511 1500 esset,
535 1448 708 1501 eoque
726 1441 966 1501 tempore
990 1445 1018 1483 a
1045 1427 1328 1484 concubitu
1357 1437 1564 1493 tempe-

59 1544 252 1592 ramnus,
283 1542 346 1582 ne
378 1526 522 1580 carui
551 1525 726 1578 anima
765 1520 1166 1591 implicaretur?
1198 1519 1273 1573 Ex
1304 1533 1409 1588 quo
1437 1515 1566 1570 illud

59 1623 248 1692 sequitur,
270 1631 441 1674 utnon
471 1617 764 1672 liberorum
789 1610 1233 1682 procreandorum
1259 1623 1440 1670 causa,
1473 1606 1566 1660 sed

59 1712 243 1769 satiando:
271 1709 496 1765 libidinis
519 1706 718 1760 habere
738 1703 1017 1773 conjugem
1054 1701 1336 1756 censeatis.
1359 1697 1565 1766 Nuptiae

59 1815 208 1867 autem,
237 1812 286 1854 ut
313 1802 439 1869 ipsae
467 1796 733 1866 nuptiales
763 1794 952 1849 tabulm
985 1793 1248 1853 clamant,
1278 1789 1564 1844 liberorum

59 1895 420 1966 procreandorum
462 1906 656 1955 causa,
697 1902 896 1943 marem
947 1885 1303 1952 feminamque
1339 1880 1564 1948 conjun-

59 1987 405 2057 pmt:quisquis
428 1997 558 2052 ergo
590 1992 868 2049 procreare
899 1975 1094 2031 liberos
1122 1989 1279 2042 quam
1314 1985 1567 2026 concum-

60 2082 142 2132 bere
173 2084 356 2146 gravius
397 2073 527 2128 dicit
567 2085 688 2128 esse
731 2078 1044 2136 peccatum,
1091 2063 1336 2134 prohibet
1388 2062 1567 2132 utique

61 2170 234 2236 nttptias;
272 2176 321 2221 et
358 2179 458 2219 11011
478 2165 594 2233 jam
631 2177 884 2227 uxorem,
920 2158 1012 2213 sed
1045 2156 1378 2212 meretricem
1417 2153 1569 2208 fetui-

62 2277 138 2314 nam
156 2260 269 2324 facit,
284 2274 394 2328 quae
413 2257 630 2312 donatis
655 2254 753 2309 sibi
770 2254 930 2306 certis
947 2251 1124 2313 rebus,
1141 2249 1257 2303 viro
1272 2247 1337 2301 ad
1359 2248 1570 2315 expleno

61 2352 139 2405 dam
160 2352 256 2417 ejus
279 2349 547 2403 libidinem
564 2346 818 2416 jungitur.
849 2343 905 2398 Si
930 2341 1072 2395 enim
1096 2355 1228 2394 uxor
1253 2349 1356 2402 est,
1386 2338 1568 2391 matri-

63 2444 226 2496 monium
251 2452 344 2498 est.
380 2440 496 2496 Non
545 2449 720 2492 autem
751 2434 1145 2490 matrimonium
1187 2441 1270 2486 est
1297 2431 1386 2486 ubi
1412 2430 1569 2484 datur

61 2547 166 2603 opera
188 2550 243 2586 ne
265 2533 330 2588 sit
351 2541 522 2586 mater
547 2547 561 2584 :
589 2545 693 2582 non
719 2526 878 2597 igitur
898 2540 1050 2579 uxor.
1073 2523 1332 2590 Quocirca
1359 2523 1568 2590 nuptias

62 2625 307 2694 prohibetis,
338 2641 430 2680 nec
458 2625 532 2676 ab
560 2622 658 2678 hoc
683 2621 909 2675 crimine
930 2660 944 2680 ,
975 2618 1115 2690 quod
1147 2618 1272 2672 olim
1301 2631 1330 2669 a
1368 2615 1568 2685 Spiritu

61 2726 184 2769 uncto
213 2716 271 2771 de
293 2715 440 2770 vobis
472 2713 790 2784 praedictum
823 2718 939 2777 est,
969 2710 1072 2763 ulla
1103 2723 1199 2762 vos
1239 2706 1442 2760 ratione
1469 2705 1566 2761 de-

60 2807 222 2862 ieoditis.

101 2900 167 2954 66.
203 2899 466 2963 lamvero,
501 2911 627 2951 cum
665 2894 1011 2950 vehementer
1057 2889 1296 2959 satagitis
1353 2903 1422 2942 ne
1474 2903 1566 2957 per

59 2991 318 3044 reticulatum
359 2988 542 3042 anima
583 2987 773 3056 ligetur
813 2984 866 3038 in
906 2996 1099 3047 carne,
1132 2991 1185 3036 et
1224 2981 1570 3035 vehementer

57 3083 254 3145 asseritis,
274 3097 359 3150 per
389 3090 702 3136 sanctorum
733 3078 910 3133 cibum
937 3077 1166 3129 animam
1189 3074 1256 3128 de.
1277 3073 1568 3128 seminibus

56 3172 226 3238 liberari,
250 3190 414 3229 nonne
441 3169 780 3228 confirmatis
798 3211 812 3236 ,
843 3183 875 3221 ο
907 3166 1124 3229 miseri,
1158 3164 1300 3236 quod
1325 3166 1393 3220 de
1420 3164 1568 3218 vobis

58 3265 234 3323 homines
258 3266 632 3338 suspicantur?
655 3264 764 3319 Cur
781 3263 924 3320 enim
950 3262 1018 3317 de
1039 3262 1233 3322 tritico,
1260 3269 1315 3316 et
1338 3260 1405 3315 de
1426 3259 1564 3325 faba,

63 3367 97 3410 et
112 3357 160 3414 de
174 3360 394 3416 lenticula
416 3360 646 3428 aliisque
669 3355 988 3419 seminibus,
1010 3368 1134 3408 cum
1162 3352 1243 3405 his
1269 3351 1565 3414 vescimini,

63 3449 225 3506 liberare
245 3465 328 3508 vos
348 3453 480 3509 velle
508 3449 740 3504 animam
766 3445 1020 3509 creditur,
1050 3443 1118 3498 de
1145 3443 1451 3497 animalium
1477 3457 1568 3496 se-

61 3543 226 3600 minibus
245 3562 338 3601 non
373 3543 658 3602 credatur?
692 3540 809 3597 Non
844 3540 985 3594 enim
1006 3577 1024 3603 ,
1049 3547 1107 3592 ut
1147 3537 1315 3604 ipsam
1351 3550 1566 3590 carnem

61 3636 196 3688 1111111111
215 3637 478 3692 animantis
521 3631 851 3690 immundam
889 3643 1006 3684 esse
1040 3627 1250 3693 dicitis,
1276 3625 1417 3694 quod
1453 3625 1568 3679 ani-

61 3736 154 3778 nam
176 3742 260 3780 non
288 3728 471 3794 habet;
504 3726 610 3782 hoc
640 3725 712 3778 ita
740 3721 966 3794 potestis
990 3730 1044 3775 et
1072 3711 1140 3774 de
1167 3715 1452 3773 animantis
1479 3731 1568 3772 se—

59 3818 156 3872 mine
173 3819 348 3888 dicere,
369 3823 422 3876 in
447 3836 558 3891 quo
587 3818 840 3880 animam,
868 3829 986 3884 qua:
1011 3811 1285 3882 apparebit
1313 3811 1363 3864 in
1395 3809 1564 3880 prole,

59 3909 283 3979 mitigatam
298 3928 414 3969 esse
432 3909 689 3973 censetis,
706 3916 762 3963 et
781 3908 834 3960 in
853 3920 962 3976 quo
981 3903 1149 3975 ipsius
1162 3900 1434 3956 Manichaei
1456 3899 1570 3952 ani-

55 4011 151 4053 mam
172 4003 466 4072 implicatam
491 4002 657 4058 fuisse
677 3997 940 4056 fatemini.
971 3996 1038 4051 Et
1058 3994 1179 4065 quia
1211 4007 1317 4048 non
1351 3998 1572 4061 possunt

55 4087 101 4139 ab
115 4091 396 4150 auditoribus
417 4093 619 4149 vestris
638 4088 910 4162 purganda
937 4086 1088 4142 vobis
1118 4083 1240 4138 talia
1264 4082 1468 4138 semina
1492 4081 1570 4136 af-

53 4178 156 4245 ferri.
173 4188 275 4255 quis
296 4205 400 4244 non
415 4187 715 4259 suspicetur
738 4191 996 4240 secretam
1023 4181 1092 4235 de
1114 4179 1266 4234 vobis
1287 4178 1416 4248 ipsis
1432 4176 1570 4230 inter

54 4287 118 4330 vos
138 4279 230 4335 fieri
255 4283 410 4338 talem
429 4280 820 4351 purgationem,
842 4284 896 4331 et
921 4273 1039 4329 ideo
1063 4273 1187 4338 illis,
1215 4285 1283 4324 ne
1307 4284 1401 4324 vos
1418 4268 1571 4324 dese-

53 4377 150 4431 mb‘
171 4375 438 4430 occultari?
463 4375 598 4442 Qua:
635 4373 679 4428 si
710 4387 814 4425 non
857 4364 1228 4435 facitis,.quod
1258 4365 1454 4418 utinam
1497 4361 1568 4426 ita

51 4455 125 4519 Iit,
147 4461 311 4517 videtis
350 4476 526 4520 tamen
545 4471 765 4533 quantae
793 4457 1079 4528 suspicioni
1109 4464 1279 4509 vestra
1311 4453 1568 4525 supersti-

51 4545 276 4619 ιὲορθιωι,
291 4567 342 4610 01
359 4571 515 4627 quam
537 4571 640 4610 non
662 4555 733 4608 sit
755 4551 1058 4607 hominibus
1079 4546 1494 4603 succensendum
1517 4545 1568 4599 id

51 4639 356 4712 0vitiantibus,
390 4646 546 4718 ’1111011
591 4645 658 4701 110
698 4654 888 4700 vestra
913 4639 1243 4712 professione
1275 4637 1566 4707 colligitur,

47 4738 136 4786 cum
167 4748 248 4790 vos
281 4739 482 4794 animas
510 4752 605 4807 per
631 4751 807 4791 escam
837 4742 892 4789 et
918 4741 1095 4802 potum
1118 4772 1131 4796 ,
1161 4729 1228 4783 de
1263 4728 1570 4798 corporibus

47 4825 88 4869 οι
106 4825 312 4880 sensibus
338 4820 563 4884 liberare
604 4825 924 4896 pnedicatis.
963 4822 1096 4877 Nolo
1133 4821 1218 4874 hic
1241 4819 1440 4874 diutius
1474 4818 1573 4873 im-

50 4914 227 4980 morari;
255 4925 305 4972 et
327 4918 517 4974 videtis
540 4923 772 4988 quantus
799 4914 869 4970 sit
907 4911 1219 4968 invectionis
1257 4909 1424 4966 locus.
1464 4909 1570 4964 Sed

47 5000 134 5065 quia
153 5013 197 5058 ει
225 5023 308 5063 res
335 5010 462 5065 talis
486 5019 604 5074 est,
631 5016 690 5062 ut
723 5022 840 5064 eam
867 5005 1044 5076 potius
1078 5002 1384 5057 reformidet
1412 5016 1568 5072 quam

47 5085 279 5153 insectatur
299 5101 487 5165 oratio,
510 5109 564 5157 et
584 5098 912 5170 propositum
937 5095 1064 5151 illud
1085 5109 1261 5150 meum
1288 5108 1383 5165 per
1404 5100 1568 5148 totum

45 5190 288 5245 temonem
312 5193 658 5248 animadverti
687 5198 891 5260 potest,
920 5204 1025 5259 quo
1053 5187 1212 5240 statui
1231 5181 1368 5255 nihil
1405 5199 1569 5253 exag-

43 5284 218 5347 εεηνε,
243 5284 333 5338 sed
371 5283 524 5339 nudis
564 5279 956 5353 quodammodo
996 5278 1155 5334 rebus
1183 5287 1236 5332 et
1279 5276 1571 5333 rationibus

44 5373 180 5431 agere,
207 5378 527 5430 transeamus
554 5375 618 5430 ad
643 5373 806 5428 aliud.

195 5460 408 5520 CAPUT
434 5464 582 5521 XIX.
608 5495 682 5506 -—
714 5463 936 5531 Flagitia
976 5459 1392 5514 Manichrrorum.

92 5543 162 5599 67.
195 5550 300 5608 lam
329 5556 470 5610 enim
505 5558 636 5613 satis
667 5562 886 5624 apparet
923 5552 1096 5623 qualia
1125 5550 1232 5604 sint
1270 5549 1367 5603 tria
1394 5557 1569 5603 vestra

42 5634 274 5705 Signacula.
299 5647 358 5701 lli
377 5656 498 5702 sunt
526 5649 685 5703 vestri
713 5661 910 5711 mores,
935 5646 1019 5700 hic
1041 5643 1158 5697 linis
1184 5640 1568 5695 admirabilium

42 5735 390 5802 przrceptorutn,
423 5739 518 5794 ubi
549 5740 679 5794 nihil
705 5747 908 5794 certum
932 5779 948 5804 ,
973 5736 1098 5790 nihil
1127 5742 1409 5794 constans,
1443 5730 1572 5784 nihil

41 5823 318 5898 ﬁttionabile,
351 5833 480 5890 nihil
519 5832 834 5904 inculpabile
866 5851 878 5887 :
909 5831 1002 5888 sed
1033 5829 1210 5885 omnia
1250 5826 1426 5891 dubia,
1463 5821 1567 5879 imo

3117 408 3255 466 15η

1675 523 1802 565 vero
1823 511 1940 584 sine
1967 511 2293 570 dubitatione
2336 512 2617 600 falsissima
2634 558 2650 580 ,
2685 513 2858 570 armis
2884 519 3258 589 repugnantia,

1673 600 2062 667 abominabilia,
2085 605 2602 689 absurda/Denique
2628 616 2732 662 tam
2756 613 2918 664 muita
2940 617 2993 665 et
3012 617 3120 664 tam
3140 605 3257 679 gra-

1674 693 1757 747 via
1792 703 2004 762 peccata
2035 697 2087 750 in
2113 697 2195 752 his
2224 701 2458 756 moribus
2480 699 2968 769 deprehenduntur,
2991 711 3045 755 ut
3071 702 3114 756 si
3137 698 3256 772 quis

1673 800 1922 842 accusare
1943 789 2066 842 velit
2086 791 2282 874 omnia,
2302 789 2459 848 homo
2478 793 2697 863 alicujus
2721 791 3001 874 facultatis,
3027 789 3230 862 singula
3254 838 3262 845 .

1674 888 1734 946 ut
1759 881 2031 958 minimum
2053 921 2070 948 ,
2101 867 2320 952 singulis
2348 861 2702 942 voluminibus
2732 885 2916 954 possit.
2935 861 3075 939 ’1111ιο
3102 861 3259 955 igitur

1672 971 1720 1027 si
1759 971 2131 1037 custodiretis,
2165 983 2495 1045 vestramque
2526 967 2813 1045 impleretis
2847 976 3256 1046 professionem,

1672 1063 1802 1118 nihil
1832 1064 1982 1118 vobis
2006 1073 2148 1119 esset
2175 1065 2421 1133 ineptius,
2456 1068 2583 1121 nihil
2614 1068 2858 1130 stultius,
2884 1067 3008 1121 nihil
3039 1065 3256 1135 imperi-

1675 1154 1780 1210 tius
1805 1172 1820 1210 :
1847 1170 1969 1211 cum
2000 1162 2176 1209 autem
2206 1156 2428 1210 laudatis
2457 1168 2509 1211 et
2544 1158 2744 1213 docetis
2773 1159 2868 1212 ista
2891 1201 2906 1224 ,
2939 1157 3036 1213 nec
3062 1158 3248 1213 facitis.

1672 1247 1796 1318 quid
1829 1247 1978 1303 vobis
2007 1247 2261 1312 fallacius,
2287 1248 2411 1316 quid
2439 1249 2758 1314 iusidiosius,
2787 1241 2910 1319 quid
2940 1247 3252 1304 maiiticsius

1672 1339 1775 1396 dici
1805 1349 1894 1394 aut
1925 1339 2146 1394 inveniri
2177 1338 2384 1408 potest?

1743 1431 1833 1485 68.
1857 1431 2055 1484 Novem
2078 1444 2247 1484 annos
2274 1431 2414 1483 totos
2435 1445 2624 1498 magna
2645 1445 2768 1484 cura
2792 1437 2845 1483 et
2873 1427 3137 1499 diligentia
3162 1445 3257 1486 vus

1671 1523 1931 1591 audivi‘,
1963 1524 2142 1579 nullus
2176 1523 2304 1579 mihi
2352 1525 2640 1578 electorum
2689 1523 3018 1577 iunctescere
3066 1525 3248 1592 potuit,

1671 1615 1762 1685 qui
1796 1614 2086 1670 secundum
2128 1613 2242 1670 haec
2268 1613 2529 1684 p'rzecepta
2559 1629 2662 1667 non
2691 1623 2781 1666 aut
2818 1611 3176 1683 deprehensus
3203 1615 3253 1668 in

1673 1717 1888 1778 peccato
1908 1750 1923 1773 ,
1946 1720 2034 1762 aut
2063 1718 2209 1764 certe
2235 1707 2520 1778 suspicioni
2553 1707 2794 1761 subditus
2819 1706 2992 1760 fuerit.
3026 1691 3177 1762 Multi
3206 1708 3256 1762 in

1671 1802 1795 1874 vino
1815 1812 1867 1856 et
1887 1802 2154 1868 carnibus,
2175 1801 2324 1856 multi
2349 1803 2580 1855 lavantes
2601 1801 2648 1855 in
2673 1801 2873 1854 balneis
2896 1801 3089 1854 inventi
3114 1814 3256 1856 sunt.

1671 1893 1777 1952 Sed
1821 1894 1935 1949 haec
1971 1895 2333 1949 audiebamus.
2383 1893 2627 1949 Nonnulli
2668 1891 2867 1948 alienas
2907 1892 3128 1946 fetninas
3167 1908 3256 1948 se-

1671 1985 1894 2040 duxisse
1918 1985 2191 2053 approbati
2219 1994 2362 2049 sunt,
2383 1984 2452 2038 ita
2480 1995 2534 2037 ut
2562 1983 2683 2037 hinc
2711 1982 2863 2051 plane
2891 1982 3130 2037 dubitare
3153 1999 3258 2038 non

1673 2077 1892 2147 possim.
1919 2076 2025 2132 Sed
2055 2077 2124 2130 sit
2149 2083 2202 2130 et
2229 2075 2342 2130 11100
2370 2075 2537 2144 magis
2565 2073 2698 2127 fama
2725 2090 2880 2142 quam
2903 2082 3106 2127 Verum.
3137 2055 3258 2129 Vidi

1673 2168 1786 2238 ipse
1814 2183 1916 2222 non
1950 2167 2113 2233 solus,
2138 2167 2231 2221 sed
2257 2182 2378 2221 cum
2404 2167 2467 2220 iis
2495 2165 2583 2235 qui
2613 2159 2803 2234 partim
2826 2163 2935 2233 jam
2959 2163 3046 2218 illa
3072 2180 3259 2235 super-

1672 2261 1884 2315 stitione
1907 2259 2114 2315 liherati
2142 2269 2282 2318 sunt,
2303 2259 2491 2326 partim
2512 2256 2684 2310 adhuc
2703 2265 2828 2326 Opto
2851 2267 2904 2309 ut
2929 2255 3254 2320 liberentur;

1671 2351 1901 2406 vidimus
1930 2366 2055 2419 ergo
2081 2351 2132 2403 in
2156 2349 2434 2418 quadrivio
2459 2346 2811 2417 Carthaginis,
2834 2346 2884 2400 in
2911 2347 3084 2416 platea
3110 2346 3257 2401 cele-

1670 2442 1923 2509 berrima,
1947 2458 2050 2496 non
2075 2456 2255 2503 unum,
2272 2438 2363 2494 sed
2384 2439 2559 2508 plures
2579 2453 2734 2509 quam
2759 2447 2864 2493 tres
2879 2433 3078 2492 0100108
3095 2436 3256 2493 simul

1673 2544 1793 2606 post
1834 2542 2170 2589 transeuntes
2211 2532 2390 2586 nescio
2419 2546 2549 2602 quas
2590 2528 2812 2584 feminas
2851 2538 2954 2582 tam
3002 2525 3254 2598 petulanti

1671 2637 1820 2708 gestu
1855 2626 2152 2690 adhinnire,
2187 2636 2241 2680 ut
2285 2625 2517 2679 omnium
2557 2621 2836 2677 trivialium
2877 2620 3254 2691 impudicitiam

1673 2722 2158 2791 impudentiatnque
2197 2727 2528 2788 superarent.
2558 2715 2708 2784 Quod
2742 2715 2811 2770 de
2849 2730 3035 2784 magna
3075 2713 3256 2769 venire

1673 2814 2074 2878 consuetudine,
2102 2821 2262 2882 atque
2289 2811 2406 2865 illos
2432 2811 2567 2864 inter
2587 2824 2644 2863 se
2667 2809 2735 2862 ita
2762 2808 2940 2862 vivere
2969 2805 3097 2861 satis
3119 2806 3255 2860 emi-

1673 2908 1853 2970 nebat,
1878 2904 2300 2975 quandoquidem
2326 2901 2499 2957 nullus
2525 2900 2653 2956 socii
2679 2898 3010 2968 pra'sentiam
3033 2894 3253 2963 veritus,

1674 3012 1877 3072 omnes,
1908 3005 1998 3070 aut
2026 3005 2170 3050 certe
2200 3009 2334 3065 pene
2363 3007 2548 3048 omnes
2576 2990 2761 3045 eadem
2799 2988 2968 3044 teneri
2999 2998 3143 3058 peste
3179 2987 3258 3042 in.

1673 3089 1900 3142 dicabat.
1932 3087 2046 3140 Non
2073 3087 2211 3139 enim
2242 3094 2391 3141 erant
2417 3082 2470 3137 bi
2500 3098 2562 3138 ex
2593 3097 2694 3136 una
2721 3079 2899 3143 domo,
2928 3080 3020 3134 sed
3048 3077 3258 3134 diverse

1675 3195 1890 3250 prorsus
1916 3177 2232 3241 habitantes,
2261 3191 2323 3230 ex
2351 3189 2417 3230 eo
2448 3174 2565 3228 loco
2593 3173 2679 3228 11111
2706 3181 2996 3226 conventus
3018 3165 3253 3224 Omnium

1675 3268 1845 3324 factus
1894 3277 2036 3334 erat,
2076 3267 2274 3338 pariter
2312 3265 2446 3322 forte
2487 3263 2889 3320 descenderant.
2933 3261 3039 3316 Nos
3078 3255 3258 3334 01110111

1671 3361 1902 3432 graviter
1929 3359 2181 3432 commoti
2200 3400 2214 3420 ,
2235 3357 2464 3428 graviter
2491 3354 2650 3409 etiam
2677 3353 2847 3423 questi
2887 3349 3090 3406 sumus.
3129 3349 3261 3418 Quis

1677 3451 1888 3504 tandem
1907 3449 2010 3504 hoc
2035 3446 2407 3502 vindicandum
2431 3486 2447 3512 ,
2485 3459 2589 3499 non
2622 3442 2793 3498 dicam
2834 3437 3168 3512 separatione
3193 3439 3261 3496 ab

1674 3541 1899 3597 ecclesia
1923 3582 1939 3606 ,
1969 3540 2062 3594 sed
2093 3554 2192 3610 pro
2221 3534 2581 3607 magnitudine
2605 3533 2789 3605 ﬂagitii
2814 3529 3114 3588 vehementi
3149 3515 3260 3587 sal-

1677 3643 1781 3689 tem
1813 3609 2178 3701 objurgatione
2205 3630 2492 3683 arbitratus
2518 3609 2638 3683 est?

1746 3724 1834 3780 69.
1865 3724 1931 3778 Et
1951 3724 2065 3778 haec
2083 3730 2200 3777 erat
2219 3720 2392 3795 omnis
2412 3717 2683 3774 excusatio
2702 3711 3029 3788 impunitatis
3048 3709 3261 3771 illorum

1673 3818 1815 3890 quod
1853 3833 1920 3873 eo
1962 3825 2201 3886 tempore
2239 3828 2344 3884 quo
2380 3809 2748 3868 conventicula
2779 3801 2964 3865 eorum
3002 3803 3117 3890 lege
3156 3822 3260 3875 pu-

1674 3885 1812 3964 blica
1835 3885 2257 3977 prohiberentur,
2284 3918 2351 3958 ne
2370 3901 2495 3971 quid
2524 3899 2632 3956 laesi
2654 3891 2961 3969 proderent,
2987 3885 3257 3968 1001110110-

1675 4005 1781 4053 1111.
1815 3997 1913 4052 Ubi
1942 4005 2025 4051 est
2061 4007 2187 4063 ergo
2213 3979 2350 4062 quod
2373 4000 2684 4063 perpetuam
2713 3977 2808 4041 sibi
2835 3981 3254 4054 perSecutione'm

1675 4090 1727 4147 in
1757 4089 1860 4144 hoc
1885 4087 2084 4141 mundo
2113 4061 2341 4139 futuram
2372 4061 2679 4152 111-1011100111,
2705 4071 2876 4148 eoqoe
2897 4069 2956 4131 se
2983 4073 3258 4156 commen-

1674 4180 1905 4236 datiores
1940 4177 2123 4236 haberi
2163 4175 2376 4237 volunt,
2405 4171 2527 4226 hinc
2555 4159 2962 4238 interpretantes
2987 4153 3125 4236 quod
3170 4159 3258 4220 hic

1675 4273 1907 4328 mundus
1933 4267 2224 4327 eosioderit
2253 4265 2432 4336 (Joan.
2454 4278 2547 4328 xv,
2569 4251 2692 4333 '18);
2715 4249 2771 4315 et
2794 4251 3257 4331 propterea'penes

1673 4383 1734 4422 se
1758 4363 2094 4436 quaerendam
2122 4363 2399 4416 veritatem
2427 4345 2770 4419 affirmantes,
2787 4343 2918 4422 quia
2949 4341 2999 4404 in
3032 4345 3256 4436 promis-

1675 4419 1827 4516 sione
1854 4455 2083 4526 Spiritus
2116 4452 2285 4508 sancti
2323 4437 2568 4520 paracleti
2608 4419 3091 4526 111011101ῗο81]ᾳοοδ
3133 4437 3254 4496 011111

1675 4519 1912 4605 mundos
1929 4549 2031 4603 iste
2053 4545 2294 4616 accipere
2317 4519 2609 4614 nonpossit
2635 4519 2743 4606 (111.
2760 4526 2854 4589 1111
2875 4575 2889 4599 ,
2913 4533 3025 4605 17).
3059 4531 3133 4616 De
3152 4521 3257 4603 qua

1675 4658 1737 4698 re
1764 4655 1873 4696 non
1897 4613 2603 4694 18101001181118801011111081.
2631 4619 2741 4683 sed
2766 4627 2910 4682 certe
2934 4625 2976 4678 si
3005 4613 3255 4694 perpetua

1669 4728 2160 4803 vobispersecutio
2198 4729 2369 4805 futura
2408 4733 2522 4805 est,
2551 4715 2718 4794 usque
2760 4721 2815 4805 in
2854 4719 3032 4774 saeculi
3061 4697 3254 4800 ⁴11110111,

1676 4835 1930 4899 perpetua
1955 4824 2060 4882 erit
2077 4833 2134 4878 et
2157 4821 2274 4877 haec
2295 4803 2580 4876 dissolutio
2613 4803 2879 4896 tantaque
2916 4803 3257 4899 turpitudinis

1675 4894 1932 4998 impunita
1961 4916 2228 4987 contagio,
2255 4913 2382 4969 dum
2413 4912 2546 4968 tales
2571 4910 2766 4968 Ludere
2799 4894 3113 4962 formidatis.
3176 4978 3208 4998 Δ,

1747 4989 1835 5068 11).
1858 5011 1914 5067 111
1941 5007 2280 5066 011111111101118
2300 5018 2612 5075 responsum
2632 5011 2732 5078 est,
2751 5017 2872 5058 cum
2893 5001 2958 5056 ad
2982 4995 3124 5071 ipsos
3139 4989 3258 5071 "pri-

1676 5114 1844 5162 mates
1867 5103 2243 5162 detulissemus
2275 5091 2797 5173 conquestaml'nobis
2825 5109 2947 5150 esse
2979 5081 3255 5167 mulierem

1674 5197 1816 5270 quod
1843 5198 1896 5252 in
1926 5193 2188 5258 conclavi,
2217 5191 2306 5248 ubi
2333 5205 2454 5246 cum
2483 5187 2601 5244 aliis
2631 5181 2840 5245 feminis
2868 5192 3014 5248 erat,
3041 5175 3110 5270 de
3140 5179 3259 5270 illo-

1674 5266 1792 5346 rum
1822 5288 2026 5344 scilicet
2050 5284 2328 5342 sanctitate
2347 5295 2540 5338 secura
2557 5319 2574 5346 ,
2599 5271 2850 5348 ingressis
2883 5267 3064 5328 electis
3093 5266 3254 5341 pluri-

1672 5382 1795 5446 bus,
1811 5388 1866 5435 et
1883 5378 1951 5433 ah
1967 5391 2078 5432 uno
2097 5375 2310 5430 lucerna
2329 5371 2608 5434 exstincta,
2625 5368 2879 5422 incertum
2899 5361 3049 5431 cujus
3069 5376 3252 5416 eorum

1675 5473 1728 5528 in
1759 5468 1997 5526 tenebris
2024 5466 2256 5536 appetita
2282 5472 2422 5520 esset
2447 5460 2711 5529 amplexu,
2741 5466 2795 5510 et
2817 5463 2996 5509 coacta
3024 5447 3075 5504 in
3105 5451 3254 5520 ﬂagi-

1677 5566 1827 5632 tium,
1856 5563 1956 5618 nisi
1986 5560 2222 5616 subsidio
2245 5556 2492 5615 clamoris
2507 5553 2780 5610 evasisset.
2803 5549 2916 5603 Hoc
2942 5546 3095 5601 nobis
3120 5560 3255 5612 quo-

1673 5672 1778 5729 que
1797 5654 2131 5712 notissimum
2153 5649 2318 5714 nefas,
2341 5650 2409 5703 de
2427 5652 2620 5716 quanta
2640 5637 3020 5704 consuetudine
3044 5635 3253 5690 venisse

1724 5764 1799 5830 (11)
1817 5763 2028 5830 gonfess.
2052 5761 2145 5830 libL
2159 5761 2206 5821 4,
2226 5774 2330 5830 cap.
2356 5761 2401 5819 1;
2424 5764 2476 5807 et
2491 5764 2653 5816 supra,
2687 5751 2753 5801 de
2786 5750 2994 5803 1111111118
3028 5745 3252 5799 Ecclesia

1674 5823 1942 5886 Catholicae,
1961 5838 2067 5889 cap.
2092 5824 2166 5883 18,
2189 5837 2236 5871 11.
2259 5823 2334 5870 51.
