  <div class='ocr_page' id='page_1' title='image "/cluster/home/n/w/nwhite01/storage/ocr_20150623/32/uva.x000669813/697.png"; bbox 0 0 3888 6416; ppageno 0'>
   <div class='ocr_carea' id='block_1_1' title="bbox 616 460 757 521">
    <p class='ocr_par' dir='ltr' id='par_1_1' title="bbox 616 460 757 521">
     <span class='ocr_line' id='line_1_1' title="bbox 616 460 757 521; baseline -0.028 0"><span class='ocrx_word' id='word_1_1' title='bbox 616 460 757 521; x_wconf 70' lang='grc'><strong>1575</strong></span> 
     </span>
    </p>
   </div>
   <div class='ocr_carea' id='block_1_2' title="bbox 604 559 2200 631">
    <p class='ocr_par' dir='ltr' id='par_1_2' title="bbox 604 559 2200 631">
     <span class='ocr_line' id='line_1_2' title="bbox 604 559 2200 631; baseline -0.009 -2"><span class='ocrx_word' id='word_1_2' title='bbox 604 567 967 629; x_wconf 77' lang='lat' dir='ltr'><strong>arbitrandnm</strong></span> <span class='ocrx_word' id='word_1_3' title='bbox 989 566 1108 623; x_wconf 80' lang='lat' dir='ltr'><strong>est?</strong></span> <span class='ocrx_word' id='word_1_4' title='bbox 1128 566 1195 623; x_wconf 83' lang='lat' dir='ltr'><strong>Et</strong></span> <span class='ocrx_word' id='word_1_5' title='bbox 1214 565 1316 621; x_wconf 90' lang='lat' dir='ltr'><strong>hoc</strong></span> <span class='ocrx_word' id='word_1_6' title='bbox 1343 565 1537 621; x_wconf 88' lang='lat' dir='ltr'><strong>factum</strong></span> <span class='ocrx_word' id='word_1_7' title='bbox 1563 571 1644 620; x_wconf 92' lang='lat' dir='ltr'><strong>est</strong></span> <span class='ocrx_word' id='word_1_8' title='bbox 1663 579 1725 618; x_wconf 88' lang='lat' dir='ltr'><strong>ea</strong></span> <span class='ocrx_word' id='word_1_9' title='bbox 1752 573 1909 617; x_wconf 90' lang='lat' dir='ltr'><strong>nocte</strong></span> <span class='ocrx_word' id='word_1_10' title='bbox 1932 576 2033 631; x_wconf 90' lang='lat' dir='ltr'><strong>qua</strong></span> <span class='ocrx_word' id='word_1_11' title='bbox 2053 559 2200 615; x_wconf 65' lang='lat' dir='ltr'><strong>festae</strong></span> 
     </span>
    </p>
   </div>
   <div class='ocr_carea' id='block_1_3' title="bbox 604 650 2203 735">
    <p class='ocr_par' dir='ltr' id='par_1_3' title="bbox 604 650 2203 735">
     <span class='ocr_line' id='line_1_3' title="bbox 604 650 2203 735; baseline -0.008 -17"><span class='ocrx_word' id='word_1_12' title='bbox 604 662 745 735; x_wconf 89' lang='lat' dir='ltr'><strong>apud</strong></span> <span class='ocrx_word' id='word_1_13' title='bbox 766 676 860 718; x_wconf 91' lang='lat' dir='ltr'><strong>vos</strong></span> <span class='ocrx_word' id='word_1_14' title='bbox 881 660 1070 733; x_wconf 68' lang='lat' dir='ltr'><strong>vigilia:</strong></span> <span class='ocrx_word' id='word_1_15' title='bbox 1088 658 1443 715; x_wconf 76' lang='lat' dir='ltr'><strong>celebrantur.</strong></span> <span class='ocrx_word' id='word_1_16' title='bbox 1468 655 1574 711; x_wconf 77' lang='lat' dir='ltr'><strong>Sed</strong></span> <span class='ocrx_word' id='word_1_17' title='bbox 1599 669 1783 710; x_wconf 82' lang='lat' dir='ltr'><strong>revera</strong></span> <span class='ocrx_word' id='word_1_18' title='bbox 1798 653 2004 709; x_wconf 89' lang='lat' dir='ltr'><strong>etiamsi</strong></span> <span class='ocrx_word' id='word_1_19' title='bbox 2029 650 2203 706; x_wconf 89' lang='lat' dir='ltr'><strong>nullus</strong></span> 
     </span>
    </p>
   </div>
   <div class='ocr_carea' id='block_1_4' title="bbox 603 740 2201 825">
    <p class='ocr_par' dir='ltr' id='par_1_4' title="bbox 603 740 2201 825">
     <span class='ocr_line' id='line_1_4' title="bbox 603 740 2201 825; baseline -0.011 -14"><span class='ocrx_word' id='word_1_20' title='bbox 603 763 747 811; x_wconf 92' lang='lat' dir='ltr'><strong>esset</strong></span> <span class='ocrx_word' id='word_1_21' title='bbox 779 750 1093 825; x_wconf 75' lang='lat' dir='ltr'><strong>proditionis</strong></span> <span class='ocrx_word' id='word_1_22' title='bbox 1132 758 1339 816; x_wconf 91' lang='lat' dir='ltr'><strong>metus,</strong></span> <span class='ocrx_word' id='word_1_23' title='bbox 1366 747 1486 820; x_wconf 85' lang='lat' dir='ltr'><strong>quis</strong></span> <span class='ocrx_word' id='word_1_24' title='bbox 1526 755 1708 818; x_wconf 92' lang='lat' dir='ltr'><strong>posset</strong></span> <span class='ocrx_word' id='word_1_25' title='bbox 1733 741 2091 800; x_wconf 88' lang='lat' dir='ltr'><strong>damnandum</strong></span> <span class='ocrx_word' id='word_1_26' title='bbox 2117 740 2201 795; x_wconf 83' lang='lat' dir='ltr'><strong>of-</strong></span> 
     </span>
    </p>
   </div>
   <div class='ocr_carea' id='block_1_5' title="bbox 605 833 2203 915">
    <p class='ocr_par' dir='ltr' id='par_1_5' title="bbox 605 833 2203 915">
     <span class='ocr_line' id='line_1_5' title="bbox 605 833 2203 915; baseline -0.008 -14"><span class='ocrx_word' id='word_1_27' title='bbox 605 846 746 902; x_wconf 87' lang='lat' dir='ltr'><strong>ferre</strong></span> <span class='ocrx_word' id='word_1_28' title='bbox 771 844 1050 915; x_wconf 82' lang='lat' dir='ltr'><strong>episcopo,</strong></span> <span class='ocrx_word' id='word_1_29' title='bbox 1078 841 1165 912; x_wconf 89' lang='lat' dir='ltr'><strong>qui</strong></span> <span class='ocrx_word' id='word_1_30' title='bbox 1206 841 1285 897; x_wconf 86' lang='lat' dir='ltr'><strong>sic</strong></span> <span class='ocrx_word' id='word_1_31' title='bbox 1313 849 1639 911; x_wconf 69' lang='lat' dir='ltr'><strong>pmcaverat</strong></span> <span class='ocrx_word' id='word_1_32' title='bbox 1680 852 1748 893; x_wconf 92' lang='lat' dir='ltr'><strong>ne</strong></span> <span class='ocrx_word' id='word_1_33' title='bbox 1784 833 2203 909; x_wconf 82' lang='lat' dir='ltr'><strong>agnosceretur?</strong></span> 
     </span>
    </p>
   </div>
   <div class='ocr_carea' id='block_1_6' title="bbox 605 929 2204 1007">
    <p class='ocr_par' dir='ltr' id='par_1_6' title="bbox 605 929 2204 1007">
     <span class='ocr_line' id='line_1_6' title="bbox 605 929 2204 1007; baseline -0.005 -16"><span class='ocrx_word' id='word_1_34' title='bbox 605 938 766 1007; x_wconf 81' lang='lat' dir='ltr'><strong>Quasi</strong></span> <span class='ocrx_word' id='word_1_35' title='bbox 810 951 937 992; x_wconf 91' lang='lat' dir='ltr'><strong>vero</strong></span> <span class='ocrx_word' id='word_1_36' title='bbox 975 952 1080 990; x_wconf 86' lang='lat' dir='ltr'><strong>non</strong></span> <span class='ocrx_word' id='word_1_37' title='bbox 1119 950 1306 990; x_wconf 89' lang='lat' dir='ltr'><strong>omnes</strong></span> <span class='ocrx_word' id='word_1_38' title='bbox 1334 932 1473 988; x_wconf 90' lang='lat' dir='ltr'><strong>idem</strong></span> <span class='ocrx_word' id='word_1_39' title='bbox 1507 932 1707 987; x_wconf 88' lang='lat' dir='ltr'><strong>crimen</strong></span> <span class='ocrx_word' id='word_1_40' title='bbox 1756 929 2018 984; x_wconf 90' lang='lat' dir='ltr'><strong>involutos</strong></span> <span class='ocrx_word' id='word_1_41' title='bbox 2054 936 2204 983; x_wconf 81' lang='lat' dir='ltr'><strong>tene-</strong></span> 
     </span>
    </p>
   </div>
   <div class='ocr_carea' id='block_1_7' title="bbox 607 1021 2202 1098">
    <p class='ocr_par' dir='ltr' id='par_1_7' title="bbox 607 1021 2202 1098">
     <span class='ocr_line' id='line_1_7' title="bbox 607 1021 2202 1098; baseline -0.006 -14"><span class='ocrx_word' id='word_1_42' title='bbox 607 1029 819 1098; x_wconf 84' lang='lat' dir='ltr'><strong>bat,qui</strong></span> <span class='ocrx_word' id='word_1_43' title='bbox 842 1027 1001 1083; x_wconf 88' lang='lat' dir='ltr'><strong>simul</strong></span> <span class='ocrx_word' id='word_1_44' title='bbox 1027 1026 1248 1094; x_wconf 83' lang='lat' dir='ltr'><strong>ingressi</strong></span> <span class='ocrx_word' id='word_1_45' title='bbox 1278 1034 1449 1080; x_wconf 75' lang='lat' dir='ltr'><strong>erant.</strong></span> <span class='ocrx_word' id='word_1_46' title='bbox 1480 1022 1613 1079; x_wconf 88' lang='lat' dir='ltr'><strong>Nam</strong></span> <span class='ocrx_word' id='word_1_47' title='bbox 1635 1024 1881 1078; x_wconf 89' lang='lat' dir='ltr'><strong>omnibus</strong></span> <span class='ocrx_word' id='word_1_48' title='bbox 1903 1021 2202 1094; x_wconf 83' lang='lat' dir='ltr'><strong>petulanter</strong></span> 
     </span>
    </p>
   </div>
   <div class='ocr_carea' id='block_1_8' title="bbox 602 1118 1760 1195">
    <p class='ocr_par' dir='ltr' id='par_1_8' title="bbox 602 1118 1760 1195">
     <span class='ocr_line' id='line_1_8' title="bbox 602 1118 1760 1195; baseline -0.007 -18"><span class='ocrx_word' id='word_1_49' title='bbox 602 1124 901 1195; x_wconf 73' lang='lat' dir='ltr'><strong>jocnntibus</strong></span> <span class='ocrx_word' id='word_1_50' title='bbox 928 1123 1141 1177; x_wconf 80' lang='lat' dir='ltr'><strong>lucerna</strong></span> <span class='ocrx_word' id='word_1_51' title='bbox 1169 1120 1429 1175; x_wconf 84' lang='lat' dir='ltr'><strong>exstincta</strong></span> <span class='ocrx_word' id='word_1_52' title='bbox 1473 1118 1760 1188; x_wconf 80' lang='lat' dir='ltr'><strong>placuerat.</strong></span> 
     </span>
    </p>
   </div>
   <div class='ocr_carea' id='block_1_9' title="bbox 677 1207 2197 1285">
    <p class='ocr_par' dir='ltr' id='par_1_9' title="bbox 677 1207 2197 1285">
     <span class='ocr_line' id='line_1_9' title="bbox 677 1207 2197 1285; baseline -0.007 -14"><span class='ocrx_word' id='word_1_53' title='bbox 677 1218 764 1272; x_wconf 81' lang='grc' dir='ltr'><strong>Ἠ.</strong></span> <span class='ocrx_word' id='word_1_54' title='bbox 788 1213 1188 1285; x_wconf 88' lang='lat' dir='ltr'><strong>Snspicionibus</strong></span> <span class='ocrx_word' id='word_1_55' title='bbox 1214 1227 1339 1268; x_wconf 90' lang='lat' dir='ltr'><strong>vero</strong></span> <span class='ocrx_word' id='word_1_56' title='bbox 1366 1211 1542 1281; x_wconf 75' lang='lat' dir='ltr'><strong>janua:</strong></span> <span class='ocrx_word' id='word_1_57' title='bbox 1568 1219 1778 1280; x_wconf 70' lang='lat' dir='ltr'><strong>quanta:</strong></span> <span class='ocrx_word' id='word_1_58' title='bbox 1803 1207 2197 1277; x_wconf 89' lang='lat' dir='ltr'><strong>aperiebantur,</strong></span> 
     </span>
    </p>
   </div>
   <div class='ocr_carea' id='block_1_10' title="bbox 606 1304 2199 1371">
    <p class='ocr_par' dir='ltr' id='par_1_10' title="bbox 606 1304 2199 1371">
     <span class='ocr_line' id='line_1_10' title="bbox 606 1304 2199 1371; baseline -0.008 -6"><span class='ocrx_word' id='word_1_59' title='bbox 606 1326 727 1365; x_wconf 89' lang='lat' dir='ltr'><strong>cum</strong></span> <span class='ocrx_word' id='word_1_60' title='bbox 748 1324 841 1364; x_wconf 90' lang='lat' dir='ltr'><strong>eos</strong></span> <span class='ocrx_word' id='word_1_61' title='bbox 868 1308 1073 1363; x_wconf 56' lang='lat' dir='ltr'><strong>invidos</strong></span> <span class='ocrx_word' id='word_1_62' title='bbox 1100 1304 1521 1369; x_wconf 78' lang='lat' dir='ltr'><strong>inveniebamus,</strong></span> <span class='ocrx_word' id='word_1_63' title='bbox 1546 1317 1666 1358; x_wconf 90' lang='lat' dir='ltr'><strong>cum</strong></span> <span class='ocrx_word' id='word_1_64' title='bbox 1690 1317 1900 1363; x_wconf 88' lang='lat' dir='ltr'><strong>avaros.</strong></span> <span class='ocrx_word' id='word_1_65' title='bbox 1924 1316 2044 1355; x_wconf 92' lang='lat' dir='ltr'><strong>cum</strong></span> <span class='ocrx_word' id='word_1_66' title='bbox 2067 1315 2199 1371; x_wconf 88' lang='lat' dir='ltr'><strong>cpu-</strong></span> 
     </span>
    </p>
   </div>
   <div class='ocr_carea' id='block_1_11' title="bbox 606 1392 2201 1469">
    <p class='ocr_par' dir='ltr' id='par_1_11' title="bbox 606 1392 2201 1469">
     <span class='ocr_line' id='line_1_11' title="bbox 606 1392 2201 1469; baseline -0.004 -14"><span class='ocrx_word' id='word_1_67' title='bbox 606 1401 773 1455; x_wconf 87' lang='lat' dir='ltr'><strong>larum</strong></span> <span class='ocrx_word' id='word_1_68' title='bbox 816 1399 1194 1469; x_wconf 88' lang='lat' dir='ltr'><strong>exquisitarmn</strong></span> <span class='ocrx_word' id='word_1_69' title='bbox 1234 1395 1603 1460; x_wconf 85' lang='lat' dir='ltr'><strong>avidissimos,</strong></span> <span class='ocrx_word' id='word_1_70' title='bbox 1636 1409 1756 1448; x_wconf 93' lang='lat' dir='ltr'><strong>cum</strong></span> <span class='ocrx_word' id='word_1_71' title='bbox 1797 1394 1846 1448; x_wconf 91' lang='lat' dir='ltr'><strong>in</strong></span> <span class='ocrx_word' id='word_1_72' title='bbox 1878 1393 2065 1462; x_wconf 83' lang='lat' dir='ltr'><strong>jnrgiis</strong></span> <span class='ocrx_word' id='word_1_73' title='bbox 2096 1392 2201 1448; x_wconf 89' lang='lat' dir='ltr'><strong>fre-</strong></span> 
     </span>
    </p>
   </div>
   <div class='ocr_carea' id='block_1_12' title="bbox 516 1486 2201 1564">
    <p class='ocr_par' dir='ltr' id='par_1_12' title="bbox 516 1486 2201 1564">
     <span class='ocr_line' id='line_1_12' title="bbox 516 1486 2201 1564; baseline -0.005 -15"><span class='ocrx_word' id='word_1_74' title='bbox 516 1488 527 1495; x_wconf 81' lang='grc'><em>’</em></span> <span class='ocrx_word' id='word_1_75' title='bbox 603 1493 1015 1564; x_wconf 81' lang='lat' dir='ltr'><strong>quentissimos,</strong></span> <span class='ocrx_word' id='word_1_76' title='bbox 1059 1505 1181 1543; x_wconf 91' lang='lat' dir='ltr'><strong>cum</strong></span> <span class='ocrx_word' id='word_1_77' title='bbox 1223 1488 1291 1542; x_wconf 90' lang='lat' dir='ltr'><strong>de</strong></span> <span class='ocrx_word' id='word_1_78' title='bbox 1338 1488 1499 1543; x_wconf 88' lang='lat' dir='ltr'><strong>rebus</strong></span> <span class='ocrx_word' id='word_1_79' title='bbox 1540 1488 1743 1557; x_wconf 81' lang='lat' dir='ltr'><strong>exiguis</strong></span> <span class='ocrx_word' id='word_1_80' title='bbox 1790 1486 2201 1541; x_wconf 86' lang='lat' dir='ltr'><strong>mobilissimos?</strong></span> 
     </span>
    </p>
   </div>
   <div class='ocr_carea' id='block_1_13' title="bbox 610 1578 2201 1655">
    <p class='ocr_par' dir='ltr' id='par_1_13' title="bbox 610 1578 2201 1655">
     <span class='ocr_line' id='line_1_13' title="bbox 610 1578 2201 1655; baseline -0.006 -13"><span class='ocrx_word' id='word_1_81' title='bbox 610 1585 726 1643; x_wconf 81' lang='lat' dir='ltr'><strong>Non</strong></span> <span class='ocrx_word' id='word_1_82' title='bbox 751 1585 931 1655; x_wconf 90' lang='lat' dir='ltr'><strong>utique</strong></span> <span class='ocrx_word' id='word_1_83' title='bbox 951 1581 1443 1636; x_wconf 87' lang='lat' dir='ltr'><strong>arbitrabamureos</strong></span> <span class='ocrx_word' id='word_1_84' title='bbox 1463 1587 1758 1648; x_wconf 86' lang='lat' dir='ltr'><strong>temperare</strong></span> <span class='ocrx_word' id='word_1_85' title='bbox 1779 1594 1953 1648; x_wconf 83' lang='lat' dir='ltr'><strong>posse,</strong></span> <span class='ocrx_word' id='word_1_86' title='bbox 1967 1594 1995 1632; x_wconf 91' lang='lat' dir='ltr'><strong>a</strong></span> <span class='ocrx_word' id='word_1_87' title='bbox 2009 1578 2201 1647; x_wconf 90' lang='lat' dir='ltr'><strong>quibus</strong></span> 
     </span>
    </p>
   </div>
   <div class='ocr_carea' id='block_1_14' title="bbox 612 1670 2201 1745">
    <p class='ocr_par' dir='ltr' id='par_1_14' title="bbox 612 1670 2201 1745">
     <span class='ocr_line' id='line_1_14' title="bbox 612 1670 2201 1745; baseline -0.005 -12"><span class='ocrx_word' id='word_1_88' title='bbox 612 1692 675 1735; x_wconf 86' lang='lat' dir='ltr'><strong>se</strong></span> <span class='ocrx_word' id='word_1_89' title='bbox 714 1686 1010 1745; x_wconf 88' lang='lat' dir='ltr'><strong>temperare</strong></span> <span class='ocrx_word' id='word_1_90' title='bbox 1038 1673 1451 1741; x_wconf 85' lang='lat' dir='ltr'><strong>profitebantur,</strong></span> <span class='ocrx_word' id='word_1_91' title='bbox 1482 1670 1694 1742; x_wconf 90' lang='lat' dir='ltr'><strong>quando</strong></span> <span class='ocrx_word' id='word_1_92' title='bbox 1723 1670 1941 1725; x_wconf 88' lang='lat' dir='ltr'><strong>latibula</strong></span> <span class='ocrx_word' id='word_1_93' title='bbox 1971 1681 2024 1724; x_wconf 81' lang='lat' dir='ltr'><strong>et</strong></span> <span class='ocrx_word' id='word_1_94' title='bbox 2053 1678 2201 1725; x_wconf 89' lang='lat' dir='ltr'><strong>tene-</strong></span> 
     </span>
    </p>
   </div>
   <div class='ocr_carea' id='block_1_15' title="bbox 603 1761 2200 1833">
    <p class='ocr_par' dir='ltr' id='par_1_15' title="bbox 603 1761 2200 1833">
     <span class='ocr_line' id='line_1_15' title="bbox 603 1761 2200 1833; baseline -0.006 -9"><span class='ocrx_word' id='word_1_95' title='bbox 603 1768 729 1824; x_wconf 85' lang='lat' dir='ltr'><strong>bras</strong></span> <span class='ocrx_word' id='word_1_96' title='bbox 748 1767 1062 1822; x_wconf 80' lang='lat' dir='ltr'><strong>invenirent.</strong></span> <span class='ocrx_word' id='word_1_97' title='bbox 1091 1764 1202 1817; x_wconf 92' lang='lat' dir='ltr'><strong>Duo</strong></span> <span class='ocrx_word' id='word_1_98' title='bbox 1223 1762 1433 1833; x_wconf 87' lang='lat' dir='ltr'><strong>quidam</strong></span> <span class='ocrx_word' id='word_1_99' title='bbox 1467 1770 1619 1817; x_wconf 76' lang='lat' dir='ltr'><strong>erant</strong></span> <span class='ocrx_word' id='word_1_100' title='bbox 1639 1761 2047 1817; x_wconf 82' lang='lat' dir='ltr'><strong>existimationis</strong></span> <span class='ocrx_word' id='word_1_101' title='bbox 2069 1762 2200 1815; x_wconf 89' lang='lat' dir='ltr'><strong>satis</strong></span> 
     </span>
    </p>
   </div>
   <div class='ocr_carea' id='block_1_16' title="bbox 604 1842 2199 1924">
    <p class='ocr_par' dir='ltr' id='par_1_16' title="bbox 604 1842 2199 1924">
     <span class='ocr_line' id='line_1_16' title="bbox 604 1842 2199 1924; baseline -0.006 -9"><span class='ocrx_word' id='word_1_102' title='bbox 604 1857 780 1920; x_wconf 67' lang='lat' dir='ltr'><strong>bonae,</strong></span> <span class='ocrx_word' id='word_1_103' title='bbox 804 1856 937 1911; x_wconf 90' lang='lat' dir='ltr'><strong>facili</strong></span> <span class='ocrx_word' id='word_1_104' title='bbox 969 1842 1198 1924; x_wconf 77' lang='lat' dir='ltr'><strong>ingenio,</strong></span> <span class='ocrx_word' id='word_1_105' title='bbox 1224 1862 1382 1922; x_wconf 90' lang='lat' dir='ltr'><strong>atque</strong></span> <span class='ocrx_word' id='word_1_106' title='bbox 1409 1853 1460 1907; x_wconf 92' lang='lat' dir='ltr'><strong>in</strong></span> <span class='ocrx_word' id='word_1_107' title='bbox 1488 1852 1592 1907; x_wconf 91' lang='lat' dir='ltr'><strong>illis</strong></span> <span class='ocrx_word' id='word_1_108' title='bbox 1619 1852 1728 1906; x_wconf 88' lang='lat' dir='ltr'><strong>suis</strong></span> <span class='ocrx_word' id='word_1_109' title='bbox 1754 1852 2199 1920; x_wconf 64' lang='lat' dir='ltr'><strong>disputationibus</strong></span> 
     </span>
    </p>
   </div>
   <div class='ocr_carea' id='block_1_17' title="bbox 604 1942 2200 2027">
    <p class='ocr_par' dir='ltr' id='par_1_17' title="bbox 604 1942 2200 2027">
     <span class='ocr_line' id='line_1_17' title="bbox 604 1942 2200 2027; baseline -0.003 -24"><span class='ocrx_word' id='word_1_110' title='bbox 604 1949 873 2021; x_wconf 86' lang='lat' dir='ltr'><strong>principes</strong></span> <span class='ocrx_word' id='word_1_111' title='bbox 896 1988 910 2009; x_wconf 84' lang='lat'><strong>,</strong></span> <span class='ocrx_word' id='word_1_112' title='bbox 944 1946 1095 2000; x_wconf 91' lang='lat' dir='ltr'><strong>nobis</strong></span> <span class='ocrx_word' id='word_1_113' title='bbox 1124 1946 1350 2027; x_wconf 82' lang='lat' dir='ltr'><strong>amplius</strong></span> <span class='ocrx_word' id='word_1_114' title='bbox 1377 1959 1532 2013; x_wconf 89' lang='lat' dir='ltr'><strong>quam</strong></span> <span class='ocrx_word' id='word_1_115' title='bbox 1563 1944 1740 1999; x_wconf 68' lang='lat' dir='ltr'><strong>caueri</strong></span> <span class='ocrx_word' id='word_1_116' title='bbox 1788 1942 2200 2012; x_wconf 81' lang='lat' dir='ltr'><strong>familiariusque</strong></span> 
     </span>
    </p>
   </div>
   <div class='ocr_carea' id='block_1_18' title="bbox 603 2034 2175 2110">
    <p class='ocr_par' dir='ltr' id='par_1_18' title="bbox 603 2034 2175 2110">
     <span class='ocr_line' id='line_1_18' title="bbox 603 2034 2175 2110; baseline -0.006 -13"><span class='ocrx_word' id='word_1_117' title='bbox 603 2039 889 2110; x_wconf 89' lang='lat' dir='ltr'><strong>conjuncti.</strong></span> <span class='ocrx_word' id='word_1_118' title='bbox 922 2037 1153 2105; x_wconf 90' lang='lat' dir='ltr'><strong>Quorum</strong></span> <span class='ocrx_word' id='word_1_119' title='bbox 1179 2050 1315 2088; x_wconf 84' lang='lat' dir='ltr'><strong>unus</strong></span> <span class='ocrx_word' id='word_1_120' title='bbox 1336 2034 1426 2103; x_wconf 90' lang='lat' dir='ltr'><strong>qui</strong></span> <span class='ocrx_word' id='word_1_121' title='bbox 1454 2043 1670 2105; x_wconf 77' lang='lat' dir='ltr'><strong>propter</strong></span> <span class='ocrx_word' id='word_1_122' title='bbox 1696 2034 1863 2087; x_wconf 87' lang='lat' dir='ltr'><strong>studia</strong></span> <span class='ocrx_word' id='word_1_123' title='bbox 1888 2034 2046 2087; x_wconf 88' lang='lat' dir='ltr'><strong>etiam</strong></span> <span class='ocrx_word' id='word_1_124' title='bbox 2070 2034 2175 2087; x_wconf 77' lang='lat' dir='ltr'><strong>libe</strong></span> 
     </span>
    </p>
   </div>
   <div class='ocr_carea' id='block_1_19' title="bbox 603 2124 2200 2193">
    <p class='ocr_par' dir='ltr' id='par_1_19' title="bbox 603 2124 2200 2193">
     <span class='ocr_line' id='line_1_19' title="bbox 603 2124 2200 2193; baseline -0.006 -7"><span class='ocrx_word' id='word_1_125' title='bbox 603 2130 732 2186; x_wconf 86' lang='lat' dir='ltr'><strong>ralia</strong></span> <span class='ocrx_word' id='word_1_126' title='bbox 760 2129 910 2182; x_wconf 89' lang='lat' dir='ltr'><strong>nobis</strong></span> <span class='ocrx_word' id='word_1_127' title='bbox 932 2129 1129 2181; x_wconf 84' lang='lat' dir='ltr'><strong>arctius</strong></span> <span class='ocrx_word' id='word_1_128' title='bbox 1159 2125 1491 2185; x_wconf 63' lang='lat' dir='ltr'><strong>adhaerebat,</strong></span> <span class='ocrx_word' id='word_1_129' title='bbox 1521 2125 1605 2178; x_wconf 90' lang='lat' dir='ltr'><strong>hic</strong></span> <span class='ocrx_word' id='word_1_130' title='bbox 1644 2139 1785 2179; x_wconf 91' lang='lat' dir='ltr'><strong>nunc</strong></span> <span class='ocrx_word' id='word_1_131' title='bbox 1833 2124 1901 2177; x_wconf 85' lang='lat' dir='ltr'><strong>ibi</strong></span> <span class='ocrx_word' id='word_1_132' title='bbox 1938 2139 2057 2178; x_wconf 84' lang='lat' dir='ltr'><strong>esse</strong></span> <span class='ocrx_word' id='word_1_133' title='bbox 2082 2139 2200 2193; x_wconf 75' lang='lat' dir='ltr'><strong>pre~</strong></span> 
     </span>
    </p>
   </div>
   <div class='ocr_carea' id='block_1_20' title="bbox 602 2214 2197 2290">
    <p class='ocr_par' dir='ltr' id='par_1_20' title="bbox 602 2214 2197 2290">
     <span class='ocr_line' id='line_1_20' title="bbox 602 2214 2197 2290; baseline -0.005 -16"><span class='ocrx_word' id='word_1_134' title='bbox 602 2220 787 2290; x_wconf 82' lang='lat' dir='ltr'><strong>sbyter</strong></span> <span class='ocrx_word' id='word_1_135' title='bbox 805 2217 1015 2272; x_wconf 88' lang='lat' dir='ltr'><strong>dicitur.</strong></span> <span class='ocrx_word' id='word_1_136' title='bbox 1039 2216 1101 2270; x_wconf 83' lang='lat' dir='ltr'><strong>lli</strong></span> <span class='ocrx_word' id='word_1_137' title='bbox 1128 2216 1225 2270; x_wconf 85' lang='lat' dir='ltr'><strong>sibi</strong></span> <span class='ocrx_word' id='word_1_138' title='bbox 1249 2216 1478 2282; x_wconf 71' lang='lat' dir='ltr'><strong>graviter</strong></span> <span class='ocrx_word' id='word_1_139' title='bbox 1498 2214 1822 2279; x_wconf 78' lang='lat' dir='ltr'><strong>invidebant,</strong></span> <span class='ocrx_word' id='word_1_140' title='bbox 1846 2224 1899 2267; x_wconf 86' lang='lat' dir='ltr'><strong>ct</strong></span> <span class='ocrx_word' id='word_1_141' title='bbox 1921 2214 2197 2284; x_wconf 79' lang='lat' dir='ltr'><strong>objiciebat</strong></span> 
     </span>
    </p>
   </div>
   <div class='ocr_carea' id='block_1_21' title="bbox 601 2304 2199 2373">
    <p class='ocr_par' dir='ltr' id='par_1_21' title="bbox 601 2304 2199 2373">
     <span class='ocr_line' id='line_1_21' title="bbox 601 2304 2199 2373; baseline -0.003 -8"><span class='ocrx_word' id='word_1_142' title='bbox 601 2312 736 2365; x_wconf 84' lang='lat' dir='ltr'><strong>alter</strong></span> <span class='ocrx_word' id='word_1_143' title='bbox 763 2309 936 2373; x_wconf 89' lang='lat' dir='ltr'><strong>alteri,</strong></span> <span class='ocrx_word' id='word_1_144' title='bbox 974 2324 1078 2361; x_wconf 86' lang='lat' dir='ltr'><strong>non</strong></span> <span class='ocrx_word' id='word_1_145' title='bbox 1109 2307 1447 2361; x_wconf 86' lang='lat' dir='ltr'><strong>accusatione</strong></span> <span class='ocrx_word' id='word_1_146' title='bbox 1487 2304 1799 2369; x_wconf 88' lang='lat' dir='ltr'><strong>manifesta,</strong></span> <span class='ocrx_word' id='word_1_147' title='bbox 1830 2304 1922 2359; x_wconf 90' lang='lat' dir='ltr'><strong>sed</strong></span> <span class='ocrx_word' id='word_1_148' title='bbox 1954 2320 2199 2360; x_wconf 81' lang='lat' dir='ltr'><strong>sermone</strong></span> 
     </span>
    </p>
   </div>
   <div class='ocr_carea' id='block_1_22' title="bbox 600 2397 2197 2473">
    <p class='ocr_par' dir='ltr' id='par_1_22' title="bbox 600 2397 2197 2473">
     <span class='ocr_line' id='line_1_22' title="bbox 600 2397 2197 2473; baseline -0.003 -16"><span class='ocrx_word' id='word_1_149' title='bbox 600 2402 739 2473; x_wconf 88' lang='lat' dir='ltr'><strong>apud</strong></span> <span class='ocrx_word' id='word_1_150' title='bbox 769 2415 903 2471; x_wconf 87' lang='lat' dir='ltr'><strong>quos</strong></span> <span class='ocrx_word' id='word_1_151' title='bbox 930 2408 1139 2470; x_wconf 90' lang='lat' dir='ltr'><strong>poterat</strong></span> <span class='ocrx_word' id='word_1_152' title='bbox 1166 2407 1221 2454; x_wconf 93' lang='lat' dir='ltr'><strong>ct</strong></span> <span class='ocrx_word' id='word_1_153' title='bbox 1249 2398 1483 2453; x_wconf 89' lang='lat' dir='ltr'><strong>susurris</strong></span> <span class='ocrx_word' id='word_1_154' title='bbox 1503 2439 1517 2462; x_wconf 93' lang='lat'><strong>,</strong></span> <span class='ocrx_word' id='word_1_155' title='bbox 1551 2398 1617 2452; x_wconf 90' lang='lat' dir='ltr'><strong>ab</strong></span> <span class='ocrx_word' id='word_1_156' title='bbox 1643 2413 1707 2452; x_wconf 89' lang='lat' dir='ltr'><strong>eo</strong></span> <span class='ocrx_word' id='word_1_157' title='bbox 1732 2397 1993 2451; x_wconf 81' lang='lat' dir='ltr'><strong>violenter</strong></span> <span class='ocrx_word' id='word_1_158' title='bbox 2025 2409 2197 2452; x_wconf 85' lang='lat' dir='ltr'><strong>atten-</strong></span> 
     </span>
    </p>
   </div>
   <div class='ocr_carea' id='block_1_23' title="bbox 606 2487 2200 2562">
    <p class='ocr_par' dir='ltr' id='par_1_23' title="bbox 606 2487 2200 2562">
     <span class='ocr_line' id='line_1_23' title="bbox 606 2487 2200 2562; baseline -0.003 -15"><span class='ocrx_word' id='word_1_159' title='bbox 606 2502 769 2549; x_wconf 88' lang='lat' dir='ltr'><strong>tatam</strong></span> <span class='ocrx_word' id='word_1_160' title='bbox 795 2493 1070 2562; x_wconf 83' lang='lat' dir='ltr'><strong>cujusdam</strong></span> <span class='ocrx_word' id='word_1_161' title='bbox 1100 2489 1356 2543; x_wconf 86' lang='lat' dir='ltr'><strong>auditoris</strong></span> <span class='ocrx_word' id='word_1_162' title='bbox 1383 2504 1623 2542; x_wconf 89' lang='lat' dir='ltr'><strong>uxorem.</strong></span> <span class='ocrx_word' id='word_1_163' title='bbox 1666 2487 1759 2542; x_wconf 87' lang='lat' dir='ltr'><strong>llle</strong></span> <span class='ocrx_word' id='word_1_164' title='bbox 1786 2498 1961 2542; x_wconf 86' lang='lat' dir='ltr'><strong>autem</strong></span> <span class='ocrx_word' id='word_1_165' title='bbox 1992 2503 2051 2543; x_wconf 89' lang='lat' dir='ltr'><strong>se</strong></span> <span class='ocrx_word' id='word_1_166' title='bbox 2076 2504 2200 2557; x_wconf 81' lang='lat' dir='ltr'><strong>pur-</strong></span> 
     </span>
    </p>
   </div>
   <div class='ocr_carea' id='block_1_24' title="bbox 600 2578 2195 2659">
    <p class='ocr_par' dir='ltr' id='par_1_24' title="bbox 600 2578 2195 2659">
     <span class='ocr_line' id='line_1_24' title="bbox 600 2578 2195 2659; baseline -0.004 -18"><span class='ocrx_word' id='word_1_167' title='bbox 600 2602 758 2659; x_wconf 90' lang='lat' dir='ltr'><strong>gans,</strong></span> <span class='ocrx_word' id='word_1_168' title='bbox 777 2586 985 2640; x_wconf 77' lang='lat' dir='ltr'><strong>interim</strong></span> <span class='ocrx_word' id='word_1_169' title='bbox 1012 2581 1150 2653; x_wconf 88' lang='lat' dir='ltr'><strong>apud</strong></span> <span class='ocrx_word' id='word_1_170' title='bbox 1174 2596 1270 2635; x_wconf 91' lang='lat' dir='ltr'><strong>nos</strong></span> <span class='ocrx_word' id='word_1_171' title='bbox 1294 2580 1454 2634; x_wconf 90' lang='lat' dir='ltr'><strong>alium</strong></span> <span class='ocrx_word' id='word_1_172' title='bbox 1473 2578 1712 2647; x_wconf 80' lang='lat' dir='ltr'><strong>ejusdem</strong></span> <span class='ocrx_word' id='word_1_173' title='bbox 1735 2579 1950 2633; x_wconf 77' lang='lat' dir='ltr'><strong>sceleris</strong></span> <span class='ocrx_word' id='word_1_174' title='bbox 1968 2584 2195 2634; x_wconf 84' lang='lat' dir='ltr'><strong>electum</strong></span> 
     </span>
    </p>
   </div>
   <div class='ocr_carea' id='block_1_25' title="bbox 600 2670 2199 2744">
    <p class='ocr_par' dir='ltr' id='par_1_25' title="bbox 600 2670 2199 2744">
     <span class='ocr_line' id='line_1_25' title="bbox 600 2670 2199 2744; baseline -0.004 -11"><span class='ocrx_word' id='word_1_175' title='bbox 600 2676 1003 2739; x_wconf 84' lang='lat' dir='ltr'><strong>criminabatur,</strong></span> <span class='ocrx_word' id='word_1_176' title='bbox 1023 2673 1113 2744; x_wconf 90' lang='lat' dir='ltr'><strong>qui</strong></span> <span class='ocrx_word' id='word_1_177' title='bbox 1139 2672 1275 2742; x_wconf 90' lang='lat' dir='ltr'><strong>apud</strong></span> <span class='ocrx_word' id='word_1_178' title='bbox 1298 2670 1543 2727; x_wconf 91' lang='lat' dir='ltr'><strong>eumdem</strong></span> <span class='ocrx_word' id='word_1_179' title='bbox 1564 2670 1879 2734; x_wconf 80' lang='lat' dir='ltr'><strong>auditorem,</strong></span> <span class='ocrx_word' id='word_1_180' title='bbox 1900 2672 2047 2740; x_wconf 81' lang='lat' dir='ltr'><strong>quasi</strong></span> <span class='ocrx_word' id='word_1_181' title='bbox 2067 2672 2199 2726; x_wconf 84' lang='lat' dir='ltr'><strong>anti-</strong></span> 
     </span>
    </p>
   </div>
   <div class='ocr_carea' id='block_1_26' title="bbox 599 2763 2194 2833">
    <p class='ocr_par' dir='ltr' id='par_1_26' title="bbox 599 2763 2194 2833">
     <span class='ocr_line' id='line_1_26' title="bbox 599 2763 2194 2833; baseline -0.003 -10"><span class='ocrx_word' id='word_1_182' title='bbox 599 2784 697 2824; x_wconf 86' lang='lat' dir='ltr'><strong>cus</strong></span> <span class='ocrx_word' id='word_1_183' title='bbox 714 2766 998 2821; x_wconf 82' lang='lat' dir='ltr'><strong>fidissimus</strong></span> <span class='ocrx_word' id='word_1_184' title='bbox 1027 2763 1297 2818; x_wconf 87' lang='lat' dir='ltr'><strong>habitabat</strong></span> <span class='ocrx_word' id='word_1_185' title='bbox 1321 2780 1334 2815; x_wconf 89' lang='lat'>:</span> <span class='ocrx_word' id='word_1_186' title='bbox 1358 2778 1515 2833; x_wconf 86' lang='lat' dir='ltr'><strong>quem</strong></span> <span class='ocrx_word' id='word_1_187' title='bbox 1539 2763 1788 2831; x_wconf 88' lang='lat' dir='ltr'><strong>quoniam</strong></span> <span class='ocrx_word' id='word_1_188' title='bbox 1827 2763 2000 2816; x_wconf 89' lang='lat' dir='ltr'><strong>subito</strong></span> <span class='ocrx_word' id='word_1_189' title='bbox 2023 2763 2194 2833; x_wconf 81' lang='lat' dir='ltr'><strong>ingre-‘</strong></span> 
     </span>
    </p>
   </div>
   <div class='ocr_carea' id='block_1_27' title="bbox 598 2852 2199 2924">
    <p class='ocr_par' dir='ltr' id='par_1_27' title="bbox 598 2852 2199 2924">
     <span class='ocr_line' id='line_1_27' title="bbox 598 2852 2199 2924; baseline -0.003 -10"><span class='ocrx_word' id='word_1_190' title='bbox 598 2858 751 2915; x_wconf 90' lang='lat' dir='ltr'><strong>diens</strong></span> <span class='ocrx_word' id='word_1_191' title='bbox 777 2872 899 2914; x_wconf 90' lang='lat' dir='ltr'><strong>cum</strong></span> <span class='ocrx_word' id='word_1_192' title='bbox 928 2856 1150 2911; x_wconf 85' lang='lat' dir='ltr'><strong>muliere</strong></span> <span class='ocrx_word' id='word_1_193' title='bbox 1175 2853 1602 2924; x_wconf 84' lang='lat' dir='ltr'><strong>deprehenderat</strong></span> <span class='ocrx_word' id='word_1_194' title='bbox 1623 2895 1637 2916; x_wconf 87' lang='lat'><strong>,</strong></span> <span class='ocrx_word' id='word_1_195' title='bbox 1668 2852 1881 2908; x_wconf 91' lang='lat' dir='ltr'><strong>dicebat</strong></span> <span class='ocrx_word' id='word_1_196' title='bbox 1907 2854 2114 2923; x_wconf 87' lang='lat' dir='ltr'><strong>mulieri</strong></span> <span class='ocrx_word' id='word_1_197' title='bbox 2145 2862 2199 2909; x_wconf 88' lang='lat' dir='ltr'><strong>et</strong></span> 
     </span>
    </p>
   </div>
   <div class='ocr_carea' id='block_1_28' title="bbox 598 2942 2191 3014">
    <p class='ocr_par' dir='ltr' id='par_1_28' title="bbox 598 2942 2191 3014">
     <span class='ocr_line' id='line_1_28' title="bbox 598 2942 2191 3014; baseline -0.004 -10"><span class='ocrx_word' id='word_1_198' title='bbox 598 2950 838 3005; x_wconf 88' lang='lat' dir='ltr'><strong>adultero</strong></span> <span class='ocrx_word' id='word_1_199' title='bbox 864 2947 930 3001; x_wconf 87' lang='lat' dir='ltr'><strong>ab</strong></span> <span class='ocrx_word' id='word_1_200' title='bbox 959 2946 1050 3001; x_wconf 92' lang='lat' dir='ltr'><strong>illo</strong></span> <span class='ocrx_word' id='word_1_201' title='bbox 1074 2945 1287 3000; x_wconf 90' lang='lat' dir='ltr'><strong>inimico</strong></span> <span class='ocrx_word' id='word_1_202' title='bbox 1312 2954 1470 3014; x_wconf 91' lang='lat' dir='ltr'><strong>atque</strong></span> <span class='ocrx_word' id='word_1_203' title='bbox 1495 2942 1671 2997; x_wconf 90' lang='lat' dir='ltr'><strong>invido</strong></span> <span class='ocrx_word' id='word_1_204' title='bbox 1693 2944 1971 2999; x_wconf 91' lang='lat' dir='ltr'><strong>consilium</strong></span> <span class='ocrx_word' id='word_1_205' title='bbox 1990 2942 2191 3010; x_wconf 91' lang='lat' dir='ltr'><strong>datum,</strong></span> 
     </span>
    </p>
   </div>
   <div class='ocr_carea' id='block_1_29' title="bbox 600 3035 2192 3107">
    <p class='ocr_par' dir='ltr' id='par_1_29' title="bbox 600 3035 2192 3107">
     <span class='ocr_line' id='line_1_29' title="bbox 600 3035 2192 3107; baseline -0.006 -9"><span class='ocrx_word' id='word_1_206' title='bbox 600 3054 661 3098; x_wconf 89' lang='lat' dir='ltr'><strong>ut</strong></span> <span class='ocrx_word' id='word_1_207' title='bbox 688 3043 775 3097; x_wconf 87' lang='lat' dir='ltr'><strong>illa</strong></span> <span class='ocrx_word' id='word_1_208' title='bbox 804 3040 904 3097; x_wconf 88' lang='lat' dir='ltr'><strong>sibi</strong></span> <span class='ocrx_word' id='word_1_209' title='bbox 930 3038 1255 3095; x_wconf 87' lang='lat' dir='ltr'><strong>coullaretur</strong></span> <span class='ocrx_word' id='word_1_210' title='bbox 1279 3037 1542 3092; x_wconf 89' lang='lat' dir='ltr'><strong>calumnia</strong></span> <span class='ocrx_word' id='word_1_211' title='bbox 1563 3077 1577 3102; x_wconf 93' lang='lat'><strong>,</strong></span> <span class='ocrx_word' id='word_1_212' title='bbox 1607 3052 1673 3091; x_wconf 90' lang='lat' dir='ltr'><strong>ne</strong></span> <span class='ocrx_word' id='word_1_213' title='bbox 1697 3037 1740 3090; x_wconf 93' lang='lat' dir='ltr'><strong>si</strong></span> <span class='ocrx_word' id='word_1_214' title='bbox 1772 3036 1896 3107; x_wconf 91' lang='lat' dir='ltr'><strong>quid</strong></span> <span class='ocrx_word' id='word_1_215' title='bbox 1928 3035 2192 3106; x_wconf 88' lang='lat' dir='ltr'><strong>proderet,</strong></span> 
     </span>
    </p>
   </div>
   <div class='ocr_carea' id='block_1_30' title="bbox 602 3126 2196 3199">
    <p class='ocr_par' dir='ltr' id='par_1_30' title="bbox 602 3126 2196 3199">
     <span class='ocr_line' id='line_1_30' title="bbox 602 3126 2196 3199; baseline -0.007 -8"><span class='ocrx_word' id='word_1_216' title='bbox 602 3134 929 3191; x_wconf 88' lang='lat' dir='ltr'><strong>crederetur.</strong></span> <span class='ocrx_word' id='word_1_217' title='bbox 973 3130 1312 3199; x_wconf 73' lang='lat' dir='ltr'><strong>Augebantur</strong></span> <span class='ocrx_word' id='word_1_218' title='bbox 1341 3144 1471 3192; x_wconf 90' lang='lat' dir='ltr'><strong>nos,</strong></span> <span class='ocrx_word' id='word_1_219' title='bbox 1502 3136 1555 3183; x_wconf 91' lang='lat' dir='ltr'><strong>et</strong></span> <span class='ocrx_word' id='word_1_220' title='bbox 1584 3127 1955 3183; x_wconf 62' lang='lat' dir='ltr'><strong>malesaissime</strong></span> <span class='ocrx_word' id='word_1_221' title='bbox 1993 3126 2196 3182; x_wconf 82' lang='lat' dir='ltr'><strong>fereba-</strong></span> 
     </span>
    </p>
   </div>
   <div class='ocr_carea' id='block_1_31' title="bbox 598 3221 2190 3296">
    <p class='ocr_par' dir='ltr' id='par_1_31' title="bbox 598 3221 2190 3296">
     <span class='ocr_line' id='line_1_31' title="bbox 598 3221 2190 3296; baseline -0.006 -13"><span class='ocrx_word' id='word_1_222' title='bbox 598 3241 739 3289; x_wconf 83' lang='lat' dir='ltr'><strong>mus,</strong></span> <span class='ocrx_word' id='word_1_223' title='bbox 768 3224 908 3296; x_wconf 90' lang='lat' dir='ltr'><strong>quod</strong></span> <span class='ocrx_word' id='word_1_224' title='bbox 935 3223 1143 3279; x_wconf 61' lang='lat' dir='ltr'><strong>etiamsi</strong></span> <span class='ocrx_word' id='word_1_225' title='bbox 1168 3222 1234 3277; x_wconf 90' lang='lat' dir='ltr'><strong>de</strong></span> <span class='ocrx_word' id='word_1_226' title='bbox 1260 3222 1493 3291; x_wconf 86' lang='lat' dir='ltr'><strong>appetita</strong></span> <span class='ocrx_word' id='word_1_227' title='bbox 1522 3222 1743 3276; x_wconf 90' lang='lat' dir='ltr'><strong>muliere</strong></span> <span class='ocrx_word' id='word_1_228' title='bbox 1772 3221 2027 3275; x_wconf 87' lang='lat' dir='ltr'><strong>incertqu</strong></span> <span class='ocrx_word' id='word_1_229' title='bbox 2054 3226 2190 3286; x_wconf 89' lang='lat' dir='ltr'><strong>erat,</strong></span> 
     </span>
    </p>
   </div>
   <div class='ocr_carea' id='block_1_32' title="bbox 601 3312 2194 3381">
    <p class='ocr_par' dir='ltr' id='par_1_32' title="bbox 601 3312 2194 3381">
     <span class='ocr_line' id='line_1_32' title="bbox 601 3312 2194 3381; baseline -0.006 -6"><span class='ocrx_word' id='word_1_230' title='bbox 601 3319 738 3375; x_wconf 82' lang='lat' dir='ltr'><strong>livor</strong></span> <span class='ocrx_word' id='word_1_231' title='bbox 762 3327 937 3374; x_wconf 90' lang='lat' dir='ltr'><strong>tamen</strong></span> <span class='ocrx_word' id='word_1_232' title='bbox 976 3316 1026 3370; x_wconf 87' lang='lat' dir='ltr'><strong>in</strong></span> <span class='ocrx_word' id='word_1_233' title='bbox 1069 3314 1173 3368; x_wconf 89' lang='lat' dir='ltr'><strong>illis</strong></span> <span class='ocrx_word' id='word_1_234' title='bbox 1210 3313 1450 3379; x_wconf 90' lang='lat' dir='ltr'><strong>duobus,</strong></span> <span class='ocrx_word' id='word_1_235' title='bbox 1473 3312 1661 3381; x_wconf 88' lang='lat' dir='ltr'><strong>quibus</strong></span> <span class='ocrx_word' id='word_1_236' title='bbox 1703 3312 1954 3366; x_wconf 73' lang='lat' dir='ltr'><strong>meliores</strong></span> <span class='ocrx_word' id='word_1_237' title='bbox 1987 3312 2057 3365; x_wconf 90' lang='lat' dir='ltr'><strong>ibi</strong></span> <span class='ocrx_word' id='word_1_238' title='bbox 2088 3326 2194 3365; x_wconf 94' lang='lat' dir='ltr'><strong>non</strong></span> 
     </span>
    </p>
   </div>
   <div class='ocr_carea' id='block_1_33' title="bbox 601 3401 2195 3474">
    <p class='ocr_par' dir='ltr' id='par_1_33' title="bbox 601 3401 2195 3474">
     <span class='ocr_line' id='line_1_33' title="bbox 601 3401 2195 3474; baseline -0.001 -13"><span class='ocrx_word' id='word_1_239' title='bbox 601 3407 1032 3470; x_wconf 82' lang='lat' dir='ltr'><strong>inveniebamus,</strong></span> <span class='ocrx_word' id='word_1_240' title='bbox 1060 3403 1350 3474; x_wconf 86' lang='lat' dir='ltr'><strong>apparebat</strong></span> <span class='ocrx_word' id='word_1_241' title='bbox 1372 3403 1695 3468; x_wconf 89' lang='lat' dir='ltr'><strong>acerrimus,</strong></span> <span class='ocrx_word' id='word_1_242' title='bbox 1725 3412 1778 3457; x_wconf 92' lang='lat' dir='ltr'><strong>et</strong></span> <span class='ocrx_word' id='word_1_243' title='bbox 1803 3402 1905 3456; x_wconf 87' lang='lat' dir='ltr'><strong>alia</strong></span> <span class='ocrx_word' id='word_1_244' title='bbox 1929 3401 2195 3473; x_wconf 87' lang='lat' dir='ltr'><strong>conjicere</strong></span> 
     </span>
    </p>
   </div>
   <div class='ocr_carea' id='block_1_34' title="bbox 605 3497 849 3569">
    <p class='ocr_par' dir='ltr' id='par_1_34' title="bbox 605 3497 849 3569">
     <span class='ocr_line' id='line_1_34' title="bbox 605 3497 849 3569; baseline -0.016 -15"><span class='ocrx_word' id='word_1_245' title='bbox 605 3497 849 3569; x_wconf 82' lang='lat' dir='ltr'><strong>cogebat.</strong></span> 
     </span>
    </p>
   </div>
   <div class='ocr_carea' id='block_1_35' title="bbox 678 3582 2193 3650">
    <p class='ocr_par' dir='ltr' id='par_1_35' title="bbox 678 3582 2193 3650">
     <span class='ocr_line' id='line_1_35' title="bbox 678 3582 2193 3650; baseline -0.003 -8"><span class='ocrx_word' id='word_1_246' title='bbox 678 3587 768 3641; x_wconf 71' lang='lat'><strong>72.</strong></span> <span class='ocrx_word' id='word_1_247' title='bbox 811 3586 1089 3641; x_wconf 87' lang='lat' dir='ltr'><strong>Postremo</strong></span> <span class='ocrx_word' id='word_1_248' title='bbox 1128 3583 1180 3638; x_wconf 92' lang='lat' dir='ltr'><strong>in</strong></span> <span class='ocrx_word' id='word_1_249' title='bbox 1213 3582 1433 3638; x_wconf 89' lang='lat' dir='ltr'><strong>theatris</strong></span> <span class='ocrx_word' id='word_1_250' title='bbox 1461 3582 1691 3648; x_wconf 90' lang='lat' dir='ltr'><strong>electos,</strong></span> <span class='ocrx_word' id='word_1_251' title='bbox 1716 3590 1769 3637; x_wconf 89' lang='lat' dir='ltr'><strong>et</strong></span> <span class='ocrx_word' id='word_1_252' title='bbox 1806 3590 1961 3637; x_wconf 81' lang='lat' dir='ltr'><strong>aetate</strong></span> <span class='ocrx_word' id='word_1_253' title='bbox 1980 3624 1995 3649; x_wconf 96' lang='lat'><strong>,</strong></span> <span class='ocrx_word' id='word_1_254' title='bbox 2024 3590 2109 3650; x_wconf 87' lang='lat' dir='ltr'><strong>et,</strong></span> <span class='ocrx_word' id='word_1_255' title='bbox 2139 3592 2193 3638; x_wconf 91' lang='lat' dir='ltr'><strong>ut</strong></span> 
     </span>
    </p>
   </div>
   <div class='ocr_carea' id='block_1_36' title="bbox 604 3674 2197 3745">
    <p class='ocr_par' dir='ltr' id='par_1_36' title="bbox 604 3674 2197 3745">
     <span class='ocr_line' id='line_1_36' title="bbox 604 3674 2197 3745; baseline -0.001 -15"><span class='ocrx_word' id='word_1_256' title='bbox 604 3676 941 3734; x_wconf 87' lang='lat' dir='ltr'><strong>videbantur,</strong></span> <span class='ocrx_word' id='word_1_257' title='bbox 972 3674 1209 3728; x_wconf 90' lang='lat' dir='ltr'><strong>moribus</strong></span> <span class='ocrx_word' id='word_1_258' title='bbox 1233 3688 1441 3743; x_wconf 73' lang='lat' dir='ltr'><strong>graves,</strong></span> <span class='ocrx_word' id='word_1_259' title='bbox 1462 3688 1583 3727; x_wconf 92' lang='lat' dir='ltr'><strong>cum</strong></span> <span class='ocrx_word' id='word_1_260' title='bbox 1612 3689 1739 3728; x_wconf 88' lang='lat' dir='ltr'><strong>sene</strong></span> <span class='ocrx_word' id='word_1_261' title='bbox 1769 3674 2078 3745; x_wconf 88' lang='lat' dir='ltr'><strong>presbytero</strong></span> <span class='ocrx_word' id='word_1_262' title='bbox 2096 3690 2197 3729; x_wconf 73' lang='lat' dir='ltr'><strong>ste-</strong></span> 
     </span>
    </p>
   </div>
   <div class='ocr_carea' id='block_1_37' title="bbox 601 3764 2196 3841">
    <p class='ocr_par' dir='ltr' id='par_1_37' title="bbox 601 3764 2196 3841">
     <span class='ocr_line' id='line_1_37' title="bbox 601 3764 2196 3841; baseline -0.001 -18"><span class='ocrx_word' id='word_1_263' title='bbox 601 3771 821 3841; x_wconf 85' lang='lat' dir='ltr'><strong>pissime</strong></span> <span class='ocrx_word' id='word_1_264' title='bbox 842 3767 1164 3823; x_wconf 84' lang='lat' dir='ltr'><strong>invenimus.</strong></span> <span class='ocrx_word' id='word_1_265' title='bbox 1197 3764 1397 3820; x_wconf 87' lang='lat' dir='ltr'><strong>Omitto</strong></span> <span class='ocrx_word' id='word_1_266' title='bbox 1421 3765 1667 3834; x_wconf 85' lang='lat' dir='ltr'><strong>juvenes,</strong></span> <span class='ocrx_word' id='word_1_267' title='bbox 1686 3779 1819 3834; x_wconf 89' lang='lat' dir='ltr'><strong>quos</strong></span> <span class='ocrx_word' id='word_1_268' title='bbox 1838 3767 1997 3820; x_wconf 85' lang='lat' dir='ltr'><strong>etiam</strong></span> <span class='ocrx_word' id='word_1_269' title='bbox 2021 3767 2196 3822; x_wconf 76' lang='lat' dir='ltr'><strong>rixan-</strong></span> 
     </span>
    </p>
   </div>
   <div class='ocr_carea' id='block_1_38' title="bbox 604 3854 2191 3930">
    <p class='ocr_par' dir='ltr' id='par_1_38' title="bbox 604 3854 2191 3930">
     <span class='ocr_line' id='line_1_38' title="bbox 604 3854 2191 3930; baseline -0.003 -13"><span class='ocrx_word' id='word_1_270' title='bbox 604 3870 685 3917; x_wconf 85' lang='lat' dir='ltr'><strong>tes</strong></span> <span class='ocrx_word' id='word_1_271' title='bbox 728 3873 822 3930; x_wconf 93' lang='lat' dir='ltr'><strong>pro</strong></span> <span class='ocrx_word' id='word_1_272' title='bbox 861 3858 1087 3914; x_wconf 87' lang='lat' dir='ltr'><strong>scenicis</strong></span> <span class='ocrx_word' id='word_1_273' title='bbox 1119 3866 1173 3911; x_wconf 91' lang='lat' dir='ltr'><strong>et</strong></span> <span class='ocrx_word' id='word_1_274' title='bbox 1192 3854 1392 3926; x_wconf 90' lang='lat' dir='ltr'><strong>aurigis</strong></span> <span class='ocrx_word' id='word_1_275' title='bbox 1424 3854 1825 3925; x_wconf 89' lang='lat' dir='ltr'><strong>deprehendere</strong></span> <span class='ocrx_word' id='word_1_276' title='bbox 1869 3857 2191 3924; x_wconf 87' lang='lat' dir='ltr'><strong>solebamus,</strong></span> 
     </span>
    </p>
   </div>
   <div class='ocr_carea' id='block_1_39' title="bbox 601 3946 2196 4025">
    <p class='ocr_par' dir='ltr' id='par_1_39' title="bbox 601 3946 2196 4025">
     <span class='ocr_line' id='line_1_39' title="bbox 601 3946 2196 4025; baseline -0.003 -17"><span class='ocrx_word' id='word_1_277' title='bbox 601 3968 719 4025; x_wconf 68' lang='lat' dir='ltr'><strong>quas</strong></span> <span class='ocrx_word' id='word_1_278' title='bbox 741 3966 826 4007; x_wconf 90' lang='lat' dir='ltr'><strong>res</strong></span> <span class='ocrx_word' id='word_1_279' title='bbox 846 3964 951 4005; x_wconf 93' lang='lat' dir='ltr'><strong>non</strong></span> <span class='ocrx_word' id='word_1_280' title='bbox 979 3946 1234 4004; x_wconf 86' lang='lat' dir='ltr'><strong>mediocri</strong></span> <span class='ocrx_word' id='word_1_281' title='bbox 1260 3957 1574 4019; x_wconf 89' lang='lat' dir='ltr'><strong>argumento</strong></span> <span class='ocrx_word' id='word_1_282' title='bbox 1598 3957 1678 4003; x_wconf 91' lang='lat' dir='ltr'><strong>est</strong></span> <span class='ocrx_word' id='word_1_283' title='bbox 1701 3948 1969 4018; x_wconf 90' lang='lat' dir='ltr'><strong>quomodo</strong></span> <span class='ocrx_word' id='word_1_284' title='bbox 1999 3965 2056 4004; x_wconf 89' lang='lat' dir='ltr'><strong>se</strong></span> <span class='ocrx_word' id='word_1_285' title='bbox 2076 3964 2196 4020; x_wconf 89' lang='lat' dir='ltr'><strong>pos-</strong></span> 
     </span>
    </p>
   </div>
   <div class='ocr_carea' id='block_1_40' title="bbox 599 4040 2194 4112">
    <p class='ocr_par' dir='ltr' id='par_1_40' title="bbox 599 4040 2194 4112">
     <span class='ocr_line' id='line_1_40' title="bbox 599 4040 2194 4112; baseline -0.004 -12"><span class='ocrx_word' id='word_1_286' title='bbox 599 4046 708 4101; x_wconf 88' lang='lat' dir='ltr'><strong>sint</strong></span> <span class='ocrx_word' id='word_1_287' title='bbox 732 4043 1007 4099; x_wconf 90' lang='lat' dir='ltr'><strong>continere</strong></span> <span class='ocrx_word' id='word_1_288' title='bbox 1027 4041 1095 4095; x_wconf 93' lang='lat' dir='ltr'><strong>ab</strong></span> <span class='ocrx_word' id='word_1_289' title='bbox 1119 4040 1363 4104; x_wconf 90' lang='lat' dir='ltr'><strong>occultis,</strong></span> <span class='ocrx_word' id='word_1_290' title='bbox 1386 4055 1505 4095; x_wconf 90' lang='lat' dir='ltr'><strong>cum</strong></span> <span class='ocrx_word' id='word_1_291' title='bbox 1529 4056 1645 4095; x_wconf 89' lang='lat' dir='ltr'><strong>eam</strong></span> <span class='ocrx_word' id='word_1_292' title='bbox 1673 4040 2012 4110; x_wconf 88' lang='lat' dir='ltr'><strong>cupiditatem</strong></span> <span class='ocrx_word' id='word_1_293' title='bbox 2035 4056 2194 4112; x_wconf 91' lang='lat' dir='ltr'><strong>snpe-</strong></span> 
     </span>
    </p>
   </div>
   <div class='ocr_carea' id='block_1_41' title="bbox 600 4130 2195 4205">
    <p class='ocr_par' dir='ltr' id='par_1_41' title="bbox 600 4130 2195 4205">
     <span class='ocr_line' id='line_1_41' title="bbox 600 4130 2195 4205; baseline -0.003 -12"><span class='ocrx_word' id='word_1_294' title='bbox 600 4152 721 4193; x_wconf 91' lang='lat' dir='ltr'><strong>rare</strong></span> <span class='ocrx_word' id='word_1_295' title='bbox 746 4151 851 4191; x_wconf 92' lang='lat' dir='ltr'><strong>non</strong></span> <span class='ocrx_word' id='word_1_296' title='bbox 888 4135 1126 4205; x_wconf 90' lang='lat' dir='ltr'><strong>possint,</strong></span> <span class='ocrx_word' id='word_1_297' title='bbox 1151 4148 1272 4204; x_wconf 68' lang='lat' dir='ltr'><strong>quae</strong></span> <span class='ocrx_word' id='word_1_298' title='bbox 1310 4132 1430 4187; x_wconf 90' lang='lat' dir='ltr'><strong>illos</strong></span> <span class='ocrx_word' id='word_1_299' title='bbox 1457 4130 1755 4187; x_wconf 89' lang='lat' dir='ltr'><strong>auditorum</strong></span> <span class='ocrx_word' id='word_1_300' title='bbox 1782 4147 1998 4188; x_wconf 91' lang='lat' dir='ltr'><strong>suorum</strong></span> <span class='ocrx_word' id='word_1_301' title='bbox 2026 4133 2195 4189; x_wconf 92' lang='lat' dir='ltr'><strong>oculis</strong></span> 
     </span>
    </p>
   </div>
   <div class='ocr_carea' id='block_1_42' title="bbox 602 4222 2194 4295">
    <p class='ocr_par' dir='ltr' id='par_1_42' title="bbox 602 4222 2194 4295">
     <span class='ocr_line' id='line_1_42' title="bbox 602 4222 2194 4295; baseline -0.003 -12"><span class='ocrx_word' id='word_1_302' title='bbox 602 4234 858 4293; x_wconf 88' lang='lat' dir='ltr'><strong>ostentat,</strong></span> <span class='ocrx_word' id='word_1_303' title='bbox 887 4234 943 4280; x_wconf 89' lang='lat' dir='ltr'><strong>et</strong></span> <span class='ocrx_word' id='word_1_304' title='bbox 972 4223 1147 4295; x_wconf 88' lang='lat' dir='ltr'><strong>prodit</strong></span> <span class='ocrx_word' id='word_1_305' title='bbox 1172 4222 1550 4280; x_wconf 86' lang='lat' dir='ltr'><strong>erubescentes</strong></span> <span class='ocrx_word' id='word_1_306' title='bbox 1578 4231 1737 4293; x_wconf 90' lang='lat' dir='ltr'><strong>atque</strong></span> <span class='ocrx_word' id='word_1_307' title='bbox 1766 4223 2069 4294; x_wconf 76' lang='lat' dir='ltr'><strong>fugitantes.</strong></span> <span class='ocrx_word' id='word_1_308' title='bbox 2111 4225 2194 4280; x_wconf 83' lang='lat' dir='ltr'><strong>An</strong></span> 
     </span>
    </p>
   </div>
   <div class='ocr_carea' id='block_1_43' title="bbox 601 4314 2195 4385">
    <p class='ocr_par' dir='ltr' id='par_1_43' title="bbox 601 4314 2195 4385">
     <span class='ocr_line' id='line_1_43' title="bbox 601 4314 2195 4385; baseline -0.003 -10"><span class='ocrx_word' id='word_1_309' title='bbox 601 4335 732 4377; x_wconf 88' lang='lat' dir='ltr'><strong>vero</strong></span> <span class='ocrx_word' id='word_1_310' title='bbox 761 4319 903 4376; x_wconf 88' lang='lat' dir='ltr'><strong>illius</strong></span> <span class='ocrx_word' id='word_1_311' title='bbox 930 4318 1091 4373; x_wconf 89' lang='lat' dir='ltr'><strong>etiam</strong></span> <span class='ocrx_word' id='word_1_312' title='bbox 1122 4316 1326 4383; x_wconf 90' lang='lat' dir='ltr'><strong>sancti,</strong></span> <span class='ocrx_word' id='word_1_313' title='bbox 1347 4315 1415 4371; x_wconf 90' lang='lat' dir='ltr'><strong>ad</strong></span> <span class='ocrx_word' id='word_1_314' title='bbox 1445 4315 1598 4385; x_wconf 88' lang='lat' dir='ltr'><strong>cujus</strong></span> <span class='ocrx_word' id='word_1_315' title='bbox 1625 4314 2015 4385; x_wconf 76' lang='lat' dir='ltr'><strong>disputatimies</strong></span> <span class='ocrx_word' id='word_1_316' title='bbox 2045 4316 2098 4371; x_wconf 94' lang='lat' dir='ltr'><strong>in</strong></span> <span class='ocrx_word' id='word_1_317' title='bbox 2127 4318 2195 4371; x_wconf 80' lang='lat' dir='ltr'><strong>li-</strong></span> 
     </span>
    </p>
   </div>
   <div class='ocr_carea' id='block_1_44' title="bbox 599 4407 2193 4479">
    <p class='ocr_par' dir='ltr' id='par_1_44' title="bbox 599 4407 2193 4479">
     <span class='ocr_line' id='line_1_44' title="bbox 599 4407 2193 4479; baseline -0.003 -11"><span class='ocrx_word' id='word_1_318' title='bbox 599 4412 866 4469; x_wconf 89' lang='lat' dir='ltr'><strong>cariorum</strong></span> <span class='ocrx_word' id='word_1_319' title='bbox 894 4409 1069 4464; x_wconf 86' lang='lat' dir='ltr'><strong>vicum</strong></span> <span class='ocrx_word' id='word_1_320' title='bbox 1097 4407 1488 4463; x_wconf 89' lang='lat' dir='ltr'><strong>ventitabamus</strong></span> <span class='ocrx_word' id='word_1_321' title='bbox 1511 4448 1524 4470; x_wconf 93' lang='lat'><strong>,</strong></span> <span class='ocrx_word' id='word_1_322' title='bbox 1553 4415 1755 4462; x_wconf 88' lang='lat' dir='ltr'><strong>tantum</strong></span> <span class='ocrx_word' id='word_1_323' title='bbox 1783 4407 1911 4463; x_wconf 89' lang='lat' dir='ltr'><strong>illud</strong></span> <span class='ocrx_word' id='word_1_324' title='bbox 1940 4408 2193 4479; x_wconf 76' lang='lat' dir='ltr'><strong>flagitium</strong></span> 
     </span>
    </p>
   </div>
   <div class='ocr_carea' id='block_1_45' title="bbox 604 4498 2196 4575">
    <p class='ocr_par' dir='ltr' id='par_1_45' title="bbox 604 4498 2196 4575">
     <span class='ocr_line' id='line_1_45' title="bbox 604 4498 2196 4575; baseline -0.003 -15"><span class='ocrx_word' id='word_1_325' title='bbox 604 4503 941 4575; x_wconf 85' lang='lat' dir='ltr'><strong>proderetur,</strong></span> <span class='ocrx_word' id='word_1_326' title='bbox 963 4500 1008 4557; x_wconf 90' lang='lat' dir='ltr'><strong>si</strong></span> <span class='ocrx_word' id='word_1_327' title='bbox 1028 4500 1288 4571; x_wconf 78' lang='lat' dir='ltr'><strong>virginem</strong></span> <span class='ocrx_word' id='word_1_328' title='bbox 1305 4498 1763 4554; x_wconf 84' lang='lat' dir='ltr'><strong>sanctimonialem</strong></span> <span class='ocrx_word' id='word_1_329' title='bbox 1784 4500 2058 4554; x_wconf 90' lang='lat' dir='ltr'><strong>mulierem</strong></span> <span class='ocrx_word' id='word_1_330' title='bbox 2079 4509 2196 4555; x_wconf 86' lang='lat' dir='ltr'><strong>tan-</strong></span> 
     </span>
    </p>
   </div>
   <div class='ocr_carea' id='block_1_46' title="bbox 600 4588 2194 4663">
    <p class='ocr_par' dir='ltr' id='par_1_46' title="bbox 600 4588 2194 4663">
     <span class='ocr_line' id='line_1_46' title="bbox 600 4588 2194 4663; baseline -0.003 -14"><span class='ocrx_word' id='word_1_331' title='bbox 600 4603 735 4659; x_wconf 91' lang='lat' dir='ltr'><strong>tum,</strong></span> <span class='ocrx_word' id='word_1_332' title='bbox 764 4610 868 4649; x_wconf 94' lang='lat' dir='ltr'><strong>non</strong></span> <span class='ocrx_word' id='word_1_333' title='bbox 897 4602 951 4648; x_wconf 90' lang='lat' dir='ltr'><strong>et</strong></span> <span class='ocrx_word' id='word_1_334' title='bbox 977 4599 1336 4663; x_wconf 66' lang='lat' dir='ltr'><strong>prtrgnantem</strong></span> <span class='ocrx_word' id='word_1_335' title='bbox 1361 4588 1537 4645; x_wconf 87' lang='lat' dir='ltr'><strong>facere</strong></span> <span class='ocrx_word' id='word_1_336' title='bbox 1564 4590 1856 4659; x_wconf 84' lang='lat' dir='ltr'><strong>potuisset?</strong></span> <span class='ocrx_word' id='word_1_337' title='bbox 1880 4589 1986 4646; x_wconf 86' lang='lat' dir='ltr'><strong>Sed</strong></span> <span class='ocrx_word' id='word_1_338' title='bbox 2012 4591 2194 4645; x_wconf 90' lang='lat' dir='ltr'><strong>occul-</strong></span> 
     </span>
    </p>
   </div>
   <div class='ocr_carea' id='block_1_47' title="bbox 601 4680 2193 4740">
    <p class='ocr_par' dir='ltr' id='par_1_47' title="bbox 601 4680 2193 4740">
     <span class='ocr_line' id='line_1_47' title="bbox 601 4680 2193 4740; baseline -0.001 -2"><span class='ocrx_word' id='word_1_339' title='bbox 601 4694 714 4740; x_wconf 91' lang='lat' dir='ltr'><strong>tum</strong></span> <span class='ocrx_word' id='word_1_340' title='bbox 742 4691 799 4738; x_wconf 91' lang='lat' dir='ltr'><strong>et</strong></span> <span class='ocrx_word' id='word_1_341' title='bbox 828 4682 1137 4739; x_wconf 89' lang='lat' dir='ltr'><strong>incredibile</strong></span> <span class='ocrx_word' id='word_1_342' title='bbox 1166 4681 1361 4736; x_wconf 89' lang='lat' dir='ltr'><strong>malum</strong></span> <span class='ocrx_word' id='word_1_343' title='bbox 1390 4694 1638 4735; x_wconf 89' lang='lat' dir='ltr'><strong>crescens</strong></span> <span class='ocrx_word' id='word_1_344' title='bbox 1673 4689 1853 4735; x_wconf 90' lang='lat' dir='ltr'><strong>uterus</strong></span> <span class='ocrx_word' id='word_1_345' title='bbox 1879 4680 2046 4735; x_wconf 87' lang='lat' dir='ltr'><strong>latere</strong></span> <span class='ocrx_word' id='word_1_346' title='bbox 2088 4694 2193 4736; x_wconf 93' lang='lat' dir='ltr'><strong>nou</strong></span> 
     </span>
    </p>
   </div>
   <div class='ocr_carea' id='block_1_48' title="bbox 600 4770 2191 4844">
    <p class='ocr_par' dir='ltr' id='par_1_48' title="bbox 600 4770 2191 4844">
     <span class='ocr_line' id='line_1_48' title="bbox 600 4770 2191 4844; baseline -0.001 -17"><span class='ocrx_word' id='word_1_347' title='bbox 600 4788 788 4844; x_wconf 86' lang='lat' dir='ltr'><strong>passus</strong></span> <span class='ocrx_word' id='word_1_348' title='bbox 814 4782 915 4829; x_wconf 88' lang='lat' dir='ltr'><strong>est.</strong></span> <span class='ocrx_word' id='word_1_349' title='bbox 944 4772 1099 4842; x_wconf 84' lang='lat' dir='ltr'><strong>Quod</strong></span> <span class='ocrx_word' id='word_1_350' title='bbox 1123 4788 1244 4827; x_wconf 91' lang='lat' dir='ltr'><strong>cum</strong></span> <span class='ocrx_word' id='word_1_351' title='bbox 1272 4782 1441 4828; x_wconf 86' lang='lat' dir='ltr'><strong>mater</strong></span> <span class='ocrx_word' id='word_1_352' title='bbox 1467 4772 1613 4827; x_wconf 89' lang='lat' dir='ltr'><strong>fratri</strong></span> <span class='ocrx_word' id='word_1_353' title='bbox 1640 4771 1819 4842; x_wconf 88' lang='lat' dir='ltr'><strong>juveni</strong></span> <span class='ocrx_word' id='word_1_354' title='bbox 1848 4770 2191 4842; x_wconf 88' lang='lat' dir='ltr'><strong>prodidisset,</strong></span> 
     </span>
    </p>
   </div>
   <div class='ocr_carea' id='block_1_49' title="bbox 600 4861 2192 4934">
    <p class='ocr_par' dir='ltr' id='par_1_49' title="bbox 600 4861 2192 4934">
     <span class='ocr_line' id='line_1_49' title="bbox 600 4861 2192 4934; baseline -0.001 -15"><span class='ocrx_word' id='word_1_355' title='bbox 600 4863 859 4920; x_wconf 85' lang='lat' dir='ltr'><strong>acerrime</strong></span> <span class='ocrx_word' id='word_1_356' title='bbox 885 4863 1095 4927; x_wconf 86' lang='lat' dir='ltr'><strong>dolens,</strong></span> <span class='ocrx_word' id='word_1_357' title='bbox 1126 4862 1396 4934; x_wconf 75' lang='lat' dir='ltr'><strong>religionis</strong></span> <span class='ocrx_word' id='word_1_358' title='bbox 1425 4870 1603 4918; x_wconf 89' lang='lat' dir='ltr'><strong>tamen</strong></span> <span class='ocrx_word' id='word_1_359' title='bbox 1637 4861 1851 4917; x_wconf 90' lang='lat' dir='ltr'><strong>nomine</strong></span> <span class='ocrx_word' id='word_1_360' title='bbox 1878 4863 1946 4917; x_wconf 90' lang='lat' dir='ltr'><strong>ab</strong></span> <span class='ocrx_word' id='word_1_361' title='bbox 1971 4877 2192 4918; x_wconf 86' lang='lat' dir='ltr'><strong>accusa-</strong></span> 
     </span>
    </p>
   </div>
   <div class='ocr_carea' id='block_1_50' title="bbox 600 4952 2190 5026">
    <p class='ocr_par' dir='ltr' id='par_1_50' title="bbox 600 4952 2190 5026">
     <span class='ocr_line' id='line_1_50' title="bbox 600 4952 2190 5026; baseline -0.003 -13"><span class='ocrx_word' id='word_1_362' title='bbox 600 4956 750 5013; x_wconf 83' lang='lat' dir='ltr'><strong>tione</strong></span> <span class='ocrx_word' id='word_1_363' title='bbox 792 4954 1000 5025; x_wconf 88' lang='lat' dir='ltr'><strong>publica</strong></span> <span class='ocrx_word' id='word_1_364' title='bbox 1028 4962 1304 5010; x_wconf 87' lang='lat' dir='ltr'><strong>revocatus</strong></span> <span class='ocrx_word' id='word_1_365' title='bbox 1327 4960 1448 5018; x_wconf 88' lang='lat' dir='ltr'><strong>est;</strong></span> <span class='ocrx_word' id='word_1_366' title='bbox 1480 4952 1802 5023; x_wconf 86' lang='lat' dir='ltr'><strong>perfecitque</strong></span> <span class='ocrx_word' id='word_1_367' title='bbox 1838 4962 1896 5008; x_wconf 92' lang='lat' dir='ltr'><strong>ut</strong></span> <span class='ocrx_word' id='word_1_368' title='bbox 1936 4952 2023 5008; x_wconf 87' lang='lat' dir='ltr'><strong>ille</strong></span> <span class='ocrx_word' id='word_1_369' title='bbox 2048 4952 2190 5026; x_wconf 92' lang='lat' dir='ltr'><strong>(non</strong></span> 
     </span>
    </p>
   </div>
   <div class='ocr_carea' id='block_1_51' title="bbox 600 5042 2191 5116">
    <p class='ocr_par' dir='ltr' id='par_1_51' title="bbox 600 5042 2191 5116">
     <span class='ocr_line' id='line_1_51' title="bbox 600 5042 2191 5116; baseline -0.003 -12"><span class='ocrx_word' id='word_1_370' title='bbox 600 5047 747 5105; x_wconf 88' lang='lat' dir='ltr'><strong>enim</strong></span> <span class='ocrx_word' id='word_1_371' title='bbox 774 5045 877 5101; x_wconf 91' lang='lat' dir='ltr'><strong>hoc</strong></span> <span class='ocrx_word' id='word_1_372' title='bbox 901 5044 1039 5100; x_wconf 83' lang='lat' dir='ltr'><strong>ferre</strong></span> <span class='ocrx_word' id='word_1_373' title='bbox 1073 5044 1350 5116; x_wconf 88' lang='lat' dir='ltr'><strong>quisquam</strong></span> <span class='ocrx_word' id='word_1_374' title='bbox 1381 5045 1585 5115; x_wconf 86' lang='lat' dir='ltr'><strong>posset)</strong></span> <span class='ocrx_word' id='word_1_375' title='bbox 1612 5042 1680 5098; x_wconf 86' lang='lat' dir='ltr'><strong>de</strong></span> <span class='ocrx_word' id='word_1_376' title='bbox 1706 5044 1794 5099; x_wconf 88' lang='lat' dir='ltr'><strong>illa</strong></span> <span class='ocrx_word' id='word_1_377' title='bbox 1822 5044 2047 5100; x_wconf 86' lang='lat' dir='ltr'><strong>ecclesia</strong></span> <span class='ocrx_word' id='word_1_378' title='bbox 2077 5045 2191 5114; x_wconf 89' lang='lat' dir='ltr'><strong>pel-</strong></span> 
     </span>
    </p>
   </div>
   <div class='ocr_carea' id='block_1_52' title="bbox 600 5134 2189 5208">
    <p class='ocr_par' dir='ltr' id='par_1_52' title="bbox 600 5134 2189 5208">
     <span class='ocr_line' id='line_1_52' title="bbox 600 5134 2189 5208; baseline -0.003 -12"><span class='ocrx_word' id='word_1_379' title='bbox 600 5140 803 5196; x_wconf 88' lang='lat' dir='ltr'><strong>leretur</strong></span> <span class='ocrx_word' id='word_1_380' title='bbox 833 5155 845 5191; x_wconf 94' lang='lat'>:</span> <span class='ocrx_word' id='word_1_381' title='bbox 874 5146 930 5192; x_wconf 89' lang='lat' dir='ltr'><strong>et</strong></span> <span class='ocrx_word' id='word_1_382' title='bbox 957 5152 1025 5190; x_wconf 90' lang='lat' dir='ltr'><strong>ne</strong></span> <span class='ocrx_word' id='word_1_383' title='bbox 1056 5134 1310 5208; x_wconf 88' lang='lat' dir='ltr'><strong>impunita</strong></span> <span class='ocrx_word' id='word_1_384' title='bbox 1340 5150 1426 5191; x_wconf 89' lang='lat' dir='ltr'><strong>res</strong></span> <span class='ocrx_word' id='word_1_385' title='bbox 1451 5136 1670 5189; x_wconf 92' lang='lat' dir='ltr'><strong>omnino</strong></span> <span class='ocrx_word' id='word_1_386' title='bbox 1696 5144 1858 5202; x_wconf 87' lang='lat' dir='ltr'><strong>esset,</strong></span> <span class='ocrx_word' id='word_1_387' title='bbox 1888 5136 2031 5206; x_wconf 88' lang='lat' dir='ltr'><strong>cepit</strong></span> <span class='ocrx_word' id='word_1_388' title='bbox 2056 5151 2189 5191; x_wconf 88' lang='lat' dir='ltr'><strong>con-</strong></span> 
     </span>
    </p>
   </div>
   <div class='ocr_carea' id='block_1_53' title="bbox 600 5225 2192 5299">
    <p class='ocr_par' dir='ltr' id='par_1_53' title="bbox 600 5225 2192 5299">
     <span class='ocr_line' id='line_1_53' title="bbox 600 5225 2192 5299; baseline -0.002 -14"><span class='ocrx_word' id='word_1_389' title='bbox 600 5230 811 5296; x_wconf 82' lang='lat' dir='ltr'><strong>silium,</strong></span> <span class='ocrx_word' id='word_1_390' title='bbox 850 5236 909 5283; x_wconf 93' lang='lat' dir='ltr'><strong>ut</strong></span> <span class='ocrx_word' id='word_1_391' title='bbox 954 5226 1219 5296; x_wconf 75' lang='lat' dir='ltr'><strong>adiunctis</strong></span> <span class='ocrx_word' id='word_1_392' title='bbox 1265 5227 1365 5281; x_wconf 92' lang='lat' dir='ltr'><strong>sibi</strong></span> <span class='ocrx_word' id='word_1_393' title='bbox 1411 5227 1625 5292; x_wconf 89' lang='lat' dir='ltr'><strong>amicis,</strong></span> <span class='ocrx_word' id='word_1_394' title='bbox 1670 5225 1938 5281; x_wconf 88' lang='lat' dir='ltr'><strong>hominem</strong></span> <span class='ocrx_word' id='word_1_395' title='bbox 2002 5229 2192 5299; x_wconf 86' lang='lat' dir='ltr'><strong>pugnis</strong></span> 
     </span>
    </p>
   </div>
   <div class='ocr_carea' id='block_1_54' title="bbox 598 5316 2191 5392">
    <p class='ocr_par' dir='ltr' id='par_1_54' title="bbox 598 5316 2191 5392">
     <span class='ocr_line' id='line_1_54' title="bbox 598 5316 2191 5392; baseline -0.001 -15"><span class='ocrx_word' id='word_1_396' title='bbox 598 5322 938 5392; x_wconf 89' lang='lat' dir='ltr'><strong>calcibusque</strong></span> <span class='ocrx_word' id='word_1_397' title='bbox 968 5316 1293 5374; x_wconf 90' lang='lat' dir='ltr'><strong>concideret.</strong></span> <span class='ocrx_word' id='word_1_398' title='bbox 1329 5318 1398 5373; x_wconf 83' lang='lat' dir='ltr'><strong>At</strong></span> <span class='ocrx_word' id='word_1_399' title='bbox 1419 5318 1506 5373; x_wconf 90' lang='lat' dir='ltr'><strong>ille</strong></span> <span class='ocrx_word' id='word_1_400' title='bbox 1534 5333 1655 5373; x_wconf 89' lang='lat' dir='ltr'><strong>cum</strong></span> <span class='ocrx_word' id='word_1_401' title='bbox 1690 5318 1921 5389; x_wconf 88' lang='lat' dir='ltr'><strong>graviter</strong></span> <span class='ocrx_word' id='word_1_402' title='bbox 1956 5320 2191 5376; x_wconf 61' lang='lat' dir='ltr'><strong>cedere-</strong></span> 
     </span>
    </p>
   </div>
   <div class='ocr_carea' id='block_1_55' title="bbox 602 5408 2191 5481">
    <p class='ocr_par' dir='ltr' id='par_1_55' title="bbox 602 5408 2191 5481">
     <span class='ocr_line' id='line_1_55' title="bbox 602 5408 2191 5481; baseline -0.001 -13"><span class='ocrx_word' id='word_1_403' title='bbox 602 5422 707 5477; x_wconf 90' lang='lat' dir='ltr'><strong>tur,</strong></span> <span class='ocrx_word' id='word_1_404' title='bbox 734 5410 1021 5476; x_wconf 89' lang='lat' dir='ltr'><strong>clamabat,</strong></span> <span class='ocrx_word' id='word_1_405' title='bbox 1052 5418 1112 5464; x_wconf 88' lang='lat' dir='ltr'><strong>ut</strong></span> <span class='ocrx_word' id='word_1_406' title='bbox 1135 5408 1236 5463; x_wconf 88' lang='lat' dir='ltr'><strong>sibi</strong></span> <span class='ocrx_word' id='word_1_407' title='bbox 1266 5424 1333 5463; x_wconf 86' lang='lat' dir='ltr'><strong>ex</strong></span> <span class='ocrx_word' id='word_1_408' title='bbox 1357 5410 1669 5464; x_wconf 89' lang='lat' dir='ltr'><strong>auctoritate</strong></span> <span class='ocrx_word' id='word_1_409' title='bbox 1694 5410 1969 5467; x_wconf 67' lang='lat' dir='ltr'><strong>Manichazi</strong></span> <span class='ocrx_word' id='word_1_410' title='bbox 2004 5426 2191 5481; x_wconf 82' lang='lat' dir='ltr'><strong>parce-</strong></span> 
     </span>
    </p>
   </div>
   <div class='ocr_carea' id='block_1_56' title="bbox 597 5498 2191 5573">
    <p class='ocr_par' dir='ltr' id='par_1_56' title="bbox 597 5498 2191 5573">
     <span class='ocr_line' id='line_1_56' title="bbox 597 5498 2191 5573; baseline 0 -15"><span class='ocrx_word' id='word_1_411' title='bbox 597 5510 777 5569; x_wconf 86' lang='lat' dir='ltr'><strong>retur,</strong></span> <span class='ocrx_word' id='word_1_412' title='bbox 807 5501 974 5557; x_wconf 86' lang='lat' dir='ltr'><strong>Adam</strong></span> <span class='ocrx_word' id='word_1_413' title='bbox 1000 5500 1231 5571; x_wconf 89' lang='lat' dir='ltr'><strong>primum</strong></span> <span class='ocrx_word' id='word_1_414' title='bbox 1255 5498 1473 5556; x_wconf 89' lang='lat' dir='ltr'><strong>heroem</strong></span> <span class='ocrx_word' id='word_1_415' title='bbox 1501 5502 1824 5571; x_wconf 88' lang='lat' dir='ltr'><strong>peccavisse,</strong></span> <span class='ocrx_word' id='word_1_416' title='bbox 1847 5510 1900 5557; x_wconf 93' lang='lat' dir='ltr'><strong>et</strong></span> <span class='ocrx_word' id='word_1_417' title='bbox 1930 5510 2051 5573; x_wconf 89' lang='lat' dir='ltr'><strong>post</strong></span> <span class='ocrx_word' id='word_1_418' title='bbox 2070 5517 2191 5573; x_wconf 86' lang='lat' dir='ltr'><strong>pec-</strong></span> 
     </span>
    </p>
   </div>
   <div class='ocr_carea' id='block_1_57' title="bbox 597 5592 1335 5649">
    <p class='ocr_par' dir='ltr' id='par_1_57' title="bbox 597 5592 1335 5649">
     <span class='ocr_line' id='line_1_57' title="bbox 597 5592 1335 5649; baseline -0.005 0"><span class='ocrx_word' id='word_1_419' title='bbox 597 5604 774 5649; x_wconf 83' lang='lat' dir='ltr'><strong>catum</strong></span> <span class='ocrx_word' id='word_1_420' title='bbox 806 5592 967 5648; x_wconf 86' lang='lat' dir='ltr'><strong>fuisse</strong></span> <span class='ocrx_word' id='word_1_421' title='bbox 993 5592 1335 5648; x_wconf 86' lang='lat' dir='ltr'><strong>sanctiorem.</strong></span> 
     </span>
    </p>
   </div>
   <div class='ocr_carea' id='block_1_58' title="bbox 673 5682 2193 5754">
    <p class='ocr_par' dir='ltr' id='par_1_58' title="bbox 673 5682 2193 5754">
     <span class='ocr_line' id='line_1_58' title="bbox 673 5682 2193 5754; baseline 0.003 -17"><span class='ocrx_word' id='word_1_422' title='bbox 673 5685 762 5739; x_wconf 79' lang='lat'><strong>73.</strong></span> <span class='ocrx_word' id='word_1_423' title='bbox 804 5684 946 5739; x_wconf 82' lang='lat' dir='ltr'><strong>Talis</strong></span> <span class='ocrx_word' id='word_1_424' title='bbox 974 5694 1054 5738; x_wconf 90' lang='lat' dir='ltr'><strong>est</strong></span> <span class='ocrx_word' id='word_1_425' title='bbox 1081 5699 1307 5751; x_wconf 83' lang='lat' dir='ltr'><strong>namque</strong></span> <span class='ocrx_word' id='word_1_426' title='bbox 1332 5682 1469 5754; x_wconf 89' lang='lat' dir='ltr'><strong>apud</strong></span> <span class='ocrx_word' id='word_1_427' title='bbox 1507 5697 1603 5737; x_wconf 89' lang='lat' dir='ltr'><strong>vos</strong></span> <span class='ocrx_word' id='word_1_428' title='bbox 1630 5683 1812 5753; x_wconf 88' lang='lat' dir='ltr'><strong>opinio</strong></span> <span class='ocrx_word' id='word_1_429' title='bbox 1844 5683 1914 5740; x_wconf 90' lang='lat' dir='ltr'><strong>de</strong></span> <span class='ocrx_word' id='word_1_430' title='bbox 1946 5684 2111 5739; x_wconf 79' lang='lat' dir='ltr'><strong>Adam</strong></span> <span class='ocrx_word' id='word_1_431' title='bbox 2137 5696 2193 5741; x_wconf 91' lang='lat' dir='ltr'><strong>et</strong></span> 
     </span>
    </p>
   </div>
   <div class='ocr_carea' id='block_1_59' title="bbox 601 5773 2189 5846">
    <p class='ocr_par' dir='ltr' id='par_1_59' title="bbox 601 5773 2189 5846">
     <span class='ocr_line' id='line_1_59' title="bbox 601 5773 2189 5846; baseline 0.001 -16"><span class='ocrx_word' id='word_1_432' title='bbox 601 5774 715 5830; x_wconf 87' lang='lat' dir='ltr'><strong>Eva</strong></span> <span class='ocrx_word' id='word_1_433' title='bbox 740 5792 754 5826; x_wconf 88' lang='lat'>:</span> <span class='ocrx_word' id='word_1_434' title='bbox 779 5775 930 5843; x_wconf 87' lang='lat' dir='ltr'><strong>longa</strong></span> <span class='ocrx_word' id='word_1_435' title='bbox 962 5773 1134 5827; x_wconf 88' lang='lat' dir='ltr'><strong>fabula</strong></span> <span class='ocrx_word' id='word_1_436' title='bbox 1160 5783 1272 5838; x_wconf 88' lang='lat' dir='ltr'><strong>est,</strong></span> <span class='ocrx_word' id='word_1_437' title='bbox 1297 5774 1390 5828; x_wconf 85' lang='lat' dir='ltr'><strong>sed</strong></span> <span class='ocrx_word' id='word_1_438' title='bbox 1424 5790 1487 5828; x_wconf 88' lang='lat' dir='ltr'><strong>ex</strong></span> <span class='ocrx_word' id='word_1_439' title='bbox 1514 5789 1575 5828; x_wconf 86' lang='lat' dir='ltr'><strong>ea</strong></span> <span class='ocrx_word' id='word_1_440' title='bbox 1611 5774 1660 5828; x_wconf 91' lang='lat' dir='ltr'><strong>id</strong></span> <span class='ocrx_word' id='word_1_441' title='bbox 1691 5776 1940 5845; x_wconf 79' lang='lat' dir='ltr'><strong>attingam</strong></span> <span class='ocrx_word' id='word_1_442' title='bbox 1969 5776 2107 5846; x_wconf 76' lang='lat' dir='ltr'><strong>quod</strong></span> <span class='ocrx_word' id='word_1_443' title='bbox 2138 5778 2189 5831; x_wconf 89' lang='lat' dir='ltr'><strong>ir.</strong></span> 
     </span>
    </p>
   </div>
   <div class='ocr_carea' id='block_1_60' title="bbox 602 5862 2190 5940">
    <p class='ocr_par' dir='ltr' id='par_1_60' title="bbox 602 5862 2190 5940">
     <span class='ocr_line' id='line_1_60' title="bbox 602 5862 2190 5940; baseline 0.003 -22"><span class='ocrx_word' id='word_1_444' title='bbox 602 5864 886 5940; x_wconf 72' lang='lat' dir='ltr'><strong>prmsentia</strong></span> <span class='ocrx_word' id='word_1_445' title='bbox 909 5864 1039 5919; x_wconf 88' lang='lat' dir='ltr'><strong>satis</strong></span> <span class='ocrx_word' id='word_1_446' title='bbox 1067 5872 1169 5919; x_wconf 88' lang='lat' dir='ltr'><strong>est.</strong></span> <span class='ocrx_word' id='word_1_447' title='bbox 1201 5862 1372 5919; x_wconf 79' lang='lat' dir='ltr'><strong>Adam</strong></span> <span class='ocrx_word' id='word_1_448' title='bbox 1396 5864 1572 5920; x_wconf 85' lang='lat' dir='ltr'><strong>dicitis</strong></span> <span class='ocrx_word' id='word_1_449' title='bbox 1598 5865 1677 5923; x_wconf 90' lang='lat' dir='ltr'><strong>sic</strong></span> <span class='ocrx_word' id='word_1_450' title='bbox 1697 5880 1725 5918; x_wconf 91' lang='lat' dir='ltr'><strong>a</strong></span> <span class='ocrx_word' id='word_1_451' title='bbox 1754 5870 2059 5935; x_wconf 74' lang='lat' dir='ltr'><strong>parentibus</strong></span> <span class='ocrx_word' id='word_1_452' title='bbox 2081 5870 2190 5923; x_wconf 77' lang='lat' dir='ltr'><strong>suis</strong></span> 
     </span>
    </p>
   </div>
   <div class='ocr_carea' id='block_1_61' title="bbox 1190 445 3355 514">
    <p class='ocr_par' dir='ltr' id='par_1_61' title="bbox 1190 445 3355 514">
     <span class='ocr_line' id='line_1_61' title="bbox 1190 445 3355 514; baseline 0 -3"><span class='ocrx_word' id='word_1_453' title='bbox 1190 455 1278 511; x_wconf 85' lang='lat' dir='ltr'><strong>DE</strong></span> <span class='ocrx_word' id='word_1_454' title='bbox 1314 451 1615 511; x_wconf 78' lang='lat' dir='ltr'><strong>MORIBUS</strong></span> <span class='ocrx_word' id='word_1_455' title='bbox 1648 445 2192 514; x_wconf 70' lang='lat' dir='ltr'><strong>MANICIUEORUM,</strong></span> <span class='ocrx_word' id='word_1_456' title='bbox 2233 445 2292 503; x_wconf 88' lang='lat' dir='ltr'><strong>S.</strong></span> <span class='ocrx_word' id='word_1_457' title='bbox 2334 447 2699 507; x_wconf 81' lang='lat' dir='ltr'><strong>AUGUSTINI</strong></span> <span class='ocrx_word' id='word_1_458' title='bbox 2738 448 2940 508; x_wconf 79' lang='lat' dir='ltr'><strong>LIBER</strong></span> <span class='ocrx_word' id='word_1_459' title='bbox 2977 450 3355 513; x_wconf 84' lang='lat' dir='ltr'><strong>SECUNDUS.</strong></span> 
     </span>
    </p>
   </div>
   <div class='ocr_carea' id='block_1_62' title="bbox 2310 560 3847 640">
    <p class='ocr_par' dir='ltr' id='par_1_62' title="bbox 2310 560 3847 640">
     <span class='ocr_line' id='line_1_62' title="bbox 2310 560 3847 640; baseline 0.011 -25"><span class='ocrx_word' id='word_1_460' title='bbox 2310 560 2582 632; x_wconf 87' lang='lat' dir='ltr'><strong>genitum,</strong></span> <span class='ocrx_word' id='word_1_461' title='bbox 2614 564 2867 621; x_wconf 84' lang='lat' dir='ltr'><strong>abortivis</strong></span> <span class='ocrx_word' id='word_1_462' title='bbox 2910 566 3016 621; x_wconf 91' lang='lat' dir='ltr'><strong>illis</strong></span> <span class='ocrx_word' id='word_1_463' title='bbox 3056 566 3380 636; x_wconf 82' lang='lat' dir='ltr'><strong>principibus</strong></span> <span class='ocrx_word' id='word_1_464' title='bbox 3416 568 3767 640; x_wconf 82' lang='lat' dir='ltr'><strong>tenebrarum,</strong></span> <span class='ocrx_word' id='word_1_465' title='bbox 3802 588 3847 632; x_wconf 88' lang='lat' dir='ltr'><strong>ut</strong></span> 
     </span>
    </p>
   </div>
   <div class='ocr_carea' id='block_1_63' title="bbox 2308 654 3844 732">
    <p class='ocr_par' dir='ltr' id='par_1_63' title="bbox 2308 654 3844 732">
     <span class='ocr_line' id='line_1_63' title="bbox 2308 654 3844 732; baseline 0.002 -24"><span class='ocrx_word' id='word_1_466' title='bbox 2308 654 2595 709; x_wconf 79' lang='lat' dir='ltr'><strong>maximam</strong></span> <span class='ocrx_word' id='word_1_467' title='bbox 2623 658 2822 723; x_wconf 73' lang='lat' dir='ltr'><strong>partem</strong></span> <span class='ocrx_word' id='word_1_468' title='bbox 2844 656 2977 713; x_wconf 88' lang='lat' dir='ltr'><strong>lucis</strong></span> <span class='ocrx_word' id='word_1_469' title='bbox 3001 657 3219 715; x_wconf 87' lang='lat' dir='ltr'><strong>haberet</strong></span> <span class='ocrx_word' id='word_1_470' title='bbox 3243 659 3296 713; x_wconf 92' lang='lat' dir='ltr'><strong>in</strong></span> <span class='ocrx_word' id='word_1_471' title='bbox 3323 661 3501 716; x_wconf 80' lang='lat' dir='ltr'><strong>anima</strong></span> <span class='ocrx_word' id='word_1_472' title='bbox 3526 662 3545 693; x_wconf 82' lang='grc'>⁸</span> <span class='ocrx_word' id='word_1_473' title='bbox 3561 702 3579 729; x_wconf 84' lang='grc'><em>,</em></span> <span class='ocrx_word' id='word_1_474' title='bbox 3603 672 3655 719; x_wconf 89' lang='lat' dir='ltr'><strong>et</strong></span> <span class='ocrx_word' id='word_1_475' title='bbox 3673 669 3844 732; x_wconf 65' lang='lat' dir='ltr'><strong>peregi.</strong></span> 
     </span>
    </p>
   </div>
   <div class='ocr_carea' id='block_1_64' title="bbox 2308 749 3844 829">
    <p class='ocr_par' dir='ltr' id='par_1_64' title="bbox 2308 749 3844 829">
     <span class='ocr_line' id='line_1_64' title="bbox 2308 749 3844 829; baseline 0.009 -27"><span class='ocrx_word' id='word_1_476' title='bbox 2308 763 2465 820; x_wconf 87' lang='lat' dir='ltr'><strong>gnam</strong></span> <span class='ocrx_word' id='word_1_477' title='bbox 2493 750 2666 820; x_wconf 89' lang='lat' dir='ltr'><strong>gentis</strong></span> <span class='ocrx_word' id='word_1_478' title='bbox 2693 749 2952 807; x_wconf 56' lang='lat' dir='ltr'><strong>adversae}</strong></span> <span class='ocrx_word' id='word_1_479' title='bbox 2974 751 3073 819; x_wconf 86' lang='lat' dir='ltr'><strong>Qui</strong></span> <span class='ocrx_word' id='word_1_480' title='bbox 3098 766 3217 808; x_wconf 90' lang='lat' dir='ltr'><strong>cum</strong></span> <span class='ocrx_word' id='word_1_481' title='bbox 3243 763 3428 809; x_wconf 85' lang='lat' dir='ltr'><strong>sancte</strong></span> <span class='ocrx_word' id='word_1_482' title='bbox 3449 753 3650 811; x_wconf 84' lang='lat' dir='ltr'><strong>viveret</strong></span> <span class='ocrx_word' id='word_1_483' title='bbox 3673 770 3844 829; x_wconf 78' lang='lat' dir='ltr'><strong>propter</strong></span> 
     </span>
    </p>
   </div>
   <div class='ocr_carea' id='block_1_65' title="bbox 2308 842 3842 913">
    <p class='ocr_par' dir='ltr' id='par_1_65' title="bbox 2308 842 3842 913">
     <span class='ocr_line' id='line_1_65' title="bbox 2308 842 3842 913; baseline 0.007 -18"><span class='ocrx_word' id='word_1_484' title='bbox 2308 851 2718 911; x_wconf 82' lang='lat' dir='ltr'><strong>exsuperantem</strong></span> <span class='ocrx_word' id='word_1_485' title='bbox 2759 842 2967 913; x_wconf 91' lang='lat' dir='ltr'><strong>copiam</strong></span> <span class='ocrx_word' id='word_1_486' title='bbox 2997 842 3156 909; x_wconf 91' lang='lat' dir='ltr'><strong>boni,</strong></span> <span class='ocrx_word' id='word_1_487' title='bbox 3190 852 3511 899; x_wconf 84' lang='lat' dir='ltr'><strong>commotam</strong></span> <span class='ocrx_word' id='word_1_488' title='bbox 3537 855 3700 901; x_wconf 81' lang='lat' dir='ltr'><strong>tamen</strong></span> <span class='ocrx_word' id='word_1_489' title='bbox 3726 849 3767 902; x_wconf 90' lang='lat' dir='ltr'><strong>in</strong></span> <span class='ocrx_word' id='word_1_490' title='bbox 3793 867 3842 906; x_wconf 83' lang='lat' dir='ltr'><strong>eo</strong></span> 
     </span>
    </p>
   </div>
   <div class='ocr_carea' id='block_1_66' title="bbox 2309 932 3842 1006">
    <p class='ocr_par' dir='ltr' id='par_1_66' title="bbox 2309 932 3842 1006">
     <span class='ocr_line' id='line_1_66' title="bbox 2309 932 3842 1006; baseline 0.005 -16"><span class='ocrx_word' id='word_1_491' title='bbox 2309 932 2476 991; x_wconf 83' lang='lat' dir='ltr'><strong>fuisse</strong></span> <span class='ocrx_word' id='word_1_492' title='bbox 2498 935 2779 991; x_wconf 85' lang='lat' dir='ltr'><strong>adversam</strong></span> <span class='ocrx_word' id='word_1_493' title='bbox 2812 936 2954 991; x_wconf 85' lang='lat' dir='ltr'><strong>illam</strong></span> <span class='ocrx_word' id='word_1_494' title='bbox 2982 945 3182 1006; x_wconf 87' lang='lat' dir='ltr'><strong>partem</strong></span> <span class='ocrx_word' id='word_1_495' title='bbox 3204 978 3218 1001; x_wconf 93' lang='lat'><strong>,</strong></span> <span class='ocrx_word' id='word_1_496' title='bbox 3247 946 3305 992; x_wconf 92' lang='lat' dir='ltr'><strong>ut</strong></span> <span class='ocrx_word' id='word_1_497' title='bbox 3334 937 3403 992; x_wconf 90' lang='lat' dir='ltr'><strong>ad</strong></span> <span class='ocrx_word' id='word_1_498' title='bbox 3430 940 3746 995; x_wconf 82' lang='lat' dir='ltr'><strong>concubitum</strong></span> <span class='ocrx_word' id='word_1_499' title='bbox 3770 943 3842 999; x_wconf 87' lang='lat' dir='ltr'><strong>de-</strong></span> 
     </span>
    </p>
   </div>
   <div class='ocr_carea' id='block_1_67' title="bbox 2308 1027 3843 1100">
    <p class='ocr_par' dir='ltr' id='par_1_67' title="bbox 2308 1027 3843 1100">
     <span class='ocr_line' id='line_1_67' title="bbox 2308 1027 3843 1100; baseline 0.004 -19"><span class='ocrx_word' id='word_1_500' title='bbox 2308 1027 2597 1081; x_wconf 87' lang='lat' dir='ltr'><strong>clinaretur</strong></span> <span class='ocrx_word' id='word_1_501' title='bbox 2626 1044 2640 1082; x_wconf 91' lang='lat'><strong>:</strong></span> <span class='ocrx_word' id='word_1_502' title='bbox 2668 1027 2738 1081; x_wconf 90' lang='lat' dir='ltr'><strong>ita</strong></span> <span class='ocrx_word' id='word_1_503' title='bbox 2767 1041 2888 1082; x_wconf 90' lang='lat' dir='ltr'><strong>eum</strong></span> <span class='ocrx_word' id='word_1_504' title='bbox 2928 1028 3131 1097; x_wconf 87' lang='lat' dir='ltr'><strong>lapsum</strong></span> <span class='ocrx_word' id='word_1_505' title='bbox 3160 1042 3279 1083; x_wconf 69' lang='lat' dir='ltr'><strong>esse</strong></span> <span class='ocrx_word' id='word_1_506' title='bbox 3307 1037 3468 1099; x_wconf 85' lang='lat' dir='ltr'><strong>atque</strong></span> <span class='ocrx_word' id='word_1_507' title='bbox 3505 1045 3749 1100; x_wconf 83' lang='lat' dir='ltr'><strong>peccasse.</strong></span> <span class='ocrx_word' id='word_1_508' title='bbox 3773 1036 3843 1088; x_wconf 74' lang='lat' dir='ltr'><strong>sed</strong></span> 
     </span>
    </p>
   </div>
   <div class='ocr_carea' id='block_1_68' title="bbox 2308 1117 3842 1192">
    <p class='ocr_par' dir='ltr' id='par_1_68' title="bbox 2308 1117 3842 1192">
     <span class='ocr_line' id='line_1_68' title="bbox 2308 1117 3842 1192; baseline 0.005 -22"><span class='ocrx_word' id='word_1_509' title='bbox 2308 1117 2504 1173; x_wconf 82' lang='lat' dir='ltr'><strong>vixisse</strong></span> <span class='ocrx_word' id='word_1_510' title='bbox 2525 1128 2704 1189; x_wconf 89' lang='lat' dir='ltr'><strong>postea</strong></span> <span class='ocrx_word' id='word_1_511' title='bbox 2726 1118 3065 1173; x_wconf 87' lang='lat' dir='ltr'><strong>sanctiorem.</strong></span> <span class='ocrx_word' id='word_1_512' title='bbox 3098 1118 3193 1174; x_wconf 83' lang='lat' dir='ltr'><strong>Hic</strong></span> <span class='ocrx_word' id='word_1_513' title='bbox 3212 1132 3310 1190; x_wconf 91' lang='lat' dir='ltr'><strong>ego</strong></span> <span class='ocrx_word' id='word_1_514' title='bbox 3327 1134 3434 1174; x_wconf 91' lang='lat' dir='ltr'><strong>non</strong></span> <span class='ocrx_word' id='word_1_515' title='bbox 3458 1131 3563 1174; x_wconf 81' lang='lat' dir='ltr'><strong>tam</strong></span> <span class='ocrx_word' id='word_1_516' title='bbox 3580 1120 3645 1176; x_wconf 88' lang='lat' dir='ltr'><strong>de</strong></span> <span class='ocrx_word' id='word_1_517' title='bbox 3662 1138 3842 1192; x_wconf 85' lang='lat' dir='ltr'><strong>nequam</strong></span> 
     </span>
    </p>
   </div>
   <div class='ocr_carea' id='block_1_69' title="bbox 2308 1210 3841 1283">
    <p class='ocr_par' dir='ltr' id='par_1_69' title="bbox 2308 1210 3841 1283">
     <span class='ocr_line' id='line_1_69' title="bbox 2308 1210 3841 1283; baseline 0.003 -18"><span class='ocrx_word' id='word_1_518' title='bbox 2308 1210 2525 1267; x_wconf 87' lang='lat' dir='ltr'><strong>homine</strong></span> <span class='ocrx_word' id='word_1_519' title='bbox 2552 1226 2849 1283; x_wconf 89' lang='lat' dir='ltr'><strong>conqueror</strong></span> <span class='ocrx_word' id='word_1_520' title='bbox 2866 1253 2880 1277; x_wconf 92' lang='lat'><strong>,</strong></span> <span class='ocrx_word' id='word_1_521' title='bbox 2910 1211 3002 1283; x_wconf 90' lang='lat' dir='ltr'><strong>qui</strong></span> <span class='ocrx_word' id='word_1_522' title='bbox 3031 1222 3215 1282; x_wconf 89' lang='lat' dir='ltr'><strong>stupro</strong></span> <span class='ocrx_word' id='word_1_523' title='bbox 3242 1211 3461 1269; x_wconf 85' lang='lat' dir='ltr'><strong>nefario</strong></span> <span class='ocrx_word' id='word_1_524' title='bbox 3485 1214 3696 1269; x_wconf 82' lang='lat' dir='ltr'><strong>alienata</strong></span> <span class='ocrx_word' id='word_1_525' title='bbox 3721 1215 3841 1270; x_wconf 81' lang='lat' dir='ltr'><strong>fami-</strong></span> 
     </span>
    </p>
   </div>
   <div class='ocr_carea' id='block_1_70' title="bbox 2308 1304 3843 1371">
    <p class='ocr_par' dir='ltr' id='par_1_70' title="bbox 2308 1304 3843 1371">
     <span class='ocr_line' id='line_1_70' title="bbox 2308 1304 3843 1371; baseline 0.004 -13"><span class='ocrx_word' id='word_1_526' title='bbox 2308 1304 2431 1359; x_wconf 90' lang='lat' dir='ltr'><strong>liam</strong></span> <span class='ocrx_word' id='word_1_527' title='bbox 2457 1306 2479 1338; x_wconf 77' lang='grc'><strong><em>⁸</em></strong></span> <span class='ocrx_word' id='word_1_528' title='bbox 2502 1347 2518 1371; x_wconf 83' lang='grc'><strong><em>,</em></strong></span> <span class='ocrx_word' id='word_1_529' title='bbox 2551 1306 2651 1361; x_wconf 89' lang='lat' dir='ltr'><strong>sub</strong></span> <span class='ocrx_word' id='word_1_530' title='bbox 2677 1304 2856 1361; x_wconf 88' lang='lat' dir='ltr'><strong>habitu</strong></span> <span class='ocrx_word' id='word_1_531' title='bbox 2883 1304 3038 1361; x_wconf 86' lang='lat' dir='ltr'><strong>electi</strong></span> <span class='ocrx_word' id='word_1_532' title='bbox 3068 1314 3123 1360; x_wconf 92' lang='lat' dir='ltr'><strong>et</strong></span> <span class='ocrx_word' id='word_1_533' title='bbox 3150 1306 3316 1361; x_wconf 86' lang='lat' dir='ltr'><strong>sancti</strong></span> <span class='ocrx_word' id='word_1_534' title='bbox 3346 1306 3449 1361; x_wconf 91' lang='lat' dir='ltr'><strong>viri</strong></span> <span class='ocrx_word' id='word_1_535' title='bbox 3480 1306 3546 1362; x_wconf 88' lang='lat' dir='ltr'><strong>ad</strong></span> <span class='ocrx_word' id='word_1_536' title='bbox 3570 1316 3747 1362; x_wconf 85' lang='lat' dir='ltr'><strong>tantum</strong></span> <span class='ocrx_word' id='word_1_537' title='bbox 3768 1310 3843 1364; x_wconf 82' lang='lat' dir='ltr'><strong>de-</strong></span> 
     </span>
    </p>
   </div>
   <div class='ocr_carea' id='block_1_71' title="bbox 2308 1393 3841 1469">
    <p class='ocr_par' dir='ltr' id='par_1_71' title="bbox 2308 1393 3841 1469">
     <span class='ocr_line' id='line_1_71' title="bbox 2308 1393 3841 1469; baseline 0.005 -20"><span class='ocrx_word' id='word_1_538' title='bbox 2308 1393 2472 1450; x_wconf 90' lang='lat' dir='ltr'><strong>decus</strong></span> <span class='ocrx_word' id='word_1_539' title='bbox 2512 1396 2889 1465; x_wconf 84' lang='lat' dir='ltr'><strong>infamiamque</strong></span> <span class='ocrx_word' id='word_1_540' title='bbox 2921 1396 3183 1466; x_wconf 76' lang='lat' dir='ltr'><strong>pcrduxit.</strong></span> <span class='ocrx_word' id='word_1_541' title='bbox 3226 1396 3342 1452; x_wconf 85' lang='lat' dir='ltr'><strong>Non</strong></span> <span class='ocrx_word' id='word_1_542' title='bbox 3376 1398 3481 1454; x_wconf 86' lang='lat' dir='ltr'><strong>hoc</strong></span> <span class='ocrx_word' id='word_1_543' title='bbox 3508 1399 3649 1454; x_wconf 87' lang='lat' dir='ltr'><strong>vobis</strong></span> <span class='ocrx_word' id='word_1_544' title='bbox 3671 1400 3841 1469; x_wconf 82' lang='lat' dir='ltr'><strong>objicio.</strong></span> 
     </span>
    </p>
   </div>
   <div class='ocr_carea' id='block_1_72' title="bbox 2308 1484 3844 1559">
    <p class='ocr_par' dir='ltr' id='par_1_72' title="bbox 2308 1484 3844 1559">
     <span class='ocr_line' id='line_1_72' title="bbox 2308 1484 3844 1559; baseline 0.003 -19"><span class='ocrx_word' id='word_1_545' title='bbox 2308 1484 2491 1540; x_wconf 78' lang='lat' dir='ltr'><strong>Fuerit</strong></span> <span class='ocrx_word' id='word_1_546' title='bbox 2520 1486 2618 1541; x_wconf 88' lang='lat' dir='ltr'><strong>hoc</strong></span> <span class='ocrx_word' id='word_1_547' title='bbox 2650 1486 2879 1541; x_wconf 89' lang='lat' dir='ltr'><strong>hominis</strong></span> <span class='ocrx_word' id='word_1_548' title='bbox 2909 1487 3250 1556; x_wconf 90' lang='lat' dir='ltr'><strong>perditissimi</strong></span> <span class='ocrx_word' id='word_1_549' title='bbox 3283 1489 3463 1559; x_wconf 89' lang='lat' dir='ltr'><strong>potius</strong></span> <span class='ocrx_word' id='word_1_550' title='bbox 3490 1504 3640 1559; x_wconf 86' lang='lat' dir='ltr'><strong>quam</strong></span> <span class='ocrx_word' id='word_1_551' title='bbox 3663 1504 3844 1546; x_wconf 67' lang='lat' dir='ltr'><strong>censue</strong></span> 
     </span>
    </p>
   </div>
   <div class='ocr_carea' id='block_1_73' title="bbox 2309 1575 3842 1649">
    <p class='ocr_par' dir='ltr' id='par_1_73' title="bbox 2309 1575 3842 1649">
     <span class='ocr_line' id='line_1_73' title="bbox 2309 1575 3842 1649; baseline 0.003 -18"><span class='ocrx_word' id='word_1_552' title='bbox 2309 1575 2505 1631; x_wconf 89' lang='lat' dir='ltr'><strong>tudinis</strong></span> <span class='ocrx_word' id='word_1_553' title='bbox 2530 1585 2741 1632; x_wconf 75' lang='lat' dir='ltr'><strong>vesirze.</strong></span> <span class='ocrx_word' id='word_1_554' title='bbox 2785 1577 2899 1632; x_wconf 85' lang='lat' dir='ltr'><strong>Non</strong></span> <span class='ocrx_word' id='word_1_555' title='bbox 2926 1579 3068 1635; x_wconf 90' lang='lat' dir='ltr'><strong>enim</strong></span> <span class='ocrx_word' id='word_1_556' title='bbox 3098 1587 3301 1633; x_wconf 88' lang='lat' dir='ltr'><strong>tantum</strong></span> <span class='ocrx_word' id='word_1_557' title='bbox 3332 1578 3588 1645; x_wconf 66' lang='lat' dir='ltr'><strong>ﬂagitium</strong></span> <span class='ocrx_word' id='word_1_558' title='bbox 3630 1581 3677 1635; x_wconf 90' lang='lat' dir='ltr'><strong>in</strong></span> <span class='ocrx_word' id='word_1_559' title='bbox 3707 1583 3842 1649; x_wconf 70' lang='lat' dir='ltr'><strong>vobis,</strong></span> 
     </span>
    </p>
   </div>
   <div class='ocr_carea' id='block_1_74' title="bbox 2306 1665 3843 1742">
    <p class='ocr_par' dir='ltr' id='par_1_74' title="bbox 2306 1665 3843 1742">
     <span class='ocr_line' id='line_1_74' title="bbox 2306 1665 3843 1742; baseline 0.005 -23"><span class='ocrx_word' id='word_1_560' title='bbox 2306 1665 2399 1721; x_wconf 85' lang='lat' dir='ltr'><strong>sed</strong></span> <span class='ocrx_word' id='word_1_561' title='bbox 2426 1667 2476 1720; x_wconf 92' lang='lat' dir='ltr'><strong>in</strong></span> <span class='ocrx_word' id='word_1_562' title='bbox 2508 1667 2598 1721; x_wconf 93' lang='lat' dir='ltr'><strong>illo</strong></span> <span class='ocrx_word' id='word_1_563' title='bbox 2617 1683 2799 1738; x_wconf 87' lang='lat' dir='ltr'><strong>arguo.</strong></span> <span class='ocrx_word' id='word_1_564' title='bbox 2832 1667 2963 1723; x_wconf 88' lang='lat' dir='ltr'><strong>Illud</strong></span> <span class='ocrx_word' id='word_1_565' title='bbox 2982 1676 3159 1723; x_wconf 90' lang='lat' dir='ltr'><strong>tamen</strong></span> <span class='ocrx_word' id='word_1_566' title='bbox 3183 1670 3232 1722; x_wconf 92' lang='lat' dir='ltr'><strong>in</strong></span> <span class='ocrx_word' id='word_1_567' title='bbox 3256 1670 3510 1725; x_wconf 89' lang='lat' dir='ltr'><strong>omnibus</strong></span> <span class='ocrx_word' id='word_1_568' title='bbox 3534 1671 3673 1724; x_wconf 91' lang='lat' dir='ltr'><strong>vobis</strong></span> <span class='ocrx_word' id='word_1_569' title='bbox 3695 1688 3843 1742; x_wconf 84' lang='lat' dir='ltr'><strong>quem-</strong></span> 
     </span>
    </p>
   </div>
   <div class='ocr_carea' id='block_1_75' title="bbox 2306 1755 3845 1834">
    <p class='ocr_par' dir='ltr' id='par_1_75' title="bbox 2306 1755 3845 1834">
     <span class='ocr_line' id='line_1_75' title="bbox 2306 1755 3845 1834; baseline 0.006 -24"><span class='ocrx_word' id='word_1_570' title='bbox 2306 1755 2592 1812; x_wconf 89' lang='lat' dir='ltr'><strong>admodum</strong></span> <span class='ocrx_word' id='word_1_571' title='bbox 2630 1757 2755 1813; x_wconf 87' lang='lat' dir='ltr'><strong>ferri</strong></span> <span class='ocrx_word' id='word_1_572' title='bbox 2794 1768 2849 1814; x_wconf 89' lang='lat' dir='ltr'><strong>et</strong></span> <span class='ocrx_word' id='word_1_573' title='bbox 2894 1759 3108 1814; x_wconf 90' lang='lat' dir='ltr'><strong>tolerari</strong></span> <span class='ocrx_word' id='word_1_574' title='bbox 3147 1762 3312 1827; x_wconf 88' lang='lat' dir='ltr'><strong>possit</strong></span> <span class='ocrx_word' id='word_1_575' title='bbox 3353 1761 3713 1834; x_wconf 84' lang='lat' dir='ltr'><strong>iguoro,qnod</strong></span> <span class='ocrx_word' id='word_1_576' title='bbox 3750 1780 3845 1819; x_wconf 87' lang='lat' dir='ltr'><strong>cum</strong></span> 
     </span>
    </p>
   </div>
   <div class='ocr_carea' id='block_1_76' title="bbox 2306 1849 3844 1919">
    <p class='ocr_par' dir='ltr' id='par_1_76' title="bbox 2306 1849 3844 1919">
     <span class='ocr_line' id='line_1_76' title="bbox 2306 1849 3844 1919; baseline 0.005 -17"><span class='ocrx_word' id='word_1_577' title='bbox 2306 1850 2535 1903; x_wconf 90' lang='lat' dir='ltr'><strong>animam</strong></span> <span class='ocrx_word' id='word_1_578' title='bbox 2561 1862 2766 1919; x_wconf 87' lang='lat' dir='ltr'><strong>partem</strong></span> <span class='ocrx_word' id='word_1_579' title='bbox 2790 1849 2881 1905; x_wconf 85' lang='lat' dir='ltr'><strong>Dei</strong></span> <span class='ocrx_word' id='word_1_580' title='bbox 2902 1865 3023 1906; x_wconf 89' lang='lat' dir='ltr'><strong>esse</strong></span> <span class='ocrx_word' id='word_1_581' title='bbox 3044 1850 3249 1915; x_wconf 89' lang='lat' dir='ltr'><strong>dicatis,</strong></span> <span class='ocrx_word' id='word_1_582' title='bbox 3273 1854 3522 1908; x_wconf 88' lang='lat' dir='ltr'><strong>asseritis</strong></span> <span class='ocrx_word' id='word_1_583' title='bbox 3544 1862 3701 1909; x_wconf 87' lang='lat' dir='ltr'><strong>tamen</strong></span> <span class='ocrx_word' id='word_1_584' title='bbox 3718 1855 3844 1909; x_wconf 82' lang='lat' dir='ltr'><strong>etiam</strong></span> 
     </span>
    </p>
   </div>
   <div class='ocr_carea' id='block_1_77' title="bbox 2306 1940 3846 2013">
    <p class='ocr_par' dir='ltr' id='par_1_77' title="bbox 2306 1940 3846 2013">
     <span class='ocr_line' id='line_1_77' title="bbox 2306 1940 3846 2013; baseline 0.004 -19"><span class='ocrx_word' id='word_1_585' title='bbox 2306 1940 2499 2010; x_wconf 80' lang='lat' dir='ltr'><strong>exiguo</strong></span> <span class='ocrx_word' id='word_1_586' title='bbox 2529 1940 2766 1995; x_wconf 76' lang='lat' dir='ltr'><strong>admixto</strong></span> <span class='ocrx_word' id='word_1_587' title='bbox 2794 1943 2932 1995; x_wconf 88' lang='lat' dir='ltr'><strong>malo</strong></span> <span class='ocrx_word' id='word_1_588' title='bbox 2955 1982 2970 2008; x_wconf 92' lang='lat'><strong>,</strong></span> <span class='ocrx_word' id='word_1_589' title='bbox 3004 1942 3257 2011; x_wconf 84' lang='lat' dir='ltr'><strong>majorem</strong></span> <span class='ocrx_word' id='word_1_590' title='bbox 3293 1942 3411 2012; x_wconf 89' lang='lat' dir='ltr'><strong>ejus</strong></span> <span class='ocrx_word' id='word_1_591' title='bbox 3439 1943 3640 2013; x_wconf 87' lang='lat' dir='ltr'><strong>copiam</strong></span> <span class='ocrx_word' id='word_1_592' title='bbox 3670 1944 3846 2000; x_wconf 84' lang='lat' dir='ltr'><strong>uberta-</strong></span> 
     </span>
    </p>
   </div>
   <div class='ocr_carea' id='block_1_78' title="bbox 2306 2032 3847 2103">
    <p class='ocr_par' dir='ltr' id='par_1_78' title="bbox 2306 2032 3847 2103">
     <span class='ocr_line' id='line_1_78' title="bbox 2306 2032 3847 2103; baseline 0.003 -19"><span class='ocrx_word' id='word_1_593' title='bbox 2306 2038 2519 2103; x_wconf 90' lang='lat' dir='ltr'><strong>temque</strong></span> <span class='ocrx_word' id='word_1_594' title='bbox 2550 2032 2807 2100; x_wconf 83' lang='lat' dir='ltr'><strong>superari.</strong></span> <span class='ocrx_word' id='word_1_595' title='bbox 2847 2032 2978 2100; x_wconf 87' lang='lat' dir='ltr'><strong>Quis</strong></span> <span class='ocrx_word' id='word_1_596' title='bbox 3018 2033 3160 2087; x_wconf 90' lang='lat' dir='ltr'><strong>enim</strong></span> <span class='ocrx_word' id='word_1_597' title='bbox 3197 2047 3319 2086; x_wconf 90' lang='lat' dir='ltr'><strong>cum</strong></span> <span class='ocrx_word' id='word_1_598' title='bbox 3357 2032 3460 2086; x_wconf 82' lang='lat' dir='ltr'><strong>hoc</strong></span> <span class='ocrx_word' id='word_1_599' title='bbox 3496 2033 3779 2095; x_wconf 83' lang='lat' dir='ltr'><strong>crediderit.</strong></span> <span class='ocrx_word' id='word_1_600' title='bbox 3804 2044 3847 2088; x_wconf 86' lang='lat' dir='ltr'><strong>et</strong></span> 
     </span>
    </p>
   </div>
   <div class='ocr_carea' id='block_1_79' title="bbox 2304 2121 3843 2193">
    <p class='ocr_par' dir='ltr' id='par_1_79' title="bbox 2304 2121 3843 2193">
     <span class='ocr_line' id='line_1_79' title="bbox 2304 2121 3843 2193; baseline 0.001 -19"><span class='ocrx_word' id='word_1_601' title='bbox 2304 2138 2424 2175; x_wconf 87' lang='lat' dir='ltr'><strong>eum</strong></span> <span class='ocrx_word' id='word_1_602' title='bbox 2456 2122 2617 2176; x_wconf 86' lang='lat' dir='ltr'><strong>libido</strong></span> <span class='ocrx_word' id='word_1_603' title='bbox 2644 2122 2951 2192; x_wconf 85' lang='lat' dir='ltr'><strong>pulsaverit,</strong></span> <span class='ocrx_word' id='word_1_604' title='bbox 2987 2136 3093 2176; x_wconf 91' lang='lat' dir='ltr'><strong>non</strong></span> <span class='ocrx_word' id='word_1_605' title='bbox 3120 2121 3185 2175; x_wconf 90' lang='lat' dir='ltr'><strong>ad</strong></span> <span class='ocrx_word' id='word_1_606' title='bbox 3218 2122 3377 2175; x_wconf 81' lang='lat' dir='ltr'><strong>talem</strong></span> <span class='ocrx_word' id='word_1_607' title='bbox 3407 2121 3747 2178; x_wconf 84' lang='lat' dir='ltr'><strong>defensionem</strong></span> <span class='ocrx_word' id='word_1_608' title='bbox 3769 2138 3843 2193; x_wconf 88' lang='lat' dir='ltr'><strong>po-</strong></span> 
     </span>
    </p>
   </div>
   <div class='ocr_carea' id='block_1_80' title="bbox 2306 2214 3847 2288">
    <p class='ocr_par' dir='ltr' id='par_1_80' title="bbox 2306 2214 3847 2288">
     <span class='ocr_line' id='line_1_80' title="bbox 2306 2214 3847 2288; baseline 0.002 -20"><span class='ocrx_word' id='word_1_609' title='bbox 2306 2214 2442 2280; x_wconf 74' lang='lat' dir='ltr'><strong>tius,</strong></span> <span class='ocrx_word' id='word_1_610' title='bbox 2476 2230 2633 2285; x_wconf 88' lang='lat' dir='ltr'><strong>quam</strong></span> <span class='ocrx_word' id='word_1_611' title='bbox 2678 2215 2792 2281; x_wconf 85' lang='lat' dir='ltr'><strong>ejus</strong></span> <span class='ocrx_word' id='word_1_612' title='bbox 2829 2215 3058 2270; x_wconf 87' lang='lat' dir='ltr'><strong>libidinis</strong></span> <span class='ocrx_word' id='word_1_613' title='bbox 3097 2215 3512 2271; x_wconf 52' lang='lat' dir='ltr'><strong>refrenationem</strong></span> <span class='ocrx_word' id='word_1_614' title='bbox 3548 2220 3847 2288; x_wconf 79' lang='lat' dir='ltr'><strong>compressio-</strong></span> 
     </span>
    </p>
   </div>
   <div class='ocr_carea' id='block_1_81' title="bbox 2306 2306 2873 2377">
    <p class='ocr_par' dir='ltr' id='par_1_81' title="bbox 2306 2306 2873 2377">
     <span class='ocr_line' id='line_1_81' title="bbox 2306 2306 2873 2377; baseline 0 -17"><span class='ocrx_word' id='word_1_615' title='bbox 2306 2321 2535 2372; x_wconf 88' lang='lat' dir='ltr'><strong>nemque</strong></span> <span class='ocrx_word' id='word_1_616' title='bbox 2563 2306 2873 2377; x_wconf 80' lang='lat' dir='ltr'><strong>confugiat?</strong></span> 
     </span>
    </p>
   </div>
   <div class='ocr_carea' id='block_1_82' title="bbox 2302 2394 3844 2470">
    <p class='ocr_par' dir='ltr' id='par_1_82' title="bbox 2302 2394 3844 2470">
     <span class='ocr_line' id='line_1_82' title="bbox 2302 2394 3844 2470; baseline 0.002 -20"><span class='ocrx_word' id='word_1_617' title='bbox 2302 2394 2531 2451; x_wconf 78' lang='lat' dir='ltr'><strong>CAl‘U&#39;l‘</strong></span> <span class='ocrx_word' id='word_1_618' title='bbox 2556 2396 2674 2451; x_wconf 73' lang='lat' dir='ltr'><strong>XX.</strong></span> <span class='ocrx_word' id='word_1_619' title='bbox 2707 2427 2773 2438; x_wconf 91' lang='lat'><strong>-—</strong></span> <span class='ocrx_word' id='word_1_620' title='bbox 2792 2396 3019 2469; x_wconf 80' lang='lat' dir='ltr'><strong>Flagitia</strong></span> <span class='ocrx_word' id='word_1_621' title='bbox 3046 2399 3334 2452; x_wconf 84' lang='lat' dir='ltr'><strong>earumdem</strong></span> <span class='ocrx_word' id='word_1_622' title='bbox 3370 2397 3543 2454; x_wconf 74' lang='lat' dir='ltr'><strong>Rom</strong></span> <span class='ocrx_word' id='word_1_623' title='bbox 3564 2399 3844 2470; x_wconf 70' lang='lat' dir='ltr'><strong>deprehensa.</strong></span> 
     </span>
    </p>
   </div>
   <div class='ocr_carea' id='block_1_83' title="bbox 2376 2490 3847 2562">
    <p class='ocr_par' dir='ltr' id='par_1_83' title="bbox 2376 2490 3847 2562">
     <span class='ocr_line' id='line_1_83' title="bbox 2376 2490 3847 2562; baseline 0.001 -17"><span class='ocrx_word' id='word_1_624' title='bbox 2376 2490 2463 2545; x_wconf 70' lang='grc'><strong>74.</strong></span> <span class='ocrx_word' id='word_1_625' title='bbox 2504 2490 2639 2557; x_wconf 84' lang='lat' dir='ltr'><strong>Quid</strong></span> <span class='ocrx_word' id='word_1_626' title='bbox 2667 2491 2896 2562; x_wconf 88' lang='lat' dir='ltr'><strong>amplius</strong></span> <span class='ocrx_word' id='word_1_627' title='bbox 2922 2492 3094 2547; x_wconf 88' lang='lat' dir='ltr'><strong>dicam</strong></span> <span class='ocrx_word' id='word_1_628' title='bbox 3134 2490 3202 2546; x_wconf 89' lang='lat' dir='ltr'><strong>de</strong></span> <span class='ocrx_word' id='word_1_629' title='bbox 3242 2491 3481 2546; x_wconf 90' lang='lat' dir='ltr'><strong>moribus</strong></span> <span class='ocrx_word' id='word_1_630' title='bbox 3512 2492 3724 2546; x_wconf 80' lang='lat' dir='ltr'><strong>vestris?</strong></span> <span class='ocrx_word' id='word_1_631' title='bbox 3756 2492 3847 2547; x_wconf 76' lang='lat' dir='ltr'><strong>Dixi</strong></span> 
     </span>
    </p>
   </div>
   <div class='ocr_carea' id='block_1_84' title="bbox 2304 2581 3849 2651">
    <p class='ocr_par' dir='ltr' id='par_1_84' title="bbox 2304 2581 3849 2651">
     <span class='ocr_line' id='line_1_84' title="bbox 2304 2581 3849 2651; baseline 0.002 -18"><span class='ocrx_word' id='word_1_632' title='bbox 2304 2595 2424 2651; x_wconf 82' lang='lat' dir='ltr'><strong>qua-</strong></span> <span class='ocrx_word' id='word_1_633' title='bbox 2450 2581 2562 2651; x_wconf 88' lang='lat' dir='ltr'><strong>ipse</strong></span> <span class='ocrx_word' id='word_1_634' title='bbox 2599 2583 2951 2651; x_wconf 83' lang='lat' dir='ltr'><strong>compererim</strong></span> <span class='ocrx_word' id='word_1_635' title='bbox 2969 2622 2983 2643; x_wconf 86' lang='lat'><strong>,</strong></span> <span class='ocrx_word' id='word_1_636' title='bbox 3010 2596 3132 2635; x_wconf 90' lang='lat' dir='ltr'><strong>cum</strong></span> <span class='ocrx_word' id='word_1_637' title='bbox 3161 2581 3213 2636; x_wconf 92' lang='lat' dir='ltr'><strong>in</strong></span> <span class='ocrx_word' id='word_1_638' title='bbox 3258 2597 3322 2636; x_wconf 76' lang='lat' dir='ltr'><strong>ra</strong></span> <span class='ocrx_word' id='word_1_639' title='bbox 3358 2596 3529 2638; x_wconf 85' lang='lat' dir='ltr'><strong>essem</strong></span> <span class='ocrx_word' id='word_1_640' title='bbox 3555 2582 3752 2637; x_wconf 83' lang='lat' dir='ltr'><strong>civitate</strong></span> <span class='ocrx_word' id='word_1_641' title='bbox 3778 2583 3849 2636; x_wconf 87' lang='lat' dir='ltr'><strong>ubi</strong></span> 
     </span>
    </p>
   </div>
   <div class='ocr_carea' id='block_1_85' title="bbox 2304 2671 3850 2743">
    <p class='ocr_par' dir='ltr' id='par_1_85' title="bbox 2304 2671 3850 2743">
     <span class='ocr_line' id='line_1_85' title="bbox 2304 2671 3850 2743; baseline 0.001 -19"><span class='ocrx_word' id='word_1_642' title='bbox 2304 2671 2404 2725; x_wconf 89' lang='lat' dir='ltr'><strong>ista</strong></span> <span class='ocrx_word' id='word_1_643' title='bbox 2436 2672 2719 2726; x_wconf 89' lang='lat' dir='ltr'><strong>commissa</strong></span> <span class='ocrx_word' id='word_1_644' title='bbox 2758 2682 2903 2728; x_wconf 89' lang='lat' dir='ltr'><strong>sunt.</strong></span> <span class='ocrx_word' id='word_1_645' title='bbox 2953 2672 3137 2727; x_wconf 69' lang='lat' dir='ltr'><strong>Romze</strong></span> <span class='ocrx_word' id='word_1_646' title='bbox 3176 2681 3353 2726; x_wconf 89' lang='lat' dir='ltr'><strong>autem</strong></span> <span class='ocrx_word' id='word_1_647' title='bbox 3390 2688 3471 2727; x_wconf 90' lang='lat' dir='ltr'><strong>me</strong></span> <span class='ocrx_word' id='word_1_648' title='bbox 3498 2673 3703 2728; x_wconf 83' lang='lat' dir='ltr'><strong>absente</strong></span> <span class='ocrx_word' id='word_1_649' title='bbox 3740 2673 3850 2743; x_wconf 86' lang='lat' dir='ltr'><strong>quid</strong></span> 
     </span>
    </p>
   </div>
   <div class='ocr_carea' id='block_1_86' title="bbox 2303 2764 3849 2834">
    <p class='ocr_par' dir='ltr' id='par_1_86' title="bbox 2303 2764 3849 2834">
     <span class='ocr_line' id='line_1_86' title="bbox 2303 2764 3849 2834; baseline 0 -17"><span class='ocrx_word' id='word_1_650' title='bbox 2303 2771 2508 2833; x_wconf 87' lang='lat' dir='ltr'><strong>gestum</strong></span> <span class='ocrx_word' id='word_1_651' title='bbox 2541 2764 2628 2824; x_wconf 86' lang='lat' dir='ltr'><strong>sit,</strong></span> <span class='ocrx_word' id='word_1_652' title='bbox 2661 2771 2826 2817; x_wconf 92' lang='lat' dir='ltr'><strong>totum</strong></span> <span class='ocrx_word' id='word_1_653' title='bbox 2854 2764 3066 2834; x_wconf 88' lang='lat' dir='ltr'><strong>longum</strong></span> <span class='ocrx_word' id='word_1_654' title='bbox 3087 2773 3170 2818; x_wconf 88' lang='lat' dir='ltr'><strong>est</strong></span> <span class='ocrx_word' id='word_1_655' title='bbox 3194 2766 3474 2833; x_wconf 72' lang='lat' dir='ltr'><strong>explicare.</strong></span> <span class='ocrx_word' id='word_1_656' title='bbox 3504 2764 3675 2820; x_wconf 87' lang='lat' dir='ltr'><strong>Dicam</strong></span> <span class='ocrx_word' id='word_1_657' title='bbox 3697 2775 3849 2820; x_wconf 84' lang='lat' dir='ltr'><strong>tamen</strong></span> 
     </span>
    </p>
   </div>
   <div class='ocr_carea' id='block_1_87' title="bbox 2306 2852 3851 2925">
    <p class='ocr_par' dir='ltr' id='par_1_87' title="bbox 2306 2852 3851 2925">
     <span class='ocr_line' id='line_1_87' title="bbox 2306 2852 3851 2925; baseline 0.001 -19"><span class='ocrx_word' id='word_1_658' title='bbox 2306 2852 2471 2908; x_wconf 89' lang='lat' dir='ltr'><strong>brevi.</strong></span> <span class='ocrx_word' id='word_1_659' title='bbox 2507 2853 2586 2909; x_wconf 87' lang='lat' dir='ltr'><strong>Eo</strong></span> <span class='ocrx_word' id='word_1_660' title='bbox 2608 2855 2749 2909; x_wconf 90' lang='lat' dir='ltr'><strong>enim</strong></span> <span class='ocrx_word' id='word_1_661' title='bbox 2778 2869 2864 2909; x_wconf 91' lang='lat' dir='ltr'><strong>res</strong></span> <span class='ocrx_word' id='word_1_662' title='bbox 2887 2855 3079 2925; x_wconf 88' lang='lat' dir='ltr'><strong>erupit,</strong></span> <span class='ocrx_word' id='word_1_663' title='bbox 3112 2864 3170 2909; x_wconf 91' lang='lat' dir='ltr'><strong>ut</strong></span> <span class='ocrx_word' id='word_1_664' title='bbox 3193 2855 3399 2909; x_wconf 86' lang='lat' dir='ltr'><strong>occulta</strong></span> <span class='ocrx_word' id='word_1_665' title='bbox 3429 2870 3546 2910; x_wconf 86' lang='lat' dir='ltr'><strong>esse</strong></span> <span class='ocrx_word' id='word_1_666' title='bbox 3570 2870 3669 2909; x_wconf 86' lang='lat' dir='ltr'><strong>non</strong></span> <span class='ocrx_word' id='word_1_667' title='bbox 3698 2862 3851 2924; x_wconf 79' lang='lat' dir='ltr'><strong>posset</strong></span> 
     </span>
    </p>
   </div>
   <div class='ocr_carea' id='block_1_88' title="bbox 2302 2946 3846 3018">
    <p class='ocr_par' dir='ltr' id='par_1_88' title="bbox 2302 2946 3846 3018">
     <span class='ocr_line' id='line_1_88' title="bbox 2302 2946 3846 3018; baseline 0.003 -18"><span class='ocrx_word' id='word_1_668' title='bbox 2302 2946 2608 3001; x_wconf 78' lang='lat' dir='ltr'><strong>absentibus</strong></span> <span class='ocrx_word' id='word_1_669' title='bbox 2634 2965 2647 3001; x_wconf 91' lang='lat'><strong>:</strong></span> <span class='ocrx_word' id='word_1_670' title='bbox 2669 2956 2723 3002; x_wconf 91' lang='lat' dir='ltr'><strong>et</strong></span> <span class='ocrx_word' id='word_1_671' title='bbox 2750 2962 2849 3018; x_wconf 88' lang='lat' dir='ltr'><strong>ego</strong></span> <span class='ocrx_word' id='word_1_672' title='bbox 2879 2947 3089 3018; x_wconf 89' lang='lat' dir='ltr'><strong>quidem</strong></span> <span class='ocrx_word' id='word_1_673' title='bbox 3120 2960 3307 3018; x_wconf 90' lang='lat' dir='ltr'><strong>postea</strong></span> <span class='ocrx_word' id='word_1_674' title='bbox 3336 2947 3518 3003; x_wconf 78' lang='lat' dir='ltr'><strong>Roma:</strong></span> <span class='ocrx_word' id='word_1_675' title='bbox 3545 2964 3658 3003; x_wconf 87' lang='lat' dir='ltr'><strong>cum</strong></span> <span class='ocrx_word' id='word_1_676' title='bbox 3682 2964 3846 3013; x_wconf 76' lang='lat' dir='ltr'><strong>essent,</strong></span> 
     </span>
    </p>
   </div>
   <div class='ocr_carea' id='block_1_89' title="bbox 2302 3037 3847 3109">
    <p class='ocr_par' dir='ltr' id='par_1_89' title="bbox 2302 3037 3847 3109">
     <span class='ocr_line' id='line_1_89' title="bbox 2302 3037 3847 3109; baseline 0.001 -18"><span class='ocrx_word' id='word_1_677' title='bbox 2302 3037 2478 3091; x_wconf 88' lang='lat' dir='ltr'><strong>omnia</strong></span> <span class='ocrx_word' id='word_1_678' title='bbox 2502 3053 2626 3092; x_wconf 89' lang='lat' dir='ltr'><strong>vera</strong></span> <span class='ocrx_word' id='word_1_679' title='bbox 2653 3053 2738 3092; x_wconf 89' lang='lat' dir='ltr'><strong>me</strong></span> <span class='ocrx_word' id='word_1_680' title='bbox 2763 3038 2977 3093; x_wconf 77' lang='lat' dir='ltr'><strong>audisse</strong></span> <span class='ocrx_word' id='word_1_681' title='bbox 3010 3039 3211 3093; x_wconf 87' lang='lat' dir='ltr'><strong>lirmavi</strong></span> <span class='ocrx_word' id='word_1_682' title='bbox 3231 3053 3246 3105; x_wconf 91' lang='lat'><strong>;</strong></span> <span class='ocrx_word' id='word_1_683' title='bbox 3269 3038 3511 3109; x_wconf 88' lang='lat' dir='ltr'><strong>quamvis</strong></span> <span class='ocrx_word' id='word_1_684' title='bbox 3539 3050 3640 3094; x_wconf 89' lang='lat' dir='ltr'><strong>tam</strong></span> <span class='ocrx_word' id='word_1_685' title='bbox 3664 3038 3847 3093; x_wconf 80' lang='lat' dir='ltr'><strong>familia-</strong></span> 
     </span>
    </p>
   </div>
   <div class='ocr_carea' id='block_1_90' title="bbox 2302 3128 3849 3202">
    <p class='ocr_par' dir='ltr' id='par_1_90' title="bbox 2302 3128 3849 3202">
     <span class='ocr_line' id='line_1_90' title="bbox 2302 3128 3849 3202; baseline 0.002 -20"><span class='ocrx_word' id='word_1_686' title='bbox 2302 3128 2377 3182; x_wconf 89' lang='lat' dir='ltr'><strong>ris</strong></span> <span class='ocrx_word' id='word_1_687' title='bbox 2399 3139 2452 3183; x_wconf 93' lang='lat' dir='ltr'><strong>et</strong></span> <span class='ocrx_word' id='word_1_688' title='bbox 2476 3130 2603 3183; x_wconf 87' lang='lat' dir='ltr'><strong>mihi</strong></span> <span class='ocrx_word' id='word_1_689' title='bbox 2633 3130 2901 3197; x_wconf 81' lang='lat' dir='ltr'><strong>probatus.</strong></span> <span class='ocrx_word' id='word_1_690' title='bbox 2922 3130 3008 3199; x_wconf 90' lang='lat' dir='ltr'><strong>qui</strong></span> <span class='ocrx_word' id='word_1_691' title='bbox 3028 3144 3268 3200; x_wconf 77' lang='lat' dir='ltr'><strong>pnesens</strong></span> <span class='ocrx_word' id='word_1_692' title='bbox 3286 3140 3427 3198; x_wconf 87' lang='lat' dir='ltr'><strong>erat,</strong></span> <span class='ocrx_word' id='word_1_693' title='bbox 3446 3130 3511 3187; x_wconf 87' lang='lat' dir='ltr'><strong>ad</strong></span> <span class='ocrx_word' id='word_1_694' title='bbox 3538 3148 3622 3187; x_wconf 90' lang='lat' dir='ltr'><strong>me</strong></span> <span class='ocrx_word' id='word_1_695' title='bbox 3639 3147 3736 3187; x_wconf 85' lang='lat' dir='ltr'><strong>rem</strong></span> <span class='ocrx_word' id='word_1_696' title='bbox 3751 3147 3849 3202; x_wconf 88' lang='lat' dir='ltr'><strong>per-</strong></span> 
     </span>
    </p>
   </div>
   <div class='ocr_carea' id='block_1_91' title="bbox 2303 3219 3844 3293">
    <p class='ocr_par' dir='ltr' id='par_1_91' title="bbox 2303 3219 3844 3293">
     <span class='ocr_line' id='line_1_91' title="bbox 2303 3219 3844 3293; baseline 0.002 -21"><span class='ocrx_word' id='word_1_697' title='bbox 2303 3219 2514 3286; x_wconf 87' lang='lat' dir='ltr'><strong>tulerat,</strong></span> <span class='ocrx_word' id='word_1_698' title='bbox 2540 3230 2594 3273; x_wconf 90' lang='lat' dir='ltr'><strong>ut</strong></span> <span class='ocrx_word' id='word_1_699' title='bbox 2615 3220 2834 3274; x_wconf 88' lang='lat' dir='ltr'><strong>omnino</strong></span> <span class='ocrx_word' id='word_1_700' title='bbox 2854 3219 3099 3275; x_wconf 90' lang='lat' dir='ltr'><strong>dubitare</strong></span> <span class='ocrx_word' id='word_1_701' title='bbox 3120 3236 3226 3274; x_wconf 92' lang='lat' dir='ltr'><strong>non</strong></span> <span class='ocrx_word' id='word_1_702' title='bbox 3260 3236 3494 3291; x_wconf 89' lang='lat' dir='ltr'><strong>possem.</strong></span> <span class='ocrx_word' id='word_1_703' title='bbox 3524 3222 3648 3277; x_wconf 77' lang='lat' dir='ltr'><strong>Nam</strong></span> <span class='ocrx_word' id='word_1_704' title='bbox 3670 3223 3844 3293; x_wconf 85' lang='lat' dir='ltr'><strong>quidam</strong></span> 
     </span>
    </p>
   </div>
   <div class='ocr_carea' id='block_1_92' title="bbox 2300 3310 3849 3377">
    <p class='ocr_par' dir='ltr' id='par_1_92' title="bbox 2300 3310 3849 3377">
     <span class='ocr_line' id='line_1_92' title="bbox 2300 3310 3849 3377; baseline 0.003 -14"><span class='ocrx_word' id='word_1_705' title='bbox 2300 3317 2477 3364; x_wconf 90' lang='lat' dir='ltr'><strong>vester</strong></span> <span class='ocrx_word' id='word_1_706' title='bbox 2513 3310 2756 3377; x_wconf 90' lang='lat' dir='ltr'><strong>auditor,</strong></span> <span class='ocrx_word' id='word_1_707' title='bbox 2790 3312 2841 3364; x_wconf 91' lang='lat' dir='ltr'><strong>iu</strong></span> <span class='ocrx_word' id='word_1_708' title='bbox 2874 3311 2961 3364; x_wconf 89' lang='lat' dir='ltr'><strong>illa</strong></span> <span class='ocrx_word' id='word_1_709' title='bbox 3005 3310 3341 3367; x_wconf 88' lang='lat' dir='ltr'><strong>memorabili</strong></span> <span class='ocrx_word' id='word_1_710' title='bbox 3378 3313 3685 3369; x_wconf 84' lang='lat' dir='ltr'><strong>abstinentia</strong></span> <span class='ocrx_word' id='word_1_711' title='bbox 3716 3312 3849 3368; x_wconf 86' lang='lat' dir='ltr'><strong>nihilo</strong></span> 
     </span>
    </p>
   </div>
   <div class='ocr_carea' id='block_1_93' title="bbox 2302 3401 3849 3472">
    <p class='ocr_par' dir='ltr' id='par_1_93' title="bbox 2302 3401 3849 3472">
     <span class='ocr_line' id='line_1_93' title="bbox 2302 3401 3849 3472; baseline 0.002 -17"><span class='ocrx_word' id='word_1_712' title='bbox 2302 3401 2485 3455; x_wconf 82' lang='lat' dir='ltr'><strong>electis</strong></span> <span class='ocrx_word' id='word_1_713' title='bbox 2510 3401 2734 3467; x_wconf 86' lang='lat' dir='ltr'><strong>cedens,</strong></span> <span class='ocrx_word' id='word_1_714' title='bbox 2769 3402 2859 3472; x_wconf 87' lang='lat' dir='ltr'><strong>qui</strong></span> <span class='ocrx_word' id='word_1_715' title='bbox 2904 3412 2958 3457; x_wconf 91' lang='lat' dir='ltr'><strong>et</strong></span> <span class='ocrx_word' id='word_1_716' title='bbox 2999 3402 3294 3458; x_wconf 86' lang='lat' dir='ltr'><strong>liberaliter</strong></span> <span class='ocrx_word' id='word_1_717' title='bbox 3337 3404 3610 3459; x_wconf 81' lang='lat' dir='ltr'><strong>institutus</strong></span> <span class='ocrx_word' id='word_1_718' title='bbox 3631 3412 3781 3469; x_wconf 84' lang='lat' dir='ltr'><strong>esset,</strong></span> <span class='ocrx_word' id='word_1_719' title='bbox 3807 3413 3849 3459; x_wconf 87' lang='lat' dir='ltr'><strong>et</strong></span> 
     </span>
    </p>
   </div>
   <div class='ocr_carea' id='block_1_94' title="bbox 2302 3493 3845 3563">
    <p class='ocr_par' dir='ltr' id='par_1_94' title="bbox 2302 3493 3845 3563">
     <span class='ocr_line' id='line_1_94' title="bbox 2302 3493 3845 3563; baseline 0.005 -18"><span class='ocrx_word' id='word_1_720' title='bbox 2302 3501 2534 3547; x_wconf 89' lang='lat' dir='ltr'><strong>vestram</strong></span> <span class='ocrx_word' id='word_1_721' title='bbox 2576 3501 2774 3547; x_wconf 85' lang='lat' dir='ltr'><strong>sectam</strong></span> <span class='ocrx_word' id='word_1_722' title='bbox 2815 3493 3029 3563; x_wconf 76' lang='lat' dir='ltr'><strong>copiose</strong></span> <span class='ocrx_word' id='word_1_723' title='bbox 3068 3493 3229 3548; x_wconf 89' lang='lat' dir='ltr'><strong>vellet</strong></span> <span class='ocrx_word' id='word_1_724' title='bbox 3263 3504 3319 3550; x_wconf 88' lang='lat' dir='ltr'><strong>et</strong></span> <span class='ocrx_word' id='word_1_725' title='bbox 3360 3496 3563 3551; x_wconf 78' lang='lat' dir='ltr'><strong>soleret</strong></span> <span class='ocrx_word' id='word_1_726' title='bbox 3585 3495 3845 3559; x_wconf 80' lang='lat' dir='ltr'><strong>defendere,</strong></span> 
     </span>
    </p>
   </div>
   <div class='ocr_carea' id='block_1_95' title="bbox 2301 3584 3847 3659">
    <p class='ocr_par' dir='ltr' id='par_1_95' title="bbox 2301 3584 3847 3659">
     <span class='ocr_line' id='line_1_95' title="bbox 2301 3584 3847 3659; baseline 0.003 -22"><span class='ocrx_word' id='word_1_727' title='bbox 2301 3584 2678 3639; x_wconf 85' lang='lat' dir='ltr'><strong>molestissime</strong></span> <span class='ocrx_word' id='word_1_728' title='bbox 2715 3584 2916 3639; x_wconf 88' lang='lat' dir='ltr'><strong>ferebat</strong></span> <span class='ocrx_word' id='word_1_729' title='bbox 2954 3584 3093 3654; x_wconf 91' lang='lat' dir='ltr'><strong>quod</strong></span> <span class='ocrx_word' id='word_1_730' title='bbox 3120 3586 3170 3641; x_wconf 90' lang='lat' dir='ltr'><strong>ei</strong></span> <span class='ocrx_word' id='word_1_731' title='bbox 3205 3602 3339 3657; x_wconf 86' lang='lat' dir='ltr'><strong>vage</strong></span> <span class='ocrx_word' id='word_1_732' title='bbox 3380 3589 3706 3659; x_wconf 84' lang='lat' dir='ltr'><strong>pessimeque</strong></span> <span class='ocrx_word' id='word_1_733' title='bbox 3727 3586 3847 3641; x_wconf 67' lang='lat' dir='ltr'><strong>balli-</strong></span> 
     </span>
    </p>
   </div>
   <div class='ocr_carea' id='block_1_96' title="bbox 2303 3678 3849 3752">
    <p class='ocr_par' dir='ltr' id='par_1_96' title="bbox 2303 3678 3849 3752">
     <span class='ocr_line' id='line_1_96' title="bbox 2303 3678 3849 3752; baseline 0.003 -22"><span class='ocrx_word' id='word_1_734' title='bbox 2303 3678 2523 3731; x_wconf 89' lang='lat' dir='ltr'><strong>tautium</strong></span> <span class='ocrx_word' id='word_1_735' title='bbox 2555 3678 2855 3747; x_wconf 87' lang='lat' dir='ltr'><strong>passimque</strong></span> <span class='ocrx_word' id='word_1_736' title='bbox 2880 3678 3174 3734; x_wconf 87' lang='lat' dir='ltr'><strong>viventium</strong></span> <span class='ocrx_word' id='word_1_737' title='bbox 3201 3680 3495 3737; x_wconf 88' lang='lat' dir='ltr'><strong>electorum</strong></span> <span class='ocrx_word' id='word_1_738' title='bbox 3526 3697 3692 3738; x_wconf 81' lang='lat' dir='ltr'><strong>mores</strong></span> <span class='ocrx_word' id='word_1_739' title='bbox 3708 3680 3849 3752; x_wconf 84' lang='lat' dir='ltr'><strong>perdi-</strong></span> 
     </span>
    </p>
   </div>
   <div class='ocr_carea' id='block_1_97' title="bbox 2303 3770 3843 3846">
    <p class='ocr_par' dir='ltr' id='par_1_97' title="bbox 2303 3770 3843 3846">
     <span class='ocr_line' id='line_1_97' title="bbox 2303 3770 3843 3846; baseline 0.006 -23"><span class='ocrx_word' id='word_1_740' title='bbox 2303 3770 2490 3824; x_wconf 85' lang='lat' dir='ltr'><strong>tissimi</strong></span> <span class='ocrx_word' id='word_1_741' title='bbox 2514 3784 2657 3840; x_wconf 82' lang='lat' dir='ltr'><strong>s:epe</strong></span> <span class='ocrx_word' id='word_1_742' title='bbox 2675 3770 2961 3841; x_wconf 69' lang='lat' dir='ltr'><strong>disputanti</strong></span> <span class='ocrx_word' id='word_1_743' title='bbox 2981 3772 3388 3841; x_wconf 89' lang='lat' dir='ltr'><strong>objiciebantur.</strong></span> <span class='ocrx_word' id='word_1_744' title='bbox 3412 3774 3663 3846; x_wconf 77' lang='lat' dir='ltr'><strong>Cupiebat</strong></span> <span class='ocrx_word' id='word_1_745' title='bbox 3684 3775 3843 3844; x_wconf 79' lang='lat' dir='ltr'><strong>itaque.</strong></span> 
     </span>
    </p>
   </div>
   <div class='ocr_carea' id='block_1_98' title="bbox 2301 3859 3847 3936">
    <p class='ocr_par' dir='ltr' id='par_1_98' title="bbox 2301 3859 3847 3936">
     <span class='ocr_line' id='line_1_98' title="bbox 2301 3859 3847 3936; baseline 0.004 -22"><span class='ocrx_word' id='word_1_746' title='bbox 2301 3860 2345 3915; x_wconf 89' lang='lat' dir='ltr'><strong>si</strong></span> <span class='ocrx_word' id='word_1_747' title='bbox 2376 3859 2485 3914; x_wconf 76' lang='lat' dir='ltr'><strong>ﬁeri</strong></span> <span class='ocrx_word' id='word_1_748' title='bbox 2518 3869 2716 3929; x_wconf 86' lang='lat' dir='ltr'><strong>posset,</strong></span> <span class='ocrx_word' id='word_1_749' title='bbox 2747 3877 2935 3921; x_wconf 87' lang='lat' dir='ltr'><strong>omnes</strong></span> <span class='ocrx_word' id='word_1_750' title='bbox 2958 3862 3047 3933; x_wconf 89' lang='lat' dir='ltr'><strong>qni</strong></span> <span class='ocrx_word' id='word_1_751' title='bbox 3074 3863 3365 3918; x_wconf 86' lang='lat' dir='ltr'><strong>secundqu</strong></span> <span class='ocrx_word' id='word_1_752' title='bbox 3404 3865 3491 3919; x_wconf 89' lang='lat' dir='ltr'><strong>illa</strong></span> <span class='ocrx_word' id='word_1_753' title='bbox 3524 3874 3763 3936; x_wconf 62' lang='lat' dir='ltr'><strong>precepta</strong></span> <span class='ocrx_word' id='word_1_754' title='bbox 3783 3864 3847 3921; x_wconf 88' lang='lat' dir='ltr'><strong>vi-</strong></span> 
     </span>
    </p>
   </div>
   <div class='ocr_carea' id='block_1_99' title="bbox 2304 3951 3844 4025">
    <p class='ocr_par' dir='ltr' id='par_1_99' title="bbox 2304 3951 3844 4025">
     <span class='ocr_line' id='line_1_99' title="bbox 2304 3951 3844 4025; baseline 0.001 -19"><span class='ocrx_word' id='word_1_755' title='bbox 2304 3959 2410 4006; x_wconf 90' lang='lat' dir='ltr'><strong>tam</strong></span> <span class='ocrx_word' id='word_1_756' title='bbox 2434 3951 2630 4022; x_wconf 89' lang='lat' dir='ltr'><strong>degere</strong></span> <span class='ocrx_word' id='word_1_757' title='bbox 2652 3954 2816 4021; x_wconf 85' lang='lat' dir='ltr'><strong>parati</strong></span> <span class='ocrx_word' id='word_1_758' title='bbox 2838 3962 3041 4021; x_wconf 86' lang='lat' dir='ltr'><strong>essent,</strong></span> <span class='ocrx_word' id='word_1_759' title='bbox 3059 3969 3385 4025; x_wconf 86' lang='lat' dir='ltr'><strong>congregare</strong></span> <span class='ocrx_word' id='word_1_760' title='bbox 3407 3955 3459 4009; x_wconf 90' lang='lat' dir='ltr'><strong>in</strong></span> <span class='ocrx_word' id='word_1_761' title='bbox 3480 3955 3686 4011; x_wconf 88' lang='lat' dir='ltr'><strong>domum</strong></span> <span class='ocrx_word' id='word_1_762' title='bbox 3703 3970 3844 4017; x_wconf 83' lang='lat' dir='ltr'><strong>suam,</strong></span> 
     </span>
    </p>
   </div>
   <div class='ocr_carea' id='block_1_100' title="bbox 2303 4044 3847 4114">
    <p class='ocr_par' dir='ltr' id='par_1_100' title="bbox 2303 4044 3847 4114">
     <span class='ocr_line' id='line_1_100' title="bbox 2303 4044 3847 4114; baseline 0.002 -16"><span class='ocrx_word' id='word_1_763' title='bbox 2303 4054 2355 4098; x_wconf 92' lang='lat' dir='ltr'><strong>et</strong></span> <span class='ocrx_word' id='word_1_764' title='bbox 2386 4044 2495 4099; x_wconf 87' lang='lat' dir='ltr'><strong>suis</strong></span> <span class='ocrx_word' id='word_1_765' title='bbox 2521 4045 2818 4114; x_wconf 90' lang='lat' dir='ltr'><strong>sumptibus</strong></span> <span class='ocrx_word' id='word_1_766' title='bbox 2847 4046 3133 4101; x_wconf 90' lang='lat' dir='ltr'><strong>sustinere.</strong></span> <span class='ocrx_word' id='word_1_767' title='bbox 3164 4046 3291 4101; x_wconf 84' lang='lat' dir='ltr'><strong>Erat</strong></span> <span class='ocrx_word' id='word_1_768' title='bbox 3313 4047 3457 4101; x_wconf 91' lang='lat' dir='ltr'><strong>enim</strong></span> <span class='ocrx_word' id='word_1_769' title='bbox 3479 4059 3656 4103; x_wconf 91' lang='lat' dir='ltr'><strong>etnon</strong></span> <span class='ocrx_word' id='word_1_770' title='bbox 3682 4046 3847 4102; x_wconf 86' lang='lat' dir='ltr'><strong>medio—</strong></span> 
     </span>
    </p>
   </div>
   <div class='ocr_carea' id='block_1_101' title="bbox 2303 4138 3849 4212">
    <p class='ocr_par' dir='ltr' id='par_1_101' title="bbox 2303 4138 3849 4212">
     <span class='ocr_line' id='line_1_101' title="bbox 2303 4138 3849 4212; baseline 0.001 -21"><span class='ocrx_word' id='word_1_771' title='bbox 2303 4138 2409 4192; x_wconf 90' lang='lat' dir='ltr'><strong>cris</strong></span> <span class='ocrx_word' id='word_1_772' title='bbox 2430 4138 2667 4207; x_wconf 69' lang='lat' dir='ltr'><strong>pecunia:</strong></span> <span class='ocrx_word' id='word_1_773' title='bbox 2692 4146 3046 4209; x_wconf 91' lang='lat' dir='ltr'><strong>contemptor,</strong></span> <span class='ocrx_word' id='word_1_774' title='bbox 3072 4146 3129 4194; x_wconf 90' lang='lat' dir='ltr'><strong>et</strong></span> <span class='ocrx_word' id='word_1_775' title='bbox 3152 4154 3257 4193; x_wconf 93' lang='lat' dir='ltr'><strong>non</strong></span> <span class='ocrx_word' id='word_1_776' title='bbox 3284 4139 3624 4196; x_wconf 87' lang='lat' dir='ltr'><strong>mediocriter</strong></span> <span class='ocrx_word' id='word_1_777' title='bbox 3640 4139 3849 4212; x_wconf 82' lang='lat' dir='ltr'><strong>pecunio-</strong></span> 
     </span>
    </p>
   </div>
   <div class='ocr_carea' id='block_1_102' title="bbox 2302 4228 3848 4300">
    <p class='ocr_par' dir='ltr' id='par_1_102' title="bbox 2302 4228 3848 4300">
     <span class='ocr_line' id='line_1_102' title="bbox 2302 4228 3848 4300; baseline 0 -17"><span class='ocrx_word' id='word_1_778' title='bbox 2302 4242 2414 4283; x_wconf 88' lang='lat' dir='ltr'><strong>sus.</strong></span> <span class='ocrx_word' id='word_1_779' title='bbox 2455 4228 2783 4296; x_wconf 87' lang='lat' dir='ltr'><strong>Querebatur</strong></span> <span class='ocrx_word' id='word_1_780' title='bbox 2818 4238 2993 4284; x_wconf 90' lang='lat' dir='ltr'><strong>antem</strong></span> <span class='ocrx_word' id='word_1_781' title='bbox 3024 4229 3267 4300; x_wconf 86' lang='lat' dir='ltr'><strong>impediri</strong></span> <span class='ocrx_word' id='word_1_782' title='bbox 3312 4238 3490 4286; x_wconf 87' lang='lat' dir='ltr'><strong>tantos</strong></span> <span class='ocrx_word' id='word_1_783' title='bbox 3523 4239 3727 4287; x_wconf 85' lang='lat' dir='ltr'><strong>conatus</strong></span> <span class='ocrx_word' id='word_1_784' title='bbox 3746 4243 3848 4284; x_wconf 75' lang='lat' dir='ltr'><strong>Suus</strong></span> 
     </span>
    </p>
   </div>
   <div class='ocr_carea' id='block_1_103' title="bbox 2301 4316 3850 4393">
    <p class='ocr_par' dir='ltr' id='par_1_103' title="bbox 2301 4316 3850 4393">
     <span class='ocr_line' id='line_1_103' title="bbox 2301 4316 3850 4393; baseline 0.001 -19"><span class='ocrx_word' id='word_1_785' title='bbox 2301 4319 2671 4389; x_wconf 89' lang='lat' dir='ltr'><strong>episcoporum</strong></span> <span class='ocrx_word' id='word_1_786' title='bbox 2695 4316 3061 4386; x_wconf 84' lang='lat' dir='ltr'><strong>dissolutione,</strong></span> <span class='ocrx_word' id='word_1_787' title='bbox 3088 4321 3280 4393; x_wconf 91' lang='lat' dir='ltr'><strong>quibus</strong></span> <span class='ocrx_word' id='word_1_788' title='bbox 3309 4321 3672 4392; x_wconf 87' lang='lat' dir='ltr'><strong>adjuvantibus</strong></span> <span class='ocrx_word' id='word_1_789' title='bbox 3695 4321 3850 4390; x_wconf 83' lang='lat' dir='ltr'><strong>imple-</strong></span> 
     </span>
    </p>
   </div>
   <div class='ocr_carea' id='block_1_104' title="bbox 2300 4408 3848 4484">
    <p class='ocr_par' dir='ltr' id='par_1_104' title="bbox 2300 4408 3848 4484">
     <span class='ocr_line' id='line_1_104' title="bbox 2300 4408 3848 4484; baseline 0 -21"><span class='ocrx_word' id='word_1_790' title='bbox 2300 4424 2362 4464; x_wconf 93' lang='lat' dir='ltr'><strong>re</strong></span> <span class='ocrx_word' id='word_1_791' title='bbox 2389 4408 2637 4465; x_wconf 87' lang='lat' dir='ltr'><strong>debebat.</strong></span> <span class='ocrx_word' id='word_1_792' title='bbox 2681 4410 2886 4466; x_wconf 83' lang='lat' dir='ltr'><strong>Interea</strong></span> <span class='ocrx_word' id='word_1_793' title='bbox 2916 4422 3095 4467; x_wconf 88' lang='lat' dir='ltr'><strong>vester</strong></span> <span class='ocrx_word' id='word_1_794' title='bbox 3128 4412 3414 4483; x_wconf 89' lang='lat' dir='ltr'><strong>episcopus</strong></span> <span class='ocrx_word' id='word_1_795' title='bbox 3448 4413 3653 4484; x_wconf 84' lang='lat' dir='ltr'><strong>quidam</strong></span> <span class='ocrx_word' id='word_1_796' title='bbox 3672 4454 3686 4478; x_wconf 90' lang='lat'><strong>,</strong></span> <span class='ocrx_word' id='word_1_797' title='bbox 3716 4411 3848 4467; x_wconf 85' lang='lat' dir='ltr'><strong>homo</strong></span> 
     </span>
    </p>
   </div>
   <div class='ocr_carea' id='block_1_105' title="bbox 2303 4501 3849 4576">
    <p class='ocr_par' dir='ltr' id='par_1_105' title="bbox 2303 4501 3849 4576">
     <span class='ocr_line' id='line_1_105' title="bbox 2303 4501 3849 4576; baseline 0.001 -21"><span class='ocrx_word' id='word_1_798' title='bbox 2303 4501 2477 4570; x_wconf 90' lang='lat' dir='ltr'><strong>plane,</strong></span> <span class='ocrx_word' id='word_1_799' title='bbox 2507 4509 2565 4556; x_wconf 91' lang='lat' dir='ltr'><strong>ut</strong></span> <span class='ocrx_word' id='word_1_800' title='bbox 2589 4503 2701 4573; x_wconf 88' lang='lat' dir='ltr'><strong>ipse</strong></span> <span class='ocrx_word' id='word_1_801' title='bbox 2726 4513 2978 4573; x_wconf 86' lang='lat' dir='ltr'><strong>expertus</strong></span> <span class='ocrx_word' id='word_1_802' title='bbox 3001 4518 3140 4571; x_wconf 90' lang='lat' dir='ltr'><strong>sum,</strong></span> <span class='ocrx_word' id='word_1_803' title='bbox 3166 4505 3467 4561; x_wconf 84' lang='lat' dir='ltr'><strong>rusticanus</strong></span> <span class='ocrx_word' id='word_1_804' title='bbox 3489 4514 3638 4576; x_wconf 86' lang='lat' dir='ltr'><strong>atque</strong></span> <span class='ocrx_word' id='word_1_805' title='bbox 3661 4503 3849 4575; x_wconf 86' lang='lat' dir='ltr'><strong>impoli-</strong></span> 
     </span>
    </p>
   </div>
   <div class='ocr_carea' id='block_1_106' title="bbox 2302 4592 3846 4664">
    <p class='ocr_par' dir='ltr' id='par_1_106' title="bbox 2302 4592 3846 4664">
     <span class='ocr_line' id='line_1_106' title="bbox 2302 4592 3846 4664; baseline 0 -19"><span class='ocrx_word' id='word_1_806' title='bbox 2302 4601 2418 4659; x_wconf 91' lang='lat' dir='ltr'><strong>tus,</strong></span> <span class='ocrx_word' id='word_1_807' title='bbox 2448 4592 2539 4646; x_wconf 87' lang='lat' dir='ltr'><strong>sed</strong></span> <span class='ocrx_word' id='word_1_808' title='bbox 2581 4594 2761 4647; x_wconf 88' lang='lat' dir='ltr'><strong>nescio</strong></span> <span class='ocrx_word' id='word_1_809' title='bbox 2804 4594 3072 4664; x_wconf 89' lang='lat' dir='ltr'><strong>quomodo</strong></span> <span class='ocrx_word' id='word_1_810' title='bbox 3097 4609 3157 4650; x_wconf 91' lang='lat' dir='ltr'><strong>ea</strong></span> <span class='ocrx_word' id='word_1_811' title='bbox 3196 4593 3309 4664; x_wconf 87' lang='lat' dir='ltr'><strong>ipsa</strong></span> <span class='ocrx_word' id='word_1_812' title='bbox 3339 4596 3528 4651; x_wconf 85' lang='lat' dir='ltr'><strong>duritia</strong></span> <span class='ocrx_word' id='word_1_813' title='bbox 3551 4594 3779 4650; x_wconf 89' lang='lat' dir='ltr'><strong>severior</strong></span> <span class='ocrx_word' id='word_1_814' title='bbox 3808 4592 3846 4645; x_wconf 80' lang='lat' dir='ltr'><strong>in</strong></span> 
     </span>
    </p>
   </div>
   <div class='ocr_carea' id='block_1_107' title="bbox 2300 4682 3847 4741">
    <p class='ocr_par' dir='ltr' id='par_1_107' title="bbox 2300 4682 3847 4741">
     <span class='ocr_line' id='line_1_107' title="bbox 2300 4682 3847 4741; baseline 0 -3"><span class='ocrx_word' id='word_1_815' title='bbox 2300 4682 2661 4738; x_wconf 87' lang='lat' dir='ltr'><strong>custodiendis</strong></span> <span class='ocrx_word' id='word_1_816' title='bbox 2683 4684 2834 4739; x_wconf 92' lang='lat' dir='ltr'><strong>bonis</strong></span> <span class='ocrx_word' id='word_1_817' title='bbox 2855 4685 3091 4740; x_wconf 89' lang='lat' dir='ltr'><strong>moribus</strong></span> <span class='ocrx_word' id='word_1_818' title='bbox 3108 4684 3405 4741; x_wconf 89' lang='lat' dir='ltr'><strong>videbatur.</strong></span> <span class='ocrx_word' id='word_1_819' title='bbox 3429 4686 3573 4741; x_wconf 82' lang='lat' dir='ltr'><strong>Hunc</strong></span> <span class='ocrx_word' id='word_1_820' title='bbox 3583 4684 3847 4740; x_wconf 82' lang='lat' dir='ltr'><strong>diutissime</strong></span> 
     </span>
    </p>
   </div>
   <div class='ocr_carea' id='block_1_108' title="bbox 2301 4774 3841 4848">
    <p class='ocr_par' dir='ltr' id='par_1_108' title="bbox 2301 4774 3841 4848">
     <span class='ocr_line' id='line_1_108' title="bbox 2301 4774 3841 4848; baseline -0.001 -19"><span class='ocrx_word' id='word_1_821' title='bbox 2301 4774 2657 4830; x_wconf 90' lang='lat' dir='ltr'><strong>desideratum</strong></span> <span class='ocrx_word' id='word_1_822' title='bbox 2684 4783 2738 4829; x_wconf 92' lang='lat' dir='ltr'><strong>et</strong></span> <span class='ocrx_word' id='word_1_823' title='bbox 2765 4774 3049 4845; x_wconf 90' lang='lat' dir='ltr'><strong>aliquando</strong></span> <span class='ocrx_word' id='word_1_824' title='bbox 3093 4784 3413 4846; x_wconf 65' lang='lat' dir='ltr'><strong>praesentem</strong></span> <span class='ocrx_word' id='word_1_825' title='bbox 3437 4778 3617 4848; x_wconf 89' lang='lat' dir='ltr'><strong>arripit</strong></span> <span class='ocrx_word' id='word_1_826' title='bbox 3642 4776 3751 4840; x_wconf 81' lang='lat' dir='ltr'><strong>iste,</strong></span> <span class='ocrx_word' id='word_1_827' title='bbox 3768 4788 3841 4828; x_wconf 78' lang='lat' dir='ltr'><strong>ex-</strong></span> 
     </span>
    </p>
   </div>
   <div class='ocr_carea' id='block_1_109' title="bbox 2300 4865 3846 4941">
    <p class='ocr_par' dir='ltr' id='par_1_109' title="bbox 2300 4865 3846 4941">
     <span class='ocr_line' id='line_1_109' title="bbox 2300 4865 3846 4941; baseline -0.002 -22"><span class='ocrx_word' id='word_1_828' title='bbox 2300 4866 2450 4935; x_wconf 85' lang='lat' dir='ltr'><strong>ponit</strong></span> <span class='ocrx_word' id='word_1_829' title='bbox 2474 4865 2673 4920; x_wconf 90' lang='lat' dir='ltr'><strong>homini</strong></span> <span class='ocrx_word' id='word_1_830' title='bbox 2699 4865 3021 4941; x_wconf 86' lang='lat' dir='ltr'><strong>voluntatem</strong></span> <span class='ocrx_word' id='word_1_831' title='bbox 3049 4880 3199 4920; x_wconf 85' lang='lat' dir='ltr'><strong>suam</strong></span> <span class='ocrx_word' id='word_1_832' title='bbox 3225 4882 3239 4919; x_wconf 89' lang='lat'>:</span> <span class='ocrx_word' id='word_1_833' title='bbox 3262 4865 3445 4921; x_wconf 88' lang='lat' dir='ltr'><strong>laudat</strong></span> <span class='ocrx_word' id='word_1_834' title='bbox 3466 4866 3553 4923; x_wconf 90' lang='lat' dir='ltr'><strong>ille</strong></span> <span class='ocrx_word' id='word_1_835' title='bbox 3578 4875 3727 4936; x_wconf 82' lang='lat' dir='ltr'><strong>atque</strong></span> <span class='ocrx_word' id='word_1_836' title='bbox 3739 4878 3846 4917; x_wconf 84' lang='lat' dir='ltr'><strong>eoo-</strong></span> 
     </span>
    </p>
   </div>
   <div class='ocr_carea' id='block_1_110' title="bbox 2300 4950 3843 5028">
    <p class='ocr_par' dir='ltr' id='par_1_110' title="bbox 2300 4950 3843 5028">
     <span class='ocr_line' id='line_1_110' title="bbox 2300 4950 3843 5028; baseline -0.003 -16"><span class='ocrx_word' id='word_1_837' title='bbox 2300 4956 2478 5022; x_wconf 86' lang='lat' dir='ltr'><strong>sentit,</strong></span> <span class='ocrx_word' id='word_1_838' title='bbox 2515 4957 2686 5025; x_wconf 88' lang='lat' dir='ltr'><strong>placet</strong></span> <span class='ocrx_word' id='word_1_839' title='bbox 2715 4964 2772 5009; x_wconf 91' lang='lat' dir='ltr'><strong>ut</strong></span> <span class='ocrx_word' id='word_1_840' title='bbox 2799 4956 2850 5010; x_wconf 92' lang='lat' dir='ltr'><strong>in</strong></span> <span class='ocrx_word' id='word_1_841' title='bbox 2873 4955 3035 5010; x_wconf 92' lang='lat' dir='ltr'><strong>domo</strong></span> <span class='ocrx_word' id='word_1_842' title='bbox 3059 4954 3175 5026; x_wconf 88' lang='lat' dir='ltr'><strong>ejus</strong></span> <span class='ocrx_word' id='word_1_843' title='bbox 3196 4955 3343 5026; x_wconf 91' lang='lat' dir='ltr'><strong>prior</strong></span> <span class='ocrx_word' id='word_1_844' title='bbox 3361 4950 3477 5028; x_wconf 83' lang='lat' dir='ltr'><strong>ipse</strong></span> <span class='ocrx_word' id='word_1_845' title='bbox 3497 4956 3699 5026; x_wconf 77' lang='lat' dir='ltr'><strong>incipiat</strong></span> <span class='ocrx_word' id='word_1_846' title='bbox 3718 4950 3843 5008; x_wconf 79' lang='lat' dir='ltr'><strong>babi-</strong></span> 
     </span>
    </p>
   </div>
   <div class='ocr_carea' id='block_1_111' title="bbox 2302 5041 3865 5120">
    <p class='ocr_par' dir='ltr' id='par_1_111' title="bbox 2302 5041 3865 5120">
     <span class='ocr_line' id='line_1_111' title="bbox 2302 5041 3865 5120; baseline -0.001 -18"><span class='ocrx_word' id='word_1_847' title='bbox 2302 5056 2435 5103; x_wconf 87' lang='lat' dir='ltr'><strong>tare.</strong></span> <span class='ocrx_word' id='word_1_848' title='bbox 2481 5046 2634 5113; x_wconf 87' lang='lat' dir='ltr'><strong>Quod</strong></span> <span class='ocrx_word' id='word_1_849' title='bbox 2667 5045 2755 5101; x_wconf 91' lang='lat' dir='ltr'><strong>ubi</strong></span> <span class='ocrx_word' id='word_1_850' title='bbox 2788 5045 2985 5102; x_wconf 88' lang='lat' dir='ltr'><strong>factum</strong></span> <span class='ocrx_word' id='word_1_851' title='bbox 3009 5054 3121 5113; x_wconf 90' lang='lat' dir='ltr'><strong>est,</strong></span> <span class='ocrx_word' id='word_1_852' title='bbox 3148 5061 3215 5102; x_wconf 91' lang='lat' dir='ltr'><strong>eo</strong></span> <span class='ocrx_word' id='word_1_853' title='bbox 3239 5048 3541 5120; x_wconf 86' lang='lat' dir='ltr'><strong>congregati</strong></span> <span class='ocrx_word' id='word_1_854' title='bbox 3573 5053 3690 5103; x_wconf 86' lang='lat' dir='ltr'><strong>sunt</strong></span> <span class='ocrx_word' id='word_1_855' title='bbox 3717 5041 3865 5100; x_wconf 15' lang='lat' dir='ltr'><strong>electio</strong></span> 
     </span>
    </p>
   </div>
   <div class='ocr_carea' id='block_1_112' title="bbox 2300 5134 3865 5210">
    <p class='ocr_par' dir='ltr' id='par_1_112' title="bbox 2300 5134 3865 5210">
     <span class='ocr_line' id='line_1_112' title="bbox 2300 5134 3865 5210; baseline -0.001 -17"><span class='ocrx_word' id='word_1_856' title='bbox 2300 5155 2519 5205; x_wconf 89' lang='lat' dir='ltr'><strong>omnes,</strong></span> <span class='ocrx_word' id='word_1_857' title='bbox 2547 5140 2636 5210; x_wconf 91' lang='lat' dir='ltr'><strong>qui</strong></span> <span class='ocrx_word' id='word_1_858' title='bbox 2668 5138 2850 5193; x_wconf 76' lang='lat' dir='ltr'><strong>Roma:</strong></span> <span class='ocrx_word' id='word_1_859' title='bbox 2878 5154 2997 5194; x_wconf 90' lang='lat' dir='ltr'><strong>esse</strong></span> <span class='ocrx_word' id='word_1_860' title='bbox 3037 5148 3340 5209; x_wconf 90' lang='lat' dir='ltr'><strong>potuerunt.</strong></span> <span class='ocrx_word' id='word_1_861' title='bbox 3382 5140 3651 5210; x_wconf 82' lang='lat' dir='ltr'><strong>Proposita</strong></span> <span class='ocrx_word' id='word_1_862' title='bbox 3675 5146 3749 5193; x_wconf 83' lang='lat' dir='ltr'><strong>est</strong></span> <span class='ocrx_word' id='word_1_863' title='bbox 3778 5134 3865 5209; x_wconf 53' lang='lat' dir='ltr'><strong>vi-l</strong></span> 
     </span>
    </p>
   </div>
   <div class='ocr_carea' id='block_1_113' title="bbox 2300 5223 3846 5300">
    <p class='ocr_par' dir='ltr' id='par_1_113' title="bbox 2300 5223 3846 5300">
     <span class='ocr_line' id='line_1_113' title="bbox 2300 5223 3846 5300; baseline -0.002 -18"><span class='ocrx_word' id='word_1_864' title='bbox 2300 5229 2455 5284; x_wconf 90' lang='lat' dir='ltr'><strong>vendi</strong></span> <span class='ocrx_word' id='word_1_865' title='bbox 2478 5229 2657 5300; x_wconf 88' lang='lat' dir='ltr'><strong>regula</strong></span> <span class='ocrx_word' id='word_1_866' title='bbox 2682 5228 2749 5285; x_wconf 89' lang='lat' dir='ltr'><strong>de</strong></span> <span class='ocrx_word' id='word_1_867' title='bbox 2775 5228 3047 5283; x_wconf 74' lang='lat' dir='ltr'><strong>Manichtei</strong></span> <span class='ocrx_word' id='word_1_868' title='bbox 3067 5230 3287 5299; x_wconf 90' lang='lat' dir='ltr'><strong>epistola</strong></span> <span class='ocrx_word' id='word_1_869' title='bbox 3313 5247 3329 5284; x_wconf 88' lang='lat'><strong>:</strong></span> <span class='ocrx_word' id='word_1_870' title='bbox 3353 5230 3539 5285; x_wconf 88' lang='lat' dir='ltr'><strong>multis</strong></span> <span class='ocrx_word' id='word_1_871' title='bbox 3557 5223 3846 5284; x_wconf 75' lang='lat' dir='ltr'><strong>intolerabile</strong></span> 
     </span>
    </p>
   </div>
   <div class='ocr_carea' id='block_1_114' title="bbox 2301 5316 3842 5390">
    <p class='ocr_par' dir='ltr' id='par_1_114' title="bbox 2301 5316 3842 5390">
     <span class='ocr_line' id='line_1_114' title="bbox 2301 5316 3842 5390; baseline 0.001 -14"><span class='ocrx_word' id='word_1_872' title='bbox 2301 5322 2474 5376; x_wconf 89' lang='lat' dir='ltr'><strong>visum</strong></span> <span class='ocrx_word' id='word_1_873' title='bbox 2504 5331 2587 5378; x_wconf 89' lang='lat' dir='ltr'><strong>est</strong></span> <span class='ocrx_word' id='word_1_874' title='bbox 2612 5338 2627 5387; x_wconf 89' lang='lat'><strong>;</strong></span> <span class='ocrx_word' id='word_1_875' title='bbox 2661 5323 3033 5378; x_wconf 88' lang='lat' dir='ltr'><strong>abscesserunt</strong></span> <span class='ocrx_word' id='word_1_876' title='bbox 3060 5340 3073 5376; x_wconf 92' lang='lat'><strong>:</strong></span> <span class='ocrx_word' id='word_1_877' title='bbox 3096 5332 3471 5379; x_wconf 87' lang='lat' dir='ltr'><strong>remanserunt</strong></span> <span class='ocrx_word' id='word_1_878' title='bbox 3489 5332 3655 5377; x_wconf 85' lang='lat' dir='ltr'><strong>tamen</strong></span> <span class='ocrx_word' id='word_1_879' title='bbox 3674 5316 3842 5390; x_wconf 67' lang='lat' dir='ltr'><strong>pudore</strong></span> 
     </span>
    </p>
   </div>
   <div class='ocr_carea' id='block_1_115' title="bbox 2299 5412 3840 5484">
    <p class='ocr_par' dir='ltr' id='par_1_115' title="bbox 2299 5412 3840 5484">
     <span class='ocr_line' id='line_1_115' title="bbox 2299 5412 3840 5484; baseline -0.001 -16"><span class='ocrx_word' id='word_1_880' title='bbox 2299 5430 2403 5469; x_wconf 92' lang='lat' dir='ltr'><strong>non</strong></span> <span class='ocrx_word' id='word_1_881' title='bbox 2426 5414 2598 5484; x_wconf 81' lang='lat' dir='ltr'><strong>pauci.</strong></span> <span class='ocrx_word' id='word_1_882' title='bbox 2621 5412 2797 5484; x_wconf 79' lang='lat' dir='ltr'><strong>Ccepit</strong></span> <span class='ocrx_word' id='word_1_883' title='bbox 2824 5413 2893 5468; x_wconf 87' lang='lat' dir='ltr'><strong>ita</strong></span> <span class='ocrx_word' id='word_1_884' title='bbox 2915 5412 3018 5467; x_wconf 90' lang='lat' dir='ltr'><strong>vivi</strong></span> <span class='ocrx_word' id='word_1_885' title='bbox 3038 5422 3096 5467; x_wconf 90' lang='lat' dir='ltr'><strong>ut</strong></span> <span class='ocrx_word' id='word_1_886' title='bbox 3119 5412 3411 5481; x_wconf 85' lang='lat' dir='ltr'><strong>placuerat,</strong></span> <span class='ocrx_word' id='word_1_887' title='bbox 3433 5422 3490 5468; x_wconf 83' lang='lat' dir='ltr'><strong>et</strong></span> <span class='ocrx_word' id='word_1_888' title='bbox 3506 5422 3562 5468; x_wconf 91' lang='lat' dir='ltr'><strong>ut</strong></span> <span class='ocrx_word' id='word_1_889' title='bbox 3584 5419 3717 5466; x_wconf 77' lang='lat' dir='ltr'><strong>tanta</strong></span> <span class='ocrx_word' id='word_1_890' title='bbox 3732 5418 3840 5477; x_wconf 69' lang='grc' dir='ltr'><strong>ιιι-ε·</strong></span> 
     </span>
    </p>
   </div>
   <div class='ocr_carea' id='block_1_116' title="bbox 2299 5496 3838 5559">
    <p class='ocr_par' dir='ltr' id='par_1_116' title="bbox 2299 5496 3838 5559">
     <span class='ocr_line' id='line_1_116' title="bbox 2299 5496 3838 5559; baseline -0.005 -1"><span class='ocrx_word' id='word_1_891' title='bbox 2299 5504 2562 5559; x_wconf 88' lang='lat' dir='ltr'><strong>scribebat</strong></span> <span class='ocrx_word' id='word_1_892' title='bbox 2608 5502 2898 5558; x_wconf 88' lang='lat' dir='ltr'><strong>auctoritas</strong></span> <span class='ocrx_word' id='word_1_893' title='bbox 2925 5520 2940 5556; x_wconf 89' lang='lat'><strong>:</strong></span> <span class='ocrx_word' id='word_1_894' title='bbox 2967 5517 3086 5557; x_wconf 88' lang='lat' dir='ltr'><strong>cum</strong></span> <span class='ocrx_word' id='word_1_895' title='bbox 3114 5502 3326 5557; x_wconf 86' lang='lat' dir='ltr'><strong>interim</strong></span> <span class='ocrx_word' id='word_1_896' title='bbox 3368 5502 3576 5557; x_wconf 86' lang='lat' dir='ltr'><strong>auditor</strong></span> <span class='ocrx_word' id='word_1_897' title='bbox 3599 5500 3685 5555; x_wconf 82' lang='lat' dir='ltr'><strong>ille</strong></span> <span class='ocrx_word' id='word_1_898' title='bbox 3707 5496 3838 5551; x_wconf 78' lang='lat' dir='ltr'><strong>vehe-</strong></span> 
     </span>
    </p>
   </div>
   <div class='ocr_carea' id='block_1_117' title="bbox 2298 5579 3837 5662">
    <p class='ocr_par' dir='ltr' id='par_1_117' title="bbox 2298 5579 3837 5662">
     <span class='ocr_line' id='line_1_117' title="bbox 2298 5579 3837 5662; baseline -0.005 -13"><span class='ocrx_word' id='word_1_899' title='bbox 2298 5606 2507 5649; x_wconf 82' lang='lat' dir='ltr'><strong>menter</strong></span> <span class='ocrx_word' id='word_1_900' title='bbox 2533 5608 2720 5649; x_wconf 84' lang='lat' dir='ltr'><strong>omnes</strong></span> <span class='ocrx_word' id='word_1_901' title='bbox 2745 5593 2810 5647; x_wconf 85' lang='lat' dir='ltr'><strong>ad</strong></span> <span class='ocrx_word' id='word_1_902' title='bbox 2838 5593 3013 5647; x_wconf 85' lang='lat' dir='ltr'><strong>omnia</strong></span> <span class='ocrx_word' id='word_1_903' title='bbox 3041 5601 3287 5662; x_wconf 86' lang='lat' dir='ltr'><strong>cogeret,</strong></span> <span class='ocrx_word' id='word_1_904' title='bbox 3311 5593 3576 5647; x_wconf 87' lang='lat' dir='ltr'><strong>neminem</strong></span> <span class='ocrx_word' id='word_1_905' title='bbox 3604 5599 3760 5645; x_wconf 80' lang='lat' dir='ltr'><strong>tamen</strong></span> <span class='ocrx_word' id='word_1_906' title='bbox 3784 5579 3837 5634; x_wconf 64' lang='lat' dir='ltr'><strong>ad</strong></span> 
     </span>
    </p>
   </div>
   <div class='ocr_carea' id='block_1_118' title="bbox 2362 5746 3837 5823">
    <p class='ocr_par' dir='ltr' id='par_1_118' title="bbox 2362 5746 3837 5823">
     <span class='ocr_line' id='line_1_118' title="bbox 2362 5746 3837 5823; baseline 0 -21"><span class='ocrx_word' id='word_1_907' title='bbox 2362 5755 2509 5823; x_wconf 63' lang='lat' dir='ltr'><strong>{uss</strong></span> <span class='ocrx_word' id='word_1_908' title='bbox 2538 5763 2688 5815; x_wconf 68' lang='lat' dir='ltr'><strong>prope</strong></span> <span class='ocrx_word' id='word_1_909' title='bbox 2722 5763 2894 5800; x_wconf 90' lang='lat' dir='ltr'><strong>omnes</strong></span> <span class='ocrx_word' id='word_1_910' title='bbox 2934 5750 3143 5808; x_wconf 78' lang='lat' dir='ltr'><strong>habent,</strong></span> <span class='ocrx_word' id='word_1_911' title='bbox 3190 5748 3241 5797; x_wconf 81' lang='lat' dir='ltr'><strong>in</strong></span> <span class='ocrx_word' id='word_1_912' title='bbox 3279 5746 3521 5807; x_wconf 75' lang='lat' dir='ltr'><strong>mimum;</strong></span> <span class='ocrx_word' id='word_1_913' title='bbox 3556 5747 3599 5797; x_wconf 86' lang='lat' dir='ltr'><strong>id</strong></span> <span class='ocrx_word' id='word_1_914' title='bbox 3635 5748 3737 5802; x_wconf 59' lang='lat' dir='ltr'><strong>ei.</strong></span> <span class='ocrx_word' id='word_1_915' title='bbox 3763 5746 3837 5804; x_wconf 72' lang='grc' dir='ltr'><strong>Ρτο</strong></span> 
     </span>
    </p>
   </div>
   <div class='ocr_carea' id='block_1_119' title="bbox 2296 5829 2471 5865">
    <p class='ocr_par' dir='ltr' id='par_1_119' title="bbox 2296 5829 2471 5865">
     <span class='ocr_line' id='line_1_119' title="bbox 2296 5829 2471 5865; baseline -0.017 0"><span class='ocrx_word' id='word_1_916' title='bbox 2296 5829 2471 5865; x_wconf 72' lang='lat' dir='ltr'><strong>mimis.</strong></span> 
     </span>
    </p>
   </div>
   <div class='ocr_carea' id='block_1_120' title="bbox 2364 5870 3538 5938">
    <p class='ocr_par' dir='ltr' id='par_1_120' title="bbox 2364 5870 3538 5938">
     <span class='ocr_line' id='line_1_120' title="bbox 2364 5870 3538 5938; baseline 0.029 -31"><span class='ocrx_word' id='word_1_917' title='bbox 2364 5883 2383 5907; x_wconf 69' lang='grc' dir='ltr'><em>υ</em></span> <span class='ocrx_word' id='word_1_918' title='bbox 2403 5880 2473 5926; x_wconf 60' lang='lat' dir='ltr'><strong>sic</strong></span> <span class='ocrx_word' id='word_1_919' title='bbox 2493 5882 2602 5927; x_wconf 60' lang='lat' dir='ltr'><strong>MSS,</strong></span> <span class='ocrx_word' id='word_1_920' title='bbox 2627 5884 2867 5938; x_wconf 63' lang='lat' dir='ltr'><strong>potiores;</strong></span> <span class='ocrx_word' id='word_1_921' title='bbox 2886 5873 2966 5925; x_wconf 83' lang='lat' dir='ltr'><strong>alii</strong></span> <span class='ocrx_word' id='word_1_922' title='bbox 2990 5880 3042 5923; x_wconf 85' lang='lat' dir='ltr'><strong>ut</strong></span> <span class='ocrx_word' id='word_1_923' title='bbox 3064 5874 3113 5923; x_wconf 86' lang='lat' dir='ltr'><strong>in</strong></span> <span class='ocrx_word' id='word_1_924' title='bbox 3133 5871 3268 5933; x_wconf 59' lang='lat' dir='ltr'><strong>Elidos</strong></span> <span class='ocrx_word' id='word_1_925' title='bbox 3288 5870 3538 5934; x_wconf 57' lang='lat' dir='ltr'><strong>[unum</strong></span> 
     </span>
    </p>
   </div>
  </div>
