3888 6406
84 489 185 558 ian

83 601 236 658 dicatis
263 614 357 655 vos
387 595 587 676 habere
611 598 816 674 animos
845 596 1081 667 pudicos,
1115 595 1157 648 si
1189 593 1425 648 habeatis
1454 589 1648 664 oculos.

84 693 386 765 impudicos:
419 673 540 763 quia
585 673 883 761 impudicus
921 688 1138 752 oculus,
1173 683 1422 754 impudici
1461 681 1636 737 cordis

83 799 143 844 est
164 785 392 860 nuntius.
421 785 486 860 Et
507 799 628 838 cum
653 798 711 839 se
737 782 959 852 invicem
985 780 1215 841 sibimet,
1244 780 1403 851 etiam
1430 785 1648 850 tacente.

83 882 226 949 lingua
246 918 262 941 ,
294 884 579 946 conspectu
609 885 827 939 mutuo,
873 871 1030 927 corda
1073 872 1318 925 nuntiant
1350 869 1635 945 impudica,

83 979 120 1023 et
141 968 418 1028 secundum
453 965 932 1036 concupiscentiam
976 963 1150 1016 carnis
1193 961 1450 1016 alterutro
1488 961 1637 1016 dele-

83 1069 259 1112 ctantur
284 1041 512 1121 ardore;
541 1057 698 1110 etiam
727 1056 937 1109 intactis
966 1055 1033 1107 ab
1058 1052 1327 1120 immunda
1354 1053 1637 1107 violatione

82 1147 384 1218 corporibus,
416 1147 542 1215 fugit
568 1147 780 1199 castitas
810 1145 919 1215 ipsa
951 1144 1017 1200 de
1042 1145 1295 1198 moribus.
1326 1143 1432 1198 Nec
1455 1153 1636 1213 putare

83 1229 210 1295 debet
233 1238 321 1308 qui
349 1238 401 1291 in
429 1236 678 1291 feminam
712 1235 822 1306 figit
850 1236 1080 1297 oculum,
1115 1243 1164 1289 et
1192 1234 1331 1288 illius
1360 1235 1411 1288 in
1439 1251 1496 1289 se
1524 1236 1636 1304 ipse

84 1331 223 1400 diligit
245 1329 429 1393 fixum,
461 1328 530 1383 ab
558 1328 675 1381 aliis
703 1342 759 1381 se
790 1342 893 1381 non
924 1327 1110 1388 videri,
1141 1341 1259 1380 cum
1292 1325 1393 1378 hoc
1419 1325 1634 1381 fecerit:

85 1403 503 1487 videturomnino
524 1460 539 1485 ,
568 1428 619 1473 et
649 1434 678 1472 a
705 1419 893 1488 quibus
920 1433 978 1470 se
1005 1416 1167 1471 videri
1197 1431 1300 1469 non
1327 1415 1633 1469 arbitratur.

85 1512 162 1580 Sed
185 1527 306 1566 ecce
332 1512 508 1586 lateat,
539 1521 590 1566 et
614 1527 642 1563 a
675 1511 886 1565 nemine
916 1509 1185 1564 hominum
1214 1508 1480 1567 videatur;
1509 1508 1634 1577 quid

84 1602 208 1657 faciet
231 1601 300 1657 de
331 1602 423 1656 illo
451 1616 612 1672 super
642 1602 941 1669 inSpcctore
961 1643 975 1664 ,
1004 1615 1161 1670 quem
1190 1600 1354 1654 latere
1385 1599 1512 1693 nihil
1541 1615 1634 1667 po-

87 1694 299 1750 testiAn
343 1694 465 1748 ideo
509 1692 770 1762 putandus
811 1699 892 1746 est
939 1705 1040 1745 non
1083 1691 1296 1758 videre,
1337 1691 1463 1762 quia
1491 1700 1636 1745 tanto

84 1787 190 1858 videt
213 1786 534 1859 patientius,
568 1795 762 1858 quanto
789 1783 1118 1853 sapientius?
1148 1783 1225 1836 llli
1255 1799 1381 1852 ergo
1407 1785 1486 1836 vir
1515 1798 1635 1852 san-

84 1888 172 1934 ctus
197 1868 379 1934 timeat
402 1877 705 1946 disldicere,
736 1893 803 1931 ne
833 1876 958 1929 velit
987 1876 1195 1930 feminm
1227 1875 1362 1928 male
1393 1875 1632 1944 placere:

84 1971 196 2023 illum
235 1970 436 2040 cogitet
474 1968 649 2022 omnia
679 1967 894 2034 videre,
926 1982 992 2019 ne
1039 1966 1163 2020 velit
1205 1965 1452 2020 feminam
1498 1965 1636 2026 male

84 2063 242 2128 videre.
289 2051 442 2116 Illius
491 2077 717 2132 namque
759 2070 807 2114 et
843 2060 893 2112 in
925 2059 1023 2112 hac
1051 2073 1209 2113 causa
1235 2058 1635 2111 commendatus

83 2165 142 2212 est
156 2157 324 2221 timor,
341 2155 432 2211 ubi
451 2155 705 2225 scriptum
729 2160 810 2206 est
829 2171 840 2204 :
864 2151 1178 2204 Abominatio
1197 2163 1264 2203 est
1284 2149 1501 2203 Domino
1519 2150 1637 2218 deﬁ-

85 2266 171 2318 gens
197 2247 394 2301 oculum
417 2244 494 2317 (a)
524 2244 705 2316 (Prov.
732 2259 883 2298 xxvtt
904 2285 918 2310 ,
945 2242 1015 2296 20
1033 2283 1046 2306 ,
1079 2258 1178 2296 sec.
1203 2241 1388 2312 LXX).
1415 2239 1636 2306 Quando

86 2355 178 2408 ergo
201 2338 351 2393 simul
382 2337 511 2391 estis
542 2337 593 2390 in
620 2335 845 2392 ecclesia
867 2375 882 2399 ,
925 2342 977 2386 et
1016 2334 1328 2403 ubicumque
1361 2333 1445 2385 ubi
1478 2341 1529 2386 et
1558 2331 1635 2386 fe-

86 2430 204 2485 minae
245 2438 410 2496 sunt,
453 2429 679 2484 invicem
726 2437 956 2499 vestram
1006 2425 1306 2494 pudicitiam
1354 2424 1631 2480 custodite.

88 2523 195 2580 Deus
219 2525 360 2579 enim
394 2522 481 2592 qui
514 2521 714 2575 habitat
745 2522 796 2574 in
825 2521 1003 2587 vobis,
1044 2519 1200 2573 etiam
1233 2519 1332 2572 isto
1359 2518 1516 2572 modo
1540 2533 1630 2572 cu-

88 2617 237 2672 stodict
264 2632 360 2672 vos
391 2631 456 2669 ex
489 2613 659 2668 vobis.

497 2724 575 2779 De
601 2728 826 2794 fraterno
850 2724 1172 2777 correctione.

138 2841 178 2894 7.
203 2840 272 2894 Et
292 2840 340 2894 si
377 2838 513 2893 hanc
550 2837 618 2890 de
660 2851 772 2905 qua.
803 2835 1012 2904 loquor,
1045 2834 1186 2887 oculi
1211 2833 1554 2902 petulantiam
1583 2833 1633 2886 in

87 2929 224 2999 aliquo
271 2938 510 2998 vestrum
566 2927 939 2990 adverteritis,
986 2926 1163 2979 statim
1214 2926 1526 2987 admonete,
1571 2939 1637 2979 ne

86 3035 220 3094 coepta
246 3023 678 3095 progrediantur,
707 3021 799 3075 sed
822 3021 888 3078 de
919 3019 1164 3088 proximo
1192 3020 1546 3084 corrigantur.
1581 3016 1637 3072 Si

86 3127 224 3174 autem
261 3126 317 3174 et
354 3123 477 3184 post
517 3112 931 3166 admonitionem
967 3109 1158 3164 iterum
1180 3149 1194 3172 ,
1226 3107 1311 3161 vel
1354 3108 1460 3162 alio
1501 3123 1636 3176 quo-

87 3222 271 3278 cumque
298 3207 400 3268 die.
425 3205 652 3272 idipsunt
693 3217 817 3258 eum
859 3200 1029 3254 facere
1077 3199 1330 3264 videritis,
1358 3199 1466 3267 jam
1495 3198 1640 3252 velut

86 3301 386 3361 vulneratum
437 3295 730 3352 sanandum
775 3293 980 3361 prodat,
1023 3293 1341 3364 quicumque
1391 3291 1494 3346 hoc
1543 3307 1638 3359 po-

89 3393 217 3448 tuerit
234 3391 518 3457 invenire;
555 3388 701 3458 prius
744 3395 916 3440 tamen
960 3396 1008 3440 et
1059 3385 1209 3439 alteri
1248 3384 1330 3439 vel
1362 3385 1515 3440 tertio
1540 3384 1636 3439 de-

87 3491 432 3548 monstratum,
472 3487 536 3534 ut.
578 3478 804 3540 duorum
853 3476 932 3530 vel
980 3476 1134 3530 trium
1167 3475 1328 3545 possit
1371 3491 1464 3530 ore
1505 3491 1637 3530 cou-

84 3573 210 3640 rinci,
257 3574 376 3642 16),
409 3579 470 3626 et
512 3569 833 3641 competenti
891 3568 1173 3623 severitate
1223 3567 1476 3622 coerceri.
1531 3567 1640 3622 Nec

89 3679 160 3720 vos
199 3667 450 3735 iudicetis
489 3679 610 3720 esse
654 3662 980 3728 malevolos,
1035 3659 1245 3730 quando
1293 3661 1395 3715 hoc
1442 3661 1639 3716 indica-

87 3758 152 3811 tis.
199 3759 364 3829 Magis
414 3757 608 3828 quippe
654 3755 962 3810 innocentes
1014 3768 1119 3811 non
1167 3752 1315 3814 estis,
1339 3752 1403 3806 -si
1451 3753 1638 3808 fratres

87 3861 283 3915 vestros,
313 3864 458 3920 quos
499 3846 778 3901 indicando
816 3845 1082 3912 corrigere
1127 3844 1376 3912 potestis,
1418 3845 1638 3899 tacendo

86 3940 229 4008 perire
257 3938 586 4010 permittitis.
618 3935 671 3992 Si
698 3937 839 3993 enim
871 3934 1036 3990 frater
1061 3944 1181 3989 tuus
1204 3935 1393 3990 vulnus
1420 3935 1641 3990 haberet

85 4029 122 4084 in
145 4047 388 4103 carptim,
419 4029 558 4101 quod
587 4028 744 4086 vellet
758 4027 1032 4089 occultari,
1061 4025 1184 4080 dum
1205 4026 1415 4081 timeret
1434 4026 1634 4091 secari;

86 4136 234 4182 nonne
274 4121 568 4184 crudeliter
613 4119 708 4175 abs
749 4128 801 4174 te
845 4117 1110 4181 sileretur,
1140 4127 1193 4172 et
1230 4119 1639 4172 misericorditer

85 4210 419 4274 initiaretur?
446 4211 654 4282 Quanto
682 4223 808 4279 ergo
845 4208 1016 4278 potius
1054 4223 1174 4270 eum
1214 4207 1376 4260 debes
1412 4207 1634 4262 manife-

81 4315 215 4369 stare,
250 4321 332 4361 ne.
367 4303 602 4360 deterius
627 4308 896 4371 putrescat
922 4301 970 4354 in
1007 4297 1204 4354 corde?
1228 4297 1336 4354 Sed
1355 4307 1636 4367 antequam

79 4395 174 4465 aliis
189 4398 609 4462 demonstrewr,
631 4410 725 4463 per
751 4408 887 4463 quos
913 4390 1305 4446 convincendus
1328 4399 1430 4455 est,
1461 4391 1506 4444 si
1542 4406 1637 4446 ne-

80 4492 275 4556 gaverit,
307 4490 459 4561 prius
483 4486 764 4556 praepOsito
783 4486 798 4516 ¹
825 4483 984 4540 debet
1011 4483 1239 4549 osteiidi,
1268 4484 1312 4537 si
1338 4481 1640 4538 admonitus

85 4584 360 4654 neglexerit
379 4581 594 4650 corrigi,
625 4595 690 4633 ne
717 4577 850 4646 forte
879 4577 1046 4646 possit
1079 4576 1334 4632 secretius
1361 4581 1639 4643 correptus

83 4687 168 4730 non
186 4675 524 4731 innotescere
550 4671 778 4728 caeteris.
802 4669 863 4724 Si.
887 4679 1060 4735 autem
1093 4669 1378 4739 negaverit,
1405 4679 1527 4722 tunc
1547 4682 1642 4724 ne-

83 4767 206 4834 ganti
235 4764 526 4822 adhibendi
551 4772 676 4818 sunt
701 4763 808 4829 alii,
836 4773 894 4816 ut
909 4763 1016 4832 jam
1041 4777 1222 4819 coram
1249 4762 1492 4818 omnibus
1510 4776 1640 4830 pos-

80 4855 137 4910 sit
170 4873 272 4914 non
313 4858 387 4913 ab
428 4873 536 4912 uno
577 4866 707 4910 teste
748 4854 921 4924 argui,
953 4855 1047 4916 sed
1091 4871 1119 4908 a
1161 4855 1367 4911 duobus
1410 4857 1642 4911 tribusve

84 4949 329 5004 convinci.
380 4947 672 5003 Convictus
713 4961 872 5011 vero,
918 4945 1208 5000 secundum
1250 4947 1512 5014 praepositi
1559 4946 1641 5004 vel

79 5039 218 5096 etiam
233 5040 556 5112 presbyteri,
580 5039 646 5093 ad
666 5039 817 5109 cujus
839 5038 1544 5109 dispensationem’pertinet,
1558 5055 1645 5094 ar-

80 5124 298 5196 bitrium,
325 5130 488 5187 debet
510 5129 924 5192 emendatoriam
944 5130 1121 5185 subire
1139 5130 1420 5185 vindictam
1443 5147 1458 5183 :
1484 5146 1644 5201 quam

81 5221 118 5273 si
147 5221 286 5282 ferre
310 5223 657 5288 recusaverit,
691 5220 895 5292 etiamsi
935 5221 1047 5290 ipse
1079 5237 1181 5275 non
1211 5221 1546 5288 abscesserit,
1576 5223 1644 5279 de

250 5341 300 5399 ᾳ
320 5334 501 5399 oppetit
518 5333 896 5399 concupiscentia
913 5333 1215 5399 feminarum.
1235 5327 1529 5399 Desnosiusi:
1554 5345 1645 5388 Nec

74 5394 160 5462 ξοιρ
179 5396 325 5449 tacito
345 5394 537 5462 olfactu,
563 5398 647 5448 sed
668 5394 862 5462 aspectu
880 5394 1081 5462 quoque.
1102 5398 1319 5459 Denique
1346 5397 1544 5461 epistola
1555 5399 1646 5462 2U

75 5453 247 5526 iubet!
275 5453 494 5526 NecZ'sojo
512 5453 655 5526 tactu,
783 5453 954 5526 oﬂ'cc'tu
975 5453 1158 5526 Quoque
1180 5464 1224 5506 et
1240 5453 1436 5522 its-pecto
1460 5459 1644 5526 opp_cti-_

73 5522 207 5592 (alet
751 5519 1087 5592 \‘idding‘u'sin'
1103 5519 1313 5592 virorum
1335 5519 1507 5592 regula
1523 5519 1534 5526 ⁷
1549 5522 1647 5588 legi

73 5560 759 5648 ξθηέιίᾶγναῖρίὲὶᾱ
783 5560 1652 5648 Ροῑιοῑῖΐεῖιιιθὼιιξὶξ

71 5638 576 5710 locnrp'sicpéfmutat
599 5659 612 5695 :
639 5638 728 5696 Sed
751 5641 943 5710 aspectu
964 5657 1145 5709 quoque
1178 5638 1553 5708 coruqu'risrentia
1571 5643 1647 5694 in-

71 5705 279 5757 curritur
301 5705 606 5770 Ῑὲηιῦιανυηι.

129 5769 144 5799 ¹
168 5767 444 5831 Τι’θεᾘεδη
463 5767 669 5828 seniori;
689 5782 746 5831 ac
765 5767 907 5831 paulo
928 5776 1032 5831 post
1054 5767 1203 5831 iidem
1221 5781 1329 5815 cum
1351 5767 1446 5817 alio
1463 5769 1647 5830 codice,

71 5831 332 5881 secundum
351 5827 558 5894 fratrum
579 5827 815 5881 ueletiam
837 5827 1019 5880 abbatis
1039 5830 1103 5879 ad
1122 5827 1276 5890 cujus.

126 5921 198 5980 (α)
229 5921 492 5981 Izdétugma
516 5917 661 5970 Κατίό
684 5914 922 5968 ste'ridzén
947 5911 1234 5977 opinatum.

120 6015 552 6051 mmﬁi.--_'aﬁ'fz
568 6016 635 6046 ,δεῖ
655 6015 771 6047 ,ε’-ἕξ·-

1004 481 1061 548 _S.
1102 475 1466 536 AUGUSTINI
1497 471 1769 530 REGULA
1813 471 1902 524 Al)
1939 468 2203 544 SERYOS
2245 461 2374 522 DEI.

3187 461 3326 522 1382

1745 594 1918 637 vestra
1945 584 2197 637 societate
2225 581 2550 651 proﬁciatur.
2583 578 2697 636 Non
2728 577 2866 634 enim
2895 588 2947 633 et
2979 577 3079 635 hoc
3117 580 3176 634 fit
3197 598 3318 636 cru—

1742 675 1950 738 deliter,
1991 675 2084 729 sed
2135 674 2563 738 misericorditer,
2615 687 2680 727 ne
2713 674 3025 741 eontagione
3070 684 3315 740 pestilera

1742 767 1996 836 plurimos
2027 765 2228 835 perdat.
2253 765 2321 818 Et
2351 766 2448 818 hoc
2465 764 2605 834 quod
2633 764 2740 817 dixi
2769 764 2834 817 de
2854 764 3009 818 oculo
3032 779 3136 816 non
3159 767 3314 831 ligen-

1741 857 1830 923 do,
1860 856 2017 911 etiam
2045 857 2098 910 in
2133 857 2340 912 caeteris
2366 855 2745 917 inveniendis,
2777 854 3150 923 prohibendis,
3185 856 3320 909 indi-

1742 947 1946 1014 candis,
2001 946 2377 1002 convincendis
2417 946 2849 1014 vindicandisque
2902 945 3151 1010 peccatis,
3199 946 3319 1001 dili-

1741 1051 1928 1113 genter
1947 1051 2000 1096 et
2027 1040 2252 1095 fideliter
2289 1040 2617 1100 observetur,
2660 1053 2780 1092 cum
2821 1038 3104 1092 dilectione
3144 1037 3286 1090 homi

1742 1148 1888 1196 num,
1918 1145 1970 1185 et
2008 1131 2134 1185 odio
2168 1129 2432 1183 vitiorum.
2457 1129 2788 1198 Quicumque
2826 1138 3000 1183 autem
3034 1129 3086 1182 in
3119 1139 3326 1184 tantum

1742 1237 2056 1297 progressus
2085 1221 2244 1276 fuerit
2273 1222 2487 1286 malum,
2516 1230 2568 1273 ut
2597 1223 2805 1275 occulte
2827 1221 2894 1272 ab
2919 1221 3092 1290 aliqua
3122 1221 3322 1274 litteras

1743 1313 1824 1368 vel
1849 1312 2099 1383 qumlibct
2124 1311 2431 1366 munuscula
2473 1311 2697 1378 accipiat
2727 1311 2764 1368 ⁸.
2796 1311 2839 1363 si
2872 1310 2970 1364 hoc
2995 1310 3131 1364 ultro
3154 1312 3322 1364 conti-

1744 1414 1898 1462 tetnr.
1934 1413 2180 1475 parcatur
2211 1405 2304 1466 illi,
2329 1412 2380 1458 et
2409 1411 2590 1455 oretur
2614 1417 2715 1469 pro
2738 1402 2845 1454 illo.
2870 1403 2924 1456 Si
2945 1418 3117 1457 autem
3140 1402 3323 1471 depre-

1742 1496 1988 1551 henditur
2013 1504 2169 1563 atque
2195 1494 2549 1554 convincitur,
2580 1491 2870 1546 secundum
2903 1492 3177 1548 arbitrium
3199 1508 3321 1565 pre-

1740 1587 1937 1658 sbyteri
1961 1571 2039 1640 vel
2065 1585 2334 1655 praepositi
2366 1584 2578 1654 gravius
2604 1582 2934 1637 emendetur.

1846 1717 1926 1772 De
1946 1718 2062 1771 vitio
2080 1717 2334 1787 propriam
2354 1715 2574 1785 aiiquam
2599 1731 2701 1767 rem
2721 1713 2818 1767 sibi
2837 1713 3215 1769 vindicantium.

1810 1831 1863 1884 8.
1884 1830 2069 1884 Vestes
2085 1839 2289 1882 vestras
2306 1828 2357 1882 in
2383 1843 2542 1881 unum
2573 1826 2833 1887 habeatis,
2861 1825 2958 1880 Sub
2980 1841 3084 1888 uno
3106 1825 3326 1892 custon

1739 1921 1825 1974 vel
1850 1920 2077 1984 duobus,
2098 1920 2182 1973 vel
2213 1928 2342 1988 quot
2369 1916 2617 1972 sufficere
2638 1917 2908 1985 potuerint
2933 1917 3000 1982 ad
3030 1930 3125 1970 eas
3161 1931 3330 1986 θχοιιπ,

1741 2015 1964 2079 tiendas,
1999 2031 2064 2068 ne
2088 2032 2116 2066 a
2149 2015 2288 2068 tinea
2329 2012 2589 2066 laedantur
2632 2029 2644 2063 :
2687 2020 2742 2066 et
2779 2011 2920 2068 sicut
2947 2010 3230 2079 pascimini
3260 2027 3339 2089 ρετ

1741 2121 1846 2166 uno
1870 2105 2106 2170 cellario,
2129 2105 2208 2158 sic
2239 2103 2526 2168 induamini
2549 2116 2616 2156 ex
2642 2117 2746 2155 uno
2769 2101 3033 2159 vestiario.
3051 2099 3119 2154 Et
3143 2101 3186 2172 si
3213 2101 3338 2174 ﬁeri,

1741 2209 1936 2268 potest,
1962 2215 2065 2254 non
2094 2197 2158 2250 ad
2189 2212 2282 2249 vos
2313 2195 2576 2265 pertineat
2604 2193 2742 2261 quod
2782 2193 2929 2247 vobis
2959 2183 3342 2266 indumentum;

1739 2309 1835 2363 pro
1859 2301 2155 2360 temporum
2177 2291 2520 2359 congruentia
2550 2286 2867 2356 proferatur,
2898 2295 3068 2339 utrum
3099 2286 3200 2340 hoc
3238 2302 3323 2340 re-

1739 2386 1899 2454 cipiat
1930 2383 2291 2452 unusquisque
2328 2380 2468 2450 qUod
2510 2379 2848 2449 depOsucrat,
2895 2393 2960 2432 an
3000 2378 3140 2431 aliud
3183 2378 3357 2452 quod)

1739 2479 1875 2531 alter
1917 2476 2199 2531 habuerat;
2229 2476 2354 2528 dttm
2395 2483 2570 2526 tamen
2613 2471 2913 2539 unicuique,
2948 2481 3100 2539 prout
3135 2472 3336 2542 cuique.

1739 2583 1874 2637 Opus
1902 2579 2004 2625 est.
2041 2583 2144 2620 non
2184 2574 2430 2633 negetur.
2458 2564 2510 2618 Si
2543 2572 2717 2616 autem
2757 2562 2878 2616 hinc
2909 2562 3044 2615 inter
3073 2577 3166 2614 vos
3193 2577 3323 2628 eon-

1742 2661 2004 2714 tentiones
2031 2669 2085 2714 et
2113 2673 2383 2711 nnirtuura
2407 2658 2670 2719 oriuntur,
2703 2670 2824 2709 cum
2866 2655 3108 2724 queritur
3133 2654 3322 2724 aliquis

1739 2751 1970 2804 deterius
2019 2767 2076 2805 se
2122 2751 2392 2817 accepisse
2431 2763 2585 2819 quam
2639 2747 2782 2816 prius
2826 2747 3102 2812 habuerat,
3146 2756 3202 2803 et
3247 2749 3325 2816 in-_-

1739 2843 1956 2912 dignum
1986 2858 2045 2898 se
2069 2857 2189 2898 esse
2209 2842 2296 2910 qui
2323 2857 2428 2893 non
2456 2841 2523 2892 ita
2546 2840 2823 2904 vestiatur,
2846 2836 2985 2894 sicut
3004 2837 3138 2892 alius
3163 2837 3326 2893 frater

1740 2935 1853 3004 ejus
1871 2933 2218 2998 vestiebatur;
2240 2932 2364 2985 hinc
2389 2946 2482 2986 vos
2507 2931 2721 2999 probate
2743 2939 2996 3000 quantum
3021 2929 3173 2986 vobis
3187 2929 3340 2999 desit,

1743 3025 1795 3080 in
1830 3027 1917 3080 illo
1945 3024 2198 3079 interiore
2229 3031 2411 3076 sancto
2443 3022 2622 3076 habitu
2648 3022 2824 3076 cordis
2845 3061 2860 3086 ,
2890 3021 2978 3091 qui
3010 3037 3107 3091 pro
3147 3021 3332 3098 habitu

1741 3117 1978 3185 corporis
2011 3116 2246 3184 litigatis.
2273 3116 2472 3168 'l‘amen
2504 3115 2546 3167 si
2585 3113 2663 3167 sic
2691 3125 2866 3168 vestra
2896 3114 3153 3170 toleratur
3182 3116 3328 3184 inﬁr-

1743 3213 1916 3273 mitas,
1950 3217 2004 3260 ut
2048 3207 2146 3261 hoc
2192 3207 2459 3274 recipiatis
2505 3205 2644 3276 quod
2687 3205 3077 3274 deposueratis,
3124 3206 3176 3259 in
3220 3221 3337 3281 uno

1743 3309 1916 3354 tatnen
1949 3299 2064 3357 loco
2091 3299 2188 3352 sub
2214 3299 2586 3352 communibus
2619 3298 2931 3352 custodibus
2962 3297 3154 3366 habete.
3183 3299 3351 3372 quod;

1743 3392 1955 3460 ponitis.
1989 3389 2062 3444 lla
2086 3405 2233 3454 sane,
2266 3399 2319 3442 ut
2347 3389 2521 3442 nullus
2551 3389 2648 3458 sibi
2681 3388 2881 3460 aliquid
2921 3401 3207 3460 operetur;
3231 3390 3330 3461 sed

1741 3484 1917 3536 omnia
1948 3498 2108 3550 opera
2142 3492 2312 3535 vestra
2337 3480 2388 3534 in
2417 3496 2698 3534 commune
2727 3479 2911 3545 ﬁant',
2941 3480 3128 3549 majori
3153 3481 3348 3540 studio

1743 3576 2146 3644 ett'requentiori
2160 3576 2452 3638 alat-ritate,
2478 3589 2632 3644 quam
2657 3575 2700 3627 si
2718 3575 2868 3629 vobis
2888 3575 3109 3646 singulis
3131 3573 3329 3631 faccre-

1745 3672 1810 3722 tis
1836 3670 2064 3738 proliria.
2098 3667 2342 3721 Charitas
2365 3671 2529 3732 enim,
2557 3666 2625 3721 de
2652 3682 2750 3738 qua
2782 3668 3038 3738 scriptum
3058 3678 3160 3733 est,
3185 3667 3330 3738 quod

1742 3777 1846 3814 non
1872 3772 2070 3830 quazrat
2094 3777 2212 3828 qum
2236 3775 2327 3813 sua
2355 3769 2476 3813 sunt
2507 3759 2555 3829 (I
2583 3756 2699 3813 Cor.
2727 3774 2844 3826 xui,
2877 3759 2944 3829 5)
2968 3801 2983 3825 ,
3021 3760 3097 3812 sic
3127 3759 3322 3813 intellis

1739 3855 1902 3924 gitur,
1932 3855 2050 3924 quia
2093 3854 2392 3907 communia
2421 3853 2645 3922 propriis
2665 3891 2680 3915 ,
2708 3868 2810 3904 non
2837 3852 3052 3922 propria
3083 3865 3324 3904 commu-

1744 3947 1898 4014 nibus
1922 3944 2216 4013 anteponit.
2241 3944 2307 3996 Et
2333 3942 2452 3996 ideo
2473 3949 2668 4010 quanto
2695 3942 2812 4008 plus
2841 3956 2952 3993 rem
2983 3955 3321 4011 communem

1742 4054 1898 4107 quam
1925 4036 2190 4105 propriam
2215 4044 2441 4098 vestram
2463 4033 2796 4099 curaveritis,
2822 4040 2966 4086 tanto
2982 4048 3076 4085 vos
3099 4031 3332 4101 amplius

1745 4127 2033 4197 profecisse
2078 4126 2367 4190 noveritis;
2418 4135 2474 4194 ut
2519 4126 2568 4178 in
2619 4126 2886 4192 omnibus,
2935 4125 3128 4194 quibus
3165 4126 3326 4182 utitur

1744 4219 2028 4274 transitura
2083 4217 2408 4284 necessitas,
2456 4215 2848 4284 superemineat
2890 4230 3007 4284 qua:
3051 4224 3329 4288 permanet

1743 4309 1989 4374 Charitas.
2018 4309 2362 4378 Consequens
2389 4322 2514 4376 ergo
2543 4316 2624 4361 est
2658 4317 2714 4376 ut
2742 4307 2900 4359 etiam
2932 4305 3018 4376 qui
3044 4305 3154 4372 suis
3179 4305 3323 4376 ﬁliis,

1743 4413 1834 4456 aut
1860 4403 2031 4472 aliqua
2070 4400 2458 4456 necessitudine
2498 4399 2563 4464 ad
2608 4413 2666 4453 se
2704 4398 3085 4468 pertinentibus
3113 4397 3168 4458 in
3207 4413 3324 4455 mo-

1744 4495 1977 4552 nasterio
2017 4492 2336 4558 constitutis,
2369 4491 2596 4560 aliquam
2626 4489 2908 4554 contulerit
2933 4499 3165 4558 vestem,
3214 4490 3344 4562 sive"

1745 4586 2010 4656 quodlibet
2030 4575 2168 4640 aliud
2203 4585 2340 4640 inter
2360 4571 2667 4646 necessaria
2685 4581 3042 4654 deputandum
3062 4623 3079 4650 ,
3100 4598 3207 4650 non
3231 4598 3328 4652 oc:-

1745 4681 1885 4748 culte
1919 4678 2240 4749 accipiatur;
2273 4677 2366 4742 sed
2398 4666 2551 4731 sit'in
2592 4684 2852 4744 potestate,
2883 4674 3172 4745 praepositi,
3199 4684 3256 4728 ut
3275 4675 3338 4746 in,

1746 4786 1858 4826 rem
1897 4785 2231 4824 communem
2285 4767 2593 4835 redactum,
2637 4766 2719 4821 cui
2770 4767 3128 4839 necessarium
3171 4765 3346 4842 fuerit.

1750 4860 2064 4931 praebeatur.
2093 4858 2244 4925 Quod
2275 4859 2319 4913 si
2348 4857 2545 4928 aliquis.
2566 4873 2676 4930 rem
2713 4856 2820 4926 sibi
2848 4857 3330 4932 collatamcelave-g

1747 4953 1835 5022 rit,
1867 4953 1989 5008 furti
2011 4951 2211 5023 judicio
2237 4951 2617 5018 condemnetur
2643 4947 2683 5005 ⁸.

1811 5111 1828 5142 ί
1849 5109 2045 5172 Codices
2061 5107 2285 5172 plerique
2301 5107 2485 5172 habent
2502 5119 2515 5155 :
2541 5103 2604 5172 at;
2623 5101 2984 5172 aliquo‘tiueras
3002 5105 3090 5172 vet
3092 5103 3333 5172 quodlibet
3420 5093 3427 5101 ’

1747 5186 1919 5223 namus
1939 5167 2160 5235 accipiat.
2195 5167 2346 5235 Quem
2360 5168 2524 5235 locum
2545 5167 2605 5216 ad
2627 5168 2936 5235 Corbeieusis
2955 5174 3039 5216 Ms.
3062 5167 3331 5235 tidem-eor-

1748 5236 1985 5292 reximus,
2008 5224 2164 5283 secuti
2189 5224 2336 5282 etiam
2360 5231 2454 5292 hac
2473 5232 2520 5280 in
2543 5243 2601 5280 re
2639 5229 2968 5292 conjecturam
3008 5224 3242 5292 attentum
3278 5237 3330 5278 et
3351 5261 3366 5276 ρ,

1751 5287 1987 5358 viudingi,
2011 5296 2096 5358 qui
2117 5295 2182 5343 de
2205 5291 2504 5358 munusculis
2523 5287 2788 5358 amatoriis
2808 5287 3072 5358 idApmcipi
3093 5288 3333 5358 arbitran-

1750 5365 1860 5418 tur;
1885 5347 2108 5418 adeoque
2127 5363 2179 5405 ut
2203 5357 2253 5404 in
2274 5355 2558 5418 feminarum
2580 5353 2752 5418 regula
2774 5347 2970 5418 legiiur,
2986 5347 3047 5398 ab
3063 5347 3240 5418 aliqua,
3263 5351 3336 5418 sic

1750 5370 1827 5407 tur
1846 5372 1860 5418 ;
1885 5370 1975 5407 aue
2043 5371 2108 5405 ue
2127 5370 2179 5405 υι
2203 5370 2253 5404 In
2274 5370 2558 5405 tetmuarum
2580 5370 2605 5401 ι·
2709 5370 2752 5402 ta
2774 5370 2970 5414 legitur,
2986 5370 3047 5398 ua
3063 5370 3108 5398 ut
3164 5370 3240 5406 ua,
3263 5370 3333 5402 δια

1750 5370 2262 5489 ιοεθηαψηῗίῖιίρεεεθρ
2282 5414 2344 5466 ab
2365 5415 2544 5489 aliaue.-
2557 5370 2706 5489 ,ντέἮὲ
2729 5370 3245 5489 ιξρεειβρὲξεξιβῗὲι
3260 5410 3333 5489 πίει

1750 5473 3101 5604 recessisses:
3117 5473 3248 5536 ίιυοα
3267 5473 3328 5524 ει

1815 5607 1834 5636 ³
1857 5603 1992 5662 aditi,
2032 5601 2082 5654 in
2125 5593 2270 5653 tinum
2303 5593 2517 5665 [iungat
2548 5608 2654 5650 MSS.
2680 5593 2890 5665 potiores
2910 5595 3111 5665 habent,
3133 5593 3186 5647 in
3207 5607 3336 5665 cum

1750 5679 1911 5715 mune.
1935 5655 1999 5714 tta
2016 5665 2170 5731 etiam
2194 5655 2337 5731 elisi.
2373 5662 2482 5719 2H,
2506 5663 2554 5710 in
2596 5655 2692 5731 qua
2729 5656 3028 5731 paulo_aute,_
3043 5655 3104 5707 ad
3128 5659 3348 5731 vet-bu!

1751 5733 1991 5800 ρρετεέιιτι
2016 5727 2122 5788 haec
2140 5715 2392 5800 satisne!“
2415 5715 2694 5800 suetis?!
2703 5715 3107 5800 fit???
3129 5718 3231 5772 ⁸³⁸
3252 5715 3336 5800 '9'

1742 5781 1934 5859 jaceat;
1949 5781 2195 5839 sivc'undc
2215 5781 2453 5859 dirigatur,
2475 5782 2547 5856 vel
2563 5788 2828 5859 oper‘yaﬂlt'.‘
2846 5781 2920 5834 νει
2938 5800 3083 5857 capta
3099 5796 3337 5859 cattch

1817 5854 1836 5918 ξ
1862 5845 2028 5918 sese
2041 5845 2310 5918 autem;
2325 5847 2454 5918 ομοτι
2477 5845 2711 5918 statim
2731 5858 2855 5909 rem.
2879 5845 3165 5918 «mea
3182 5867 3213 5907 ι
3232 5845 3338 5908 ω

1752 5914 1945 5965 beiensi
1969 5919 2022 5964 et
2042 5913 2105 5961 ab
2125 5909 2232 5959 aliis
2253 5909 2500 5972 plerisque
2521 5909 2628 5960 ω
