3888 6394
559 524 701 594 1383

630 646 710 704 De
732 644 940 702 vestiunt
962 638 1170 707 latione,
1192 634 1254 693 de
1274 634 1483 695 balneis,
1511 631 1669 703 deque
1689 627 1806 684 aliis
1832 620 2073 680 curandis

960 735 966 741 ’
1033 740 1250 809 fratrum
1273 728 1660 787 necessitatibus.

630 833 686 893 9.
711 831 1021 890 Indumenta
1048 837 1222 883 vestra
1250 822 1542 881 secundum
1570 817 1848 875 arbitrium
1875 809 2142 885 praepositi

559 925 821 988 laventur,
847 921 960 977 sive
987 935 1018 975 a
1053 917 1226 977 vobis.
1258 916 1376 972 sive
1402 930 1433 971 a
1464 911 1749 969 fullonibus
1767 949 1783 970 ,
1814 922 1882 964 ne
1921 902 2144 960 interio-

560 1036 648 1077 res
674 1019 866 1075 animm
884 1015 1070 1073 sordes
1090 1011 1371 1070 contrahat
1403 1007 1612 1064 mundae
1637 1003 1801 1058 vestis
1825 998 2017 1056 nimius
2045 1012 2146 1067 ap-

561 1113 782 1189 petitus.
794 1111 1084 1168 Lavacrum
1105 1106 1265 1162 etiam
1291 1101 1522 1175 corpori,
1553 1113 1674 1156 cum
1705 1091 2021 1150 infirmitatis
2051 1103 2144 1145 ne-

559 1187 782 1263 cessitas
800 1204 960 1273 cogit,
977 1200 1195 1255 minime
1213 1197 1505 1260 denegetur
1526 1194 1565 1242 ί.
1588 1189 1703 1247 Fiat
1733 1187 1849 1244 sine
1872 1195 2145 1239 murmure

558 1299 628 1356 de
653 1296 878 1354 cuosilio
906 1293 1116 1358 medici,
1146 1293 1217 1346 ita
1248 1299 1304 1343 ut
1330 1288 1490 1343 etiam
1516 1284 1559 1338 si
1590 1282 1738 1343 nolit,
1761 1278 1978 1348 iubente
2003 1289 2143 1344 pra-

562 1388 734 1461 posito
760 1386 912 1443 faciat
939 1382 1079 1456 quod
1113 1377 1410 1437 faciendum
1440 1383 1521 1432 est
1551 1388 1646 1442 pro
1674 1370 1859 1427 solute.
1883 1366 1939 1423 Si
1966 1374 2142 1461 autem

558 1453 705 1544 velit.
728 1489 782 1536 et
807 1480 943 1535 forte
959 1453 1068 1531 non
1095 1471 1328 1540 expedit.
1358 1484 1468 1524 suae
1493 1463 1768 1532 cupiditati
1802 1473 1906 1512 non
1933 1453 2144 1511 obedie-

559 1585 649 1631 tur
677 1568 996 1641 :aliqnando
1020 1565 1162 1620 enim
1189 1562 1346 1617 etiam
1376 1559 1420 1614 si
1447 1566 1655 1621 noceat,
1684 1552 1940 1625 prodesse
1984 1560 2140 1641 amen

557 1639 958 1731 credituran
995 1656 1241 1712 delectat.
1272 1650 1506 1716 Denique
1529 1648 1573 1702 si
1601 1646 1769 1701 latens
1795 1652 1875 1698 est
1907 1641 2058 1713 dolor
2083 1639 2138 1694 in

559 1769 807 1825 corpore,
836 1730 1032 1807 famulo
1061 1746 1153 1804 Dei
1182 1743 1376 1801 dicenti
1397 1740 1521 1813 quid
1547 1739 1645 1795 sibi
1675 1735 1871 1825 doleat,
1898 1733 2013 1825 sine
2041 1730 2140 1825 du-

560 1820 818 1902 bitatione
841 1840 1120 1896 credatur:
1145 1835 1236 1892 Sed
1267 1844 1443 1889 tamen
1472 1839 1647 1886 utrum
1678 1824 1914 1881 sanando
1940 1821 2013 1877 illi
2043 1820 2145 1875 do-

561 1934 682 1996 lori.
706 1931 847 2003 quod
869 1931 1117 1994 delectat,
1149 1924 1391 1995 expediat
1413 1966 1428 1989 ,
1452 1922 1496 1977 si
1534 1935 1639 1976 non
1666 1927 1749 1973 est
1767 1923 1970 1971 certum
1988 1953 2002 1976 ,
2032 1926 2147 1967 me-

560 2027 714 2087 dicus
741 2026 1061 2085 consulatur.
1087 2021 1197 2079 Nec
1218 2029 1339 2075 eant
1366 2016 1431 2072 ad
1454 2014 1662 2071 balnea.
1681 2011 1798 2067 sive
1812 2018 2147 2081 quocumque

560 2123 642 2182 ire
668 2136 885 2178 necesse
914 2118 1071 2174 fuerit
1089 2160 1103 2183 ,
1131 2116 1307 2171 minus
1334 2127 1491 2183 quan.
1518 2110 1626 2165 duo
1654 2107 1735 2163 vel
1770 2117 1895 2159 tres.
1947 2100 2013 2157 Et
2055 2097 2146 2155 ille

560 2216 648 2289 qui
678 2213 831 2269 habet
859 2211 1034 2275 aliquo
1049 2208 1206 2266 eundi
1240 2206 1628 2268 necessitatem,
1653 2216 1775 2256 cum
1801 2196 1992 2266 quibus
2013 2207 2149 2264 prte-

560 2287 764 2383 positns
781 2305 1022 2375 jusserit,
1046 2304 1123 2359 ire
1143 2300 1355 2361 debebit
1382 2302 1420 2352 ³.
1454 2293 1843 2368 Ᾱὶίςιιοιτιιιιίιηη
1862 2305 2010 2351 citra,
2033 2287 2145 2342 sive

559 2412 681 2476 post
704 2398 1070 2464 aegritudinem
1100 2393 1527 2455 reficiendorum,
1553 2391 1665 2447 sive
1693 2388 1865 2457 aliqua
1903 2384 2146 2440 imbecil-

559 2494 707 2552 litate
741 2494 897 2548 etiam
925 2491 1040 2546 sine
1068 2489 1301 2546 febribus
1332 2486 1684 2542 laborantium
1705 2526 1720 2543 .
1750 2483 1837 2537 uni
1868 2479 2021 2535 alicui
2048 2479 2145 2535 de-

554 2585 653 2642 bet
690 2584 890 2651 iniungi
915 2626 930 2645 ,
962 2592 1016 2635 ttt
1067 2582 1181 2647 ipse
1227 2579 1293 2633 de
1327 2577 1546 2632 cellario
1589 2582 1734 2644 petat
1774 2572 1915 2644 quod
1957 2573 2147 2639 cuique

560 2690 698 2745 onus
721 2691 840 2731 esse
874 2671 1225 2745 perspe-xerit.
1261 2669 1384 2726 Sive
1427 2677 1602 2723 autem
1637 2667 1725 2737 qui
1766 2664 2001 2721 cellario.
2034 2663 2147 2718 sive

560 2771 653 2842 qui
696 2769 961 2826 Vestibus.
1007 2767 1120 2823 sive
1154 2765 1242 2834 qui
1282 2763 1553 2819 codicibus
1592 2767 1988 2829 prteponuntnr,
2031 2757 2147 2812 sine

560 2880 832 2925 murmure
860 2862 1092 2918 serviant
1133 2861 1379 2917 fratribus
1419 2858 1546 2913 suis.
1587 2855 1808 2911 Codices
1844 2862 1986 2909 certa
2015 2851 2147 2907 hora

562 2958 785 3030 singulis
818 2955 1005 3011 dit-bus
1047 2960 1297 3025 petantur
1326 2970 1340 3006 :
1371 2961 1519 3006 extra
1550 2948 1735 3003 horam
1780 2945 1867 3016 qui
1913 2942 2144 3011 petierit,

561 3067 671 3109 non
700 3049 943 3119 accipiat.
965 3047 1293 3105 Vestimenta
1320 3060 1448 3102 vero
1476 3052 1528 3099 et
1558 3042 1915 3095 calceamenta
1936 3036 2149 3104 quando

563 3143 918 3211 indigentibus
943 3141 1138 3198 fuerint
1158 3139 1476 3199 necessaria,
1498 3136 1625 3192 dare
1656 3149 1759 3189 non
1785 3131 2027 3188 differant
2049 3128 2149 3184 sub

564 3251 788 3308 quorum
818 3233 1056 3289 custodia
1085 3241 1208 3286 sunt
1231 3246 1350 3300 quae
1373 3238 1685 3301 poscuntur.

566 3327 644 3382 De
674 3325 887 3397 petenda
909 3324 1072 3389 venia,
1101 3333 1150 3378 et
1169 3320 1375 3388 offensis
1402 3318 1747 3374 continuandis
1780 3333 1843 3371 ea:
1878 3314 2142 3369 charitnte.

636 3414 724 3471 10.
758 3414 900 3470 Lites
940 3421 1029 3467 aut
1067 3412 1238 3467 nullas
1272 3410 1541 3474 habeatis,
1569 3416 1661 3463 ant
1684 3423 1839 3471 quam
1871 3407 2150 3463 celerrime

567 3505 784 3568 finiatis,
818 3520 885 3560 ne
914 3504 990 3558 ira
1020 3513 1228 3558 crescat
1255 3503 1306 3558 in
1333 3501 1510 3556 odium
1535 3543 1549 3562 .
1572 3509 1628 3556 et
1663 3500 1865 3555 trabem
1905 3499 2053 3553 faciat
2081 3497 2149 3554 de

566 3597 766 3654 festuca
787 3638 804 3663 ,
833 3603 887 3651 et
920 3596 1151 3651 animam
1184 3595 1337 3650 faciat
1365 3593 1701 3650 homicidam.
1732 3591 1819 3649 Sic
1848 3594 1990 3648 enim
2023 3591 2151 3662 legi-

568 3690 636 3744 tis
662 3707 674 3741 :
702 3687 801 3755 Qui
825 3688 931 3743 odit
957 3686 1165 3755 fratrem
1194 3703 1342 3741 suum
1361 3727 1375 3745 .
1400 3685 1650 3740 homicida
1684 3694 1755 3739 est
1784 3684 1841 3756 (1
1866 3685 2022 3739 1mm.
2056 3700 2109 3739 Ill
2129 3727 2147 3754 ,

571 3780 682 3849 15).
712 3779 1043 3850 Quicumque
1088 3778 1330 3834 convicio
1372 3778 1458 3833 vel
1504 3776 1804 3840 maledicto,
1857 3776 1939 3830 vel
1988 3777 2149 3831 etiam

566 3873 803 3930 criminis
820 3871 1029 3942 obiectu
1047 3870 1276 3939 aliquem
1294 3868 1450 3929 lzesit.
1470 3868 1771 3924 meminerit
1793 3866 2152 3921 satisfactione

565 3963 881 4036 quantocius
902 3977 1091 4018 curare
1105 3960 1245 4034 quod
1270 3960 1412 4023 fecit,
1434 3969 1489 4016 et
1504 3960 1592 4018 ille
1617 3960 1704 4031 qui
1726 3959 1884 4015 laesus
1909 3966 2012 4025 est,
2034 3958 2154 4017 sine

568 4057 954 4126 disceptatione
994 4054 1282 4110 dimittere.
1325 4052 1382 4110 Si
1425 4061 1601 4109 autem
1636 4052 1860 4109 invicem
1899 4066 1959 4107 se
2000 4051 2153 4107 laese-

567 4147 695 4215 rint,
724 4146 948 4202 invicem
979 4145 1076 4201 sibi
1108 4143 1284 4201 debita
1329 4143 1569 4199 relaxare.
1610 4142 1905 4209 debebunt,
1936 4150 2154 4213 propter

567 4242 836 4296 orationes
860 4245 1102 4302 vestras;
1131 4251 1266 4307 quas
1284 4236 1465 4306 utique
1493 4243 1693 4306 quanto
1712 4233 2009 4289 crebriores
2052 4230 2151 4286 ba-

568 4330 705 4386 betis
725 4371 739 4393 ,
772 4336 921 4384 tanto
948 4327 1187 4384 saniores
1210 4326 1412 4383 habere
1442 4325 1669 4381 debetis.
1698 4324 1884 4379 Melior
1905 4332 1987 4380 est
2010 4323 2152 4380 enim

569 4422 659 4492 qui
689 4419 927 4491 quamvis
946 4419 1023 4476 ira
1045 4433 1189 4490 saepe
1212 4427 1468 4484 tentatur,
1494 4425 1670 4472 tamen
1698 4417 1985 4486 impetrare
2004 4416 2151 4472 festi-

569 4524 661 4571 nat
689 4521 747 4569 ut
770 4513 870 4570 sibi
906 4512 1155 4575 dimittat,
1181 4510 1268 4567 cui
1300 4524 1360 4566 se
1397 4508 1591 4565 fecisse
1616 4508 1855 4580 agnoscit
1884 4507 2151 4575 iniuriam,

571 4619 729 4675 quam
768 4605 857 4676 qui
898 4602 1096 4659 tardius
1128 4601 1392 4666 irascitur,
1429 4609 1485 4658 et
1522 4600 1588 4656 ad
1623 4599 1831 4655 veniam
1869 4599 2153 4671 petendam

572 4694 841 4752 difficilius
868 4697 1153 4753 inclinatur
1174 4695 1217 4750 ³.
1248 4694 1347 4764 Qui
1378 4710 1484 4752 non
1521 4694 1637 4751 vult
1678 4694 1946 4751 dimittere
1982 4693 2152 4764 fratri,

575 4802 682 4843 non
723 4796 902 4859 speret
941 4789 1185 4859 accipere
1227 4787 1481 4844 orationis
1519 4785 1804 4844 effectum:
1846 4787 1934 4857 qui
1977 4796 2155 4842 autem

577 4894 845 4951 nunquam
871 4879 983 4935 vult
1008 4891 1194 4953 petere
1218 4879 1448 4943 veniam,
1466 4886 1559 4934 aut
1578 4893 1683 4934 non
1705 4894 1768 4933 ex
1798 4878 1976 4933 animo
2001 4878 2154 4949 petit,

575 4973 693 5029 sine
720 4986 877 5027 causa
901 4981 984 5027 est
1007 4972 1060 5027 in
1098 4971 1444 5039 monasterio,
1471 4970 1675 5027 etiamsi
1698 4969 1821 5026 inde
1848 4984 1952 5026 non
1989 4970 2155 5041 proji-

576 5065 763 5121 ciatur.
789 5061 1019 5119 Proinde
1037 5063 1189 5120 vobis
1215 5079 1245 5118 a
1272 5062 1449 5120 verbis
1466 5062 1768 5119 durioribus
1787 5063 1985 5135 parcite
2004 5080 2019 5131 ;
2039 5077 2159 5135 quas

555 5215 1080 5299 1-3.32.9".‘5‘3‘3311
1091 5215 1708 5299 semermem
1728 5218 1874 5273 "iam
1906 5234 2159 5299 rem

572 5277 1082 5352 mqu'balnearum
1102 5290 1197 5329 ttat
1216 5277 1279 5329 sit
1297 5278 1520 5332 assiduus
1538 5294 1556 5340 ;
1576 5281 1662 5333 sed
1683 5294 1740 5333 eo
1762 5295 1857 5348 quo
1884 5277 2001 5337 colei

570 5337 1220 5414 φυοΙεηινρΐιεενίθκααετν
1263 5339 1352 5391 hoc
1373 5348 1443 5414 ςὲί
1455 5342 1693 5414 ml.“
1716 5356 1894 5397 mmo
1918 5348 2162 5414 ""1"!!!"-

995 5398 1709 5512 aesmcmm
1728 5417 1918 5471 σαπρίαν
1940 5398 2159 5464 M-

569 5459 680 5526 9⁸η
705 5459 976 5527 diluatur.
1006 5461 1112 5515 Fiat
1131 5459 1516 5516 mmnVWe.
1813 5459 1823 5471 -
1906 5459 1916 5467 .
1982 5459 1985 5460 ν
2022 5459 2027 5460 κ

581 5525 878 5602 uim)!!!“
897 5533 1035 5602 μεθ-ε
1050 5534 1149 5602 Ψ
1165 5601 1168 5602 ί
1178 5522 1270 5602 gat
1287 5525 1426 5602 habet
1448 5526 1629 5602 alittth
1646 5528 1797 5602 md,
1815 5532 2156 5602 "gemam

569 5598 709 5700 πιῶ
700 5585 870 5650 quibus
890 5585 1227 5653 tpseoduerit,
1248 5587 1335 5641 sed
1356 5602 1468 5641 cunt
1488 5589 1661 5655 quibus
1677 5590 1834 5644 satior
1845 5585 2164 5658 justam}

525 5792 532 5799 ‘
633 5706 659 5742 ι
678 5708 817 5771 ιω,
840 5709 1033 5763 tardius
1050 5709 1332 5767 aetatm.
1352 5716 1656 5766 unum.
1679 5717 1881 5785 aliblue,
1899 5716 2159 5786 dantem

1479 495 1540 577 's.
1581 506 1946 574 AUGUSTINI
1985 498 2266 566 assuta
2303 506 2396 566 AD
2432 504 2700 568 ssnvos
2736 501 2871 568 DEI.

2250 620 2296 676 si
2322 621 2515 678 emissa
2542 622 2734 677 fuerint
2762 638 2825 677 ex
2847 627 2941 678 ore
2960 630 3158 689 vestro,
3186 639 3295 681 non
3325 622 3491 697 pigeat
3514 642 3577 684 ex
3597 629 3702 701 ipso
3719 647 3795 689 ore

2250 713 2489 784 proferre
2542 713 2924 770 medicamenta
2954 757 2970 780 ,
3019 714 3161 772 unde
3220 715 3355 773 facta
3407 730 3524 774 sunt
3589 722 3795 778 vulnera.
3860 732 3861 773 ξ

2249 803 2479 872 Quando
2504 814 2680 860 autem
2709 806 2998 861 necessitas
3017 805 3311 878 disciplina:
3339 809 3391 864 in
3419 811 3645 865 moribus
3664 828 3800 870 Cnet.

2249 896 2455 962 cendis,
2480 896 2660 953 dicere
2679 912 2775 952 vos
2798 897 2961 954 verba
2985 897 3118 954 dura
3143 900 3437 968 compellit,
3464 902 3507 957 si
3544 904 3692 960 etiam
3718 905 3797 975 ipsi
3860 938 3861 949 ι

2252 990 2469 1046 modum
2491 1006 2587 1048 vos
2607 992 2900 1048 excessisse
2941 992 3171 1055 sentitis,
3202 1010 3307 1049 non
3351 1011 3382 1048 a
3422 998 3571 1053 vobis
3606 999 3799 1070 exigitur

2250 1090 2310 1137 ut
2347 1097 2376 1137 a
2406 1083 2554 1137 vobis
2596 1083 2821 1139 subditis
2859 1084 3066 1140 veniam
3113 1085 3411 1153 postuletis,
3453 1104 3521 1142 ne
3562 1090 3688 1160 apud
3723 1108 3797 1149 eos

2251 1188 2387 1255 quos
2430 1184 2639 1245 oportet
2681 1191 2801 1231 esse
2834 1175 3123 1242 subjectos.
3156 1177 3282 1232 dum
3332 1177 3553 1234 nimium
3593 1193 3798 1241 senatur

2258 1265 2551 1330 humilitas,
2598 1268 2812 1334 regendi
2854 1268 3125 1337 frangatur
3166 1269 3457 1327 auctoritas
3492 1273 3623 1328 :sed
3650 1283 3796 1333 tamen

2251 1357 2476 1427 petenda
2502 1366 2586 1414 est
2606 1360 2755 1413 venia
2783 1359 2851 1415 ab
2864 1359 3100 1415 omnium
3120 1361 3368 1422 Domino,
3396 1363 3484 1433 qui
3512 1365 3794 1422 novitetistn
3860 1346 3861 1349 Ἰ

2250 1463 2344 1503 eos
2372 1465 2507 1521 qttos
2541 1449 2663 1521 plus
2695 1450 2841 1516 justo
2880 1450 3018 1507 forte
3049 1452 3339 1521 corripitis,
3370 1462 3563 1524 quanta
3601 1456 3795 1513 benevo-

2252 1538 2414 1595 lentia
2456 1539 2709 1609 diligatis.
2746 1541 2861 1597 Non
2908 1532 3085 1597 autem
3124 1543 3386 1610 carnalis,
3416 1544 3514 1602 sed
3546 1548 3794 1619 spiritalis

2251 1633 2390 1689 inter
2418 1649 2512 1691 vos
2535 1635 2694 1690 debet
2723 1651 2843 1691 esse
2868 1634 3105 1692 dilectio.
3464 1694 3467 1697 .

2544 1724 2620 1780 De
2647 1725 2927 1781 obedientia
2948 1728 3217 1799 preposito
3244 1728 3543 1784 exhibenda.

2323 1817 2408 1872 lt.
2452 1816 2745 1887 Pra-posito
2795 1798 3220 1888 tanquamrpatri
3265 1819 3608 1887 obediatnr‘;
3659 1824 3796 1879 multo
3860 1798 3861 1851 1

2249 1907 2421 1973 magis
2475 1909 2785 1981 presbytero
2816 1909 2904 1977 qui
2943 1909 3180 1964 omnium
3206 1920 3444 1965 vestrum
3473 1926 3642 1967 curam
3665 1912 3792 1976 gerit.
3860 1920 3861 1925 ‘

2249 1996 2318 2055 Ut
2361 2013 2489 2070 ergo
2528 2009 2717 2054 cuncta
2765 2000 2863 2055 ista
2900 2009 3195 2063 serventur,
3226 2009 3284 2056 ct
3318 2001 3365 2056 si
3410 2002 3534 2071 quid
3568 2014 3795 2060 servatum

2250 2089 2427 2144 minus
2475 2088 2651 2156 fuerit,
2698 2105 2804 2145 non
2855 2090 3185 2161 negligenter
3229 2101 3590 2159 tmetnreatur,
3628 2092 3708 2148 sed
3748 2104 3796 2149 ut

2251 2178 2642 2235 emendandum
2688 2180 3170 2251 corrigendumque
3206 2191 3445 2250 curetur,
3486 2182 3548 2237 ad
3578 2184 3794 2253 pra-posi-

2251 2278 2361 2326 tum
2395 2272 2661 2342 prtecipue
2704 2272 3009 2343 pertinebit,
3043 2282 3102 2328 ttt
3136 2273 3204 2328 ad
3243 2273 3632 2347 presbyterum,
3670 2277 3796 2344 cujus

2250 2372 2333 2419 est
2356 2363 2495 2433 apud
2528 2378 2621 2418 vos
2654 2364 2825 2436 major
2860 2365 3168 2430 auctoritas,
3199 2366 3398 2423 referat
3440 2369 3575 2439 quod
3610 2369 3796 2426 modum

2250 2453 2336 2509 vel
2376 2454 2517 2509 vires
2546 2455 2664 2522 ejus
2703 2454 2933 2511 excedit.
2963 2454 3081 2526 [pse
3118 2471 3249 2513 vero
3287 2459 3380 2529 qtti
3431 2462 3571 2517 vobis
3610 2473 3794 2531 pneest,

2252 2559 2356 2599 non
2387 2558 2447 2599 se
2475 2545 2744 2602 existimet
2789 2555 3049 2616 potestate
3088 2546 3417 2613 dominante,
3448 2552 3536 2606 sed
3564 2551 3795 2609 charitate
3860 2564 3861 2595 ῖ

2251 2634 2521 2690 Serviente
2564 2637 2788 2692 felicem.
2820 2637 3032 2693 Honore
3072 2655 3255 2695 coram
3301 2642 3446 2698 vobis
3477 2643 3700 2710 perlatus
3734 2646 3797 2698 sit

2255 2728 2434 2790 vobis;
2467 2728 2656 2783 timore
2681 2744 2859 2784 coram
2891 2731 3000 2785 Deo
3027 2731 3331 2788 substratus
3378 2734 3445 2788 sit
3476 2735 3678 2806 pedibus
3717 2752 3797 2792 ve-
3860 2716 3861 2731 Χ

2258 2818 2402 2873 Stris.
2420 2816 2573 2874 Circa
2598 2835 2787 2876 omnes
2809 2821 3043 2889 seipsum
3071 2822 3333 2879 bonorum
3359 2840 3570 2894 cperam
3597 2828 3798 2898 pmbeat

2251 2910 2555 2978 esemplum
2584 2909 2714 2980 (Tit.
2734 2927 2792 2977 tt,
2820 2912 2895 2980 7).
2930 2913 3191 2984 Corripiat
3222 2916 3506 2987 inquietos,
3533 2920 3797 2977 consoletur

2253 3002 2637 3071 pusillanimes,
2659 3006 2917 3075 suscipiat
2939 3006 3199 3071 inﬁrmos.
3220 3010 3430 3078 patiens
3454 3012 3520 3067 sit
3551 3012 3614 3067 ad
3641 3028 3795 3069 omnes

2253 3093 2304 3163 (1
2332 3094 2506 3151 Thess.
2534 3112 2588 3163 v,
2618 3097 2719 3167 14)
2744 3113 2759 3162 ;
2790 3097 3125 3168 disciplinam
3157 3101 3331 3158 libens
3356 3104 3560 3172 habeat,
3587 3116 3790 3162 metuens
3860 3100 3861 3137 ³

2253 3184 2487 3255 imponat
2509 3188 2552 3242 ⁹.
2586 3186 2653 3243 Ει
2679 3190 2925 3258 quamvis
2952 3199 3236 3263 utrumque
3262 3193 3332 3248 sit
3359 3196 3707 3262 necessarium,
3731 3205 3795 3250 ιι-
3860 3228 3861 3241 ι

2251 3294 2374 3335 men
2407 3280 2521 3349 plus
2544 3296 2577 3337 a
2622 3280 2773 3336 vobis
2801 3283 2969 3339 amari
2995 3292 3228 3354 appetat.
3255 3300 3418 3355 quam
3463 3287 3653 3350 timeri;
3677 3302 3795 3343 sent-
3860 3288 3861 3355 ξ

2253 3387 2347 3441 per
2369 3371 2609 3437 cogitans
2631 3372 2652 3405 ³
2681 3373 2790 3428 Deo
2816 3389 2874 3430 se
2897 3390 2994 3444 pro
3017 3375 3170 3431 vobis
3192 3376 3520 3434 redditurum
3539 3393 3646 3437 esse
3663 3381 3798 3435 ratio-
3860 3371 3861 3427 ἒ

2253 3476 2393 3517 nem.
2427 3460 2582 3519 Unde
2606 3478 2701 3518 vos
2726 3465 2895 3535 magis
2934 3465 3252 3533 obediendo,
3286 3484 3395 3524 non
3435 3470 3594 3526 solum
3632 3471 3791 3536 vestri,

2252 3553 2345 3608 sed
2374 3552 2535 3608 etiam
2574 3553 2741 3623 ipsius
2783 3556 3136 3621 miseremini;
3168 3559 3291 3629 quia
3332 3561 3474 3617 inter
3506 3576 3596 3619 vos
3630 3544 3795 3632 optante

2254 3644 2372 3701 loco
2391 3645 2686 3716 superiore,
2719 3655 2867 3703 tanto
2888 3648 2940 3702 in
2970 3650 3209 3719 periculo
3234 3651 3444 3723 majore
3467 3663 3701 3710 versatur.

2325 3737 2403 3793 De
2425 3738 2616 3809 regula
2632 3739 2827 3794 liberali
2854 3742 3167 3797 observantia
3194 3753 3241 3797 et
3263 3747 3510 3817 frequenti
3532 3746 3731 3802 latione.
3860 3737 3861 3811 ἓ

2326 3831 2412 3886 l2.
2446 3830 2617 3885 Donet
2638 3830 2891 3888 Dominus
2932 3841 2989 3887 ttt
3027 3833 3325 3889 observetis
3357 3835 3471 3892 btec
3502 3837 3662 3892 omnia
3691 3851 3789 3891 cum
3860 3830 3861 3892 ἓ

2255 3918 2540 3976 dilectione
2560 3921 2604 3988 ⁸,
2635 3930 2884 3993 tanquam
2927 3924 3218 3994 spiritualis
3252 3927 3647 3997 pulchritudinis
3676 3943 3795 3984 ama-
3860 3922 3861 3997 ξ

2258 4023 2419 4080 tores,
2443 4025 2498 4072 et
2539 4017 2680 4073 bono
2717 4017 2917 4076 Christi
2958 4019 3124 4081 odore
3159 4020 3228 4077 de
3270 4022 3410 4078 bona
3439 4023 3795 4079 conversatione
3860 4076 3861 4095 Ε

2258 4109 2572 4181 fragrantes,
2604 4128 2708 4167 non
2745 4113 2881 4169 sicut
2909 4115 3047 4170 servi
3084 4115 3184 4172 sub
3223 4115 3361 4188 lege,
3394 4116 3491 4173 sed
3522 4117 3645 4173 sicut
3667 4115 3791 4170 liberi

2258 4201 2357 4258 sub
2398 4205 2567 4274 gratia
2604 4204 2897 4261 constituti.
2942 4205 3015 4264 Ut
3044 4215 3223 4263 autem
3267 4220 3362 4264 vos
3404 4209 3462 4265 in
3506 4208 3601 4265 hoc
3640 4205 3787 4262 ﬁbello

2258 4301 2511 4364 tanquam
2540 4295 2593 4350 in
2616 4297 2835 4365 speculo
2860 4298 3074 4368 possitis
3099 4298 3387 4370 inspicere,
3410 4314 3478 4355 ne
3497 4315 3588 4372 per
3609 4296 3792 4353 oblivio-

2260 4400 2383 4440 nem
2411 4385 2610 4456 aliquid
2639 4387 2935 4459 negligatis,
2966 4389 3129 4446 semel
3156 4390 3210 4446 in
3246 4391 3535 4461 septimana
3564 4389 3697 4445 vobis
3728 4387 3793 4442 le-

2258 4486 2432 4548 gatur.
2463 4477 2531 4533 Et
2550 4478 2637 4534 ubi
2661 4494 2754 4535 vos
2779 4480 3088 4537 inveneritis
3114 4495 3178 4538 ea
3203 4497 3325 4552 qua!
3360 4483 3546 4555 scripta
3580 4488 3690 4537 sunt
3722 4478 3794 4533 fa-

2258 4569 2485 4639 cientes,
2510 4573 2650 4642 agite
2672 4573 2869 4641 gratias
2898 4573 3123 4629 Domino
3153 4573 3421 4632 bonorum
3461 4574 3668 4632 omnium
3703 4570 3796 4625 lar-

2258 4659 2414 4731 gitori
2468 4678 2482 4715 :
2530 4661 2619 4717 ubi
2665 4671 2841 4718 autem
2888 4663 2992 4719 sibi
3038 4663 3362 4737 quicumque
3415 4675 3631 4722 vestrum
3674 4660 3796 4716 videt

2259 4744 2455 4824 aliquid
2484 4751 2697 4822 deesse,
2718 4754 2898 4810 doleat
2922 4754 2991 4810 de
3010 4756 3299 4825 pm-terito.
3329 4766 3515 4813 caveat
3537 4756 3596 4811 de
3624 4754 3787 4813 futuro,

2261 4860 2423 4901 orans
2450 4852 2510 4900 ut
2535 4855 2591 4901 et
2616 4844 2855 4903 debitum
2875 4846 3188 4913 dimittatur,
3214 4848 3344 4905 etin
3368 4844 3687 4904 tentationem
3706 4856 3789 4897 non

2260 4935 2561 4993 inducatur.
2589 4937 2781 4994 Amen.

2324 5047 2342 5080 ι
2364 5047 2674 5098 Corbelensis
2693 5055 2837 5099 vetus
2866 5047 3020 5099 mdes
3044 5063 3057 5099 :
3080 5048 3341 5101 obediatur
3358 5051 3534 5102 natura
3550 5050 3719 5103 term
3744 5053 3791 5091 κε

2259 5107 2312 5160 in
2330 5106 2417 5159 illo
2455 5108 2725 5177 oﬂ'atdutur
2774 5118 2918 5177 neua
2938 5112 3191 5177 .Itaetlam
3212 5112 3293 5162 alii
3311 5122 3536 5177 quatuor,
3568 5110 3640 5175 qui
3660 5116 3792 5171 μακε

2261 5169 2669 5237 (ιιιειηὶιιτςήωιεο
2901 5169 3044 5223 bbnti.

2325 5226 2500 5298 Hom,
2524 5226 2809 5298 metuendis
2827 5231 3052 5298 imponat.
3076 5233 3168 5285 Sed
3210 5237 3410 5298 omnino
3452 5237 3640 5298 exigtmt
3668 5226 3788 5298 Ῐεῑῒιᾌ

2261 5292 2611 5421 milia:
2626 5301 2682 5345 ut
2702 5295 2782 5345 hic
2794 5292 3003 5359 legatur,
3024 5301 3235 5348 nactum
3272 5295 3499 5361 ὺιῳαιαι,
3661 5292 3790 5340 ictum

2329 5419 2350 5451 ι
2371 5408 2727 5483 oﬁatuor_tdss.,
2751 5423 2909 5469 tamen
2929 5417 3038 5483 pius
3054 5431 3167 5469 eum
3187 5432 3218 5468 a
3251 5418 3382 5471 vobis
3418 5415 3569 5483 ωυιπί

2266 5472 2605 5554 querntimeri.
3202 5488 3346 5531 Porro
3383 5472 3789 5554 venit!!!

2268 5531 2479 5615 vulgata,
2501 5531 2646 5615 quam
2666 5549 2710 5590 ς.
2732 5531 3035 5615 'penedi'cttts
3068 5542 3119 5615 in
3150 5549 3266 5606 tteg.
3289 5556 3399 5606 cap.
3419 5541 3497 5604 δι,
3529 5542 3595 5595 sic
3624 5531 3784 5589 redit:

2266 5601 2930 5678 studeatplusamariqtum
2950 5601 3124 5657 timeri.
3216 5601 3241 5606 '
3316 5601 3363 5643 λ’
3483 5601 3491 5604 ⁷

2323 5651 3783 5730 fsmnucorb.a1inqueues.sttnediusdeen.mdir

2270 5726 2441 5781 ctione.
