3874 6300
487 316 506 372 ί
519 316 618 373 599

480 445 665 488 teneor
687 433 901 505 teneris,
925 430 1172 505 mordeor
1185 427 1464 505 morderiS.
1481 435 1671 505 εηςρτ
1682 419 1904 505 ξῐοεῖίδρ
1924 417 2056 505 FP}

478 518 538 556 re
563 520 602 556 ιν
629 489 901 569 ιιιιιῐοθισίεξ
939 502 1164 572 impleor
1200 497 1452 568 impleris.
1481 491 1776 572 Declinabis
1798 489 1914 546 hac
1935 501 2058 572 Qa!-

477 575 713 645 sivaper
755 558 963 645 modos
985 558 1040 626 ei
1067 558 1302 645 tempora
1327 575 1682 645 et_personas_.
1709 562 1819 645 Per
1843 558 2054 645 modos,

479 653 535 696 ut
577 637 706 703 dixi,
755 642 1117 703 indicativum,
1166 637 1562 706 imperativum,
1581 637 1894 706 optativum,
1924 643 2056 706 con-

484 699 788 774 junctivum,
822 699 1159 783 infinitivum,
1193 699 1294 762 hoc
1317 715 1398 762 est
1425 699 1566 783 quod
1591 702 1700 758 dixi
1732 717 1823 783 per
1847 699 2053 783 modos.

482 767 583 838 i’er
607 767 842 850 tempora
861 791 1059 846 autem,
1083 781 1132 834 id
1145 767 1230 852 est
1256 767 1539 852 praiter'ita,
1570 767 1848 852 praesentia
1873 767 2060 852 velin-

481 863 614 908 tura.
649 841 906 907 Personas
942 841 1118 906 autem
1162 841 1290 912 dixi,
1326 847 1515 916 prima,
1528 841 1771 916 secunda
1798 849 1852 894 et
1881 841 2056 903 tertia,

484 933 536 974 ut
570 934 754 976 teneor
783 920 977 977 teneris
1005 928 1240 982 tenetur;
1268 915 1335 972 et
1353 915 1625 984 pluraliter
1649 921 1892 984 tenemur
1915 918 2061 964 tene-

486 995 610 1064 mini
639 1001 924 1064 tenentur._
948 991 1072 1064 II:e_c
1111 978 1252 1064 sicut
1272 978 1400 1053 dixi,
1430 982 1755 1064 observabis.
1785 978 1889 1035 Sed
1931 995 2062 1064 quo-

487 1063 644 1117 modo
671 1072 725 1116 ut
751 1062 995 1132 s-iperius
1020 1059 1146 1134 dixi,
1178 1059 1344 1134 prima
1387 1055 1688 1134 coniugatio
1729 1066 1848 1134 qua:
1872 1055 1980 1134 exit
2009 1055 2061 1102 in

485 1147 562 1199 as,
589 1143 640 1187 ut
662 1148 782 1187 amo
801 1124 967 1196 a'mas,
995 1124 1206 1202 capiie—t
1230 1127 1387 1202 verba
1412 1124 1689 1202 neutralia,
1715 1129 1936 1202 incerto
1955 1134 2064 1173 cer-

487 1191 585 1265 tas,
620 1213 742 1256 nato
769 1191 1022 1259 natasﬁin
1042 1191 1234 1270 quibus
1259 1214 1285 1250 ι’
1308 1197 1607 1272 litteranon
1625 1191 2066 1272 admittiturinec

487 1263 626 1327 enim
657 1273 879 1327 dicimus
926 1263 1120 1332 certor,
1155 1277 1340 1322 nator:
1371 1265 1447 1318 sic
1475 1264 1528 1317 in
1560 1263 1660 1317 bac
1698 1263 2064 1332 coniugatione

487 1343 738 1407 secunda,
765 1357 883 1413 qum
914 1340 1021 1413 erit
1047 1329 1213 1402 ineo,
1243 1351 1321 1398 cs,
1355 1344 1410 1388 ut
1436 1347 1626 1413 moneo
1663 1329 1870 1413 mones,
1898 1329 2066 1410 doceo

488 1415 667 1478 dor-cs,
696 1402 818 1467 sunt
863 1410 1046 1474 multa,
1089 1423 1205 1474 qua:
1251 1421 1357 1478 non
1393 1404 1678 1459 admittunt
1701 1418 1729 1455 r
1757 1402 1981 1478 litteram
2014 1402 2063 1452 in

489 1470 928 1553 prima'persona,
972 1470 1042 1553 ut
1069 1470 1218 1553 algeo
1261 1475 1426 1553 aiges,
1458 1484 1632 1553 scateo
1657 1481 1864 1553 scates:
1889 1470 2068 1553 algeor

487 1543 629 1607 enim
659 1543 761 1607 non
789 1559 873 1606 est
901 1543 1150 1604 latinum?
1176 1548 1253 1600 sic
1283 1543 1460 1598 ferveo
1491 1543 1678 1606 ferres,
1727 1550 1911 1610 torpeo
1934 1548 2066 1610 tor-

491 1639 604 1692 pes,
631 1623 836 1690 pendeo
867 1615 1325 1692 pendes,_invideo
1365 1612 1567 1692 invides
1594 1629 1608 1666 :
1635 1609 2070 1692 quamvi‘snl‘lora:

492 1679 603 1746 lius
626 1679 776 1762 poeta
804 1679 1029 1762 inuideat:
1051 1679 1242 1762 dixerit
1261 1683 1348 1762 (I_n
1371 1683 1490 1737 Arte
1517 1679 1743 1762 Ρρειῖσα,
1767 1697 1812 1734 υ.
1977 1680 2068 1734 sed

494 1751 639 1816 nova'
681 1761 1021 1824 usurpatione
1050 1776 1063 1811 :
1103 1758 1183 1811 sic.
1219 1751 1428 1810 emineo
1471 1754 1693 1824 emines,
1725 1766 1822 1806 nec
1850 1751 2072 1824 dicimus

493 1833 752 1887 emineor.
784 1820 878 1884 Iise
907 1830 1026 1883 dua:
1063 1827 1455 1896 coniugationes
1503 1823 1672 1893 prima
1721 1831 1774 1875 et
1816 1820 2066 1886 secunda,

495 1917 629 1973 quas
657 1901 884 1973 diximus
927 1899 1071 1954 exire
1100 1898 1150 1951 in
1180 1895 1239 1950 as
1267 1903 1320 1950 et
1347 1895 1396 1948 in
1424 1909 1503 1959 es,
1531 1901 1588 1947 ut
1615 1907 1736 1973 amo
1760 1905 1926 1973 amas,
1953 1907 2074 1973 ino-

497 1961 598 2025 nco
626 1987 830 2030 mones.
863 1971 1094 2024 futurum
1138 1980 1349 2034 semper
1392 1973 1600 2032 tempus
1628 1963 1681 2016 in
1709 1962 1777 2016 bo
1817 1961 2070 2031 syllabam

497 2044 733 2099 mittunt.
763 2050 819 2095 ut
845 2040 1053 2101 amabo,
1086 2037 1332 2092 monebo.

568 2111 792 2168 CAPUT
831 2109 1066 2183 XVIa-f-
1083 2107 1160 2162 De
1186 2107 1330 2183 tertia
1357 2113 1404 2160 et
1427 2113 1606 2183 quarta
1633 2102 2000 2183 conjugatione.

567 2183 654 2237 Sic
682 2179 917 2234 servabis
946 2179 1260 2247 ubicumque
1289 2171 1520 2247 futurum
1559 2171 1768 2247 tempus
1788 2171 1841 2225 in
1869 2172 1936 2226 bo
1964 2171 2074 2243 syl-

499 2252 667 2305 labam
694 2251 892 2315 mittas,
920 2250 1038 2320 quia
1073 2243 1196 2302 sunt
1220 2248 1334 2320 ali_:_e
1356 2246 1478 2320 duae
1507 2243 1924 2320 coniugationes,
1957 2257 2077 2320 qua:

497 2322 728 2375 l‘ntttrum
772 2314 980 2394 tempus
1009 2319 1061 2373 in
1104 2335 1187 2394 am
1217 2317 1473 2394 syllabam
1503 2314 1732 2394 mittant,
1766 2328 1869 2394 non
1903 2314 2070 2394 inbo,

495 2400 553 2447 et
577 2400 830 2446 vocantur
858 2387 986 2459 ipsa:
1013 2387 1412 2457 conjugationes
1435 2387 1591 2439 tertia
1619 2392 1859 2459 correpta
1885 2392 1950 2459 et_
1968 2392 2074 2436 ter-

496 2461 565 2514 tia
594 2453 1079 2530 producta."l‘ertia
1107 2453 1349 2530 correpta
1392 2464 1490 2518 est,
1545 2469 1662 2530 quae
1712 2453 2076 2530 imperativum

497 2523 711 2586 modum
740 2532 790 2585 in
819 2547 850 2584 e
875 2538 1171 2598 correptam
1201 2523 1394 2598 mittit,
1415 2535 1472 2598 ut
1497 2523 1690 2598 scribe,
1724 2524 1865 2598 tolle,
1895 2538 2074 2598 carpe,

495 2601 700 2679 occide,
732 2615 873 2668 sere,
899 2593 1046 2679 lege:
1071 2599 1210 2679 Ergo
1227 2596 1400 2650 vidisti
1428 2593 1790 2664 imperativum
1809 2594 1885 2647 sic
1909 2595 2074 2679 exire.

495 2671 672 2726 Tertia
688 2664 871 2740 itaque
897 2664 1196 2740 coniugatio
1216 2675 1297 2740 est
1324 2674 1587 2735 correpta,
1614 2678 1969 2740 quarsemper
1995 2664 2074 2740 fu-

497 2750 672 2796 turum
701 2733 906 2810 tempus
930 2733 1095 2810 imam
1122 2737 1300 2802 mittit,
1329 2733 1596 2810 nunquam
1644 2736 1693 2810 in
1740 2733 1826 2797 b0,
1859 2743 1915 2786 ιιι
1943 2733 2079 2787 scri-

497 2811 638 2883 bam,
687 2803 878 2883 legam,
913 2809 1116 2883 tollam,
1149 2822 1360 2883 carpam
1385 2824 1395 2858 :
1418 2803 1547 2883 quia
1575 2803 1795 2883 latinum
1826 2818 1930 2856 non
1975 2815 2076 2883 est,

494 2882 536 2934 si
568 2873 765 2935 dixerii
789 2873 928 2946 quis,
975 2873 1257 2941 scribeba,‘
1295 2873 1506 2946 legebo,
1559 2875 1796 2946 tollebo,_
1828 2873 2074 2946 carpebo.

493 2951 672 3005 Tertia
699 2943 944 3004 similiter
971 2947 1273 3017 conjugatio
1315 2943 1566 3017 producta
1595 2960 1661 2997 ex
1701 2943 1887 3017 eodem
1917 2944 2080 3017 impe-

493 3022 662 3075 rativo
690 3020 846 3075 modo
870 3014 1156 3088 colligitur:
1189 3014 1328 3071 Cum
1351 3016 1501 3088 enim
1524 3015 1864 3088 imperativus
1891 3014 2081 3070 modus

489 3092 600 3146 exit
621 3092 671 3145 in
700 3091 713 3144 i
741 3084 1196 3153 litteramftertia
1242 3085 1540 3154 coniugatio
1585 3084 1839 3154 producta
1889 3093 1989 3147 est,
2024 3095 2079 3138 ut

490 3161 634 3226 audi,
664 3161 824 3225 nutri,
853 3161 1010 3224 senti,
1036 3158 1203 3222 muni,
1228 3157 1385 3222 sarci,
1416 3155 1542 3220 leni,
1573 3163 1627 3208 et
1653 3155 1796 3208 talia.
1822 3154 2080 3208 Similiter

491 3232 653 3285 etiam
677 3233 791 3288 haec
813 3229 1043 3284 futurum
1071 3238 1278 3296 tempus
1298 3226 1349 3296 in
1370 3241 1456 3296 am
1479 3228 1714 3296 mittunt,
1738 3234 1795 3278 ιιι
1820 3227 2074 3296 muniam,

490 3301 710 3365 leniam,
740 3301 989 3365 nutriam,
1019 3294 1251 3352 audiam.
1287 3295 1394 3349 Sed
1420 3295 1571 3348 tertia
1602 3302 1845 3365 correpta
1880 3294 1930 3347 in
1957 3295 2076 3365 inli-

490 3370 604 3425 nito
634 3363 793 3423 modo
820 3385 850 3421 e
879 3363 1179 3436 correptam
1212 3365 1369 3436 habet
1395 3373 1517 3417 ante
1546 3363 1889 3436 novissimam
1915 3364 2076 3433 sylla-

488 3438 641 3507 bam,
661 3448 716 3496 ut
743 3438 996 3501 scribere,
1018 3433 1218 3505 legere,
1243 3434 1446 3507 tollere,
1472 3441 1525 3488 et
1546 3433 1669 3507 _t_al_ia
1690 3450 1702 3486 :
1723 3433 1891 3507 ieriia
1903 3441 2077 3507 autem

492 3503 936 3579 productahabet
965 3508 1017 3561 in
1045 3503 1774 3579 anteno‘vissima‘syllabanin
1807 3503 2011 3579 inﬁnito
2038 3505 2075 3568 i,

492 3573 614 3648 quae
643 3575 1334 3648 producitur,__ut_munire,
1361 3573 1554 3648 lenire,
1600 3573 1809 3648 audire,
1858 3577 2074 3648 sarcire,

493 3643 712 3710 sentire,
744 3647 944 3702 venire.
976 3644 1125 3701 Unde
1153 3645 1202 3696 in
1232 3643 1476 3697 omnibus
1505 3643 1681 3697 verbis
1711 3645 1790 3696 Iul:
1821 3645 2074 3713 Conjuga-

491 3719 666 3774 tiones
691 3718 1064 3780 observantur,
1097 3730 1214 3784 qure
1241 3723 1433 3768 exeunt
1465 3714 1514 3766 in
1545 3728 1602 3766 as
1622 3713 1781 3784 etin
1815 3729 1892 3774 es,
1938 3712 2078 3768 futu-

491 3803 608 3842 rum
641 3797 850 3857 tempus
877 3789 927 3857 in
956 3787 1024 3839 bo
1053 3781 1284 3848 mittunt,
1309 3784 1582 3857 utsmpius
1602 3781 1728 3857 dixi.
1754 3783 1881 3848 Qnre
1902 3793 2076 3838 autem

492 3857 545 3913 in
569 3859 613 3913 is
638 3853 853 3920 exeunt,
879 3856 1109 3909 futurum
1135 3865 1340 3922 tempus
1361 3853 1411 3907 in
1442 3868 1526 3905 am
1550 3853 1782 3914 mittunt,
1811 3869 2078 3922 nunquam

492 3927 544 3980 in
577 3928 666 3994 bo,
699 3928 796 3983 nisi
839 3927 1148 3981 auctoritate
1176 3934 1530 3994 praesumpta:
1559 3938 1679 3994 nam
1709 3936 1804 3994 arsi
1827 3923 1926 3978 hoc
1952 3939 2076 3994 pro-

490 3992 658 4052 hibet.
687 3995 791 4052 Sed
819 3998 987 4065 aliqua
1020 3992 1189 4050 verba
1207 3993 1453 4063 ponimus
1482 3992 1650 4065 tertia;
1690 3992 2077 4065 conjngationis

492 4078 770 4134 correptaa,
799 4083 862 4122 ex
893 4061 1082 4136 quibus
1110 4075 1163 4119 et
1191 4061 1291 4117 alia
1336 4063 1697 4132 consequaris.
1729 4061 1871 4136 Sunt
1899 4076 2076 4136 autem

495 4137 606 4190 Ιι.ι·ο
630 4133 802 4207 :Iego,
830 4133 975 4200 tollo,
1001 4137 1165 4205 origo,
1194 4149 1373 4207 carpo,
1396 4148 1679 4202 cognosco,
1708 4133 1879 4202 capio,
1909 4133 2072 4207 fugio,

490 4222 698 4277 mergo,
724 4205 870 4264 sero.
901 4222 1084 4277 argui),
1127 4205 1344 4277 accipio,
1393 4216 1556 4277 pono,
1603 4218 1770 4267 sumo,
1819 4205 2070 4277 accendo,

493 4272 718 4346 expono,
756 4272 1127 4346 incipiofﬂmc
1174 4272 1438 4342 acCipinnt
1465 4273 1763 4346 rlitteram,
1797 4281 1851 4346 ei
1878 4272 2075 4346 facitmt

491 4344 699 4417 passiva
740 4344 897 4401 verba
930 4347 1093 4414 legor,
1147 4359 1358 4412 carpor,
1408 4344 1639 4417 (ιιιιιῖιιιζ,Δ
1671 4352 1772 4396 etc.
1819 4344 1933 4417 Sub
1977 4345 2073 4399 bac

494 4413 662 4471 forma
711 4426 833 4472 sunt
877 4413 1151 4475 neutralia,
1185 4429 1302 4482 qua:
1343 4428 1446 4466 non
1477 4413 1742 4476 accipiunt
1769 4413 2069 4479 rlitteram,

492 4497 550 4540 ut
579 4486 749 4540 cado:
783 4502 886 4540 non
931 4487 1072 4540 enim
1100 4485 1325 4538 dicimus
1367 4482 1546 4536 cador.
1594 4482 1720 4535 Item
1754 4498 1868 4548 ruo,
1902 4499 2073 4552 neque

492 4557 632 4610 enim
660 4557 880 4610 dicimus
904 4572 1032 4609 ruor
1052 4574 1063 4610 :
1084 4555 1240 4616 facio,
1270 4568 1438 4621 neque
1462 4552 1603 4606 enim
1630 4552 1856 4606 dicimus
1886 4553 2069 4608 facior.

492 4625 624 4680 Item
656 4626 906 4695 l'nlgesco.
953 4627 1174 4688 nitesco,
1219 4623 1477 4695 fervescit,
1529 4622 1760 4695 algesco,
1804 4633 2067 4695 torpesco,

492 4693 797 4765 emnpesco,
831 4698 1089 4765 nigresco.
1127 4696 1250 4748 llzrc
1292 4694 1466 4765 omnia
1498 4708 1525 4745 r
1549 4693 1778 4746 litteram
1825 4708 1928 4747 non
1975 4694 2069 4747 ba-

494 4762 641 4828 bent,
671 4775 723 4819 et
752 4762 996 4819 dicuntur
1023 4765 1179 4819 verba
1209 4762 1464 4816 neutralia
1493 4777 1611 4832 qua:
1640 4773 1834 4816 exeunt
1864 4765 1915 4816 in
1957 4779 2067 4818 sco.

493 4834 636 4957 Εἲεο
651 4836 906 4889 neutralia
927 4834 1230 4889 memineris
1251 4848 1480 4903 semper,
1505 4846 1771 4903 nunquam
1793 4832 2070 4888 admittere

493 4920 520 4957 I'
569 4913 798 4957 tttcram.

493 4920 520 4958 r
551 4906 798 4958 litteram.

489 4973 720 5032 CAPUT
759 4972 920 5029 XVII.
950 4972 1019 5012 +-
1045 4972 1118 5026 De
1145 4973 1288 5027 verba
1316 4973 1568 5027 communi
1611 4971 1744 5026 unde
1781 4971 1998 5039 dicatur,
2026 4982 2071 5027 et

921 5043 984 5096 de
1009 5044 1356 5115 conjugatione
1384 5043 1627 5115 ejusdem.

567 5115 860 5171 Remanent
888 5113 996 5184 duo
1016 5111 1114 5184 alia
1145 5111 1302 5167 verba
1332 5111 1449 5184 quae
1474 5112 1782 5184 communia
1824 5111 2071 5167 dicuntur

493 5199 547 5241 ct
587 5185 924 5256 deponentis.
975 5182 1080 5256 sed
1125 5182 1422 5256 communia
1469 5182 1590 5238 ideo
1633 5183 1900 5256 dicuntur,
1946 5185 2070 5254 quia

493 5254 847 5321 communiter
886 5255 1041 5310 simul
1088 5262 1271 5308 tenent
1313 5254 1411 5308 sub
1459 5268 1564 5308 uno
1605 5267 1736 5308 sono
1765 5255 1990 5309 activum
2016 5263 2071 5310 et

496 5326 778 5395 passivum.
826 5323 1103 5394 Quomodo
1145 5325 1197 5378 in
1246 5323 1549 5395 nominibus
1595 5339 1760 5393 genus
1787 5338 2069 5381 commune

491 5394 682 5451 dicitur
705 5397 844 5467 quod
871 5406 925 5453 et
948 5395 1293 5467 masculinum
1312 5394 1836 5467 tenetetfeminiuum
1848 5396 1947 5467 sub
1962 5410 2069 5467 uno

492 5481 646 5530 sono,
679 5464 738 5520 ut
762 5467 1031 5532 sacerdos,
1067 5465 1247 5531 homo,
1280 5465 1365 5519 hic
1394 5474 1447 5519 et
1477 5464 1591 5518 base
1628 5465 1878 5521 sacerdos
1921 5464 2065 5531 facit,

495 5535 580 5592 hic
606 5546 657 5592 et
686 5536 799 5593 haec
821 5538 1009 5602 homo;
1039 5535 1117 5591 sic
1140 5544 1195 5591 et
1214 5536 1374 5593 verba
1397 5536 1698 5590 communia
1718 5535 1994 5590 dicuntur:
2015 5545 2070 5592 et

495 5621 763 5677 nunquam
785 5607 1061 5677 deponunt
1087 5623 1116 5660 r
1143 5607 1393 5672 litteram,
1412 5621 1489 5677 ine
1517 5619 1622 5659 non
1647 5605 1755 5677 sint
1778 5604 1958 5660 latina.
1998 5605 2069 5662 Ut

492 5675 722 5741 osculor,
753 5675 798 5732 si
829 5675 980 5732 tollas
1006 5691 1034 5732 r
1059 5677 1287 5732 litteram
1312 5682 1368 5732 et
1393 5675 1539 5732 dicas
1581 5675 1784 5741 osculo,
1828 5689 1935 5730 non
1985 5686 2067 5731 est

495 5745 731 5801 latinum.
763 5745 830 5800 Et
853 5744 1077 5800 dicimus
1093 5760 1214 5801 cum
1229 5747 1455 5817 agimus.
1477 5745 1688 5801 osculor
1707 5753 1788 5811 te;
1817 5743 1944 5802 dum
1961 5760 2056 5802 au-

1674 301 1764 364 ΒΕ
1806 296 2255 359 GBAMMATICA
2294 302 2511 361 LIBER.

2166 421 2273 470 tem
2296 411 2527 482 patimur
2543 419 2598 467 et
2620 411 2688 467 ab
2711 413 2816 470 alio
2831 411 3110 474 allicimnr,
3129 412 3351 468 dicimus
3364 414 3554 469 osculor
3574 432 3602 469 a
3628 429 3702 475 te:

2165 484 2242 540 sic
2269 483 2527 556 criminor
2552 491 2623 546 te,
2657 498 2762 538 non
2806 483 3206 556 criinino,_cum
3235 483 3485 556 actionem
3524 487 3703 556 signiﬁ-

2161 569 2365 620 camus,
2400 553 2448 606 id
2479 562 2559 606 est
2595 568 2715 606 cum
2741 555 2943 610 crimen
2970 553 3269 620 objicimus,
3307 552 3704 614 criminortedi-

2162 625 2364 686 cimus;
2391 638 2510 678 cum
2535 632 2712 678 autem
2743 623 2942 678 crimen
2971 624 3126 678 nobis
3150 623 3410 692 obiicitur.
3438 625 3704 685 criminora

2166 703 2218 750 te
2242 693 2488 758 dicimus,
2521 693 2572 748 id
2601 707 2684 748 est
2711 696 2913 749 crimen
2939 708 2970 747 a
3001 703 3052 747 te
3078 693 3257 756 audio,
3287 703 3342 747 et
3365 702 3442 748 est
3473 695 3703 762 signiﬁca-

2166 765 2239 818 tio
2265 766 2495 835 passiva.
2526 763 2734 818 Declina
2745 775 2866 818 ntur
2887 773 3065 818 autem
3092 763 3256 835 τοι-19
3275 762 3384 818 lucc
3400 771 3454 818 ut
3466 767 3704 834 superiora

2166 833 2494 903 per'modos,
2540 843 2776 902 tempora
2806 844 2860 889 et
2899 848 3173 902 personas.
3203 833 3460 902 Tempora
3485 841 3706 902 presenti

2165 905 2504 974 singulariter
2527 903 2782 958 criminor
2805 905 3106 958 criminaris
3132 904 3522 974 criminatur,et
3550 905 3703 974 plura-

2167 973 2288 1029 liter
2314 975 2658 1029 criminamur
2685 975 3036 1029 eriminamini
3067 974 3433 1029 criminantur.
3463 973 3704 1034 Prmterito

2168 1044 2480 1114 imperfecto
2507 1045 2846 1114 singulariter
2873 1044 3198 1100 criminabar
3239 1043 3583 1100 criminabaris
3614 1050 3702 1102 cri-

2171 1115 2487 1178 minabatur,
2519 1124 2571 1170 ct
2595 1114 2867 1186 pluraliter
2894 1114 3310 1186 criminabantur
3327 1115 3703 1186 criminabamini

2169 1184 2902 1241 criminabantur;Pneterito
2930 1184 3166 1253 perfecto
3202 1184 3526 1254 singulariter
3555 1188 3704 1241 crimi-

2171 1263 2323 1309 natus
2351 1270 2490 1325 sum,
2518 1255 2823 1310 criminatus
2849 1271 2928 1318 es,
2959 1255 3271 1310 criminatus
3297 1264 3410 1310 est:
3438 1264 3486 1310 et
3520 1255 3702 1325 plurali-

2173 1333 2252 1379 ter
2290 1324 2552 1379 criminati
2581 1341 2788 1391 sumus,
2825 1325 3092 1380 criminati
3131 1325 3284 1388 estis,
3312 1324 3558 1380 criminati
3581 1338 3696 1383 sunt.

2173 1395 2445 1449 Praeterito
2484 1395 2759 1464 plusquam
2805 1397 3036 1465 perfecto
3077 1394 3414 1465 singulariter
3438 1397 3702 1454 criminatus

2172 1480 2337 1536 eram,
2369 1480 2520 1536 erasL
2540 1473 2684 1520 erat:
2708 1476 2761 1520 et
2787 1467 3057 1536 pluraliter
3085 1465 3348 1520 criminati
3371 1481 3579 1530 eramus,
3601 1483 3701 1523 era-

2174 1535 2260 1607 tis,
2283 1545 2454 1607 erant.
2484 1534 2680 1590 Futuro
2695 1534 3032 1607 singulariter
3046 1536 3370 1607 criminabor
3386 1536 3701 1595 criminsberis

2173 1604 2538 1676 criminabitur
2567 1623 2581 1658 :
2620 1615 2676 1661 et
2705 1604 2976 1676 pluraliter
3013 1605 3412 1662 criminabimur
3444 1607 3701 1676 criminabi-

2175 1675 2301 1748 mini
2323 1675 2760 1748 criminabantur.
2781 1677 3320 1748 Imperativusrautem
3342 1675 3518 1748 modus
3530 1692 3699 1748 semp"

2176 1747 2228 1800 in
2255 1746 2430 1801 verbis
2459 1747 2511 1801 in
2559 1761 2616 1801 re
2643 1747 2769 1810 exit,
2799 1746 3032 1804 ut’dicas
3071 1747 3357 1802 criminare
3385 1747 3538 1813 illum,
3574 1746 3700 1804 idest

2175 1817 2378 1872 crimen
2404 1817 2480 1870 illi
2524 1817 2722 1886 ingere.
2751 1818 2995 1886 Optativo
3018 1815 3180 1872 modo
3207 1817 3308 1883 sic,
3335 1817 3522 1871 utinam

2178 1902 2333 1941 narer
2357 1886 2716 1942 criminareris
2743 1888 3146 1943 criminaretur:
3175 1895 3232 1943 et
3257 1888 3517 1957 pluraliter
3539 1889 3700 1944 utinam

2177 1957 2579 2012 criminaremur
2596 1957 3008 2013 criminaremini
3026 1957 3448 2013 criminarentur.
3477 1957 3700 2014 Praeterito

2179 2027 2414 2098 perfecto
2441 2027 2781 2097 singulariter
2805 2029 3001 2083 utinam
3027 2027 3340 2098 criminatus
3357 2043 3538 2092 essem,
3557 2029 3700 2084 crimi-

2181 2097 2332 2151 natus
2358 2112 2527 2163 esses,
2546 2098 2866 2168 criminatus
2893 2107 3071 2154 esset:
3092 2107 3146 2152 et
3180 2097 3446 2168 pluraliter
3480 2098 3700 2168 criminati

2180 2181 2440 2230 essemus,
2479 2167 2741 2222 criminati
2775 2169 2984 2236 essetis,
3014 2167 3281 2224 criminati
3319 2175 3505 2224 essent.
3541 2167 3701 2224 Futuro

2180 2237 2516 2306 singulariter
2535 2237 2738 2293 utinam
2761 2239 3013 2295 criminer
3025 2239 3328 2294 crimineris
3346 2239 3621 2294 criminetur
3634 2256 3646 2292 :
3659 2250 3702 2296 et

2182 2306 2457 2388 pluraliter
2482 2308 2827 2388 criminemur
2850 2309 3202 2388 criminemini
3231 2309 3700 2388 criminentur._Con_-

2175 2377 2416 2449 junctivo
2453 2378 2612 2449 modo
2638 2379 2977 2449 singulariter
3014 2395 3135 2434 cum
3179 2380 3429 2435 criminer
3453 2381 3701 2436 crimineris

2181 2447 2506 2519 criminetur.
2539 2447 2814 2503 Pmrterito
2835 2449 3146 2519 imperfecto
3162 2450 3488 2519 singulariter
3499 2464 3598 2504 αιιιι
3614 2454 3698 2505 cri-

2182 2517 2800 2590 minarerrcriminareris
2823 2517 3213 2575 criliiioaretur.
3241 2517 3500 2575 Prmterito
3512 2520 3697 2590 perfecto

2183 2588 2519 2657 singulariter
2545 2604 2664 2643 cum
2693 2589 3001 2645 criminatus
3041 2591 3162 2654 sim,
3191 2589 3487 2645 criminatus
3506 2588 3582 2654 sis,
3603 2593 3693 2646 eri-

2184 2658 2418 2712 minatus
2443 2658 2544 2712 sit:
2572 2669 2626 2714 et
2655 2660 2928 2725 pluraliter
2969 2660 3233 2714 criminati
3276 2661 3458 2725 simus,
3481 2661 3698 2715 criminati

2183 2727 2318 2800 sitis,
2338 2729 2612 2800 criminati
2635 2730 2760 2800 sint.
2789 2729 3067 2784 Pr:eterito
3097 2730 3372 2800 plusquam
3400 2730 3599 2800 perfecto
3612 2733 3701 2785 sin-

2183 2797 2436 2866 gulariter
2454 2813 2572 2852 cum
2597 2799 2906 2854 criminatus
2928 2797 3119 2865 essent,
3147 2797 3454 2856 criminatus
3469 2802 3704 2864 csses.cri-

2187 2867 2416 2921 minatus
2439 2878 2612 2922 esset:
2635 2877 2689 2923 et
2712 2869 2983 2934 pluraliter
3005 2870 3266 2926 criminati
3294 2883 3538 2938 essemus,
3556 2873 3700 2925 crimi-

2186 2938 2300 3022 itati
2319 2939 2528 3002 essetis,
2555 2939 2816 3022 criminati
2842 2949 3039 2995 essent.
3070 2940 3336 3022 Tempore
3375 2941 3537 3022 futuro
3557 2941 3702 3022 singu-

2184 3006 2366 3062 lariter
2398 3023 2526 3080 cum
2568 3010 2881 3066 criminatus
2907 3025 3021 3074 ero,
3067 3006 3370 3076 eris,'erit:
3393 3019 3447 3066 et
3483 3006 3704 3080 pluraliter

2184 3094 2305 3132 cum
2334 3079 2596 3134 criminati
2637 3081 2855 3145 erimus,
2899 3081 3070 3145 eritis,
3115 3088 3290 3136 erunt.
3335 3079 3495 3135 Modo
3521 3080 3700 3145 inﬁnito,

2186 3163 2342 3222 quem
2363 3148 2595 3222 diximus
2615 3150 2783 3222 nullas
2797 3151 3094 3222 signiﬁcare
3116 3165 3388 3220 personas,
3410 3150 3525 3208 facit
3541 3151 3584 3206 in
3601 3167 3702 3222 pra:-

2185 3220 2342 3290 senti,
2388 3219 2691 3285 criminari;
2723 3222 2777 3276 in
2807 3219 3094 3290 praeterito,
3118 3219 3469 3276 criminatum
3507 3219 3632 3286 esse;
3661 3222 3700 3276 in

2185 3287 2381 3357 futuro,
2410 3290 2747 3345 criminatum
2776 3287 2860 3346 iri.
2892 3291 2974 3346 Ad
3014 3292 3149 3346 banc
3193 3291 3416 3346 formam
3457 3295 3700 3348 communia

2184 3360 2346 3414 verba
2374 3359 2663 3416 declinabis
2690 3361 2799 3416 sic:
2824 3360 3024 3426 llOI‘lOl‘,
3053 3362 3281 3429 jaculor,
3311 3363 3536 3430 osculor,
3564 3361 3699 3419 nidiﬁ-

2184 3443 2296 3515 cor,
2322 3437 2484 3515 tutor,
2515 3431 2781 3515 consolor,
2805 3441 3030 3515 scrutor,
3046 3431 3513 3515 inorornfeneror,
3538 3436 3699 3515 ample-

2183 3509 2319 3565 ctor,
2345 3508 2399 3554 et
2425 3500 2588 3566 furor,
2620 3503 2758 3556 unde
2778 3511 2861 3556 est
2880 3501 3025 3556 furor
3044 3502 3233 3557 furaris
3267 3505 3483 3569 furatur,
3502 3500 3698 3570 Comiter,

2183 3570 2454 3644 recordor,
2487 3573 2800 3626 reminiscor
2817 3613 2832 3638 ,
2861 3581 3197 3642 percunctor,
3222 3574 3417 3640 minor,
3443 3584 3613 3644 gestor.
3642 3577 3701 3644 pi-

2185 3655 2324 3702 scor,
2355 3641 2568 3705 odoror,
2597 3641 3076 3714 aucupor,’venor,
3107 3641 3465 3714 contemplor,
3485 3641 3696 3714 speculor,

2185 3718 2380 3783 sector,
2405 3727 2649 3778 veneror,
2673 3713 2878 3783 dignor,
2904 3727 3109 3781 precor,
3133 3713 3380 3780 miseror,
3401 3713 3564 3778 vador,
3584 3715 3699 3770 idest

2186 3780 2427 3856 lidedico,
2459 3780 2769 3856 calumnior,
2790 3793 2860 3856 iet
2888 3780 3014 3838 talia
3042 3798 3458 3856 qumnunquam
3483 3784 3701 3856 deponunt

2185 3867 2213 3905 r
2237 3852 2642 3923 litteramznam
2686 3855 2728 3908 si
2771 3852 3068 3923 deponunt,
3095 3853 3258 3908 latina
3298 3852 3404 3909 non
3444 3852 3569 3910 sunt.
3602 3855 3699 3923 Quis

2182 3923 2321 3994 enim
2340 3922 2488 3994 dicat
2511 3923 2812 3988 reminisco,
2840 3922 2931 3978 aut
2964 3925 3206 3988 recordo,
3239 3925 3320 3979 vel
3348 3925 3520 3994 digno,
3548 3927 3614 3980 vel
3627 3922 3696 3979 εε-

2181 3993 2306 4072 cto?
2337 3993 2476 4064 Ergo
2510 3994 2812 4048 memineris
2833 3995 2947 4048 lucc
2967 4009 3177 4064 semper
3199 4010 3321 4050 cum
3343 4011 3369 4050 r
3395 3993 3552 4051 littera
3572 4008 3697 4050 enun-

2182 4071 2332 4118 tiare.

2404 4131 2628 4204 CAPUT
2668 4133 2851 4189 XVIII.
2874 4164 2942 4174 ——
2965 4133 3042 4188 De
3066 4135 3210 4190 verba
3235 4136 3514 4204 deponenti.

2252 4204 2434 4258 Restat
2456 4203 2690 4274 verbum
2719 4204 3016 4273 deponens,
3056 4205 3196 4274 quod
3232 4206 3355 4262 ideo
3382 4206 3575 4269 dicitur,
3605 4204 3693 4274 quia

2252 4220 2434 4258 nesrat
2473 4220 2690 4257 vernum
2719 4220 3016 4273 deponens,
3056 4220 3196 4274 quoa
3232 4220 3355 4262 meo
3382 4220 3575 4269 dieitur,
3633 4220 3693 4258 ιιιι

2179 4272 2396 4342 deponit
2419 4273 2615 4344 aliquid
2652 4273 2718 4328 de
2754 4276 3046 4344 quantitate
3085 4277 3387 4332 communis
3428 4276 3574 4332 verbi.
3599 4220 3694 4330 ﬁam

2178 4358 2298 4397 cum
2348 4343 2616 4412 participia
2662 4343 2888 4412 quatuor
2931 4345 3120 4400 habeat
3172 4345 3392 4402 verbum
3434 4360 3691 4402 commune:

2179 4428 2433 4485 prafsens,
2467 4427 2523 4485 ut
2549 4414 2864 4485 criminans;
2895 4414 3146 4477 futurum,
3187 4417 3572 4482 criminaturus;
3596 4429 3695 4485 pra:-

2177 4484 2410 4556 teritum.
2434 4484 2773 4556 criminatus;
2799 4485 3051 4556 futurum,
3075 4485 3438 4556 criminandus
3459 4505 3473 4542 :
3493 4503 3518 4540 a
3536 4484 3695 4556 passm

2177 4553 2560 4622 significatione
2579 4555 2958 4619 criminandus,
2982 4554 3082 4610 hoc
3105 4571 3208 4610 non
3239 4555 3397 4612 habet
3422 4553 3614 4612 verbum
3631 4556 3696 4608 tle-

2177 4639 2409 4697 poncnsi
2431 4624 2495 4677 Et
2515 4623 2634 4697 ideo
2662 4625 2853 4697 dicitur
2887 4623 3178 4697 deponens,
3202 4627 3322 4697 quia
3348 4628 3554 4696 deponit
3575 4640 3694 4697 unum

2176 4696 2508 4767 pariicipium
2520 4693 2695 4767 futuri
2722 4695 2973 4764 temporis
2992 4710 3030 4767 _a
3057 4693 3472 4767 verbo'passivo,
3489 4696 3609 4767 quod
3619 4694 3698 4750 erit

2177 4765 2228 4836 in
2257 4763 2656 4836 dus’syllabam,
2689 4774 2744 4818 ut
2771 4763 3107 4836 putaopinor
3127 4765 3208 4820 vel
3243 4763 3417 4821 ininor
3443 4763 3584 4822 verba
3607 4772 3696 4820 sunt

2174 4834 2512 4908 deponenda.
2543 4835 2696 4908 Venit
2721 4852 2750 4888 a
2779 4834 3056 4904 participio
3081 4839 3357 4908 praesentis
3395 4836 3636 4908 temporis,
3659 4844 3696 4888 et

2175 4903 2302 4959 facit
2351 4907 2592 4969 minans,
2640 4904 2814 4959 futuro
2847 4903 3093 4974 tempore
3119 4906 3242 4962 facit
3279 4903 3574 4969 minaturus.
3599 4921 3694 4974 prr-

2176 4976 2332 5046 ierito
2351 4975 2472 5028 facit
2495 4977 2738 5046 minatus.
2762 4974 2961 5029 Futuro
2983 4991 3013 5028 a
3039 4976 3417 5046 signiﬁcatione
3435 4976 3605 5046 passivi
3619 4989 3691 5028 non

2174 5043 2308 5116 facit
2328 5044 2638 5116 minandus:
2665 5046 2743 5099 sic
2766 5046 2989 5114 opinans
3013 5043 3322 5115 Opinaturus
3345 5043 3589 5116 opinatus.
3611 5045 3692 5114 opi-

2174 5114 2380 5169 nandus
2401 5130 2504 5168 non
2531 5113 2654 5168 facit
2675 5132 2687 5167 :
2713 5116 2793 5168 vel
2807 5113 2866 5168 si
2893 5116 3037 5171 dicas
3055 5113 3287 5171 moriens
3307 5113 3574 5173 moriturus
3587 5113 3689 5169 mer-

2175 5193 2318 5251 tuus,
2347 5201 2452 5239 non
2479 5184 2602 5238 facit
2629 5185 2954 5245 moriendus,
2981 5185 3100 5254 quia
3128 5201 3232 5240 non
3258 5197 3340 5242 est
3355 5188 3574 5242 latinum.
3588 5185 3687 5253 Ergo

2174 5261 2230 5308 et
2254 5255 2354 5310 hoc
2381 5254 2651 5324 deponens
2679 5254 2896 5327 verbum
2935 5255 3011 5308 sic
3037 5258 3296 5326 percurrit
3345 5273 3436 5327 per
3478 5255 3685 5312 modosct

2175 5333 2411 5393 tempora
2427 5333 2481 5378 et
2502 5339 2774 5393 personas.
2793 5325 3068 5392 Quomodo
3094 5341 3250 5395 supra
3267 5325 3462 5383 dictum
3475 5336 3566 5391 est,
3581 5339 3684 5395 cotu-

2173 5392 2332 5456 mune
2358 5392 2574 5449 verbdm
2612 5411 2715 5448 non
2744 5395 2980 5464 deposita
3012 5410 3039 5448 r
3067 5392 3238 5450 littera
3277 5398 3486 5452 latinum
3507 5404 3594 5458 est,
3615 5392 3682 5448 de-

2171 5465 2343 5537 posita
2369 5473 2543 5537 autem
2573 5464 2787 5537 iatinum
2816 5463 2935 5520 non
2965 5477 3076 5537 est:
3104 5467 3189 5537 sic
3229 5467 3387 5523 etiam
3430 5463 3681 5537 deponeng

2172 5530 2294 5591 cum
2323 5534 2646 5604 perdiderint
2684 5551 2709 5588 r
2747 5536 2995 5600 litteram,
3027 5535 3186 5591 latina
3211 5552 3315 5593 non
3341 5530 3682 5604 sunt.'SultHci_o

2172 5602 2348 5676 itaque
2371 5620 2509 5676 nunc
2533 5619 2696 5676 pauca
2722 5605 2880 5660 verba
2907 5605 3242 5675 deponentis,
3266 5617 3451 5663 cmtera
3473 5620 3578 5663 usus
3591 5602 3680 5656 lati-

2174 5675 2274 5750 nus
2301 5675 2530 5750 docebit.
2562 5675 2696 5731 Sunt
2718 5685 2892 5750 auiam
2915 5693 2926 5728 :
2953 5677 3158 5750 opinor,
3186 5678 3379 5750 minor,
3404 5685 3678 5750 gratorum?

2177 5745 2340 5812 tulor,
2369 5745 2616 5812 arbitror,
2639 5746 2920 5817 gratificer,
2952 5746 3213 5818 suspicor.
3243 5745 3501 5814 misereor,
3527 5745 3675 5801 loceti-
