  <div class='ocr_page' id='page_1' title='image "/cluster/home/n/w/nwhite01/storage/ocr_20150623/32/uva.x000669813/714.png"; bbox 0 0 3874 6300; ppageno 0'>
   <div class='ocr_carea' id='block_1_1' title="bbox 229 311 371 372">
    <p class='ocr_par' dir='ltr' id='par_1_1' title="bbox 229 311 371 372">
     <span class='ocr_line' id='line_1_1' title="bbox 229 311 371 372; baseline -0.014 0"><span class='ocrx_word' id='word_1_1' title='bbox 229 311 252 372; x_wconf 78' lang='grc'><strong>1</strong></span> <span class='ocrx_word' id='word_1_2' title='bbox 269 311 371 372; x_wconf 64' lang='grc' dir='ltr'><strong>ιῡθ</strong></span> 
     </span>
    </p>
   </div>
   <div class='ocr_carea' id='block_1_2' title="bbox 248 433 3148 465">
    <p class='ocr_par' dir='ltr' id='par_1_2' title="bbox 248 433 3148 465">
     <span class='ocr_line' id='line_1_2' title="bbox 248 433 3148 465; baseline 0.006 -15"><span class='ocrx_word' id='word_1_3' title='bbox 248 433 3148 465; x_wconf 55' lang='lat' dir='ltr'><strong>Mm</strong></span> 
     </span>
    </p>
   </div>
   <div class='ocr_carea' id='block_1_3' title="bbox 1259 297 2499 360">
    <p class='ocr_par' dir='ltr' id='par_1_3' title="bbox 1259 297 2499 360">
     <span class='ocr_line' id='line_1_3' title="bbox 1259 297 2499 360; baseline -0.002 -1"><span class='ocrx_word' id='word_1_4' title='bbox 1259 300 1589 360; x_wconf 77' lang='lat' dir='ltr'><strong>PRINCIPIA</strong></span> <span class='ocrx_word' id='word_1_5' title='bbox 1633 299 2084 359; x_wconf 61' lang='lat' dir='ltr'><strong>DIALECTleE.</strong></span> <span class='ocrx_word' id='word_1_6' title='bbox 2139 297 2499 357; x_wconf 76' lang='lat' dir='ltr'><strong>APPENDIX.</strong></span> 
     </span>
    </p>
   </div>
   <div class='ocr_carea' id='block_1_4' title="bbox 3362 301 3496 360">
    <p class='ocr_par' dir='ltr' id='par_1_4' title="bbox 3362 301 3496 360">
     <span class='ocr_line' id='line_1_4' title="bbox 3362 301 3496 360; baseline -0.007 0"><span class='ocrx_word' id='word_1_7' title='bbox 3362 301 3496 360; x_wconf 79' lang='grc'><strong>1410</strong></span> 
     </span>
    </p>
   </div>
   <div class='ocr_carea' id='block_1_5' title="bbox 719 552 1820 680">
    <p class='ocr_par' dir='ltr' id='par_1_5' title="bbox 719 558 1820 680">
     <span class='ocr_line' id='line_1_5' title="bbox 719 558 1820 680; baseline -0.01 0"><span class='ocrx_word' id='word_1_8' title='bbox 719 560 1682 680; x_wconf 70' lang='lat' dir='ltr'><strong>PRINCIPIA</strong></span> <span class='ocrx_word' id='word_1_9' title='bbox 1732 558 1820 669; x_wconf 75' lang='lat' dir='ltr'><strong>ll</strong></span> 
     </span>
    </p>
   </div>
   <div class='ocr_carea' id='block_1_6' title="bbox 1931 552 3044 680">
    <p class='ocr_par' dir='ltr' id='par_1_6' title="bbox 1931 552 3044 680">
     <span class='ocr_line' id='line_1_6' title="bbox 1931 552 3044 680; baseline -0.004 -12"><span class='ocrx_word' id='word_1_10' title='bbox 1931 552 2844 669; x_wconf 75' lang='lat' dir='ltr'><strong>ALEGTIGE</strong></span> <span class='ocrx_word' id='word_1_11' title='bbox 2903 553 3044 680; x_wconf 82' lang='grc' dir='ltr'><strong>(ιι).</strong></span> 
     </span>
    </p>
   </div>
   <div class='ocr_carea' id='block_1_7' title="bbox 376 745 1660 818">
    <p class='ocr_par' dir='ltr' id='par_1_7' title="bbox 376 745 1660 818">
     <span class='ocr_line' id='line_1_7' title="bbox 376 745 1660 818; baseline -0.006 -10"><span class='ocrx_word' id='word_1_12' title='bbox 376 751 606 810; x_wconf 85' lang='lat' dir='ltr'><strong>CAPUT</strong></span> <span class='ocrx_word' id='word_1_13' title='bbox 643 748 929 808; x_wconf 69' lang='lat' dir='ltr'><strong>PRIMUM’.</strong></span> <span class='ocrx_word' id='word_1_14' title='bbox 961 779 1034 791; x_wconf 95' lang='lat'><strong><em>—</em></strong></span> <span class='ocrx_word' id='word_1_15' title='bbox 1058 747 1137 804; x_wconf 79' lang='lat' dir='ltr'><strong>De</strong></span> <span class='ocrx_word' id='word_1_16' title='bbox 1152 746 1460 818; x_wconf 70' lang='lat' dir='ltr'><strong>simplicibus</strong></span> <span class='ocrx_word' id='word_1_17' title='bbox 1480 745 1660 802; x_wconf 75' lang='lat' dir='ltr'><strong>verbis.</strong></span> 
     </span>
    </p>
   </div>
   <div class='ocr_carea' id='block_1_8' title="bbox 309 817 1811 889">
    <p class='ocr_par' dir='ltr' id='par_1_8' title="bbox 309 817 1811 889">
     <span class='ocr_line' id='line_1_8' title="bbox 309 817 1811 889; baseline -0.007 -7"><span class='ocrx_word' id='word_1_18' title='bbox 309 824 598 882; x_wconf 87' lang='lat' dir='ltr'><strong>Dialectica</strong></span> <span class='ocrx_word' id='word_1_19' title='bbox 628 831 711 878; x_wconf 88' lang='lat' dir='ltr'><strong>est</strong></span> <span class='ocrx_word' id='word_1_20' title='bbox 737 821 872 875; x_wconf 85' lang='lat' dir='ltr'><strong>bene</strong></span> <span class='ocrx_word' id='word_1_21' title='bbox 885 817 1186 889; x_wconf 71' lang='lat' dir='ltr'><strong>disputandi</strong></span> <span class='ocrx_word' id='word_1_22' title='bbox 1208 817 1448 889; x_wconf 86' lang='lat' dir='ltr'><strong>scientia.</strong></span> <span class='ocrx_word' id='word_1_23' title='bbox 1478 818 1811 887; x_wconf 88' lang='lat' dir='ltr'><strong>Disputamus</strong></span> 
     </span>
    </p>
   </div>
   <div class='ocr_carea' id='block_1_9' title="bbox 229 888 1814 967">
    <p class='ocr_par' dir='ltr' id='par_1_9' title="bbox 229 888 1814 967">
     <span class='ocr_line' id='line_1_9' title="bbox 229 888 1814 967; baseline -0.006 -18"><span class='ocrx_word' id='word_1_24' title='bbox 229 903 416 967; x_wconf 85' lang='lat' dir='ltr'><strong>autem</strong></span> <span class='ocrx_word' id='word_1_25' title='bbox 459 893 658 967; x_wconf 79' lang='lat' dir='ltr'><strong>verbis.</strong></span> <span class='ocrx_word' id='word_1_26' title='bbox 704 890 877 967; x_wconf 66' lang='lat' dir='ltr'><strong>Yerba</strong></span> <span class='ocrx_word' id='word_1_27' title='bbox 914 888 1071 960; x_wconf 76' lang='lat' dir='ltr'><strong>igitur</strong></span> <span class='ocrx_word' id='word_1_28' title='bbox 1097 896 1190 943; x_wconf 90' lang='lat' dir='ltr'><strong>aut</strong></span> <span class='ocrx_word' id='word_1_29' title='bbox 1221 888 1494 967; x_wconf 61' lang='lat' dir='ltr'><strong>simplicia</strong></span> <span class='ocrx_word' id='word_1_30' title='bbox 1519 896 1642 967; x_wconf 74' lang='lat' dir='ltr'><strong>sunt</strong></span> <span class='ocrx_word' id='word_1_31' title='bbox 1663 928 1687 967; x_wconf 38' lang='grc' dir='ltr'><strong>,ι</strong></span> <span class='ocrx_word' id='word_1_32' title='bbox 1721 896 1814 967; x_wconf 87' lang='lat' dir='ltr'><strong>aut</strong></span> 
     </span>
    </p>
   </div>
   <div class='ocr_carea' id='block_1_10' title="bbox 230 957 1812 1039">
    <p class='ocr_par' dir='ltr' id='par_1_10' title="bbox 230 957 1812 1039">
     <span class='ocr_line' id='line_1_10' title="bbox 230 957 1812 1039; baseline -0.006 -21"><span class='ocrx_word' id='word_1_33' title='bbox 230 965 543 1039; x_wconf 72' lang='lat' dir='ltr'><strong>conjuncta.</strong></span> <span class='ocrx_word' id='word_1_34' title='bbox 576 961 842 1039; x_wconf 78' lang='lat' dir='ltr'><strong>Simplicia</strong></span> <span class='ocrx_word' id='word_1_35' title='bbox 870 957 1014 1039; x_wconf 71' lang='lat' dir='ltr'><strong>sunt,</strong></span> <span class='ocrx_word' id='word_1_36' title='bbox 1039 975 1156 1029; x_wconf 73' lang='lat' dir='ltr'><strong>qtue</strong></span> <span class='ocrx_word' id='word_1_37' title='bbox 1181 957 1343 1014; x_wconf 88' lang='lat' dir='ltr'><strong>unum</strong></span> <span class='ocrx_word' id='word_1_38' title='bbox 1371 957 1622 1039; x_wconf 74' lang='lat' dir='ltr'><strong>quiddam</strong></span> <span class='ocrx_word' id='word_1_39' title='bbox 1647 957 1812 1039; x_wconf 77' lang='lat' dir='ltr'><strong>signi-</strong></span> 
     </span>
    </p>
   </div>
   <div class='ocr_carea' id='block_1_11' title="bbox 231 1027 1810 1099">
    <p class='ocr_par' dir='ltr' id='par_1_11' title="bbox 231 1027 1810 1099">
     <span class='ocr_line' id='line_1_11' title="bbox 231 1027 1810 1099; baseline -0.007 -10"><span class='ocrx_word' id='word_1_40' title='bbox 231 1027 402 1088; x_wconf 74' lang='lat' dir='ltr'><strong>ﬁcant</strong></span> <span class='ocrx_word' id='word_1_41' title='bbox 435 1050 449 1088; x_wconf 90' lang='lat'><strong>:</strong></span> <span class='ocrx_word' id='word_1_42' title='bbox 480 1043 538 1087; x_wconf 91' lang='lat' dir='ltr'><strong>ut</strong></span> <span class='ocrx_word' id='word_1_43' title='bbox 556 1047 679 1088; x_wconf 93' lang='lat' dir='ltr'><strong>cum</strong></span> <span class='ocrx_word' id='word_1_44' title='bbox 697 1027 926 1086; x_wconf 83' lang='lat' dir='ltr'><strong>dicimus</strong></span> <span class='ocrx_word' id='word_1_45' title='bbox 947 1027 1124 1088; x_wconf 85' lang='lat' dir='ltr'><strong>homo.</strong></span> <span class='ocrx_word' id='word_1_46' title='bbox 1148 1043 1334 1099; x_wconf 91' lang='lat' dir='ltr'><strong>equus,</strong></span> <span class='ocrx_word' id='word_1_47' title='bbox 1355 1027 1609 1099; x_wconf 65' lang='lat' dir='ltr'><strong>distiutat,</strong></span> <span class='ocrx_word' id='word_1_48' title='bbox 1625 1027 1810 1083; x_wconf 86' lang='lat' dir='ltr'><strong>currit.</strong></span> 
     </span>
    </p>
   </div>
   <div class='ocr_carea' id='block_1_12' title="bbox 231 1097 1815 1173">
    <p class='ocr_par' dir='ltr' id='par_1_12' title="bbox 231 1097 1815 1173">
     <span class='ocr_line' id='line_1_12' title="bbox 231 1097 1815 1173; baseline -0.004 -14"><span class='ocrx_word' id='word_1_49' title='bbox 231 1105 348 1159; x_wconf 81' lang='lat' dir='ltr'><strong>Nec</strong></span> <span class='ocrx_word' id='word_1_50' title='bbox 377 1103 588 1158; x_wconf 85' lang='lat' dir='ltr'><strong>mireris</strong></span> <span class='ocrx_word' id='word_1_51' title='bbox 614 1101 778 1173; x_wconf 89' lang='lat' dir='ltr'><strong>quod,</strong></span> <span class='ocrx_word' id='word_1_52' title='bbox 809 1097 1333 1173; x_wconf 79' lang='lat' dir='ltr'><strong>disputat,_quamvis</strong></span> <span class='ocrx_word' id='word_1_53' title='bbox 1357 1113 1421 1153; x_wconf 84' lang='lat' dir='ltr'><strong>ex</strong></span> <span class='ocrx_word' id='word_1_54' title='bbox 1446 1097 1652 1153; x_wconf 90' lang='lat' dir='ltr'><strong>duobus</strong></span> <span class='ocrx_word' id='word_1_55' title='bbox 1676 1112 1815 1152; x_wconf 85' lang='lat' dir='ltr'><strong>com-</strong></span> 
     </span>
    </p>
   </div>
   <div class='ocr_carea' id='block_1_13' title="bbox 309 1169 1810 1249">
    <p class='ocr_par' dir='ltr' id='par_1_13' title="bbox 309 1169 1810 1249">
     <span class='ocr_line' id='line_1_13' title="bbox 309 1169 1810 1249; baseline -0.003 -22"><span class='ocrx_word' id='word_1_56' title='bbox 309 1175 470 1227; x_wconf 90' lang='lat' dir='ltr'><strong>situm</strong></span> <span class='ocrx_word' id='word_1_57' title='bbox 501 1173 571 1249; x_wconf 86' lang='lat' dir='ltr'><strong>sit</strong></span> <span class='ocrx_word' id='word_1_58' title='bbox 593 1169 828 1249; x_wconf 32' lang='lat' dir='ltr'><strong>{tamen</strong></span> <span class='ocrx_word' id='word_1_59' title='bbox 866 1169 1008 1249; x_wconf 77' lang='lat' dir='ltr'><strong>iuter</strong></span> <span class='ocrx_word' id='word_1_60' title='bbox 1043 1169 1299 1249; x_wconf 64' lang='lat' dir='ltr'><strong>simpliuia</strong></span> <span class='ocrx_word' id='word_1_61' title='bbox 1334 1177 1667 1249; x_wconf 87' lang='lat' dir='ltr'><strong>numeratum</strong></span> <span class='ocrx_word' id='word_1_62' title='bbox 1709 1176 1810 1249; x_wconf 60' lang='lat' dir='ltr'><strong>est:</strong></span> 
     </span>
    </p>
   </div>
   <div class='ocr_carea' id='block_1_14' title="bbox 230 1189 1814 1299">
    <p class='ocr_par' dir='ltr' id='par_1_14' title="bbox 230 1189 1814 1299">
     <span class='ocr_line' id='line_1_14' title="bbox 309 1189 1810 1239; baseline -0.004 -12"><span class='ocrx_word' id='word_1_63' title='bbox 309 1189 470 1227; x_wconf 80' lang='lat' dir='ltr'><strong>suum</strong></span> <span class='ocrx_word' id='word_1_64' title='bbox 501 1189 571 1228; x_wconf 74' lang='grc'><strong>511-</strong></span> <span class='ocrx_word' id='word_1_65' title='bbox 593 1213 609 1236; x_wconf 81' lang='lat'><strong>,</strong></span> <span class='ocrx_word' id='word_1_66' title='bbox 654 1189 828 1226; x_wconf 85' lang='lat' dir='ltr'><strong>tamen</strong></span> <span class='ocrx_word' id='word_1_67' title='bbox 868 1189 1008 1225; x_wconf 75' lang='lat' dir='ltr'><strong>llllel&#39;</strong></span> <span class='ocrx_word' id='word_1_68' title='bbox 1043 1189 1299 1239; x_wconf 73' lang='lat' dir='ltr'><strong>snmpucna</strong></span> <span class='ocrx_word' id='word_1_69' title='bbox 1334 1189 1667 1223; x_wconf 81' lang='lat' dir='ltr'><strong>numeratqu</strong></span> <span class='ocrx_word' id='word_1_70' title='bbox 1709 1189 1810 1223; x_wconf 69' lang='grc' dir='ltr'><strong>εει.</strong></span> 
     </span>
     <span class='ocr_line' id='line_1_15' title="bbox 230 1189 1814 1299; baseline -0.004 0"><span class='ocrx_word' id='word_1_71' title='bbox 230 1189 372 1299; x_wconf 48' lang='lat' dir='ltr'><strong>mm</strong></span> <span class='ocrx_word' id='word_1_72' title='bbox 399 1259 489 1298; x_wconf 84' lang='lat' dir='ltr'><strong>res</strong></span> <span class='ocrx_word' id='word_1_73' title='bbox 528 1241 836 1297; x_wconf 87' lang='lat' dir='ltr'><strong>deﬁnitione</strong></span> <span class='ocrx_word' id='word_1_74' title='bbox 868 1239 1178 1295; x_wconf 75' lang='lat' dir='ltr'><strong>illustratur.</strong></span> <span class='ocrx_word' id='word_1_75' title='bbox 1212 1240 1417 1293; x_wconf 87' lang='lat' dir='ltr'><strong>Dictum</strong></span> <span class='ocrx_word' id='word_1_76' title='bbox 1446 1248 1529 1292; x_wconf 90' lang='lat' dir='ltr'><strong>est</strong></span> <span class='ocrx_word' id='word_1_77' title='bbox 1559 1246 1735 1293; x_wconf 89' lang='lat' dir='ltr'><strong>autem</strong></span> <span class='ocrx_word' id='word_1_78' title='bbox 1760 1237 1814 1293; x_wconf 90' lang='lat' dir='ltr'><strong>id</strong></span> 
     </span>
    </p>
   </div>
   <div class='ocr_carea' id='block_1_15' title="bbox 231 1308 1814 1382">
    <p class='ocr_par' dir='ltr' id='par_1_15' title="bbox 231 1308 1814 1382">
     <span class='ocr_line' id='line_1_16' title="bbox 231 1308 1814 1382; baseline -0.003 -15"><span class='ocrx_word' id='word_1_79' title='bbox 231 1329 359 1368; x_wconf 89' lang='lat' dir='ltr'><strong>esse</strong></span> <span class='ocrx_word' id='word_1_80' title='bbox 388 1313 616 1382; x_wconf 75' lang='lat' dir='ltr'><strong>simplex</strong></span> <span class='ocrx_word' id='word_1_81' title='bbox 638 1354 653 1378; x_wconf 95' lang='lat'><strong>,</strong></span> <span class='ocrx_word' id='word_1_82' title='bbox 685 1311 824 1382; x_wconf 91' lang='lat' dir='ltr'><strong>quod</strong></span> <span class='ocrx_word' id='word_1_83' title='bbox 850 1327 1016 1382; x_wconf 86' lang='lat' dir='ltr'><strong>unum</strong></span> <span class='ocrx_word' id='word_1_84' title='bbox 1047 1309 1296 1380; x_wconf 84' lang='lat' dir='ltr'><strong>quiddam</strong></span> <span class='ocrx_word' id='word_1_85' title='bbox 1323 1309 1604 1382; x_wconf 78' lang='lat' dir='ltr'><strong>signiﬁcet.</strong></span> <span class='ocrx_word' id='word_1_86' title='bbox 1635 1308 1814 1382; x_wconf 67' lang='lat' dir='ltr'><strong>itaque</strong></span> 
     </span>
    </p>
   </div>
   <div class='ocr_carea' id='block_1_16' title="bbox 234 1379 1812 1449">
    <p class='ocr_par' dir='ltr' id='par_1_16' title="bbox 234 1379 1812 1449">
     <span class='ocr_line' id='line_1_17' title="bbox 234 1379 1812 1449; baseline -0.004 -12"><span class='ocrx_word' id='word_1_87' title='bbox 234 1383 343 1438; x_wconf 91' lang='lat' dir='ltr'><strong>hoc</strong></span> <span class='ocrx_word' id='word_1_88' title='bbox 367 1379 684 1438; x_wconf 80' lang='lat' dir='ltr'><strong>includimus</strong></span> <span class='ocrx_word' id='word_1_89' title='bbox 702 1379 807 1435; x_wconf 79' lang='lat' dir='ltr'><strong>hac</strong></span> <span class='ocrx_word' id='word_1_90' title='bbox 829 1379 1141 1449; x_wconf 69' lang='lat' dir='ltr'><strong>deﬁnitione</strong></span> <span class='ocrx_word' id='word_1_91' title='bbox 1159 1421 1174 1442; x_wconf 93' lang='lat'><strong>,</strong></span> <span class='ocrx_word' id='word_1_92' title='bbox 1202 1379 1340 1449; x_wconf 90' lang='lat' dir='ltr'><strong>quod</strong></span> <span class='ocrx_word' id='word_1_93' title='bbox 1370 1396 1472 1432; x_wconf 91' lang='lat' dir='ltr'><strong>non</strong></span> <span class='ocrx_word' id='word_1_94' title='bbox 1496 1379 1812 1434; x_wconf 91' lang='lat' dir='ltr'><strong>includimus</strong></span> 
     </span>
    </p>
   </div>
   <div class='ocr_carea' id='block_1_17' title="bbox 234 1439 1814 1531">
    <p class='ocr_par' dir='ltr' id='par_1_17' title="bbox 234 1439 1814 1531">
     <span class='ocr_line' id='line_1_18' title="bbox 234 1439 1814 1531; baseline -0.004 -25"><span class='ocrx_word' id='word_1_95' title='bbox 234 1468 362 1508; x_wconf 86' lang='lat' dir='ltr'><strong>eum</strong></span> <span class='ocrx_word' id='word_1_96' title='bbox 398 1454 659 1531; x_wconf 80' lang='lat' dir='ltr'><strong>dicimus,</strong></span> <span class='ocrx_word' id='word_1_97' title='bbox 705 1453 909 1531; x_wconf 56' lang='lat' dir='ltr'><strong>loquor:</strong></span> <span class='ocrx_word' id='word_1_98' title='bbox 950 1439 1376 1531; x_wconf 30' lang='lat' dir='ltr'><strong>Quamvisjenim</strong></span> <span class='ocrx_word' id='word_1_99' title='bbox 1407 1464 1566 1531; x_wconf 78' lang='lat' dir='ltr'><strong>unum</strong></span> <span class='ocrx_word' id='word_1_100' title='bbox 1595 1449 1814 1531; x_wconf 67' lang='lat' dir='ltr'><strong>verbum</strong></span> 
     </span>
    </p>
   </div>
   <div class='ocr_carea' id='block_1_18' title="bbox 235 1520 1815 1592">
    <p class='ocr_par' dir='ltr' id='par_1_18' title="bbox 235 1520 1815 1592">
     <span class='ocr_line' id='line_1_19' title="bbox 235 1520 1815 1592; baseline -0.004 -16"><span class='ocrx_word' id='word_1_101' title='bbox 235 1525 329 1584; x_wconf 86' lang='lat' dir='ltr'><strong>sit,</strong></span> <span class='ocrx_word' id='word_1_102' title='bbox 364 1537 467 1578; x_wconf 90' lang='lat' dir='ltr'><strong>uon</strong></span> <span class='ocrx_word' id='word_1_103' title='bbox 486 1523 645 1576; x_wconf 87' lang='lat' dir='ltr'><strong>habet</strong></span> <span class='ocrx_word' id='word_1_104' title='bbox 663 1531 835 1576; x_wconf 90' lang='lat' dir='ltr'><strong>tamen</strong></span> <span class='ocrx_word' id='word_1_105' title='bbox 863 1522 1153 1592; x_wconf 83' lang='lat' dir='ltr'><strong>simplicem</strong></span> <span class='ocrx_word' id='word_1_106' title='bbox 1175 1520 1630 1592; x_wconf 78' lang='lat' dir='ltr'><strong>signiﬁcationem,</strong></span> <span class='ocrx_word' id='word_1_107' title='bbox 1654 1520 1815 1592; x_wconf 83' lang='lat' dir='ltr'><strong>siqui-</strong></span> 
     </span>
    </p>
   </div>
   <div class='ocr_carea' id='block_1_19' title="bbox 234 1588 1816 1670">
    <p class='ocr_par' dir='ltr' id='par_1_19' title="bbox 234 1588 1816 1670">
     <span class='ocr_line' id='line_1_20' title="bbox 234 1588 1816 1670; baseline -0.003 -23"><span class='ocrx_word' id='word_1_108' title='bbox 234 1596 364 1670; x_wconf 80' lang='lat' dir='ltr'><strong>dem</strong></span> <span class='ocrx_word' id='word_1_109' title='bbox 405 1593 667 1670; x_wconf 73' lang='lat' dir='ltr'><strong>signiticet</strong></span> <span class='ocrx_word' id='word_1_110' title='bbox 707 1592 867 1646; x_wconf 90' lang='lat' dir='ltr'><strong>etiam</strong></span> <span class='ocrx_word' id='word_1_111' title='bbox 893 1588 1208 1670; x_wconf 68' lang='lat' dir='ltr'><strong>personam</strong></span> <span class='ocrx_word' id='word_1_112' title='bbox 1229 1588 1352 1670; x_wconf 70' lang='lat' dir='ltr'><strong>quae</strong></span> <span class='ocrx_word' id='word_1_113' title='bbox 1399 1590 1646 1670; x_wconf 87' lang='lat' dir='ltr'><strong>loquitur.</strong></span> <span class='ocrx_word' id='word_1_114' title='bbox 1693 1588 1816 1670; x_wconf 80' lang='lat' dir='ltr'><strong>Ideo</strong></span> 
     </span>
    </p>
   </div>
   <div class='ocr_carea' id='block_1_20' title="bbox 230 1661 1815 1731">
    <p class='ocr_par' dir='ltr' id='par_1_20' title="bbox 230 1661 1815 1731">
     <span class='ocr_line' id='line_1_21' title="bbox 230 1661 1815 1731; baseline -0.003 -16"><span class='ocrx_word' id='word_1_115' title='bbox 230 1663 348 1731; x_wconf 83' lang='lat' dir='ltr'><strong>jam</strong></span> <span class='ocrx_word' id='word_1_116' title='bbox 377 1663 663 1716; x_wconf 70' lang='lat' dir='ltr'><strong>obnoxium</strong></span> <span class='ocrx_word' id='word_1_117' title='bbox 693 1671 774 1716; x_wconf 90' lang='lat' dir='ltr'><strong>est</strong></span> <span class='ocrx_word' id='word_1_118' title='bbox 797 1661 1002 1731; x_wconf 84' lang='lat' dir='ltr'><strong>veritati</strong></span> <span class='ocrx_word' id='word_1_119' title='bbox 1028 1671 1117 1715; x_wconf 91' lang='lat' dir='ltr'><strong>aut</strong></span> <span class='ocrx_word' id='word_1_120' title='bbox 1145 1661 1383 1726; x_wconf 87' lang='lat' dir='ltr'><strong>falsitati;</strong></span> <span class='ocrx_word' id='word_1_121' title='bbox 1413 1676 1532 1714; x_wconf 88' lang='lat' dir='ltr'><strong>nam</strong></span> <span class='ocrx_word' id='word_1_122' title='bbox 1563 1669 1616 1714; x_wconf 90' lang='lat' dir='ltr'><strong>ct</strong></span> <span class='ocrx_word' id='word_1_123' title='bbox 1635 1661 1815 1731; x_wconf 76' lang='lat' dir='ltr'><strong>negari</strong></span> 
     </span>
    </p>
   </div>
   <div class='ocr_carea' id='block_1_21' title="bbox 235 1727 1815 1804">
    <p class='ocr_par' dir='ltr' id='par_1_21' title="bbox 235 1727 1815 1804">
     <span class='ocr_line' id='line_1_22' title="bbox 235 1727 1815 1804; baseline -0.003 -17"><span class='ocrx_word' id='word_1_124' title='bbox 235 1727 290 1787; x_wconf 78' lang='lat' dir='ltr'><strong>et</strong></span> <span class='ocrx_word' id='word_1_125' title='bbox 332 1733 816 1804; x_wconf 79' lang='lat' dir='ltr'><strong>afﬁrmaripotest.</strong></span> <span class='ocrx_word' id='word_1_126' title='bbox 857 1730 1040 1804; x_wconf 87' lang='lat' dir='ltr'><strong>Omnis</strong></span> <span class='ocrx_word' id='word_1_127' title='bbox 1079 1732 1257 1804; x_wconf 80' lang='lat' dir='ltr'><strong>itaque</strong></span> <span class='ocrx_word' id='word_1_128' title='bbox 1299 1733 1466 1804; x_wconf 84' lang='lat' dir='ltr'><strong>prima</strong></span> <span class='ocrx_word' id='word_1_129' title='bbox 1495 1739 1548 1784; x_wconf 90' lang='lat' dir='ltr'><strong>et</strong></span> <span class='ocrx_word' id='word_1_130' title='bbox 1585 1727 1815 1784; x_wconf 88' lang='lat' dir='ltr'><strong>secunda</strong></span> 
     </span>
    </p>
   </div>
   <div class='ocr_carea' id='block_1_22' title="bbox 236 1801 1814 1872">
    <p class='ocr_par' dir='ltr' id='par_1_22' title="bbox 236 1801 1814 1872">
     <span class='ocr_line' id='line_1_23' title="bbox 236 1801 1814 1872; baseline -0.004 -15"><span class='ocrx_word' id='word_1_131' title='bbox 236 1817 467 1872; x_wconf 83' lang='lat' dir='ltr'><strong>persona</strong></span> <span class='ocrx_word' id='word_1_132' title='bbox 496 1801 642 1856; x_wconf 78' lang='lat' dir='ltr'><strong>verbi</strong></span> <span class='ocrx_word' id='word_1_133' title='bbox 673 1803 914 1872; x_wconf 83' lang='lat' dir='ltr'><strong>quamvis</strong></span> <span class='ocrx_word' id='word_1_134' title='bbox 950 1802 1258 1870; x_wconf 85' lang='lat' dir='ltr'><strong>singillatim</strong></span> <span class='ocrx_word' id='word_1_135' title='bbox 1288 1801 1609 1863; x_wconf 81' lang='lat' dir='ltr'><strong>enuntietur,</strong></span> <span class='ocrx_word' id='word_1_136' title='bbox 1641 1810 1814 1872; x_wconf 74' lang='lat' dir='ltr'><strong>tamen</strong></span> 
     </span>
    </p>
   </div>
   <div class='ocr_carea' id='block_1_23' title="bbox 237 1869 1814 1942">
    <p class='ocr_par' dir='ltr' id='par_1_23' title="bbox 237 1869 1814 1942">
     <span class='ocr_line' id='line_1_24' title="bbox 237 1869 1814 1942; baseline -0.003 -15"><span class='ocrx_word' id='word_1_137' title='bbox 237 1869 380 1927; x_wconf 80' lang='lat' dir='ltr'><strong>inter</strong></span> <span class='ocrx_word' id='word_1_138' title='bbox 406 1869 703 1942; x_wconf 78' lang='lat' dir='ltr'><strong>conjuncta</strong></span> <span class='ocrx_word' id='word_1_139' title='bbox 732 1871 893 1926; x_wconf 90' lang='lat' dir='ltr'><strong>verba</strong></span> <span class='ocrx_word' id='word_1_140' title='bbox 923 1869 1318 1942; x_wconf 72' lang='lat' dir='ltr'><strong>numerabitur,</strong></span> <span class='ocrx_word' id='word_1_141' title='bbox 1358 1886 1476 1942; x_wconf 83' lang='lat' dir='ltr'><strong>quae</strong></span> <span class='ocrx_word' id='word_1_142' title='bbox 1522 1869 1814 1942; x_wconf 87' lang='lat' dir='ltr'><strong>simplicem</strong></span> 
     </span>
    </p>
   </div>
   <div class='ocr_carea' id='block_1_24' title="bbox 238 1940 1812 2012">
    <p class='ocr_par' dir='ltr' id='par_1_24' title="bbox 238 1940 1812 2012">
     <span class='ocr_line' id='line_1_25' title="bbox 238 1940 1812 2012; baseline -0.001 -16"><span class='ocrx_word' id='word_1_143' title='bbox 238 1958 346 1996; x_wconf 87' lang='lat' dir='ltr'><strong>non</strong></span> <span class='ocrx_word' id='word_1_144' title='bbox 385 1940 586 1996; x_wconf 76' lang='lat' dir='ltr'><strong>habent</strong></span> <span class='ocrx_word' id='word_1_145' title='bbox 611 1943 1073 2012; x_wconf 73' lang='lat' dir='ltr'><strong>signiﬁcationcim</strong></span> <span class='ocrx_word' id='word_1_146' title='bbox 1096 1940 1365 2010; x_wconf 86' lang='lat' dir='ltr'><strong>Siquidem</strong></span> <span class='ocrx_word' id='word_1_147' title='bbox 1393 1941 1629 2010; x_wconf 90' lang='lat' dir='ltr'><strong>quisquis</strong></span> <span class='ocrx_word' id='word_1_148' title='bbox 1650 1941 1812 2012; x_wconf 84' lang='lat' dir='ltr'><strong>dicat,</strong></span> 
     </span>
    </p>
   </div>
   <div class='ocr_carea' id='block_1_25' title="bbox 237 2010 1816 2080">
    <p class='ocr_par' dir='ltr' id='par_1_25' title="bbox 237 2010 1816 2080">
     <span class='ocr_line' id='line_1_26' title="bbox 237 2010 1816 2080; baseline 0 -16"><span class='ocrx_word' id='word_1_149' title='bbox 237 2012 495 2077; x_wconf 84' lang='lat' dir='ltr'><strong>ambulo;</strong></span> <span class='ocrx_word' id='word_1_150' title='bbox 530 2022 584 2066; x_wconf 91' lang='lat' dir='ltr'><strong>ct</strong></span> <span class='ocrx_word' id='word_1_151' title='bbox 617 2010 1026 2067; x_wconf 81' lang='lat' dir='ltr'><strong>ambulationem</strong></span> <span class='ocrx_word' id='word_1_152' title='bbox 1051 2010 1176 2064; x_wconf 82' lang='lat' dir='ltr'><strong>facit</strong></span> <span class='ocrx_word' id='word_1_153' title='bbox 1203 2011 1455 2080; x_wconf 83' lang='lat' dir='ltr'><strong>intelligi,</strong></span> <span class='ocrx_word' id='word_1_154' title='bbox 1497 2020 1550 2064; x_wconf 91' lang='lat' dir='ltr'><strong>ct</strong></span> <span class='ocrx_word' id='word_1_155' title='bbox 1583 2011 1816 2079; x_wconf 87' lang='lat' dir='ltr'><strong>seipsum</strong></span> 
     </span>
    </p>
   </div>
   <div class='ocr_carea' id='block_1_26' title="bbox 238 2080 1820 2151">
    <p class='ocr_par' dir='ltr' id='par_1_26' title="bbox 238 2080 1820 2151">
     <span class='ocr_line' id='line_1_27' title="bbox 238 2080 1820 2151; baseline -0.002 -15"><span class='ocrx_word' id='word_1_156' title='bbox 238 2085 328 2151; x_wconf 89' lang='lat' dir='ltr'><strong>qui</strong></span> <span class='ocrx_word' id='word_1_157' title='bbox 360 2083 617 2136; x_wconf 80' lang='lat' dir='ltr'><strong>ambulat.</strong></span> <span class='ocrx_word' id='word_1_158' title='bbox 662 2083 726 2136; x_wconf 89' lang='lat' dir='ltr'><strong>Et</strong></span> <span class='ocrx_word' id='word_1_159' title='bbox 747 2083 984 2151; x_wconf 90' lang='lat' dir='ltr'><strong>quisquis</strong></span> <span class='ocrx_word' id='word_1_160' title='bbox 1012 2081 1168 2145; x_wconf 91' lang='lat' dir='ltr'><strong>dicit,</strong></span> <span class='ocrx_word' id='word_1_161' title='bbox 1191 2081 1429 2134; x_wconf 87' lang='lat' dir='ltr'><strong>ambulas</strong></span> <span class='ocrx_word' id='word_1_162' title='bbox 1453 2097 1468 2140; x_wconf 87' lang='lat'><strong>;</strong></span> <span class='ocrx_word' id='word_1_163' title='bbox 1501 2080 1742 2134; x_wconf 80' lang='lat' dir='ltr'><strong>similiter</strong></span> <span class='ocrx_word' id='word_1_164' title='bbox 1764 2090 1820 2134; x_wconf 92' lang='lat' dir='ltr'><strong>et</strong></span> 
     </span>
    </p>
   </div>
   <div class='ocr_carea' id='block_1_27' title="bbox 238 2150 1816 2221">
    <p class='ocr_par' dir='ltr' id='par_1_27' title="bbox 238 2150 1816 2221">
     <span class='ocr_line' id='line_1_28' title="bbox 238 2150 1816 2221; baseline -0.001 -15"><span class='ocrx_word' id='word_1_165' title='bbox 238 2150 355 2206; x_wconf 82' lang='lat' dir='ltr'><strong>rem</strong></span> <span class='ocrx_word' id='word_1_166' title='bbox 385 2169 506 2221; x_wconf 78' lang='lat' dir='ltr'><strong>qua:</strong></span> <span class='ocrx_word' id='word_1_167' title='bbox 537 2154 622 2214; x_wconf 79' lang='lat' dir='ltr'><strong>fit,</strong></span> <span class='ocrx_word' id='word_1_168' title='bbox 653 2162 706 2206; x_wconf 92' lang='lat' dir='ltr'><strong>et</strong></span> <span class='ocrx_word' id='word_1_169' title='bbox 729 2150 850 2207; x_wconf 89' lang='lat' dir='ltr'><strong>eum</strong></span> <span class='ocrx_word' id='word_1_170' title='bbox 878 2150 966 2221; x_wconf 79' lang='lat' dir='ltr'><strong>qui</strong></span> <span class='ocrx_word' id='word_1_171' title='bbox 995 2152 1141 2215; x_wconf 82' lang='lat' dir='ltr'><strong>facit,</strong></span> <span class='ocrx_word' id='word_1_172' title='bbox 1172 2151 1452 2218; x_wconf 85' lang='lat' dir='ltr'><strong>signiﬁcat.</strong></span> <span class='ocrx_word' id='word_1_173' title='bbox 1481 2152 1549 2205; x_wconf 86' lang='lat' dir='ltr'><strong>At</strong></span> <span class='ocrx_word' id='word_1_174' title='bbox 1577 2166 1704 2205; x_wconf 88' lang='lat' dir='ltr'><strong>vero</strong></span> <span class='ocrx_word' id='word_1_175' title='bbox 1729 2150 1816 2220; x_wconf 90' lang='lat' dir='ltr'><strong>qui</strong></span> 
     </span>
    </p>
   </div>
   <div class='ocr_carea' id='block_1_28' title="bbox 239 2221 1820 2291">
    <p class='ocr_par' dir='ltr' id='par_1_28' title="bbox 239 2221 1820 2291">
     <span class='ocr_line' id='line_1_29' title="bbox 239 2221 1820 2291; baseline 0 -15"><span class='ocrx_word' id='word_1_176' title='bbox 239 2223 391 2288; x_wconf 80' lang='lat' dir='ltr'><strong>dicit,</strong></span> <span class='ocrx_word' id='word_1_177' title='bbox 424 2223 694 2284; x_wconf 80' lang='lat' dir='ltr'><strong>ambulat;</strong></span> <span class='ocrx_word' id='word_1_178' title='bbox 726 2222 855 2276; x_wconf 85' lang='lat' dir='ltr'><strong>nihil</strong></span> <span class='ocrx_word' id='word_1_179' title='bbox 881 2222 1021 2275; x_wconf 87' lang='lat' dir='ltr'><strong>aliud</strong></span> <span class='ocrx_word' id='word_1_180' title='bbox 1047 2238 1203 2290; x_wconf 89' lang='lat' dir='ltr'><strong>quam</strong></span> <span class='ocrx_word' id='word_1_181' title='bbox 1230 2224 1395 2291; x_wconf 88' lang='lat' dir='ltr'><strong>ipsam</strong></span> <span class='ocrx_word' id='word_1_182' title='bbox 1421 2221 1680 2291; x_wconf 74' lang='lat' dir='ltr'><strong>signiﬁcat</strong></span> <span class='ocrx_word' id='word_1_183' title='bbox 1706 2236 1820 2276; x_wconf 85' lang='lat' dir='ltr'><strong>am-</strong></span> 
     </span>
    </p>
   </div>
   <div class='ocr_carea' id='block_1_29' title="bbox 242 2292 1818 2362">
    <p class='ocr_par' dir='ltr' id='par_1_29' title="bbox 242 2292 1818 2362">
     <span class='ocr_line' id='line_1_30' title="bbox 242 2292 1818 2362; baseline 0.001 -17"><span class='ocrx_word' id='word_1_184' title='bbox 242 2292 590 2348; x_wconf 88' lang='lat' dir='ltr'><strong>bulationem.</strong></span> <span class='ocrx_word' id='word_1_185' title='bbox 621 2292 973 2358; x_wconf 90' lang='lat' dir='ltr'><strong>Quamobrem</strong></span> <span class='ocrx_word' id='word_1_186' title='bbox 1003 2293 1156 2344; x_wconf 84' lang='lat' dir='ltr'><strong>tertia</strong></span> <span class='ocrx_word' id='word_1_187' title='bbox 1187 2306 1408 2362; x_wconf 85' lang='lat' dir='ltr'><strong>persona</strong></span> <span class='ocrx_word' id='word_1_188' title='bbox 1435 2292 1581 2346; x_wconf 88' lang='lat' dir='ltr'><strong>verbi</strong></span> <span class='ocrx_word' id='word_1_189' title='bbox 1609 2306 1818 2362; x_wconf 87' lang='lat' dir='ltr'><strong>semper</strong></span> 
     </span>
    </p>
   </div>
   <div class='ocr_carea' id='block_1_30' title="bbox 242 2361 1818 2430">
    <p class='ocr_par' dir='ltr' id='par_1_30' title="bbox 242 2361 1818 2430">
     <span class='ocr_line' id='line_1_31' title="bbox 242 2361 1818 2430; baseline 0.001 -15"><span class='ocrx_word' id='word_1_190' title='bbox 242 2364 385 2416; x_wconf 86' lang='lat' dir='ltr'><strong>inter</strong></span> <span class='ocrx_word' id='word_1_191' title='bbox 410 2362 670 2430; x_wconf 81' lang='lat' dir='ltr'><strong>simplicia</strong></span> <span class='ocrx_word' id='word_1_192' title='bbox 695 2362 1059 2416; x_wconf 85' lang='lat' dir='ltr'><strong>numerabitur</strong></span> <span class='ocrx_word' id='word_1_193' title='bbox 1082 2378 1096 2425; x_wconf 90' lang='lat'><strong>;</strong></span> <span class='ocrx_word' id='word_1_194' title='bbox 1128 2371 1181 2415; x_wconf 90' lang='lat' dir='ltr'><strong>et</strong></span> <span class='ocrx_word' id='word_1_195' title='bbox 1209 2361 1440 2416; x_wconf 90' lang='lat' dir='ltr'><strong>nondum</strong></span> <span class='ocrx_word' id='word_1_196' title='bbox 1462 2372 1554 2415; x_wconf 91' lang='lat' dir='ltr'><strong>aut</strong></span> <span class='ocrx_word' id='word_1_197' title='bbox 1568 2361 1818 2417; x_wconf 86' lang='lat' dir='ltr'><strong>afﬁrmari</strong></span> 
     </span>
    </p>
   </div>
   <div class='ocr_carea' id='block_1_31' title="bbox 241 2432 1819 2502">
    <p class='ocr_par' dir='ltr' id='par_1_31' title="bbox 241 2432 1819 2502">
     <span class='ocr_line' id='line_1_32' title="bbox 241 2432 1819 2502; baseline 0.003 -18"><span class='ocrx_word' id='word_1_198' title='bbox 241 2443 332 2485; x_wconf 88' lang='lat' dir='ltr'><strong>aut</strong></span> <span class='ocrx_word' id='word_1_199' title='bbox 360 2434 542 2502; x_wconf 79' lang='lat' dir='ltr'><strong>negari</strong></span> <span class='ocrx_word' id='word_1_200' title='bbox 573 2441 766 2500; x_wconf 87' lang='lat' dir='ltr'><strong>potest,</strong></span> <span class='ocrx_word' id='word_1_201' title='bbox 793 2433 890 2486; x_wconf 90' lang='lat' dir='ltr'><strong>nisi</strong></span> <span class='ocrx_word' id='word_1_202' title='bbox 921 2434 1040 2486; x_wconf 84' lang='lat' dir='ltr'><strong>talia</strong></span> <span class='ocrx_word' id='word_1_203' title='bbox 1066 2432 1228 2485; x_wconf 89' lang='lat' dir='ltr'><strong>verba</strong></span> <span class='ocrx_word' id='word_1_204' title='bbox 1249 2434 1376 2497; x_wconf 89' lang='lat' dir='ltr'><strong>sint,</strong></span> <span class='ocrx_word' id='word_1_205' title='bbox 1408 2433 1599 2501; x_wconf 89' lang='lat' dir='ltr'><strong>quibus</strong></span> <span class='ocrx_word' id='word_1_206' title='bbox 1628 2449 1819 2488; x_wconf 86' lang='lat' dir='ltr'><strong>neces-</strong></span> 
     </span>
    </p>
   </div>
   <div class='ocr_carea' id='block_1_32' title="bbox 241 2502 1820 2572">
    <p class='ocr_par' dir='ltr' id='par_1_32' title="bbox 241 2502 1820 2572">
     <span class='ocr_line' id='line_1_33' title="bbox 241 2502 1820 2572; baseline 0.002 -17"><span class='ocrx_word' id='word_1_207' title='bbox 241 2504 389 2556; x_wconf 83' lang='lat' dir='ltr'><strong>sario</strong></span> <span class='ocrx_word' id='word_1_208' title='bbox 429 2502 664 2558; x_wconf 68' lang='lat' dir='ltr'><strong>colla-ret</strong></span> <span class='ocrx_word' id='word_1_209' title='bbox 703 2518 940 2572; x_wconf 82' lang='lat' dir='ltr'><strong>persona:</strong></span> <span class='ocrx_word' id='word_1_210' title='bbox 980 2502 1294 2571; x_wconf 82' lang='lat' dir='ltr'><strong>signiﬁcatio</strong></span> <span class='ocrx_word' id='word_1_211' title='bbox 1335 2503 1717 2558; x_wconf 87' lang='lat' dir='ltr'><strong>consuetudine</strong></span> <span class='ocrx_word' id='word_1_212' title='bbox 1743 2503 1820 2558; x_wconf 84' lang='lat' dir='ltr'><strong>lo-</strong></span> 
     </span>
    </p>
   </div>
   <div class='ocr_carea' id='block_1_33' title="bbox 242 2572 1820 2642">
    <p class='ocr_par' dir='ltr' id='par_1_33' title="bbox 242 2572 1820 2642">
     <span class='ocr_line' id='line_1_34' title="bbox 242 2572 1820 2642; baseline 0.002 -18"><span class='ocrx_word' id='word_1_213' title='bbox 242 2572 468 2641; x_wconf 91' lang='lat' dir='ltr'><strong>quendi,</strong></span> <span class='ocrx_word' id='word_1_214' title='bbox 495 2583 549 2626; x_wconf 92' lang='lat' dir='ltr'><strong>ut</strong></span> <span class='ocrx_word' id='word_1_215' title='bbox 575 2588 692 2627; x_wconf 91' lang='lat' dir='ltr'><strong>cum</strong></span> <span class='ocrx_word' id='word_1_216' title='bbox 713 2572 957 2636; x_wconf 91' lang='lat' dir='ltr'><strong>dicimus,</strong></span> <span class='ocrx_word' id='word_1_217' title='bbox 990 2573 1121 2641; x_wconf 89' lang='lat' dir='ltr'><strong>pluit</strong></span> <span class='ocrx_word' id='word_1_218' title='bbox 1148 2583 1237 2626; x_wconf 89' lang='lat' dir='ltr'><strong>aut</strong></span> <span class='ocrx_word' id='word_1_219' title='bbox 1257 2573 1449 2642; x_wconf 81' lang='lat' dir='ltr'><strong>ningit,</strong></span> <span class='ocrx_word' id='word_1_220' title='bbox 1481 2574 1688 2628; x_wconf 90' lang='lat' dir='ltr'><strong>etiamsi</strong></span> <span class='ocrx_word' id='word_1_221' title='bbox 1715 2590 1820 2628; x_wconf 91' lang='lat' dir='ltr'><strong>non</strong></span> 
     </span>
    </p>
   </div>
   <div class='ocr_carea' id='block_1_34' title="bbox 247 2642 1818 2716">
    <p class='ocr_par' dir='ltr' id='par_1_34' title="bbox 247 2642 1818 2716">
     <span class='ocr_line' id='line_1_35' title="bbox 247 2642 1818 2716; baseline 0.003 -22"><span class='ocrx_word' id='word_1_222' title='bbox 247 2642 478 2696; x_wconf 86' lang='lat' dir='ltr'><strong>addatur</strong></span> <span class='ocrx_word' id='word_1_223' title='bbox 502 2643 620 2716; x_wconf 90' lang='lat' dir='ltr'><strong>quis</strong></span> <span class='ocrx_word' id='word_1_224' title='bbox 637 2643 1121 2716; x_wconf 71' lang='lat' dir='ltr'><strong>pluatautningat,</strong></span> <span class='ocrx_word' id='word_1_225' title='bbox 1153 2651 1325 2716; x_wconf 88' lang='lat' dir='ltr'><strong>tamen</strong></span> <span class='ocrx_word' id='word_1_226' title='bbox 1347 2644 1469 2712; x_wconf 87' lang='lat' dir='ltr'><strong>quia</strong></span> <span class='ocrx_word' id='word_1_227' title='bbox 1497 2645 1818 2716; x_wconf 75' lang='lat' dir='ltr'><strong>intelligitur,</strong></span> 
     </span>
    </p>
   </div>
   <div class='ocr_carea' id='block_1_35' title="bbox 249 2713 1330 2782">
    <p class='ocr_par' dir='ltr' id='par_1_35' title="bbox 249 2713 1330 2782">
     <span class='ocr_line' id='line_1_36' title="bbox 249 2713 1330 2782; baseline 0 -17"><span class='ocrx_word' id='word_1_228' title='bbox 249 2727 354 2766; x_wconf 85' lang='lat' dir='ltr'><strong>non</strong></span> <span class='ocrx_word' id='word_1_229' title='bbox 388 2723 567 2782; x_wconf 78' lang='lat' dir='ltr'><strong>poteSt</strong></span> <span class='ocrx_word' id='word_1_230' title='bbox 597 2715 735 2767; x_wconf 88' lang='lat' dir='ltr'><strong>inter</strong></span> <span class='ocrx_word' id='word_1_231' title='bbox 763 2713 1018 2781; x_wconf 81' lang='lat' dir='ltr'><strong>simplicia</strong></span> <span class='ocrx_word' id='word_1_232' title='bbox 1047 2715 1330 2767; x_wconf 86' lang='lat' dir='ltr'><strong>numerari.</strong></span> 
     </span>
    </p>
   </div>
   <div class='ocr_carea' id='block_1_36' title="bbox 584 2782 1497 2856">
    <p class='ocr_par' dir='ltr' id='par_1_36' title="bbox 584 2782 1497 2856">
     <span class='ocr_line' id='line_1_37' title="bbox 584 2782 1497 2856; baseline 0.001 -18"><span class='ocrx_word' id='word_1_233' title='bbox 584 2782 805 2856; x_wconf 72' lang='lat' dir='ltr'><strong>CAPUT</strong></span> <span class='ocrx_word' id='word_1_234' title='bbox 833 2782 988 2837; x_wconf 91' lang='grc'><strong>11.-</strong></span> <span class='ocrx_word' id='word_1_235' title='bbox 1026 2783 1497 2856; x_wconf 63' lang='lat' dir='ltr'><strong>Verberonjuncta.</strong></span> 
     </span>
    </p>
   </div>
   <div class='ocr_carea' id='block_1_37' title="bbox 315 2851 1824 2926">
    <p class='ocr_par' dir='ltr' id='par_1_37' title="bbox 315 2851 1824 2926">
     <span class='ocr_line' id='line_1_38' title="bbox 315 2851 1824 2926; baseline 0.005 -23"><span class='ocrx_word' id='word_1_236' title='bbox 315 2851 612 2926; x_wconf 72' lang='lat' dir='ltr'><strong>conjuncta</strong></span> <span class='ocrx_word' id='word_1_237' title='bbox 641 2852 799 2908; x_wconf 84' lang='lat' dir='ltr'><strong>verba</strong></span> <span class='ocrx_word' id='word_1_238' title='bbox 823 2861 974 2926; x_wconf 82' lang='lat' dir='ltr'><strong>sunt,</strong></span> <span class='ocrx_word' id='word_1_239' title='bbox 1001 2869 1118 2926; x_wconf 71' lang='lat' dir='ltr'><strong>qua:</strong></span> <span class='ocrx_word' id='word_1_240' title='bbox 1144 2853 1242 2908; x_wconf 87' lang='lat' dir='ltr'><strong>sibi</strong></span> <span class='ocrx_word' id='word_1_241' title='bbox 1265 2851 1503 2926; x_wconf 75' lang='lat' dir='ltr'><strong>connexa</strong></span> <span class='ocrx_word' id='word_1_242' title='bbox 1534 2871 1618 2911; x_wconf 88' lang='lat' dir='ltr'><strong>res</strong></span> <span class='ocrx_word' id='word_1_243' title='bbox 1645 2856 1824 2926; x_wconf 89' lang='lat' dir='ltr'><strong>plures</strong></span> 
     </span>
    </p>
   </div>
   <div class='ocr_carea' id='block_1_38' title="bbox 248 2923 1826 2992">
    <p class='ocr_par' dir='ltr' id='par_1_38' title="bbox 248 2923 1826 2992">
     <span class='ocr_line' id='line_1_39' title="bbox 248 2923 1826 2992; baseline 0.003 -17"><span class='ocrx_word' id='word_1_244' title='bbox 248 2923 571 2992; x_wconf 77' lang='lat' dir='ltr'><strong>signiﬁcant,</strong></span> <span class='ocrx_word' id='word_1_245' title='bbox 603 2931 660 2978; x_wconf 90' lang='lat' dir='ltr'><strong>ut</strong></span> <span class='ocrx_word' id='word_1_246' title='bbox 685 2938 802 2977; x_wconf 89' lang='lat' dir='ltr'><strong>cum</strong></span> <span class='ocrx_word' id='word_1_247' title='bbox 823 2924 1066 2988; x_wconf 88' lang='lat' dir='ltr'><strong>dicimus,</strong></span> <span class='ocrx_word' id='word_1_248' title='bbox 1093 2924 1250 2978; x_wconf 89' lang='lat' dir='ltr'><strong>homo</strong></span> <span class='ocrx_word' id='word_1_249' title='bbox 1272 2925 1522 2986; x_wconf 88' lang='lat' dir='ltr'><strong>ambulat,</strong></span> <span class='ocrx_word' id='word_1_250' title='bbox 1551 2923 1826 2980; x_wconf 56' lang='lat' dir='ltr'><strong>aut&#39;liomo</strong></span> 
     </span>
    </p>
   </div>
   <div class='ocr_carea' id='block_1_39' title="bbox 248 2994 1824 3064">
    <p class='ocr_par' dir='ltr' id='par_1_39' title="bbox 248 2994 1824 3064">
     <span class='ocr_line' id='line_1_40' title="bbox 248 2994 1824 3064; baseline 0.002 -18"><span class='ocrx_word' id='word_1_251' title='bbox 248 2995 508 3047; x_wconf 76' lang='lat' dir='ltr'><strong>festinans</strong></span> <span class='ocrx_word' id='word_1_252' title='bbox 551 2994 604 3048; x_wconf 88' lang='lat' dir='ltr'><strong>in</strong></span> <span class='ocrx_word' id='word_1_253' title='bbox 649 3004 880 3048; x_wconf 81' lang='lat' dir='ltr'><strong>montem</strong></span> <span class='ocrx_word' id='word_1_254' title='bbox 928 2995 1196 3058; x_wconf 88' lang='lat' dir='ltr'><strong>ambulat,</strong></span> <span class='ocrx_word' id='word_1_255' title='bbox 1227 3005 1281 3049; x_wconf 90' lang='lat' dir='ltr'><strong>et</strong></span> <span class='ocrx_word' id='word_1_256' title='bbox 1321 2996 1365 3048; x_wconf 88' lang='lat' dir='ltr'><strong>si</strong></span> <span class='ocrx_word' id='word_1_257' title='bbox 1400 2997 1524 3064; x_wconf 91' lang='lat' dir='ltr'><strong>quid</strong></span> <span class='ocrx_word' id='word_1_258' title='bbox 1566 2999 1689 3052; x_wconf 89' lang='lat' dir='ltr'><strong>tale.</strong></span> <span class='ocrx_word' id='word_1_259' title='bbox 1717 2995 1824 3052; x_wconf 85' lang='lat' dir='ltr'><strong>Sed</strong></span> 
     </span>
    </p>
   </div>
   <div class='ocr_carea' id='block_1_40' title="bbox 245 3064 1826 3134">
    <p class='ocr_par' dir='ltr' id='par_1_40' title="bbox 245 3064 1826 3134">
     <span class='ocr_line' id='line_1_41' title="bbox 245 3064 1826 3134; baseline 0.003 -18"><span class='ocrx_word' id='word_1_260' title='bbox 245 3064 651 3134; x_wconf 55' lang='lat' dir='ltr'><strong>conjunctorut‘n</strong></span> <span class='ocrx_word' id='word_1_261' title='bbox 695 3067 972 3118; x_wconf 86' lang='lat' dir='ltr'><strong>verborum</strong></span> <span class='ocrx_word' id='word_1_262' title='bbox 1009 3066 1110 3118; x_wconf 89' lang='lat' dir='ltr'><strong>alia</strong></span> <span class='ocrx_word' id='word_1_263' title='bbox 1155 3075 1313 3131; x_wconf 84' lang='lat' dir='ltr'><strong>sunt,</strong></span> <span class='ocrx_word' id='word_1_264' title='bbox 1355 3083 1472 3134; x_wconf 74' lang='lat' dir='ltr'><strong>qua:</strong></span> <span class='ocrx_word' id='word_1_265' title='bbox 1512 3069 1826 3122; x_wconf 89' lang='lat' dir='ltr'><strong>sententiam</strong></span> 
     </span>
    </p>
   </div>
   <div class='ocr_carea' id='block_1_41' title="bbox 246 3133 1825 3207">
    <p class='ocr_par' dir='ltr' id='par_1_41' title="bbox 246 3133 1825 3207">
     <span class='ocr_line' id='line_1_42' title="bbox 246 3133 1825 3207; baseline 0.002 -20"><span class='ocrx_word' id='word_1_266' title='bbox 246 3133 741 3207; x_wconf 77' lang='lat' dir='ltr'><strong>comprehendunt,</strong></span> <span class='ocrx_word' id='word_1_267' title='bbox 776 3143 838 3207; x_wconf 91' lang='lat' dir='ltr'><strong>ut_</strong></span> <span class='ocrx_word' id='word_1_268' title='bbox 869 3150 928 3189; x_wconf 88' lang='lat' dir='ltr'><strong>ea</strong></span> <span class='ocrx_word' id='word_1_269' title='bbox 963 3151 1080 3204; x_wconf 70' lang='lat' dir='ltr'><strong>qua:</strong></span> <span class='ocrx_word' id='word_1_270' title='bbox 1109 3134 1246 3190; x_wconf 91' lang='lat' dir='ltr'><strong>dicta</strong></span> <span class='ocrx_word' id='word_1_271' title='bbox 1275 3133 1427 3201; x_wconf 77' lang='lat' dir='ltr'><strong>situt;</strong></span> <span class='ocrx_word' id='word_1_272' title='bbox 1453 3137 1551 3190; x_wconf 89' lang='lat' dir='ltr'><strong>alia</strong></span> <span class='ocrx_word' id='word_1_273' title='bbox 1579 3154 1696 3207; x_wconf 65' lang='lat' dir='ltr'><strong>qum</strong></span> <span class='ocrx_word' id='word_1_274' title='bbox 1721 3153 1825 3191; x_wconf 90' lang='lat' dir='ltr'><strong>non</strong></span> 
     </span>
    </p>
   </div>
   <div class='ocr_carea' id='block_1_42' title="bbox 247 3203 1825 3278">
    <p class='ocr_par' dir='ltr' id='par_1_42' title="bbox 247 3203 1825 3278">
     <span class='ocr_line' id='line_1_43' title="bbox 247 3203 1825 3278; baseline 0.001 -22"><span class='ocrx_word' id='word_1_275' title='bbox 247 3203 726 3278; x_wconf 71' lang='lat' dir='ltr'><strong>comprehendunt,</strong></span> <span class='ocrx_word' id='word_1_276' title='bbox 749 3205 840 3278; x_wconf 86' lang='lat' dir='ltr'><strong>sed</strong></span> <span class='ocrx_word' id='word_1_277' title='bbox 858 3203 1162 3278; x_wconf 79' lang='lat' dir='ltr'><strong>exspectant</strong></span> <span class='ocrx_word' id='word_1_278' title='bbox 1178 3207 1370 3276; x_wconf 88' lang='lat' dir='ltr'><strong>aliquid</strong></span> <span class='ocrx_word' id='word_1_279' title='bbox 1393 3223 1407 3271; x_wconf 91' lang='lat'><strong>;</strong></span> <span class='ocrx_word' id='word_1_280' title='bbox 1428 3216 1488 3278; x_wconf 89' lang='lat' dir='ltr'><strong>ut</strong></span> <span class='ocrx_word' id='word_1_281' title='bbox 1511 3203 1693 3261; x_wconf 83' lang='lat' dir='ltr'><strong>eadem</strong></span> <span class='ocrx_word' id='word_1_282' title='bbox 1717 3208 1825 3278; x_wconf 87' lang='lat' dir='ltr'><strong>ipsa</strong></span> 
     </span>
    </p>
   </div>
   <div class='ocr_carea' id='block_1_43' title="bbox 248 3274 1824 3346">
    <p class='ocr_par' dir='ltr' id='par_1_43' title="bbox 248 3274 1824 3346">
     <span class='ocr_line' id='line_1_44' title="bbox 248 3274 1824 3346; baseline 0.004 -20"><span class='ocrx_word' id='word_1_283' title='bbox 248 3289 370 3346; x_wconf 73' lang='lat' dir='ltr'><strong>qua:</strong></span> <span class='ocrx_word' id='word_1_284' title='bbox 397 3274 647 3346; x_wconf 77' lang='lat' dir='ltr'><strong>diximus,</strong></span> <span class='ocrx_word' id='word_1_285' title='bbox 673 3275 716 3328; x_wconf 91' lang='lat' dir='ltr'><strong>si</strong></span> <span class='ocrx_word' id='word_1_286' title='bbox 744 3275 1021 3346; x_wconf 81' lang='lat' dir='ltr'><strong>subtrahas</strong></span> <span class='ocrx_word' id='word_1_287' title='bbox 1051 3274 1283 3330; x_wconf 76' lang='lat' dir='ltr'><strong>verbum</strong></span> <span class='ocrx_word' id='word_1_288' title='bbox 1300 3277 1440 3346; x_wconf 87' lang='lat' dir='ltr'><strong>quud</strong></span> <span class='ocrx_word' id='word_1_289' title='bbox 1471 3279 1697 3346; x_wconf 87' lang='lat' dir='ltr'><strong>positum</strong></span> <span class='ocrx_word' id='word_1_290' title='bbox 1723 3274 1824 3341; x_wconf 76' lang='lat' dir='ltr'><strong>est,</strong></span> 
     </span>
    </p>
   </div>
   <div class='ocr_carea' id='block_1_44' title="bbox 247 3345 1826 3416">
    <p class='ocr_par' dir='ltr' id='par_1_44' title="bbox 247 3345 1826 3416">
     <span class='ocr_line' id='line_1_45' title="bbox 247 3345 1826 3416; baseline 0.002 -19"><span class='ocrx_word' id='word_1_291' title='bbox 247 3345 489 3416; x_wconf 79' lang='lat' dir='ltr'><strong>ambulat</strong></span> <span class='ocrx_word' id='word_1_292' title='bbox 518 3372 532 3397; x_wconf 92' lang='lat'><strong>.-</strong></span> <span class='ocrx_word' id='word_1_293' title='bbox 561 3345 799 3414; x_wconf 81' lang='lat' dir='ltr'><strong>quamvis</strong></span> <span class='ocrx_word' id='word_1_294' title='bbox 827 3347 967 3400; x_wconf 90' lang='lat' dir='ltr'><strong>enim</strong></span> <span class='ocrx_word' id='word_1_295' title='bbox 999 3347 1158 3401; x_wconf 83' lang='lat' dir='ltr'><strong>verba</strong></span> <span class='ocrx_word' id='word_1_296' title='bbox 1187 3345 1601 3416; x_wconf 23' lang='lat' dir='ltr'><strong>conjuncta’sint</strong></span> <span class='ocrx_word' id='word_1_297' title='bbox 1619 3389 1634 3414; x_wconf 94' lang='lat'><strong>,</strong></span> <span class='ocrx_word' id='word_1_298' title='bbox 1666 3349 1826 3402; x_wconf 88' lang='lat' dir='ltr'><strong>homo</strong></span> 
     </span>
    </p>
   </div>
   <div class='ocr_carea' id='block_1_45' title="bbox 247 3413 1830 3486">
    <p class='ocr_par' dir='ltr' id='par_1_45' title="bbox 247 3413 1830 3486">
     <span class='ocr_line' id='line_1_46' title="bbox 247 3413 1830 3486; baseline 0.004 -20"><span class='ocrx_word' id='word_1_299' title='bbox 247 3413 510 3486; x_wconf 78' lang='lat' dir='ltr'><strong>festinans</strong></span> <span class='ocrx_word' id='word_1_300' title='bbox 539 3415 592 3468; x_wconf 88' lang='lat' dir='ltr'><strong>in</strong></span> <span class='ocrx_word' id='word_1_301' title='bbox 616 3424 883 3486; x_wconf 88' lang='lat' dir='ltr'><strong>montem;</strong></span> <span class='ocrx_word' id='word_1_302' title='bbox 913 3425 1086 3470; x_wconf 92' lang='lat' dir='ltr'><strong>tamen</strong></span> <span class='ocrx_word' id='word_1_303' title='bbox 1112 3413 1499 3486; x_wconf 56' lang='lat' dir='ltr'><strong>adhuc&#39;pendet</strong></span> <span class='ocrx_word' id='word_1_304' title='bbox 1521 3413 1709 3472; x_wconf 85' lang='lat' dir='ltr'><strong>oratio.</strong></span> <span class='ocrx_word' id='word_1_305' title='bbox 1735 3418 1830 3472; x_wconf 87' lang='lat' dir='ltr'><strong>Se-</strong></span> 
     </span>
    </p>
   </div>
   <div class='ocr_carea' id='block_1_46' title="bbox 248 3485 1825 3556">
    <p class='ocr_par' dir='ltr' id='par_1_46' title="bbox 248 3485 1825 3556">
     <span class='ocr_line' id='line_1_47' title="bbox 248 3485 1825 3556; baseline 0.004 -21"><span class='ocrx_word' id='word_1_306' title='bbox 248 3486 450 3552; x_wconf 89' lang='lat' dir='ltr'><strong>paratis</strong></span> <span class='ocrx_word' id='word_1_307' title='bbox 479 3485 637 3555; x_wconf 83' lang='lat' dir='ltr'><strong>igitur</strong></span> <span class='ocrx_word' id='word_1_308' title='bbox 661 3485 742 3540; x_wconf 89' lang='lat' dir='ltr'><strong>his</strong></span> <span class='ocrx_word' id='word_1_309' title='bbox 773 3486 946 3540; x_wconf 87' lang='lat' dir='ltr'><strong>verbis</strong></span> <span class='ocrx_word' id='word_1_310' title='bbox 966 3502 1083 3553; x_wconf 66' lang='lat' dir='ltr'><strong>qua:</strong></span> <span class='ocrx_word' id='word_1_311' title='bbox 1109 3502 1212 3540; x_wconf 91' lang='lat' dir='ltr'><strong>non</strong></span> <span class='ocrx_word' id='word_1_312' title='bbox 1244 3485 1462 3556; x_wconf 74' lang='lat' dir='ltr'><strong>implent</strong></span> <span class='ocrx_word' id='word_1_313' title='bbox 1490 3490 1825 3554; x_wconf 85' lang='lat' dir='ltr'><strong>sententiam,</strong></span> 
     </span>
    </p>
   </div>
   <div class='ocr_carea' id='block_1_47' title="bbox 247 3556 1828 3629">
    <p class='ocr_par' dir='ltr' id='par_1_47' title="bbox 247 3556 1828 3629">
     <span class='ocr_line' id='line_1_48' title="bbox 247 3556 1828 3629; baseline 0.003 -21"><span class='ocrx_word' id='word_1_314' title='bbox 247 3563 457 3629; x_wconf 76' lang='lat' dir='ltr'><strong>restant</strong></span> <span class='ocrx_word' id='word_1_315' title='bbox 496 3571 568 3629; x_wconf 79' lang='lat' dir='ltr'><strong>ea</strong></span> <span class='ocrx_word' id='word_1_316' title='bbox 586 3556 742 3610; x_wconf 87' lang='lat' dir='ltr'><strong>verba</strong></span> <span class='ocrx_word' id='word_1_317' title='bbox 771 3556 1046 3629; x_wconf 81' lang='lat' dir='ltr'><strong>conjuncta</strong></span> <span class='ocrx_word' id='word_1_318' title='bbox 1077 3571 1198 3629; x_wconf 67' lang='lat' dir='ltr'><strong>qua:</strong></span> <span class='ocrx_word' id='word_1_319' title='bbox 1236 3559 1554 3613; x_wconf 88' lang='lat' dir='ltr'><strong>sententiam</strong></span> <span class='ocrx_word' id='word_1_320' title='bbox 1583 3574 1828 3629; x_wconf 88' lang='lat' dir='ltr'><strong>compre-</strong></span> 
     </span>
    </p>
   </div>
   <div class='ocr_carea' id='block_1_48' title="bbox 249 3625 1831 3696">
    <p class='ocr_par' dir='ltr' id='par_1_48' title="bbox 249 3625 1831 3696">
     <span class='ocr_line' id='line_1_49' title="bbox 249 3625 1831 3696; baseline 0.005 -20"><span class='ocrx_word' id='word_1_321' title='bbox 249 3625 495 3679; x_wconf 86' lang='lat' dir='ltr'><strong>hendunt</strong></span> <span class='ocrx_word' id='word_1_322' title='bbox 518 3643 530 3679; x_wconf 89' lang='lat'><strong>:</strong></span> <span class='ocrx_word' id='word_1_323' title='bbox 557 3626 746 3680; x_wconf 85' lang='lat' dir='ltr'><strong>horum</strong></span> <span class='ocrx_word' id='word_1_324' title='bbox 773 3627 899 3680; x_wconf 90' lang='lat' dir='ltr'><strong>item</strong></span> <span class='ocrx_word' id='word_1_325' title='bbox 921 3626 1038 3681; x_wconf 69' lang='lat' dir='ltr'><strong>dum</strong></span> <span class='ocrx_word' id='word_1_326' title='bbox 1061 3625 1266 3696; x_wconf 89' lang='lat' dir='ltr'><strong>species</strong></span> <span class='ocrx_word' id='word_1_327' title='bbox 1293 3636 1432 3681; x_wconf 91' lang='lat' dir='ltr'><strong>sunt.</strong></span> <span class='ocrx_word' id='word_1_328' title='bbox 1462 3631 1562 3682; x_wconf 77' lang='lat' dir='ltr'><strong>Aut</strong></span> <span class='ocrx_word' id='word_1_329' title='bbox 1590 3625 1729 3683; x_wconf 84' lang='lat' dir='ltr'><strong>enim</strong></span> <span class='ocrx_word' id='word_1_330' title='bbox 1753 3631 1831 3684; x_wconf 91' lang='lat' dir='ltr'><strong>sic</strong></span> 
     </span>
    </p>
   </div>
   <div class='ocr_carea' id='block_1_49' title="bbox 247 3697 1830 3766">
    <p class='ocr_par' dir='ltr' id='par_1_49' title="bbox 247 3697 1830 3766">
     <span class='ocr_line' id='line_1_50' title="bbox 247 3697 1830 3766; baseline 0.003 -18"><span class='ocrx_word' id='word_1_331' title='bbox 247 3698 514 3766; x_wconf 71' lang='lat' dir='ltr'><strong>sententia</strong></span> <span class='ocrx_word' id='word_1_332' title='bbox 543 3697 1029 3766; x_wconf 86' lang='lat' dir='ltr'><strong>comprehenditur,</strong></span> <span class='ocrx_word' id='word_1_333' title='bbox 1061 3706 1119 3751; x_wconf 92' lang='lat' dir='ltr'><strong>ut</strong></span> <span class='ocrx_word' id='word_1_334' title='bbox 1145 3713 1272 3753; x_wconf 87' lang='lat' dir='ltr'><strong>vero</strong></span> <span class='ocrx_word' id='word_1_335' title='bbox 1299 3709 1388 3752; x_wconf 91' lang='lat' dir='ltr'><strong>aut</strong></span> <span class='ocrx_word' id='word_1_336' title='bbox 1427 3698 1557 3753; x_wconf 89' lang='lat' dir='ltr'><strong>falso</strong></span> <span class='ocrx_word' id='word_1_337' title='bbox 1588 3708 1830 3753; x_wconf 64' lang='lat' dir='ltr'><strong>teneatur</strong></span> 
     </span>
    </p>
   </div>
   <div class='ocr_carea' id='block_1_50' title="bbox 249 3765 1830 3834">
    <p class='ocr_par' dir='ltr' id='par_1_50' title="bbox 249 3765 1830 3834">
     <span class='ocr_line' id='line_1_51' title="bbox 249 3765 1830 3834; baseline 0.003 -16"><span class='ocrx_word' id='word_1_338' title='bbox 249 3765 502 3830; x_wconf 79' lang='lat' dir='ltr'><strong>obnoxia,</strong></span> <span class='ocrx_word' id='word_1_339' title='bbox 551 3776 607 3820; x_wconf 91' lang='lat' dir='ltr'><strong>ut</strong></span> <span class='ocrx_word' id='word_1_340' title='bbox 654 3765 757 3831; x_wconf 87' lang='lat' dir='ltr'><strong>est,</strong></span> <span class='ocrx_word' id='word_1_341' title='bbox 801 3768 972 3821; x_wconf 91' lang='lat' dir='ltr'><strong>omnis</strong></span> <span class='ocrx_word' id='word_1_342' title='bbox 1020 3767 1180 3822; x_wconf 90' lang='lat' dir='ltr'><strong>homo</strong></span> <span class='ocrx_word' id='word_1_343' title='bbox 1223 3769 1484 3833; x_wconf 86' lang='lat' dir='ltr'><strong>ambulat;</strong></span> <span class='ocrx_word' id='word_1_344' title='bbox 1517 3779 1626 3834; x_wconf 87' lang='lat' dir='ltr'><strong>aut,</strong></span> <span class='ocrx_word' id='word_1_345' title='bbox 1657 3771 1830 3824; x_wconf 89' lang='lat' dir='ltr'><strong>omnis</strong></span> 
     </span>
    </p>
   </div>
   <div class='ocr_carea' id='block_1_51' title="bbox 214 3836 1831 3907">
    <p class='ocr_par' dir='ltr' id='par_1_51' title="bbox 214 3836 1831 3907">
     <span class='ocr_line' id='line_1_52' title="bbox 214 3836 1831 3907; baseline 0.004 -20"><span class='ocrx_word' id='word_1_346' title='bbox 214 3845 218 3847; x_wconf 74' lang='lat'><em>‘</em></span> <span class='ocrx_word' id='word_1_347' title='bbox 249 3836 415 3888; x_wconf 88' lang='lat' dir='ltr'><strong>homo</strong></span> <span class='ocrx_word' id='word_1_348' title='bbox 441 3851 544 3890; x_wconf 92' lang='lat' dir='ltr'><strong>non</strong></span> <span class='ocrx_word' id='word_1_349' title='bbox 570 3836 834 3901; x_wconf 88' lang='lat' dir='ltr'><strong>ambulat;</strong></span> <span class='ocrx_word' id='word_1_350' title='bbox 864 3846 916 3891; x_wconf 88' lang='lat' dir='ltr'><strong>et</strong></span> <span class='ocrx_word' id='word_1_351' title='bbox 941 3839 982 3890; x_wconf 89' lang='lat' dir='ltr'><strong>si</strong></span> <span class='ocrx_word' id='word_1_352' title='bbox 1009 3839 1132 3907; x_wconf 90' lang='lat' dir='ltr'><strong>quid</strong></span> <span class='ocrx_word' id='word_1_353' title='bbox 1157 3839 1477 3907; x_wconf 89' lang='lat' dir='ltr'><strong>hujusmodi.</strong></span> <span class='ocrx_word' id='word_1_354' title='bbox 1509 3843 1612 3893; x_wconf 84' lang='lat' dir='ltr'><strong>Aut</strong></span> <span class='ocrx_word' id='word_1_355' title='bbox 1636 3842 1713 3892; x_wconf 84' lang='lat' dir='ltr'><strong>sic</strong></span> <span class='ocrx_word' id='word_1_356' title='bbox 1734 3842 1831 3894; x_wconf 85' lang='lat' dir='ltr'><strong>im-</strong></span> 
     </span>
    </p>
   </div>
   <div class='ocr_carea' id='block_1_52' title="bbox 253 3907 1825 3979">
    <p class='ocr_par' dir='ltr' id='par_1_52' title="bbox 253 3907 1825 3979">
     <span class='ocr_line' id='line_1_53' title="bbox 253 3907 1825 3979; baseline 0.005 -23"><span class='ocrx_word' id='word_1_357' title='bbox 253 3907 428 3979; x_wconf 84' lang='lat' dir='ltr'><strong>pletur</strong></span> <span class='ocrx_word' id='word_1_358' title='bbox 452 3907 706 3979; x_wconf 77' lang='lat' dir='ltr'><strong>sententia</strong></span> <span class='ocrx_word' id='word_1_359' title='bbox 728 3946 744 3973; x_wconf 92' lang='lat'><strong>,</strong></span> <span class='ocrx_word' id='word_1_360' title='bbox 772 3919 827 3960; x_wconf 92' lang='lat' dir='ltr'><strong>ut</strong></span> <span class='ocrx_word' id='word_1_361' title='bbox 855 3909 975 3962; x_wconf 88' lang='lat' dir='ltr'><strong>licet</strong></span> <span class='ocrx_word' id='word_1_362' title='bbox 1004 3910 1240 3977; x_wconf 87' lang='lat' dir='ltr'><strong>perﬁciat</strong></span> <span class='ocrx_word' id='word_1_363' title='bbox 1277 3911 1600 3979; x_wconf 87' lang='lat' dir='ltr'><strong>propositum</strong></span> <span class='ocrx_word' id='word_1_364' title='bbox 1630 3910 1825 3977; x_wconf 90' lang='lat' dir='ltr'><strong>animi,</strong></span> 
     </span>
    </p>
   </div>
   <div class='ocr_carea' id='block_1_53' title="bbox 250 3976 1829 4049">
    <p class='ocr_par' dir='ltr' id='par_1_53' title="bbox 250 3976 1829 4049">
     <span class='ocr_line' id='line_1_54' title="bbox 250 3976 1829 4049; baseline 0.004 -21"><span class='ocrx_word' id='word_1_365' title='bbox 250 3976 506 4030; x_wconf 83' lang='lat' dir='ltr'><strong>afﬁrmari</strong></span> <span class='ocrx_word' id='word_1_366' title='bbox 539 3987 710 4031; x_wconf 89' lang='lat' dir='ltr'><strong>tamen</strong></span> <span class='ocrx_word' id='word_1_367' title='bbox 739 3979 987 4047; x_wconf 77' lang='lat' dir='ltr'><strong>negarive</strong></span> <span class='ocrx_word' id='word_1_368' title='bbox 1008 3976 1114 4032; x_wconf 87' lang='lat' dir='ltr'><strong>non</strong></span> <span class='ocrx_word' id='word_1_369' title='bbox 1144 3976 1306 4048; x_wconf 86' lang='lat' dir='ltr'><strong>possit</strong></span> <span class='ocrx_word' id='word_1_370' title='bbox 1333 3997 1344 4031; x_wconf 90' lang='lat'><strong>:</strong></span> <span class='ocrx_word' id='word_1_371' title='bbox 1371 3976 1425 4033; x_wconf 81' lang='lat' dir='ltr'><strong>ut</strong></span> <span class='ocrx_word' id='word_1_372' title='bbox 1449 3995 1568 4033; x_wconf 89' lang='lat' dir='ltr'><strong>cum</strong></span> <span class='ocrx_word' id='word_1_373' title='bbox 1600 3976 1829 4049; x_wconf 83' lang='lat' dir='ltr'><strong>impera-</strong></span> 
     </span>
    </p>
   </div>
   <div class='ocr_carea' id='block_1_54' title="bbox 250 4049 1824 4116">
    <p class='ocr_par' dir='ltr' id='par_1_54' title="bbox 250 4049 1824 4116">
     <span class='ocr_line' id='line_1_55' title="bbox 250 4049 1824 4116; baseline 0.004 -19"><span class='ocrx_word' id='word_1_374' title='bbox 250 4061 400 4116; x_wconf 73' lang='lat' dir='ltr'><strong>inus,</strong></span> <span class='ocrx_word' id='word_1_375' title='bbox 425 4062 544 4100; x_wconf 78' lang='lat' dir='ltr'><strong>cum</strong></span> <span class='ocrx_word' id='word_1_376' title='bbox 574 4057 817 4116; x_wconf 89' lang='lat' dir='ltr'><strong>optamus</strong></span> <span class='ocrx_word' id='word_1_377' title='bbox 839 4089 852 4110; x_wconf 94' lang='lat'><strong>,</strong></span> <span class='ocrx_word' id='word_1_378' title='bbox 881 4063 1000 4101; x_wconf 89' lang='lat' dir='ltr'><strong>cum</strong></span> <span class='ocrx_word' id='word_1_379' title='bbox 1032 4064 1391 4114; x_wconf 76' lang='lat' dir='ltr'><strong>exsecramur,</strong></span> <span class='ocrx_word' id='word_1_380' title='bbox 1424 4058 1477 4104; x_wconf 91' lang='lat' dir='ltr'><strong>et</strong></span> <span class='ocrx_word' id='word_1_381' title='bbox 1507 4049 1587 4104; x_wconf 86' lang='lat' dir='ltr'><strong>bis</strong></span> <span class='ocrx_word' id='word_1_382' title='bbox 1615 4052 1824 4105; x_wconf 77' lang='lat' dir='ltr'><strong>similia.</strong></span> 
     </span>
    </p>
   </div>
   <div class='ocr_carea' id='block_1_55' title="bbox 250 4115 1830 4190">
    <p class='ocr_par' dir='ltr' id='par_1_55' title="bbox 250 4115 1830 4190">
     <span class='ocr_line' id='line_1_56' title="bbox 250 4115 1830 4190; baseline 0.004 -23"><span class='ocrx_word' id='word_1_383' title='bbox 250 4115 390 4190; x_wconf 68' lang='lat' dir='ltr'><strong>Nam</strong></span> <span class='ocrx_word' id='word_1_384' title='bbox 410 4118 454 4190; x_wconf 82' lang='lat' dir='ltr'><strong>si</strong></span> <span class='ocrx_word' id='word_1_385' title='bbox 481 4117 598 4186; x_wconf 89' lang='lat' dir='ltr'><strong>quis</strong></span> <span class='ocrx_word' id='word_1_386' title='bbox 614 4115 964 4190; x_wconf 75' lang='lat' dir='ltr'><strong>dicat,perge</strong></span> <span class='ocrx_word' id='word_1_387' title='bbox 993 4118 1059 4172; x_wconf 93' lang='lat' dir='ltr'><strong>ad</strong></span> <span class='ocrx_word' id='word_1_388' title='bbox 1087 4119 1283 4190; x_wconf 86' lang='lat' dir='ltr'><strong>villam,</strong></span> <span class='ocrx_word' id='word_1_389' title='bbox 1314 4121 1398 4174; x_wconf 85' lang='lat' dir='ltr'><strong>vel</strong></span> <span class='ocrx_word' id='word_1_390' title='bbox 1425 4121 1623 4172; x_wconf 86' lang='lat' dir='ltr'><strong>utinam</strong></span> <span class='ocrx_word' id='word_1_391' title='bbox 1649 4131 1830 4190; x_wconf 80' lang='lat' dir='ltr'><strong>pergat</strong></span> 
     </span>
    </p>
   </div>
   <div class='ocr_carea' id='block_1_56' title="bbox 253 4187 1829 4258">
    <p class='ocr_par' dir='ltr' id='par_1_56' title="bbox 253 4187 1829 4258">
     <span class='ocr_line' id='line_1_57' title="bbox 253 4187 1829 4258; baseline 0.004 -22"><span class='ocrx_word' id='word_1_392' title='bbox 253 4187 315 4238; x_wconf 85' lang='lat' dir='ltr'><strong>ad</strong></span> <span class='ocrx_word' id='word_1_393' title='bbox 342 4188 522 4258; x_wconf 85' lang='lat' dir='ltr'><strong>villam</strong></span> <span class='ocrx_word' id='word_1_394' title='bbox 543 4226 559 4252; x_wconf 95' lang='lat'><strong>,</strong></span> <span class='ocrx_word' id='word_1_395' title='bbox 588 4199 708 4251; x_wconf 89' lang='lat' dir='ltr'><strong>aut,</strong></span> <span class='ocrx_word' id='word_1_396' title='bbox 750 4187 822 4240; x_wconf 90' lang='lat' dir='ltr'><strong>dii</strong></span> <span class='ocrx_word' id='word_1_397' title='bbox 873 4189 1016 4241; x_wconf 90' lang='lat' dir='ltr'><strong>illum</strong></span> <span class='ocrx_word' id='word_1_398' title='bbox 1067 4189 1318 4258; x_wconf 86' lang='lat' dir='ltr'><strong>perdant;</strong></span> <span class='ocrx_word' id='word_1_399' title='bbox 1351 4203 1454 4242; x_wconf 92' lang='lat' dir='ltr'><strong>non</strong></span> <span class='ocrx_word' id='word_1_400' title='bbox 1485 4187 1657 4258; x_wconf 88' lang='lat' dir='ltr'><strong>potest</strong></span> <span class='ocrx_word' id='word_1_401' title='bbox 1681 4187 1829 4258; x_wconf 66' lang='lat' dir='ltr'><strong>argui</strong></span> 
     </span>
    </p>
   </div>
   <div class='ocr_carea' id='block_1_57' title="bbox 252 4256 1828 4326">
    <p class='ocr_par' dir='ltr' id='par_1_57' title="bbox 252 4256 1828 4326">
     <span class='ocr_line' id='line_1_58' title="bbox 252 4256 1828 4326; baseline 0.005 -21"><span class='ocrx_word' id='word_1_402' title='bbox 252 4256 394 4322; x_wconf 77' lang='lat' dir='ltr'><strong>quod</strong></span> <span class='ocrx_word' id='word_1_403' title='bbox 440 4259 744 4322; x_wconf 89' lang='lat' dir='ltr'><strong>mentiatur,</strong></span> <span class='ocrx_word' id='word_1_404' title='bbox 772 4268 863 4310; x_wconf 88' lang='lat' dir='ltr'><strong>aut</strong></span> <span class='ocrx_word' id='word_1_405' title='bbox 903 4256 1237 4326; x_wconf 29' lang='lat' dir='ltr'><strong>credi’quod</strong></span> <span class='ocrx_word' id='word_1_406' title='bbox 1277 4274 1456 4312; x_wconf 88' lang='lat' dir='ltr'><strong>verum</strong></span> <span class='ocrx_word' id='word_1_407' title='bbox 1485 4256 1657 4312; x_wconf 80' lang='lat' dir='ltr'><strong>dieat.</strong></span> <span class='ocrx_word' id='word_1_408' title='bbox 1689 4256 1828 4313; x_wconf 66' lang='lat' dir='ltr'><strong>Nihil</strong></span> 
     </span>
    </p>
   </div>
   <div class='ocr_carea' id='block_1_58' title="bbox 251 4326 1828 4397">
    <p class='ocr_par' dir='ltr' id='par_1_58' title="bbox 251 4326 1828 4397">
     <span class='ocr_line' id='line_1_59' title="bbox 251 4326 1828 4397; baseline 0.005 -20"><span class='ocrx_word' id='word_1_409' title='bbox 251 4326 394 4397; x_wconf 79' lang='lat' dir='ltr'><strong>enim</strong></span> <span class='ocrx_word' id='word_1_410' title='bbox 423 4327 702 4381; x_wconf 85' lang='lat' dir='ltr'><strong>allirntavit</strong></span> <span class='ocrx_word' id='word_1_411' title='bbox 732 4329 806 4380; x_wconf 77' lang='lat' dir='ltr'><strong>vel</strong></span> <span class='ocrx_word' id='word_1_412' title='bbox 835 4329 1042 4396; x_wconf 77' lang='lat' dir='ltr'><strong>negavit</strong></span> <span class='ocrx_word' id='word_1_413' title='bbox 1071 4346 1082 4381; x_wconf 90' lang='lat'><strong>:</strong></span> <span class='ocrx_word' id='word_1_414' title='bbox 1113 4343 1239 4397; x_wconf 77' lang='lat' dir='ltr'><strong>ergo</strong></span> <span class='ocrx_word' id='word_1_415' title='bbox 1271 4344 1369 4382; x_wconf 80' lang='lat' dir='ltr'><strong>nec.</strong></span> <span class='ocrx_word' id='word_1_416' title='bbox 1398 4330 1528 4384; x_wconf 90' lang='lat' dir='ltr'><strong>tales</strong></span> <span class='ocrx_word' id='word_1_417' title='bbox 1552 4331 1828 4385; x_wconf 73' lang='lat' dir='ltr'><strong>sententia:</strong></span> 
     </span>
    </p>
   </div>
   <div class='ocr_carea' id='block_1_59' title="bbox 254 4395 1826 4469">
    <p class='ocr_par' dir='ltr' id='par_1_59' title="bbox 254 4395 1826 4469">
     <span class='ocr_line' id='line_1_60' title="bbox 254 4395 1826 4469; baseline 0.004 -22"><span class='ocrx_word' id='word_1_418' title='bbox 254 4395 964 4469; x_wconf 25' lang='lat' dir='ltr'><strong>inquaEtiunemAveniunt,_</strong></span> <span class='ocrx_word' id='word_1_419' title='bbox 982 4407 1070 4451; x_wconf 88' lang='lat' dir='ltr'><strong>aut</strong></span> <span class='ocrx_word' id='word_1_420' title='bbox 1111 4395 1492 4467; x_wconf 80' lang='lat' dir='ltr'><strong>disputatorem</strong></span> <span class='ocrx_word' id='word_1_421' title='bbox 1532 4401 1826 4469; x_wconf 86' lang='lat' dir='ltr'><strong>requirunt.</strong></span> 
     </span>
    </p>
   </div>
   <div class='ocr_carea' id='block_1_60' title="bbox 253 4462 1822 4540">
    <p class='ocr_par' dir='ltr' id='par_1_60' title="bbox 253 4462 1822 4540">
     <span class='ocr_line' id='line_1_61' title="bbox 253 4462 1822 4540; baseline 0.005 -24"><span class='ocrx_word' id='word_1_422' title='bbox 253 4462 787 4540; x_wconf 33' lang='grc' dir='ltr'><strong>ΩΑῌΡωῇμιιρ-ρυω</strong></span> <span class='ocrx_word' id='word_1_423' title='bbox 814 4467 1063 4540; x_wconf 70' lang='lat' dir='ltr'><strong>simplices</strong></span> <span class='ocrx_word' id='word_1_424' title='bbox 1088 4462 1359 4532; x_wconf 62' lang='lat' dir='ltr'><strong>sementim,</strong></span> <span class='ocrx_word' id='word_1_425' title='bbox 1391 4485 1500 4538; x_wconf 71' lang='lat' dir='ltr'><strong>qua:</strong></span> <span class='ocrx_word' id='word_1_426' title='bbox 1529 4462 1822 4540; x_wconf 66' lang='lat' dir='ltr'><strong>corijunctte.</strong></span> 
     </span>
    </p>
   </div>
   <div class='ocr_carea' id='block_1_61' title="bbox 323 4534 1828 4608">
    <p class='ocr_par' dir='ltr' id='par_1_61' title="bbox 323 4534 1828 4608">
     <span class='ocr_line' id='line_1_62' title="bbox 323 4534 1828 4608; baseline 0.006 -21"><span class='ocrx_word' id='word_1_427' title='bbox 323 4534 426 4608; x_wconf 81' lang='lat' dir='ltr'><strong>Sed</strong></span> <span class='ocrx_word' id='word_1_428' title='bbox 458 4537 562 4590; x_wconf 82' lang='lat' dir='ltr'><strong>illa:</strong></span> <span class='ocrx_word' id='word_1_429' title='bbox 585 4553 702 4608; x_wconf 78' lang='lat' dir='ltr'><strong>qua:</strong></span> <span class='ocrx_word' id='word_1_430' title='bbox 733 4534 1093 4605; x_wconf 77' lang='lat' dir='ltr'><strong>rerpiiruntur,</strong></span> <span class='ocrx_word' id='word_1_431' title='bbox 1125 4548 1216 4593; x_wconf 88' lang='lat' dir='ltr'><strong>aut</strong></span> <span class='ocrx_word' id='word_1_432' title='bbox 1257 4534 1524 4608; x_wconf 83' lang='lat' dir='ltr'><strong>simplices</strong></span> <span class='ocrx_word' id='word_1_433' title='bbox 1560 4534 1708 4604; x_wconf 74' lang='lat' dir='ltr'><strong>sunt,</strong></span> <span class='ocrx_word' id='word_1_434' title='bbox 1739 4553 1828 4596; x_wconf 91' lang='lat' dir='ltr'><strong>aut</strong></span> 
     </span>
    </p>
   </div>
   <div class='ocr_carea' id='block_1_62' title="bbox 253 4607 1827 4679">
    <p class='ocr_par' dir='ltr' id='par_1_62' title="bbox 253 4607 1827 4679">
     <span class='ocr_line' id='line_1_63' title="bbox 253 4607 1827 4679; baseline 0.005 -21"><span class='ocrx_word' id='word_1_435' title='bbox 253 4607 568 4679; x_wconf 76' lang='lat' dir='ltr'><strong>conjunctte.</strong></span> <span class='ocrx_word' id='word_1_436' title='bbox 591 4607 870 4674; x_wconf 81' lang='lat' dir='ltr'><strong>Simplices</strong></span> <span class='ocrx_word' id='word_1_437' title='bbox 899 4617 1040 4672; x_wconf 87' lang='lat' dir='ltr'><strong>sunt,</strong></span> <span class='ocrx_word' id='word_1_438' title='bbox 1072 4625 1188 4678; x_wconf 71' lang='lat' dir='ltr'><strong>qum</strong></span> <span class='ocrx_word' id='word_1_439' title='bbox 1216 4611 1330 4664; x_wconf 85' lang='lat' dir='ltr'><strong>sine</strong></span> <span class='ocrx_word' id='word_1_440' title='bbox 1360 4607 1463 4663; x_wconf 82' lang='lat' dir='ltr'><strong>ulla</strong></span> <span class='ocrx_word' id='word_1_441' title='bbox 1493 4611 1827 4679; x_wconf 81' lang='lat' dir='ltr'><strong>copulatione</strong></span> 
     </span>
    </p>
   </div>
   <div class='ocr_carea' id='block_1_63' title="bbox 254 4677 1826 4750">
    <p class='ocr_par' dir='ltr' id='par_1_63' title="bbox 254 4677 1826 4750">
     <span class='ocr_line' id='line_1_64' title="bbox 254 4677 1826 4750; baseline 0.005 -23"><span class='ocrx_word' id='word_1_442' title='bbox 254 4677 767 4750; x_wconf 63' lang='lat' dir='ltr'><strong>sententiazalierius</strong></span> <span class='ocrx_word' id='word_1_443' title='bbox 792 4677 1131 4750; x_wconf 86' lang='lat' dir='ltr'><strong>enuntiantur</strong></span> <span class='ocrx_word' id='word_1_444' title='bbox 1156 4697 1166 4732; x_wconf 91' lang='lat'><strong>:</strong></span> <span class='ocrx_word' id='word_1_445' title='bbox 1197 4688 1252 4732; x_wconf 92' lang='lat' dir='ltr'><strong>ut</strong></span> <span class='ocrx_word' id='word_1_446' title='bbox 1276 4690 1358 4733; x_wconf 90' lang='lat' dir='ltr'><strong>est</strong></span> <span class='ocrx_word' id='word_1_447' title='bbox 1386 4681 1511 4734; x_wconf 93' lang='lat' dir='ltr'><strong>illud</strong></span> <span class='ocrx_word' id='word_1_448' title='bbox 1535 4677 1673 4750; x_wconf 82' lang='lat' dir='ltr'><strong>quod</strong></span> <span class='ocrx_word' id='word_1_449' title='bbox 1699 4681 1826 4735; x_wconf 89' lang='lat' dir='ltr'><strong>dici-</strong></span> 
     </span>
    </p>
   </div>
   <div class='ocr_carea' id='block_1_64' title="bbox 254 4746 1825 4820">
    <p class='ocr_par' dir='ltr' id='par_1_64' title="bbox 254 4746 1825 4820">
     <span class='ocr_line' id='line_1_65' title="bbox 254 4746 1825 4820; baseline 0.006 -23"><span class='ocrx_word' id='word_1_450' title='bbox 254 4748 584 4820; x_wconf 90' lang='lat' dir='ltr'><strong>mus,_omnis</strong></span> <span class='ocrx_word' id='word_1_451' title='bbox 604 4746 763 4820; x_wconf 80' lang='lat' dir='ltr'><strong>homo</strong></span> <span class='ocrx_word' id='word_1_452' title='bbox 782 4748 1036 4802; x_wconf 90' lang='lat' dir='ltr'><strong>ambulat.</strong></span> <span class='ocrx_word' id='word_1_453' title='bbox 1056 4750 1360 4818; x_wconf 72' lang='lat' dir='ltr'><strong>Conjuncta:</strong></span> <span class='ocrx_word' id='word_1_454' title='bbox 1380 4759 1503 4804; x_wconf 90' lang='lat' dir='ltr'><strong>sunt</strong></span> <span class='ocrx_word' id='word_1_455' title='bbox 1520 4746 1586 4804; x_wconf 75' lang='lat' dir='ltr'><strong>de</strong></span> <span class='ocrx_word' id='word_1_456' title='bbox 1606 4767 1825 4820; x_wconf 89' lang='lat' dir='ltr'><strong>quarum</strong></span> 
     </span>
    </p>
   </div>
   <div class='ocr_carea' id='block_1_65' title="bbox 253 4817 1824 4887">
    <p class='ocr_par' dir='ltr' id='par_1_65' title="bbox 253 4817 1824 4887">
     <span class='ocr_line' id='line_1_66' title="bbox 253 4817 1824 4887; baseline 0.006 -20"><span class='ocrx_word' id='word_1_457' title='bbox 253 4817 588 4887; x_wconf 78' lang='lat' dir='ltr'><strong>copulatione</strong></span> <span class='ocrx_word' id='word_1_458' title='bbox 624 4818 924 4886; x_wconf 72' lang='lat' dir='ltr'><strong>iudicatur:</strong></span> <span class='ocrx_word' id='word_1_459' title='bbox 953 4830 1007 4872; x_wconf 88' lang='lat' dir='ltr'><strong>ut</strong></span> <span class='ocrx_word' id='word_1_460' title='bbox 1035 4830 1117 4874; x_wconf 88' lang='lat' dir='ltr'><strong>est</strong></span> <span class='ocrx_word' id='word_1_461' title='bbox 1138 4817 1226 4882; x_wconf 45' lang='lat' dir='ltr'><strong>{si</strong></span> <span class='ocrx_word' id='word_1_462' title='bbox 1265 4820 1530 4887; x_wconf 87' lang='lat' dir='ltr'><strong>ambulat,</strong></span> <span class='ocrx_word' id='word_1_463' title='bbox 1561 4817 1824 4877; x_wconf 83' lang='lat' dir='ltr'><strong>movetur.</strong></span> 
     </span>
    </p>
   </div>
   <div class='ocr_carea' id='block_1_66' title="bbox 252 4884 1821 4961">
    <p class='ocr_par' dir='ltr' id='par_1_66' title="bbox 252 4884 1821 4961">
     <span class='ocr_line' id='line_1_67' title="bbox 252 4884 1821 4961; baseline 0.006 -23"><span class='ocrx_word' id='word_1_464' title='bbox 252 4884 358 4940; x_wconf 85' lang='lat' dir='ltr'><strong>Sed</strong></span> <span class='ocrx_word' id='word_1_465' title='bbox 382 4903 504 4961; x_wconf 73' lang='lat' dir='ltr'><strong>cum</strong></span> <span class='ocrx_word' id='word_1_466' title='bbox 528 4888 596 4942; x_wconf 86' lang='lat' dir='ltr'><strong>de</strong></span> <span class='ocrx_word' id='word_1_467' title='bbox 623 4884 1018 4961; x_wconf 63' lang='lat' dir='ltr'><strong>conjunctione</strong></span> <span class='ocrx_word' id='word_1_468' title='bbox 1040 4891 1418 4961; x_wconf 84' lang='lat' dir='ltr'><strong>sententiarum</strong></span> <span class='ocrx_word' id='word_1_469' title='bbox 1463 4884 1718 4961; x_wconf 84' lang='lat' dir='ltr'><strong>judicium</strong></span> <span class='ocrx_word' id='word_1_470' title='bbox 1745 4896 1821 4960; x_wconf 90' lang='lat' dir='ltr'><strong>lit,</strong></span> 
     </span>
    </p>
   </div>
   <div class='ocr_carea' id='block_1_67' title="bbox 256 4957 1824 5027">
    <p class='ocr_par' dir='ltr' id='par_1_67' title="bbox 256 4957 1824 5027">
     <span class='ocr_line' id='line_1_68' title="bbox 256 4957 1824 5027; baseline 0.007 -21"><span class='ocrx_word' id='word_1_471' title='bbox 256 4957 451 5010; x_wconf 89' lang='lat' dir='ltr'><strong>tatndiu</strong></span> <span class='ocrx_word' id='word_1_472' title='bbox 489 4967 570 5011; x_wconf 86' lang='lat' dir='ltr'><strong>est</strong></span> <span class='ocrx_word' id='word_1_473' title='bbox 608 4958 778 5013; x_wconf 88' lang='lat' dir='ltr'><strong>donec</strong></span> <span class='ocrx_word' id='word_1_474' title='bbox 809 4960 1146 5027; x_wconf 74' lang='lat' dir='ltr'><strong>perveniatur</strong></span> <span class='ocrx_word' id='word_1_475' title='bbox 1191 4960 1258 5014; x_wconf 88' lang='lat' dir='ltr'><strong>ad</strong></span> <span class='ocrx_word' id='word_1_476' title='bbox 1298 4957 1578 5015; x_wconf 77' lang='lat' dir='ltr'><strong>summam.</strong></span> <span class='ocrx_word' id='word_1_477' title='bbox 1608 4957 1824 5017; x_wconf 83' lang='lat' dir='ltr'><strong>Summa</strong></span> 
     </span>
    </p>
   </div>
   <div class='ocr_carea' id='block_1_68' title="bbox 253 5028 1823 5099">
    <p class='ocr_par' dir='ltr' id='par_1_68' title="bbox 253 5028 1823 5099">
     <span class='ocr_line' id='line_1_69' title="bbox 253 5028 1823 5099; baseline 0.008 -23"><span class='ocrx_word' id='word_1_478' title='bbox 253 5034 427 5099; x_wconf 82' lang='lat' dir='ltr'><strong>autem</strong></span> <span class='ocrx_word' id='word_1_479' title='bbox 458 5034 542 5099; x_wconf 81' lang='lat' dir='ltr'><strong>est</strong></span> <span class='ocrx_word' id='word_1_480' title='bbox 568 5028 983 5099; x_wconf 63' lang='lat' dir='ltr'><strong>quacconﬁcitur</strong></span> <span class='ocrx_word' id='word_1_481' title='bbox 1003 5045 1065 5084; x_wconf 78' lang='lat' dir='ltr'><strong>ex</strong></span> <span class='ocrx_word' id='word_1_482' title='bbox 1088 5032 1374 5085; x_wconf 87' lang='lat' dir='ltr'><strong>concessis.</strong></span> <span class='ocrx_word' id='word_1_483' title='bbox 1397 5031 1547 5099; x_wconf 85' lang='lat' dir='ltr'><strong>Quod</strong></span> <span class='ocrx_word' id='word_1_484' title='bbox 1575 5033 1694 5088; x_wconf 90' lang='lat' dir='ltr'><strong>dico</strong></span> <span class='ocrx_word' id='word_1_485' title='bbox 1722 5036 1823 5089; x_wconf 90' lang='lat' dir='ltr'><strong>tale</strong></span> 
     </span>
    </p>
   </div>
   <div class='ocr_carea' id='block_1_69' title="bbox 250 5096 1822 5170">
    <p class='ocr_par' dir='ltr' id='par_1_69' title="bbox 250 5096 1822 5170">
     <span class='ocr_line' id='line_1_70' title="bbox 250 5096 1822 5170; baseline 0.008 -25"><span class='ocrx_word' id='word_1_486' title='bbox 250 5097 474 5170; x_wconf 86' lang='lat' dir='ltr'><strong>est_,_Qui</strong></span> <span class='ocrx_word' id='word_1_487' title='bbox 502 5096 650 5170; x_wconf 86' lang='lat' dir='ltr'><strong>dicit,</strong></span> <span class='ocrx_word' id='word_1_488' title='bbox 679 5097 734 5152; x_wconf 93' lang='lat' dir='ltr'><strong>Si</strong></span> <span class='ocrx_word' id='word_1_489' title='bbox 765 5099 1017 5165; x_wconf 90' lang='lat' dir='ltr'><strong>ambulat,</strong></span> <span class='ocrx_word' id='word_1_490' title='bbox 1049 5108 1306 5166; x_wconf 84' lang='lat' dir='ltr'><strong>movetur,</strong></span> <span class='ocrx_word' id='word_1_491' title='bbox 1339 5096 1560 5170; x_wconf 77' lang='lat' dir='ltr'><strong>probare</strong></span> <span class='ocrx_word' id='word_1_492' title='bbox 1587 5105 1695 5158; x_wconf 85' lang='lat' dir='ltr'><strong>vult</strong></span> <span class='ocrx_word' id='word_1_493' title='bbox 1724 5106 1822 5158; x_wconf 89' lang='lat' dir='ltr'><strong>ali-</strong></span> 
     </span>
    </p>
   </div>
   <div class='ocr_carea' id='block_1_70' title="bbox 251 5165 1818 5240">
    <p class='ocr_par' dir='ltr' id='par_1_70' title="bbox 251 5165 1818 5240">
     <span class='ocr_line' id='line_1_71' title="bbox 251 5165 1818 5240; baseline 0.01 -26"><span class='ocrx_word' id='word_1_494' title='bbox 251 5165 408 5240; x_wconf 80' lang='lat' dir='ltr'><strong>quid,</strong></span> <span class='ocrx_word' id='word_1_495' title='bbox 441 5175 496 5220; x_wconf 94' lang='lat' dir='ltr'><strong>ut</strong></span> <span class='ocrx_word' id='word_1_496' title='bbox 520 5167 624 5240; x_wconf 83' lang='lat' dir='ltr'><strong>hoc</strong></span> <span class='ocrx_word' id='word_1_497' title='bbox 645 5183 917 5234; x_wconf 85' lang='lat' dir='ltr'><strong>concesso,</strong></span> <span class='ocrx_word' id='word_1_498' title='bbox 944 5185 1126 5224; x_wconf 87' lang='lat' dir='ltr'><strong>verum</strong></span> <span class='ocrx_word' id='word_1_499' title='bbox 1157 5185 1277 5225; x_wconf 89' lang='lat' dir='ltr'><strong>esse</strong></span> <span class='ocrx_word' id='word_1_500' title='bbox 1306 5165 1473 5225; x_wconf 62' lang='lat' dir='ltr'><strong>rE-Stct</strong></span> <span class='ocrx_word' id='word_1_501' title='bbox 1501 5173 1569 5225; x_wconf 88' lang='lat' dir='ltr'><strong>illi</strong></span> <span class='ocrx_word' id='word_1_502' title='bbox 1613 5173 1818 5240; x_wconf 87' lang='lat' dir='ltr'><strong>dicere,</strong></span> 
     </span>
    </p>
   </div>
   <div class='ocr_carea' id='block_1_71' title="bbox 249 5236 1822 5312">
    <p class='ocr_par' dir='ltr' id='par_1_71' title="bbox 249 5236 1822 5312">
     <span class='ocr_line' id='line_1_72' title="bbox 249 5236 1822 5312; baseline 0.008 -26"><span class='ocrx_word' id='word_1_503' title='bbox 249 5236 388 5312; x_wconf 77' lang='lat' dir='ltr'><strong>quod</strong></span> <span class='ocrx_word' id='word_1_504' title='bbox 427 5237 661 5292; x_wconf 89' lang='lat' dir='ltr'><strong>ambulet</strong></span> <span class='ocrx_word' id='word_1_505' title='bbox 690 5255 702 5291; x_wconf 90' lang='lat'>:</span> <span class='ocrx_word' id='word_1_506' title='bbox 731 5247 793 5312; x_wconf 74' lang='lat' dir='ltr'><strong>et</strong></span> <span class='ocrx_word' id='word_1_507' title='bbox 811 5255 1014 5292; x_wconf 88' lang='lat' dir='ltr'><strong>summa</strong></span> <span class='ocrx_word' id='word_1_508' title='bbox 1043 5251 1415 5312; x_wconf 84' lang='lat' dir='ltr'><strong>consequatur,</strong></span> <span class='ocrx_word' id='word_1_509' title='bbox 1446 5258 1564 5312; x_wconf 71' lang='lat' dir='ltr'><strong>qua:</strong></span> <span class='ocrx_word' id='word_1_510' title='bbox 1587 5243 1698 5311; x_wconf 88' lang='lat' dir='ltr'><strong>jam</strong></span> <span class='ocrx_word' id='word_1_511' title='bbox 1730 5236 1822 5300; x_wconf 54' lang='lat' dir='ltr'><strong>ne;</strong></span> 
     </span>
    </p>
   </div>
   <div class='ocr_carea' id='block_1_72' title="bbox 249 5304 1818 5381">
    <p class='ocr_par' dir='ltr' id='par_1_72' title="bbox 249 5304 1818 5381">
     <span class='ocr_line' id='line_1_73' title="bbox 249 5304 1818 5381; baseline 0.01 -27"><span class='ocrx_word' id='word_1_512' title='bbox 249 5304 363 5368; x_wconf 78' lang='lat' dir='ltr'><strong>gari</strong></span> <span class='ocrx_word' id='word_1_513' title='bbox 393 5321 495 5360; x_wconf 91' lang='lat' dir='ltr'><strong>non</strong></span> <span class='ocrx_word' id='word_1_514' title='bbox 522 5317 717 5381; x_wconf 83' lang='lat' dir='ltr'><strong>potest,</strong></span> <span class='ocrx_word' id='word_1_515' title='bbox 739 5308 795 5381; x_wconf 86' lang='lat' dir='ltr'><strong>id</strong></span> <span class='ocrx_word' id='word_1_516' title='bbox 824 5317 908 5363; x_wconf 90' lang='lat' dir='ltr'><strong>est</strong></span> <span class='ocrx_word' id='word_1_517' title='bbox 935 5311 1084 5381; x_wconf 84' lang='lat' dir='ltr'><strong>quod</strong></span> <span class='ocrx_word' id='word_1_518' title='bbox 1109 5304 1350 5366; x_wconf 60' lang='lat' dir='ltr'><strong>mov&#39;etur</strong></span> <span class='ocrx_word' id='word_1_519' title='bbox 1375 5304 1532 5381; x_wconf 65' lang='lat' dir='ltr'><strong>:qu&#39;ue</strong></span> <span class='ocrx_word' id='word_1_520' title='bbox 1560 5304 1684 5368; x_wconf 75' lang='lat' dir='ltr'><strong>item</strong></span> <span class='ocrx_word' id='word_1_521' title='bbox 1716 5331 1818 5369; x_wconf 90' lang='lat' dir='ltr'><strong>non</strong></span> 
     </span>
    </p>
   </div>
   <div class='ocr_carea' id='block_1_73' title="bbox 248 5378 1818 5450">
    <p class='ocr_par' dir='ltr' id='par_1_73' title="bbox 248 5378 1818 5450">
     <span class='ocr_line' id='line_1_74' title="bbox 248 5378 1818 5450; baseline 0.008 -23"><span class='ocrx_word' id='word_1_522' title='bbox 248 5381 420 5438; x_wconf 85' lang='lat' dir='ltr'><strong>potest</strong></span> <span class='ocrx_word' id='word_1_523' title='bbox 445 5378 696 5444; x_wconf 88' lang='lat' dir='ltr'><strong>concedi,</strong></span> <span class='ocrx_word' id='word_1_524' title='bbox 735 5378 790 5433; x_wconf 93' lang='lat' dir='ltr'><strong>id</strong></span> <span class='ocrx_word' id='word_1_525' title='bbox 826 5388 907 5434; x_wconf 84' lang='lat' dir='ltr'><strong>est</strong></span> <span class='ocrx_word' id='word_1_526' title='bbox 949 5378 1090 5450; x_wconf 83' lang='lat' dir='ltr'><strong>quod</strong></span> <span class='ocrx_word' id='word_1_527' title='bbox 1127 5397 1231 5435; x_wconf 92' lang='lat' dir='ltr'><strong>non</strong></span> <span class='ocrx_word' id='word_1_528' title='bbox 1261 5378 1512 5436; x_wconf 77' lang='lat' dir='ltr'><strong>ambulet.</strong></span> <span class='ocrx_word' id='word_1_529' title='bbox 1543 5383 1746 5439; x_wconf 82' lang='lat' dir='ltr'><strong>Rursus</strong></span> <span class='ocrx_word' id='word_1_530' title='bbox 1774 5386 1818 5440; x_wconf 91' lang='lat' dir='ltr'><strong>si</strong></span> 
     </span>
    </p>
   </div>
   <div class='ocr_carea' id='block_1_74' title="bbox 305 5551 1816 5624">
    <p class='ocr_par' dir='ltr' id='par_1_74' title="bbox 305 5551 1816 5624">
     <span class='ocr_line' id='line_1_75' title="bbox 305 5551 1816 5624; baseline 0.01 -23"><span class='ocrx_word' id='word_1_531' title='bbox 305 5551 378 5624; x_wconf 76' lang='grc' dir='ltr'><strong>(α)</strong></span> <span class='ocrx_word' id='word_1_532' title='bbox 732 5557 862 5624; x_wconf 83' lang='lat' dir='ltr'><strong>istud</strong></span> <span class='ocrx_word' id='word_1_533' title='bbox 906 5559 1194 5624; x_wconf 71' lang='lat' dir='ltr'><strong>castigatum</strong></span> <span class='ocrx_word' id='word_1_534' title='bbox 1233 5566 1310 5611; x_wconf 85' lang='lat' dir='ltr'><strong>est</strong></span> <span class='ocrx_word' id='word_1_535' title='bbox 1343 5559 1408 5624; x_wconf 83' lang='lat' dir='ltr'><strong>de</strong></span> <span class='ocrx_word' id='word_1_536' title='bbox 1445 5573 1573 5624; x_wconf 86' lang='lat' dir='ltr'><strong>novo</strong></span> <span class='ocrx_word' id='word_1_537' title='bbox 1613 5562 1673 5613; x_wconf 88' lang='lat' dir='ltr'><strong>ad</strong></span> <span class='ocrx_word' id='word_1_538' title='bbox 1709 5571 1816 5616; x_wconf 72' lang='lat' dir='ltr'><strong>mss.</strong></span> 
     </span>
    </p>
   </div>
   <div class='ocr_carea' id='block_1_75' title="bbox 242 5617 1819 5687">
    <p class='ocr_par' dir='ltr' id='par_1_75' title="bbox 242 5617 1819 5687">
     <span class='ocr_line' id='line_1_76' title="bbox 242 5617 1819 5687; baseline 0.008 -25"><span class='ocrx_word' id='word_1_539' title='bbox 242 5617 456 5687; x_wconf 76' lang='lat' dir='ltr'><strong>quinque</strong></span> <span class='ocrx_word' id='word_1_540' title='bbox 499 5617 549 5666; x_wconf 89' lang='lat' dir='ltr'><strong>in</strong></span> <span class='ocrx_word' id='word_1_541' title='bbox 572 5620 766 5687; x_wconf 86' lang='lat' dir='ltr'><strong>__qu_ibus</strong></span> <span class='ocrx_word' id='word_1_542' title='bbox 798 5617 1073 5687; x_wconf 70' lang='lat' dir='ltr'><strong>inscribitur</strong></span> <span class='ocrx_word' id='word_1_543' title='bbox 1093 5629 1338 5687; x_wconf 79' lang='lat' dir='ltr'><strong>&#39;Iractatus</strong></span> <span class='ocrx_word' id='word_1_544' title='bbox 1361 5621 1432 5687; x_wconf 91' lang='lat' dir='ltr'><strong>_de</strong></span> <span class='ocrx_word' id='word_1_545' title='bbox 1468 5622 1738 5687; x_wconf 83' lang='lat' dir='ltr'><strong>Dialectica,</strong></span> <span class='ocrx_word' id='word_1_546' title='bbox 1765 5635 1819 5679; x_wconf 85' lang='lat' dir='ltr'><strong>et</strong></span> 
     </span>
    </p>
   </div>
   <div class='ocr_carea' id='block_1_76' title="bbox 242 5679 1814 5740">
    <p class='ocr_par' dir='ltr' id='par_1_76' title="bbox 242 5679 1814 5740">
     <span class='ocr_line' id='line_1_77' title="bbox 242 5679 1814 5740; baseline 0.01 -19"><span class='ocrx_word' id='word_1_547' title='bbox 242 5679 503 5740; x_wconf 63' lang='lat' dir='ltr'><strong>augustino</strong></span> <span class='ocrx_word' id='word_1_548' title='bbox 523 5679 766 5740; x_wconf 69' lang='lat' dir='ltr'><strong>tribuitur,</strong></span> <span class='ocrx_word' id='word_1_549' title='bbox 805 5688 862 5731; x_wconf 78' lang='lat' dir='ltr'><strong>At</strong></span> <span class='ocrx_word' id='word_1_550' title='bbox 879 5681 1019 5731; x_wconf 85' lang='lat' dir='ltr'><strong>chirii</strong></span> <span class='ocrx_word' id='word_1_551' title='bbox 1055 5684 1372 5733; x_wconf 74' lang='lat' dir='ltr'><strong>Fortunatiani</strong></span> <span class='ocrx_word' id='word_1_552' title='bbox 1407 5686 1601 5735; x_wconf 88' lang='lat' dir='ltr'><strong>nomine</strong></span> <span class='ocrx_word' id='word_1_553' title='bbox 1632 5679 1814 5740; x_wconf 76' lang='lat' dir='ltr'><strong>editum</strong></span> 
     </span>
    </p>
   </div>
   <div class='ocr_carea' id='block_1_77' title="bbox 244 5738 791 5792">
    <p class='ocr_par' dir='ltr' id='par_1_77' title="bbox 244 5738 791 5792">
     <span class='ocr_line' id='line_1_78' title="bbox 244 5738 791 5792; baseline 0.013 -8"><span class='ocrx_word' id='word_1_554' title='bbox 244 5745 318 5784; x_wconf 79' lang='lat' dir='ltr'><strong>est</strong></span> <span class='ocrx_word' id='word_1_555' title='bbox 345 5738 538 5789; x_wconf 72' lang='lat' dir='ltr'><strong>Basileae</strong></span> <span class='ocrx_word' id='word_1_556' title='bbox 553 5753 630 5792; x_wconf 79' lang='lat' dir='ltr'><strong>an.</strong></span> <span class='ocrx_word' id='word_1_557' title='bbox 652 5738 791 5791; x_wconf 67' lang='grc'><strong>1568.</strong></span> 
     </span>
    </p>
   </div>
   <div class='ocr_carea' id='block_1_78' title="bbox 1921 741 3494 818">
    <p class='ocr_par' dir='ltr' id='par_1_78' title="bbox 1921 741 3494 818">
     <span class='ocr_line' id='line_1_79' title="bbox 1921 741 3494 818; baseline 0.003 -20"><span class='ocrx_word' id='word_1_558' title='bbox 1921 741 2026 798; x_wconf 87' lang='lat' dir='ltr'><strong>hoc</strong></span> <span class='ocrx_word' id='word_1_559' title='bbox 2052 741 2210 818; x_wconf 81' lang='lat' dir='ltr'><strong>modo</strong></span> <span class='ocrx_word' id='word_1_560' title='bbox 2246 742 2374 799; x_wconf 86' lang='lat' dir='ltr'><strong>velit</strong></span> <span class='ocrx_word' id='word_1_561' title='bbox 2411 742 2610 818; x_wconf 82' lang='lat' dir='ltr'><strong>dicere,</strong></span> <span class='ocrx_word' id='word_1_562' title='bbox 2646 743 2805 800; x_wconf 91' lang='lat' dir='ltr'><strong>homo</strong></span> <span class='ocrx_word' id='word_1_563' title='bbox 2847 745 2948 802; x_wconf 89' lang='lat' dir='ltr'><strong>iste</strong></span> <span class='ocrx_word' id='word_1_564' title='bbox 2983 747 3242 814; x_wconf 87' lang='lat' dir='ltr'><strong>ambulat,</strong></span> <span class='ocrx_word' id='word_1_565' title='bbox 3271 748 3494 818; x_wconf 77' lang='lat' dir='ltr'><strong>simplex</strong></span> 
     </span>
    </p>
   </div>
   <div class='ocr_carea' id='block_1_79' title="bbox 1919 812 3493 888">
    <p class='ocr_par' dir='ltr' id='par_1_79' title="bbox 1919 812 3493 888">
     <span class='ocr_line' id='line_1_80' title="bbox 1919 812 3493 888; baseline 0.003 -20"><span class='ocrx_word' id='word_1_566' title='bbox 1919 812 2181 888; x_wconf 73' lang='lat' dir='ltr'><strong>sententia</strong></span> <span class='ocrx_word' id='word_1_567' title='bbox 2206 823 2290 868; x_wconf 89' lang='lat' dir='ltr'><strong>est</strong></span> <span class='ocrx_word' id='word_1_568' title='bbox 2315 831 2328 866; x_wconf 95' lang='lat'><strong>:</strong></span> <span class='ocrx_word' id='word_1_569' title='bbox 2358 829 2515 888; x_wconf 88' lang='lat' dir='ltr'><strong>quam</strong></span> <span class='ocrx_word' id='word_1_570' title='bbox 2541 815 2587 868; x_wconf 92' lang='lat' dir='ltr'><strong>si</strong></span> <span class='ocrx_word' id='word_1_571' title='bbox 2614 829 2960 888; x_wconf 84' lang='lat' dir='ltr'><strong>concessero,</strong></span> <span class='ocrx_word' id='word_1_572' title='bbox 2987 826 3044 872; x_wconf 91' lang='lat' dir='ltr'><strong>et</strong></span> <span class='ocrx_word' id='word_1_573' title='bbox 3069 812 3234 888; x_wconf 87' lang='lat' dir='ltr'><strong>aliam</strong></span> <span class='ocrx_word' id='word_1_574' title='bbox 3250 812 3493 888; x_wconf 64' lang='lat' dir='ltr'><strong>qute&#39;ali-</strong></span> 
     </span>
    </p>
   </div>
   <div class='ocr_carea' id='block_1_80' title="bbox 1919 883 3494 958">
    <p class='ocr_par' dir='ltr' id='par_1_80' title="bbox 1919 883 3494 958">
     <span class='ocr_line' id='line_1_81' title="bbox 1919 883 3494 958; baseline 0.004 -22"><span class='ocrx_word' id='word_1_575' title='bbox 1919 883 2046 958; x_wconf 83' lang='lat' dir='ltr'><strong>quid</strong></span> <span class='ocrx_word' id='word_1_576' title='bbox 2062 893 2335 958; x_wconf 44' lang='lat' dir='ltr'><strong>exspectat</strong></span> <span class='ocrx_word' id='word_1_577' title='bbox 2361 883 2427 938; x_wconf 89' lang='lat' dir='ltr'><strong>ad</strong></span> <span class='ocrx_word' id='word_1_578' title='bbox 2455 885 2862 958; x_wconf 84' lang='lat' dir='ltr'><strong>completionem</strong></span> <span class='ocrx_word' id='word_1_579' title='bbox 2879 887 3156 942; x_wconf 69' lang='lat' dir='ltr'><strong>sententia:</strong></span> <span class='ocrx_word' id='word_1_580' title='bbox 3171 883 3494 958; x_wconf 80' lang='lat' dir='ltr'><strong>adjunxerit:</strong></span> 
     </span>
    </p>
   </div>
   <div class='ocr_carea' id='block_1_81' title="bbox 1919 953 3496 1023">
    <p class='ocr_par' dir='ltr' id='par_1_81' title="bbox 1919 953 3496 1023">
     <span class='ocr_line' id='line_1_82' title="bbox 1919 953 3496 1023; baseline 0.003 -16"><span class='ocrx_word' id='word_1_581' title='bbox 1919 953 2160 1023; x_wconf 51' lang='lat' dir='ltr'><strong>quisquis</strong></span> <span class='ocrx_word' id='word_1_582' title='bbox 2184 962 2358 1008; x_wconf 89' lang='lat' dir='ltr'><strong>autem</strong></span> <span class='ocrx_word' id='word_1_583' title='bbox 2387 953 2622 1009; x_wconf 82' lang='lat' dir='ltr'><strong>ambulat</strong></span> <span class='ocrx_word' id='word_1_584' title='bbox 2640 997 2654 1018; x_wconf 91' lang='lat'><strong>,</strong></span> <span class='ocrx_word' id='word_1_585' title='bbox 2685 965 2944 1012; x_wconf 84' lang='lat' dir='ltr'><strong>movetur.</strong></span> <span class='ocrx_word' id='word_1_586' title='bbox 2978 957 3045 1011; x_wconf 89' lang='lat' dir='ltr'><strong>Et</strong></span> <span class='ocrx_word' id='word_1_587' title='bbox 3074 959 3210 1014; x_wconf 87' lang='lat' dir='ltr'><strong>hanc</strong></span> <span class='ocrx_word' id='word_1_588' title='bbox 3236 953 3410 1014; x_wconf 71' lang='lat' dir='ltr'><strong>etiam</strong></span> <span class='ocrx_word' id='word_1_589' title='bbox 3451 961 3496 1014; x_wconf 92' lang='lat' dir='ltr'><strong>si</strong></span> 
     </span>
    </p>
   </div>
   <div class='ocr_carea' id='block_1_82' title="bbox 1919 1023 3498 1098">
    <p class='ocr_par' dir='ltr' id='par_1_82' title="bbox 1919 1023 3498 1098">
     <span class='ocr_line' id='line_1_83' title="bbox 1919 1023 3498 1098; baseline 0.004 -21"><span class='ocrx_word' id='word_1_590' title='bbox 1919 1037 2258 1098; x_wconf 66' lang='lat' dir='ltr'><strong>concessero,</strong></span> <span class='ocrx_word' id='word_1_591' title='bbox 2287 1038 2353 1078; x_wconf 85' lang='lat' dir='ltr'><strong>ex</strong></span> <span class='ocrx_word' id='word_1_592' title='bbox 2394 1023 2492 1098; x_wconf 82' lang='lat' dir='ltr'><strong>hac</strong></span> <span class='ocrx_word' id='word_1_593' title='bbox 2528 1025 2802 1095; x_wconf 92' lang='lat' dir='ltr'><strong>junctione</strong></span> <span class='ocrx_word' id='word_1_594' title='bbox 2829 1028 3216 1084; x_wconf 85' lang='lat' dir='ltr'><strong>sententiarum</strong></span> <span class='ocrx_word' id='word_1_595' title='bbox 3255 1030 3498 1098; x_wconf 82' lang='lat' dir='ltr'><strong>quamvis</strong></span> 
     </span>
    </p>
   </div>
   <div class='ocr_carea' id='block_1_83' title="bbox 1921 1093 3494 1164">
    <p class='ocr_par' dir='ltr' id='par_1_83' title="bbox 1921 1093 3494 1164">
     <span class='ocr_line' id='line_1_84' title="bbox 1921 1093 3494 1164; baseline 0.003 -16"><span class='ocrx_word' id='word_1_596' title='bbox 1921 1093 2223 1164; x_wconf 82' lang='lat' dir='ltr'><strong>singillatim</strong></span> <span class='ocrx_word' id='word_1_597' title='bbox 2253 1093 2640 1164; x_wconf 82' lang='lat' dir='ltr'><strong>enuntiatarum</strong></span> <span class='ocrx_word' id='word_1_598' title='bbox 2666 1105 2719 1150; x_wconf 90' lang='lat' dir='ltr'><strong>et</strong></span> <span class='ocrx_word' id='word_1_599' title='bbox 2745 1111 3140 1164; x_wconf 85' lang='lat' dir='ltr'><strong>concessarmn,</strong></span> <span class='ocrx_word' id='word_1_600' title='bbox 3174 1093 3494 1154; x_wconf 60' lang='lat' dir='ltr'><strong>illa&#39;summa</strong></span> 
     </span>
    </p>
   </div>
   <div class='ocr_carea' id='block_1_84' title="bbox 1921 1162 3494 1245">
    <p class='ocr_par' dir='ltr' id='par_1_84' title="bbox 1921 1162 3494 1245">
     <span class='ocr_line' id='line_1_85' title="bbox 1921 1162 3494 1245; baseline 0.006 -29"><span class='ocrx_word' id='word_1_601' title='bbox 1921 1162 2180 1245; x_wconf 75' lang='lat' dir='ltr'><strong>sequitur,</strong></span> <span class='ocrx_word' id='word_1_602' title='bbox 2211 1179 2329 1245; x_wconf 64' lang='lat' dir='ltr'><strong>quae</strong></span> <span class='ocrx_word' id='word_1_603' title='bbox 2351 1162 2460 1232; x_wconf 92' lang='lat' dir='ltr'><strong>jam</strong></span> <span class='ocrx_word' id='word_1_604' title='bbox 2489 1167 2788 1245; x_wconf 87' lang='lat' dir='ltr'><strong>necessario</strong></span> <span class='ocrx_word' id='word_1_605' title='bbox 2812 1162 3154 1237; x_wconf 85' lang='lat' dir='ltr'><strong>concedatur,</strong></span> <span class='ocrx_word' id='word_1_606' title='bbox 3187 1169 3239 1225; x_wconf 89' lang='lat' dir='ltr'><strong>id</strong></span> <span class='ocrx_word' id='word_1_607' title='bbox 3265 1178 3367 1236; x_wconf 88' lang='lat' dir='ltr'><strong>est,</strong></span> <span class='ocrx_word' id='word_1_608' title='bbox 3396 1168 3494 1240; x_wconf 73' lang='lat' dir='ltr'><strong>igi-</strong></span> 
     </span>
    </p>
   </div>
   <div class='ocr_carea' id='block_1_85' title="bbox 1921 1233 2601 1288">
    <p class='ocr_par' dir='ltr' id='par_1_85' title="bbox 1921 1233 2601 1288">
     <span class='ocr_line' id='line_1_86' title="bbox 1921 1233 2601 1288; baseline 0 0"><span class='ocrx_word' id='word_1_609' title='bbox 1921 1242 2009 1288; x_wconf 89' lang='lat' dir='ltr'><strong>tur</strong></span> <span class='ocrx_word' id='word_1_610' title='bbox 2035 1233 2197 1287; x_wconf 88' lang='lat' dir='ltr'><strong>homo</strong></span> <span class='ocrx_word' id='word_1_611' title='bbox 2223 1233 2322 1287; x_wconf 90' lang='lat' dir='ltr'><strong>iste</strong></span> <span class='ocrx_word' id='word_1_612' title='bbox 2340 1242 2601 1288; x_wconf 84' lang='lat' dir='ltr'><strong>movetur.</strong></span> 
     </span>
    </p>
   </div>
   <div class='ocr_carea' id='block_1_86' title="bbox 2016 1301 3396 1374">
    <p class='ocr_par' dir='ltr' id='par_1_86' title="bbox 2016 1301 3396 1374">
     <span class='ocr_line' id='line_1_87' title="bbox 2016 1301 3396 1374; baseline 0.007 -17"><span class='ocrx_word' id='word_1_613' title='bbox 2016 1302 2242 1374; x_wconf 84' lang='lat' dir='ltr'><strong>CAPUT</strong></span> <span class='ocrx_word' id='word_1_614' title='bbox 2272 1301 2359 1374; x_wconf 65' lang='grc' dir='ltr'><strong>ιγ.</strong></span> <span class='ocrx_word' id='word_1_615' title='bbox 2388 1332 2460 1374; x_wconf 58' lang='grc' dir='ltr'><strong>-έ</strong></span> <span class='ocrx_word' id='word_1_616' title='bbox 2483 1301 2785 1374; x_wconf 76' lang='lat' dir='ltr'><strong>Conjunctas</strong></span> <span class='ocrx_word' id='word_1_617' title='bbox 2809 1309 3080 1363; x_wconf 75' lang='lat' dir='ltr'><strong>sententias</strong></span> <span class='ocrx_word' id='word_1_618' title='bbox 3107 1309 3396 1366; x_wconf 77' lang='lat' dir='ltr'><strong>subdividit.</strong></span> 
     </span>
    </p>
   </div>
   <div class='ocr_carea' id='block_1_87' title="bbox 1993 1371 3496 1450">
    <p class='ocr_par' dir='ltr' id='par_1_87' title="bbox 1993 1371 3496 1450">
     <span class='ocr_line' id='line_1_88' title="bbox 1993 1371 3496 1450; baseline 0.007 -24"><span class='ocrx_word' id='word_1_619' title='bbox 1993 1373 2088 1450; x_wconf 71' lang='lat' dir='ltr'><strong>_l~lis</strong></span> <span class='ocrx_word' id='word_1_620' title='bbox 2116 1371 2533 1450; x_wconf 77' lang='lat' dir='ltr'><strong>igitur_breviter</strong></span> <span class='ocrx_word' id='word_1_621' title='bbox 2556 1371 2882 1450; x_wconf 76' lang='lat' dir='ltr'><strong>constitutis,</strong></span> <span class='ocrx_word' id='word_1_622' title='bbox 2908 1379 3140 1449; x_wconf 79' lang='lat' dir='ltr'><strong>singulas</strong></span> <span class='ocrx_word' id='word_1_623' title='bbox 3167 1390 3344 1450; x_wconf 85' lang='lat' dir='ltr'><strong>partes</strong></span> <span class='ocrx_word' id='word_1_624' title='bbox 3367 1397 3496 1438; x_wconf 90' lang='lat' dir='ltr'><strong>con-</strong></span> 
     </span>
    </p>
   </div>
   <div class='ocr_carea' id='block_1_88' title="bbox 1920 1441 3498 1523">
    <p class='ocr_par' dir='ltr' id='par_1_88' title="bbox 1920 1441 3498 1523">
     <span class='ocr_line' id='line_1_89' title="bbox 1920 1441 3498 1523; baseline 0.006 -24"><span class='ocrx_word' id='word_1_625' title='bbox 1920 1441 2235 1523; x_wconf 67' lang='lat' dir='ltr'><strong>sideremus.</strong></span> <span class='ocrx_word' id='word_1_626' title='bbox 2272 1441 2409 1523; x_wconf 48' lang='lat' dir='ltr'><strong>ﬁam</strong></span> <span class='ocrx_word' id='word_1_627' title='bbox 2456 1453 2595 1523; x_wconf 85' lang='lat' dir='ltr'><strong>sunt_</strong></span> <span class='ocrx_word' id='word_1_628' title='bbox 2620 1445 2813 1523; x_wconf 66' lang='lat' dir='ltr'><strong>prima:</strong></span> <span class='ocrx_word' id='word_1_629' title='bbox 2847 1441 2964 1523; x_wconf 69' lang='lat' dir='ltr'><strong>dua:</strong></span> <span class='ocrx_word' id='word_1_630' title='bbox 2985 1441 3021 1513; x_wconf 67' lang='grc'><strong>,⁷</strong></span> <span class='ocrx_word' id='word_1_631' title='bbox 3041 1465 3143 1523; x_wconf 80' lang='lat' dir='ltr'><strong>una</strong></span> <span class='ocrx_word' id='word_1_632' title='bbox 3167 1441 3249 1523; x_wconf 60' lang='lat' dir='ltr'><strong>&#39;de</strong></span> <span class='ocrx_word' id='word_1_633' title='bbox 3269 1522 3274 1523; x_wconf 14' lang='grc' dir='ltr'><em>γ</em></span> <span class='ocrx_word' id='word_1_634' title='bbox 3292 1453 3356 1506; x_wconf 92' lang='lat' dir='ltr'><strong>iis</strong></span> <span class='ocrx_word' id='word_1_635' title='bbox 3379 1467 3498 1523; x_wconf 77' lang='lat' dir='ltr'><strong>qua:</strong></span> 
     </span>
    </p>
   </div>
   <div class='ocr_carea' id='block_1_89' title="bbox 1921 1513 3496 1590">
    <p class='ocr_par' dir='ltr' id='par_1_89' title="bbox 1921 1513 3496 1590">
     <span class='ocr_line' id='line_1_90' title="bbox 1921 1513 3496 1590; baseline 0.007 -22"><span class='ocrx_word' id='word_1_636' title='bbox 1921 1513 2520 1590; x_wconf 76' lang='lat' dir='ltr'><strong>simplicitcrdicuntur,</strong></span> <span class='ocrx_word' id='word_1_637' title='bbox 2545 1513 2641 1590; x_wconf 86' lang='lat' dir='ltr'><strong>ubi</strong></span> <span class='ocrx_word' id='word_1_638' title='bbox 2659 1525 2741 1570; x_wconf 88' lang='lat' dir='ltr'><strong>est</strong></span> <span class='ocrx_word' id='word_1_639' title='bbox 2764 1519 2910 1590; x_wconf 84' lang='lat' dir='ltr'><strong>quasi</strong></span> <span class='ocrx_word' id='word_1_640' title='bbox 2937 1519 3153 1590; x_wconf 81' lang='lat' dir='ltr'><strong>materia</strong></span> <span class='ocrx_word' id='word_1_641' title='bbox 3173 1513 3496 1590; x_wconf 66' lang='lat' dir='ltr'><strong>dialecticae;</strong></span> 
     </span>
    </p>
   </div>
   <div class='ocr_carea' id='block_1_90' title="bbox 1921 1584 3498 1664">
    <p class='ocr_par' dir='ltr' id='par_1_90' title="bbox 1921 1584 3498 1664">
     <span class='ocr_line' id='line_1_91' title="bbox 1921 1584 3498 1664; baseline 0.007 -27"><span class='ocrx_word' id='word_1_642' title='bbox 1921 1584 2086 1638; x_wconf 85' lang='lat' dir='ltr'><strong>altera</strong></span> <span class='ocrx_word' id='word_1_643' title='bbox 2116 1584 2183 1638; x_wconf 90' lang='lat' dir='ltr'><strong>de</strong></span> <span class='ocrx_word' id='word_1_644' title='bbox 2224 1584 2288 1664; x_wconf 88' lang='lat' dir='ltr'><strong>iis</strong></span> <span class='ocrx_word' id='word_1_645' title='bbox 2307 1599 2426 1664; x_wconf 75' lang='lat' dir='ltr'><strong>qua:</strong></span> <span class='ocrx_word' id='word_1_646' title='bbox 2467 1585 2752 1664; x_wconf 71' lang='lat' dir='ltr'><strong>conjuncta</strong></span> <span class='ocrx_word' id='word_1_647' title='bbox 2791 1587 3054 1664; x_wconf 73' lang='lat' dir='ltr'><strong>dicuntur,</strong></span> <span class='ocrx_word' id='word_1_648' title='bbox 3087 1589 3173 1643; x_wconf 92' lang='lat' dir='ltr'><strong>ubi</strong></span> <span class='ocrx_word' id='word_1_649' title='bbox 3207 1591 3320 1664; x_wconf 85' lang='lat' dir='ltr'><strong>jam</strong></span> <span class='ocrx_word' id='word_1_650' title='bbox 3347 1584 3498 1664; x_wconf 84' lang='lat' dir='ltr'><strong>quasi</strong></span> 
     </span>
    </p>
   </div>
   <div class='ocr_carea' id='block_1_91' title="bbox 1921 1653 3501 1732">
    <p class='ocr_par' dir='ltr' id='par_1_91' title="bbox 1921 1653 3501 1732">
     <span class='ocr_line' id='line_1_92' title="bbox 1921 1653 3501 1732; baseline 0.008 -25"><span class='ocrx_word' id='word_1_651' title='bbox 1921 1653 2557 1732; x_wconf 34' lang='lat' dir='ltr'><strong>opus_apparct.’Quze_de</strong></span> <span class='ocrx_word' id='word_1_652' title='bbox 2578 1655 2927 1732; x_wconf 85' lang='lat' dir='ltr'><strong>simplicibus,</strong></span> <span class='ocrx_word' id='word_1_653' title='bbox 2949 1653 3168 1732; x_wconf 83' lang='lat' dir='ltr'><strong>vocatur</strong></span> <span class='ocrx_word' id='word_1_654' title='bbox 3187 1653 3254 1715; x_wconf 80' lang='lat' dir='ltr'><strong>de</strong></span> <span class='ocrx_word' id='word_1_655' title='bbox 3281 1653 3501 1732; x_wconf 68' lang='lat' dir='ltr'><strong>loq&#39;uen-</strong></span> 
     </span>
    </p>
   </div>
   <div class='ocr_carea' id='block_1_92' title="bbox 1922 1723 3501 1799">
    <p class='ocr_par' dir='ltr' id='par_1_92' title="bbox 1922 1723 3501 1799">
     <span class='ocr_line' id='line_1_93' title="bbox 1922 1723 3501 1799; baseline 0.006 -21"><span class='ocrx_word' id='word_1_656' title='bbox 1922 1723 2128 1799; x_wconf 28' lang='lat' dir='ltr'><strong>d_o_.‘llla</strong></span> <span class='ocrx_word' id='word_1_657' title='bbox 2156 1738 2283 1799; x_wconf 89' lang='lat' dir='ltr'><strong>v_ero</strong></span> <span class='ocrx_word' id='word_1_658' title='bbox 2307 1740 2427 1794; x_wconf 59' lang='lat' dir='ltr'><strong>qua;</strong></span> <span class='ocrx_word' id='word_1_659' title='bbox 2455 1724 2521 1778; x_wconf 91' lang='lat' dir='ltr'><strong>de</strong></span> <span class='ocrx_word' id='word_1_660' title='bbox 2539 1723 2847 1799; x_wconf 74' lang='lat' dir='ltr'><strong>conjunctis</strong></span> <span class='ocrx_word' id='word_1_661' title='bbox 2871 1736 2974 1795; x_wconf 92' lang='lat' dir='ltr'><strong>est,</strong></span> <span class='ocrx_word' id='word_1_662' title='bbox 3005 1728 3057 1782; x_wconf 90' lang='lat' dir='ltr'><strong>in</strong></span> <span class='ocrx_word' id='word_1_663' title='bbox 3085 1737 3193 1783; x_wconf 90' lang='lat' dir='ltr'><strong>trcs</strong></span> <span class='ocrx_word' id='word_1_664' title='bbox 3223 1723 3398 1799; x_wconf 75' lang='lat' dir='ltr'><strong>partes</strong></span> <span class='ocrx_word' id='word_1_665' title='bbox 3421 1734 3501 1788; x_wconf 87' lang='lat' dir='ltr'><strong>di-</strong></span> 
     </span>
    </p>
   </div>
   <div class='ocr_carea' id='block_1_93' title="bbox 1922 1793 3501 1872">
    <p class='ocr_par' dir='ltr' id='par_1_93' title="bbox 1922 1793 3501 1872">
     <span class='ocr_line' id='line_1_94' title="bbox 1922 1793 3501 1872; baseline 0.008 -26"><span class='ocrx_word' id='word_1_666' title='bbox 1922 1794 2137 1872; x_wconf 82' lang='lat' dir='ltr'><strong>viditur.</strong></span> <span class='ocrx_word' id='word_1_667' title='bbox 2163 1793 2426 1872; x_wconf 77' lang='lat' dir='ltr'><strong>Separata</strong></span> <span class='ocrx_word' id='word_1_668' title='bbox 2463 1793 3020 1872; x_wconf 39' lang='lat' dir='ltr'><strong>enimnconjunctioue</strong></span> <span class='ocrx_word' id='word_1_669' title='bbox 3064 1793 3345 1872; x_wconf 76' lang='lat' dir='ltr'><strong>verborum</strong></span> <span class='ocrx_word' id='word_1_670' title='bbox 3383 1818 3501 1872; x_wconf 68' lang='lat' dir='ltr'><strong>quae</strong></span> 
     </span>
    </p>
   </div>
   <div class='ocr_carea' id='block_1_94' title="bbox 1922 1863 3499 1940">
    <p class='ocr_par' dir='ltr' id='par_1_94' title="bbox 1922 1863 3499 1940">
     <span class='ocr_line' id='line_1_95' title="bbox 1922 1863 3499 1940; baseline 0.006 -22"><span class='ocrx_word' id='word_1_671' title='bbox 1922 1881 2028 1918; x_wconf 88' lang='lat' dir='ltr'><strong>non</strong></span> <span class='ocrx_word' id='word_1_672' title='bbox 2051 1863 2233 1940; x_wconf 85' lang='lat' dir='ltr'><strong>implet</strong></span> <span class='ocrx_word' id='word_1_673' title='bbox 2247 1865 2588 1940; x_wconf 73' lang='lat' dir='ltr'><strong>sententiam,</strong></span> <span class='ocrx_word' id='word_1_674' title='bbox 2610 1866 2693 1940; x_wconf 87' lang='lat' dir='ltr'><strong>illa</strong></span> <span class='ocrx_word' id='word_1_675' title='bbox 2713 1863 2833 1938; x_wconf 65' lang='lat' dir='ltr'><strong>quae</strong></span> <span class='ocrx_word' id='word_1_676' title='bbox 2850 1868 3138 1940; x_wconf 77' lang='lat' dir='ltr'><strong>sicimplet</strong></span> <span class='ocrx_word' id='word_1_677' title='bbox 3162 1863 3499 1940; x_wconf 77' lang='lat' dir='ltr'><strong>sententiam,</strong></span> 
     </span>
    </p>
   </div>
   <div class='ocr_carea' id='block_1_95' title="bbox 1924 1933 3498 2013">
    <p class='ocr_par' dir='ltr' id='par_1_95' title="bbox 1924 1933 3498 2013">
     <span class='ocr_line' id='line_1_96' title="bbox 1924 1933 3498 2013; baseline 0.007 -26"><span class='ocrx_word' id='word_1_678' title='bbox 1924 1945 1980 1987; x_wconf 90' lang='lat' dir='ltr'><strong>ut</strong></span> <span class='ocrx_word' id='word_1_679' title='bbox 2000 1935 2233 2013; x_wconf 87' lang='lat' dir='ltr'><strong>nondum</strong></span> <span class='ocrx_word' id='word_1_680' title='bbox 2254 1933 2798 2013; x_wconf 67' lang='lat' dir='ltr'><strong>faciatquzestiuneui</strong></span> <span class='ocrx_word' id='word_1_681' title='bbox 2811 1938 2892 1992; x_wconf 83' lang='lat' dir='ltr'><strong>vel</strong></span> <span class='ocrx_word' id='word_1_682' title='bbox 2917 1933 3299 2013; x_wconf 81' lang='lat' dir='ltr'><strong>disputatorem</strong></span> <span class='ocrx_word' id='word_1_683' title='bbox 3321 1933 3498 2013; x_wconf 52' lang='lat' dir='ltr'><strong>requi;</strong></span> 
     </span>
    </p>
   </div>
   <div class='ocr_carea' id='block_1_96' title="bbox 1923 2004 3505 2081">
    <p class='ocr_par' dir='ltr' id='par_1_96' title="bbox 1923 2004 3505 2081">
     <span class='ocr_line' id='line_1_97' title="bbox 1923 2004 3505 2081; baseline 0.007 -24"><span class='ocrx_word' id='word_1_684' title='bbox 1923 2012 2026 2069; x_wconf 85' lang='lat' dir='ltr'><strong>rat,</strong></span> <span class='ocrx_word' id='word_1_685' title='bbox 2056 2012 2275 2058; x_wconf 88' lang='lat' dir='ltr'><strong>vocatur</strong></span> <span class='ocrx_word' id='word_1_686' title='bbox 2296 2004 2364 2081; x_wconf 81' lang='lat' dir='ltr'><strong>de</strong></span> <span class='ocrx_word' id='word_1_687' title='bbox 2393 2005 2722 2081; x_wconf 64' lang='lat' dir='ltr'><strong>eloqueudm</strong></span> <span class='ocrx_word' id='word_1_688' title='bbox 2745 2007 2853 2081; x_wconf 38' lang='lat' dir='ltr'><strong>Illa~</strong></span> <span class='ocrx_word' id='word_1_689' title='bbox 2875 2004 3018 2081; x_wconf 72' lang='lat' dir='ltr'><strong>vero</strong></span> <span class='ocrx_word' id='word_1_690' title='bbox 3040 2025 3160 2081; x_wconf 67' lang='lat' dir='ltr'><strong>qua:</strong></span> <span class='ocrx_word' id='word_1_691' title='bbox 3201 2011 3280 2066; x_wconf 88' lang='lat' dir='ltr'><strong>sic</strong></span> <span class='ocrx_word' id='word_1_692' title='bbox 3321 2004 3505 2081; x_wconf 76' lang='lat' dir='ltr'><strong>implet</strong></span> 
     </span>
    </p>
   </div>
   <div class='ocr_carea' id='block_1_97' title="bbox 1923 2074 3501 2148">
    <p class='ocr_par' dir='ltr' id='par_1_97' title="bbox 1923 2074 3501 2148">
     <span class='ocr_line' id='line_1_98' title="bbox 1923 2074 3501 2148; baseline 0.008 -21"><span class='ocrx_word' id='word_1_693' title='bbox 1923 2088 2136 2148; x_wconf 84' lang='lat' dir='ltr'><strong>sensum</strong></span> <span class='ocrx_word' id='word_1_694' title='bbox 2159 2115 2173 2138; x_wconf 93' lang='lat'><strong>,</strong></span> <span class='ocrx_word' id='word_1_695' title='bbox 2205 2082 2262 2148; x_wconf 86' lang='lat' dir='ltr'><strong>ut</strong></span> <span class='ocrx_word' id='word_1_696' title='bbox 2284 2074 2351 2130; x_wconf 90' lang='lat' dir='ltr'><strong>de</strong></span> <span class='ocrx_word' id='word_1_697' title='bbox 2379 2074 2656 2148; x_wconf 83' lang='lat' dir='ltr'><strong>sententiis</strong></span> <span class='ocrx_word' id='word_1_698' title='bbox 2682 2078 3011 2146; x_wconf 91' lang='lat' dir='ltr'><strong>simplicibus</strong></span> <span class='ocrx_word' id='word_1_699' title='bbox 3029 2074 3315 2148; x_wconf 79' lang='lat' dir='ltr'><strong>judicetur,</strong></span> <span class='ocrx_word' id='word_1_700' title='bbox 3340 2074 3501 2138; x_wconf 79' lang='lat' dir='ltr'><strong>voca-</strong></span> 
     </span>
    </p>
   </div>
   <div class='ocr_carea' id='block_1_98' title="bbox 1925 2144 3504 2218">
    <p class='ocr_par' dir='ltr' id='par_1_98' title="bbox 1925 2144 3504 2218">
     <span class='ocr_line' id='line_1_99' title="bbox 1925 2144 3504 2218; baseline 0.008 -21"><span class='ocrx_word' id='word_1_701' title='bbox 1925 2153 2011 2198; x_wconf 90' lang='lat' dir='ltr'><strong>tur</strong></span> <span class='ocrx_word' id='word_1_702' title='bbox 2037 2144 2105 2218; x_wconf 86' lang='lat' dir='ltr'><strong>de</strong></span> <span class='ocrx_word' id='word_1_703' title='bbox 2133 2145 2515 2218; x_wconf 84' lang='lat' dir='ltr'><strong>proloquendo.</strong></span> <span class='ocrx_word' id='word_1_704' title='bbox 2549 2146 2641 2218; x_wconf 74' lang='lat' dir='ltr'><strong>illa</strong></span> <span class='ocrx_word' id='word_1_705' title='bbox 2669 2144 2802 2214; x_wconf 58' lang='lat' dir='ltr'><strong>quai</strong></span> <span class='ocrx_word' id='word_1_706' title='bbox 2823 2148 2901 2202; x_wconf 90' lang='lat' dir='ltr'><strong>sic</strong></span> <span class='ocrx_word' id='word_1_707' title='bbox 2939 2144 3342 2218; x_wconf 82' lang='lat' dir='ltr'><strong>comprehendit</strong></span> <span class='ocrx_word' id='word_1_708' title='bbox 3385 2169 3504 2209; x_wconf 80' lang='lat' dir='ltr'><strong>sen-</strong></span> 
     </span>
    </p>
   </div>
   <div class='ocr_carea' id='block_1_99' title="bbox 1925 2215 3506 2288">
    <p class='ocr_par' dir='ltr' id='par_1_99' title="bbox 1925 2215 3506 2288">
     <span class='ocr_line' id='line_1_100' title="bbox 1925 2215 3506 2288; baseline 0.008 -21"><span class='ocrx_word' id='word_1_709' title='bbox 1925 2216 2166 2288; x_wconf 88' lang='lat' dir='ltr'><strong>tentiam,</strong></span> <span class='ocrx_word' id='word_1_710' title='bbox 2190 2225 2245 2268; x_wconf 92' lang='lat' dir='ltr'><strong>ut</strong></span> <span class='ocrx_word' id='word_1_711' title='bbox 2264 2215 2331 2270; x_wconf 91' lang='lat' dir='ltr'><strong>de</strong></span> <span class='ocrx_word' id='word_1_712' title='bbox 2357 2216 2469 2284; x_wconf 90' lang='lat' dir='ltr'><strong>ipsa</strong></span> <span class='ocrx_word' id='word_1_713' title='bbox 2493 2216 2652 2270; x_wconf 88' lang='lat' dir='ltr'><strong>etiam</strong></span> <span class='ocrx_word' id='word_1_714' title='bbox 2674 2218 3008 2287; x_wconf 89' lang='lat' dir='ltr'><strong>copulatione</strong></span> <span class='ocrx_word' id='word_1_715' title='bbox 3025 2215 3311 2288; x_wconf 77' lang='lat' dir='ltr'><strong>jtidicetur,</strong></span> <span class='ocrx_word' id='word_1_716' title='bbox 3335 2223 3506 2279; x_wconf 89' lang='lat' dir='ltr'><strong>donec</strong></span> 
     </span>
    </p>
   </div>
   <div class='ocr_carea' id='block_1_100' title="bbox 1924 2285 3506 2364">
    <p class='ocr_par' dir='ltr' id='par_1_100' title="bbox 1924 2285 3506 2364">
     <span class='ocr_line' id='line_1_101' title="bbox 1924 2285 3506 2364; baseline 0.007 -26"><span class='ocrx_word' id='word_1_717' title='bbox 1924 2285 2268 2364; x_wconf 70' lang='lat' dir='ltr'><strong>perveniatur</strong></span> <span class='ocrx_word' id='word_1_718' title='bbox 2314 2288 2380 2340; x_wconf 88' lang='lat' dir='ltr'><strong>ad</strong></span> <span class='ocrx_word' id='word_1_719' title='bbox 2427 2301 2710 2364; x_wconf 83' lang='lat' dir='ltr'><strong>summam,</strong></span> <span class='ocrx_word' id='word_1_720' title='bbox 2741 2285 2962 2343; x_wconf 70' lang='lat' dir='ltr'><strong>vocatur</strong></span> <span class='ocrx_word' id='word_1_721' title='bbox 2997 2285 3075 2364; x_wconf 49' lang='lat' dir='ltr'><strong>d:e_</strong></span> <span class='ocrx_word' id='word_1_722' title='bbox 3107 2285 3506 2364; x_wconf 86' lang='lat' dir='ltr'><strong>proloquiorum</strong></span> 
     </span>
    </p>
   </div>
   <div class='ocr_carea' id='block_1_101' title="bbox 1923 2355 3504 2434">
    <p class='ocr_par' dir='ltr' id='par_1_101' title="bbox 1923 2355 3504 2434">
     <span class='ocr_line' id='line_1_102' title="bbox 1923 2355 3504 2434; baseline 0.008 -27"><span class='ocrx_word' id='word_1_723' title='bbox 1923 2370 2150 2409; x_wconf 90' lang='lat' dir='ltr'><strong>summa.</strong></span> <span class='ocrx_word' id='word_1_724' title='bbox 2186 2355 2292 2409; x_wconf 87' lang='lat' dir='ltr'><strong>Has</strong></span> <span class='ocrx_word' id='word_1_725' title='bbox 2332 2370 2461 2427; x_wconf 73' lang='lat' dir='ltr'><strong>ergo</strong></span> <span class='ocrx_word' id='word_1_726' title='bbox 2497 2358 2730 2427; x_wconf 77' lang='lat' dir='ltr'><strong>singulas</strong></span> <span class='ocrx_word' id='word_1_727' title='bbox 2768 2368 2944 2428; x_wconf 88' lang='lat' dir='ltr'><strong>partes</strong></span> <span class='ocrx_word' id='word_1_728' title='bbox 2987 2355 3296 2432; x_wconf 73' lang='lat' dir='ltr'><strong>diligentius</strong></span> <span class='ocrx_word' id='word_1_729' title='bbox 3334 2365 3504 2434; x_wconf 81' lang='lat' dir='ltr'><strong>expli-</strong></span> 
     </span>
    </p>
   </div>
   <div class='ocr_carea' id='block_1_102' title="bbox 1924 2439 2124 2479">
    <p class='ocr_par' dir='ltr' id='par_1_102' title="bbox 1924 2439 2124 2479">
     <span class='ocr_line' id='line_1_103' title="bbox 1924 2439 2124 2479; baseline -0.005 0"><span class='ocrx_word' id='word_1_730' title='bbox 1924 2439 2124 2479; x_wconf 87' lang='lat' dir='ltr'><strong>cemus.</strong></span> 
     </span>
    </p>
   </div>
   <div class='ocr_carea' id='block_1_103' title="bbox 1924 2494 3506 2572">
    <p class='ocr_par' dir='ltr' id='par_1_103' title="bbox 1924 2494 3506 2572">
     <span class='ocr_line' id='line_1_104' title="bbox 1924 2494 3506 2572; baseline 0.007 -24"><span class='ocrx_word' id='word_1_731' title='bbox 1924 2495 2148 2572; x_wconf 48' lang='lat' dir='ltr'><strong>CAifUil‘</strong></span> <span class='ocrx_word' id='word_1_732' title='bbox 2276 2525 2348 2536; x_wconf 93' lang='lat'><strong>--</strong></span> <span class='ocrx_word' id='word_1_733' title='bbox 2381 2496 2648 2572; x_wconf 79' lang='lat' dir='ltr'><strong>Quomodo</strong></span> <span class='ocrx_word' id='word_1_734' title='bbox 2673 2498 2942 2572; x_wconf 11' lang='lat' dir='ltr'><strong>deurebus,</strong></span> <span class='ocrx_word' id='word_1_735' title='bbox 2970 2501 3162 2572; x_wconf 58' lang='lat' dir='ltr'><strong>uerbis,</strong></span> <span class='ocrx_word' id='word_1_736' title='bbox 3193 2503 3506 2572; x_wconf 79' lang='lat' dir='ltr'><strong>dicibilibus,</strong></span> 
     </span>
    </p>
   </div>
   <div class='ocr_carea' id='block_1_104' title="bbox 1996 2566 3504 2688">
    <p class='ocr_par' dir='ltr' id='par_1_104' title="bbox 1996 2566 3504 2688">
     <span class='ocr_line' id='line_1_105' title="bbox 1996 2566 3504 2688; baseline 0.009 -71"><span class='ocrx_word' id='word_1_737' title='bbox 1996 2566 2314 2688; x_wconf 51' lang='lat' dir='ltr'><strong>dicéiouibus,</strong></span> <span class='ocrx_word' id='word_1_738' title='bbox 2343 2576 2580 2622; x_wconf 77' lang='lat' dir='ltr'><strong>tractetur</strong></span> <span class='ocrx_word' id='word_1_739' title='bbox 2631 2569 2684 2623; x_wconf 80' lang='lat' dir='ltr'><strong>in</strong></span> <span class='ocrx_word' id='word_1_740' title='bbox 2737 2570 2918 2640; x_wconf 83' lang='lat' dir='ltr'><strong>toyica.</strong></span> <span class='ocrx_word' id='word_1_741' title='bbox 2959 2566 3217 2638; x_wconf 65' lang='lat' dir='ltr'><strong>Differam</strong></span> <span class='ocrx_word' id='word_1_742' title='bbox 3261 2566 3504 2641; x_wconf 59' lang='lat' dir='ltr'><strong>dicibile;</strong></span> 
     </span>
     <span class='ocr_line' id='line_1_106' title="bbox 1997 2651 2238 2688; baseline 0 0"><span class='ocrx_word' id='word_1_743' title='bbox 1997 2651 2024 2688; x_wconf 88' lang='lat' dir='ltr'><strong>e</strong></span> <span class='ocrx_word' id='word_1_744' title='bbox 2105 2653 2238 2688; x_wconf 73' lang='grc' dir='ltr'><strong>κιο.</strong></span> 
     </span>
    </p>
   </div>
   <div class='ocr_carea' id='block_1_105' title="bbox 1997 2637 2238 2690">
    <p class='ocr_par' dir='ltr' id='par_1_105' title="bbox 1997 2637 2238 2690">
     <span class='ocr_line' id='line_1_107' title="bbox 1997 2637 2238 2690; baseline -0.004 -1"><span class='ocrx_word' id='word_1_745' title='bbox 1997 2645 2042 2689; x_wconf 86' lang='lat' dir='ltr'><strong>et</strong></span> <span class='ocrx_word' id='word_1_746' title='bbox 2069 2637 2238 2690; x_wconf 80' lang='lat' dir='ltr'><strong>dictio.</strong></span> 
     </span>
    </p>
   </div>
   <div class='ocr_carea' id='block_1_106' title="bbox 1999 2705 3508 2782">
    <p class='ocr_par' dir='ltr' id='par_1_106' title="bbox 1999 2705 3508 2782">
     <span class='ocr_line' id='line_1_108' title="bbox 1999 2705 3508 2782; baseline 0.007 -22"><span class='ocrx_word' id='word_1_747' title='bbox 1999 2705 2230 2760; x_wconf 82' lang='lat' dir='ltr'><strong>Verbum</strong></span> <span class='ocrx_word' id='word_1_748' title='bbox 2255 2715 2338 2782; x_wconf 77' lang='lat' dir='ltr'><strong>est</strong></span> <span class='ocrx_word' id='word_1_749' title='bbox 2361 2708 2771 2782; x_wconf 81' lang='lat' dir='ltr'><strong>uniuscujusque</strong></span> <span class='ocrx_word' id='word_1_750' title='bbox 2797 2711 2874 2766; x_wconf 89' lang='lat' dir='ltr'><strong>rei</strong></span> <span class='ocrx_word' id='word_1_751' title='bbox 2905 2712 3133 2782; x_wconf 78' lang='lat' dir='ltr'><strong>signum,</strong></span> <span class='ocrx_word' id='word_1_752' title='bbox 3157 2715 3295 2782; x_wconf 88' lang='lat' dir='ltr'><strong>quod</strong></span> <span class='ocrx_word' id='word_1_753' title='bbox 3325 2715 3393 2770; x_wconf 89' lang='lat' dir='ltr'><strong>ab</strong></span> <span class='ocrx_word' id='word_1_754' title='bbox 3413 2731 3508 2770; x_wconf 90' lang='lat' dir='ltr'><strong>au-</strong></span> 
     </span>
    </p>
   </div>
   <div class='ocr_carea' id='block_1_107' title="bbox 1926 2775 3509 2852">
    <p class='ocr_par' dir='ltr' id='par_1_107' title="bbox 1926 2775 3509 2852">
     <span class='ocr_line' id='line_1_109' title="bbox 1926 2775 3509 2852; baseline 0.008 -22"><span class='ocrx_word' id='word_1_755' title='bbox 1926 2775 2104 2852; x_wconf 76' lang='lat' dir='ltr'><strong>diente</strong></span> <span class='ocrx_word' id='word_1_756' title='bbox 2132 2775 2620 2852; x_wconf 46' lang='lat' dir='ltr'><strong>possituintelligi&#39;,</strong></span> <span class='ocrx_word' id='word_1_757' title='bbox 2639 2775 3266 2852; x_wconf 10' lang='lat' dir='ltr'><strong>ia&#39;loqucnte&#39;prolatum.</strong></span> <span class='ocrx_word' id='word_1_758' title='bbox 3298 2787 3399 2840; x_wconf 67' lang='lat' dir='ltr'><strong>lies</strong></span> <span class='ocrx_word' id='word_1_759' title='bbox 3426 2799 3509 2841; x_wconf 91' lang='lat' dir='ltr'><strong>est</strong></span> 
     </span>
    </p>
   </div>
   <div class='ocr_carea' id='block_1_108' title="bbox 1928 2847 3510 2927">
    <p class='ocr_par' dir='ltr' id='par_1_108' title="bbox 1928 2847 3510 2927">
     <span class='ocr_line' id='line_1_110' title="bbox 1928 2847 3510 2927; baseline 0.009 -29"><span class='ocrx_word' id='word_1_760' title='bbox 1928 2847 2182 2927; x_wconf 76' lang='lat' dir='ltr'><strong>quidquid</strong></span> <span class='ocrx_word' id='word_1_761' title='bbox 2222 2847 2650 2927; x_wconf 28' lang='lat' dir='ltr'><strong>ittteiligitur’vel</strong></span> <span class='ocrx_word' id='word_1_762' title='bbox 2694 2847 3028 2927; x_wconf 75' lang='lat' dir='ltr'><strong>sentiturvel</strong></span> <span class='ocrx_word' id='word_1_763' title='bbox 3061 2855 3204 2927; x_wconf 78' lang='lat' dir='ltr'><strong>latet.</strong></span> <span class='ocrx_word' id='word_1_764' title='bbox 3236 2855 3510 2927; x_wconf 84' lang='lat' dir='ltr'><strong>[Sciuntur</strong></span> 
     </span>
    </p>
   </div>
   <div class='ocr_carea' id='block_1_109' title="bbox 1929 2918 3510 2991">
    <p class='ocr_par' dir='ltr' id='par_1_109' title="bbox 1929 2918 3510 2991">
     <span class='ocr_line' id='line_1_111' title="bbox 1929 2918 3510 2991; baseline 0.009 -23"><span class='ocrx_word' id='word_1_765' title='bbox 1929 2918 2439 2991; x_wconf 34' lang='lat' dir='ltr'><strong>eniuucorpomlia’,</strong></span> <span class='ocrx_word' id='word_1_766' title='bbox 2469 2921 2836 2990; x_wconf 81' lang='lat' dir='ltr'><strong>intelliguntur</strong></span> <span class='ocrx_word' id='word_1_767' title='bbox 2873 2923 3195 2991; x_wconf 89' lang='lat' dir='ltr'><strong>spiritualia;</strong></span> <span class='ocrx_word' id='word_1_768' title='bbox 3225 2918 3352 2982; x_wconf 72' lang='lat' dir='ltr'><strong>latet</strong></span> <span class='ocrx_word' id='word_1_769' title='bbox 3381 2943 3510 2982; x_wconf 89' lang='lat' dir='ltr'><strong>vero</strong></span> 
     </span>
    </p>
   </div>
   <div class='ocr_carea' id='block_1_110' title="bbox 1930 2987 3511 3067">
    <p class='ocr_par' dir='ltr' id='par_1_110' title="bbox 1930 2987 3511 3067">
     <span class='ocr_line' id='line_1_112' title="bbox 1930 2987 3511 3067; baseline 0.008 -27"><span class='ocrx_word' id='word_1_770' title='bbox 1930 2987 2044 3055; x_wconf 91' lang='lat' dir='ltr'><strong>ipse</strong></span> <span class='ocrx_word' id='word_1_771' title='bbox 2076 2989 2216 3043; x_wconf 90' lang='lat' dir='ltr'><strong>Deus</strong></span> <span class='ocrx_word' id='word_1_772' title='bbox 2235 3030 2248 3051; x_wconf 97' lang='lat'><strong>,</strong></span> <span class='ocrx_word' id='word_1_773' title='bbox 2281 2997 2335 3044; x_wconf 93' lang='lat' dir='ltr'><strong>et</strong></span> <span class='ocrx_word' id='word_1_774' title='bbox 2361 2988 2602 3067; x_wconf 73' lang='lat' dir='ltr'><strong>informis</strong></span> <span class='ocrx_word' id='word_1_775' title='bbox 2629 2987 2866 3067; x_wconf 73' lang='lat' dir='ltr'><strong>materia.</strong></span> <span class='ocrx_word' id='word_1_776' title='bbox 2893 2987 3033 3050; x_wconf 87' lang='lat' dir='ltr'><strong>Deus</strong></span> <span class='ocrx_word' id='word_1_777' title='bbox 3057 3004 3139 3048; x_wconf 87' lang='lat' dir='ltr'><strong>cst</strong></span> <span class='ocrx_word' id='word_1_778' title='bbox 3167 2987 3310 3066; x_wconf 86' lang='lat' dir='ltr'><strong>quod</strong></span> <span class='ocrx_word' id='word_1_779' title='bbox 3338 3013 3511 3067; x_wconf 88' lang='lat' dir='ltr'><strong>neque</strong></span> 
     </span>
    </p>
   </div>
   <div class='ocr_carea' id='block_1_111' title="bbox 1931 3061 3513 3134">
    <p class='ocr_par' dir='ltr' id='par_1_111' title="bbox 1931 3061 3513 3134">
     <span class='ocr_line' id='line_1_113' title="bbox 1931 3061 3513 3134; baseline 0.008 -25"><span class='ocrx_word' id='word_1_780' title='bbox 1931 3071 2123 3134; x_wconf 80' lang='lat' dir='ltr'><strong>corpus</strong></span> <span class='ocrx_word' id='word_1_781' title='bbox 2151 3067 2252 3124; x_wconf 88' lang='lat' dir='ltr'><strong>est,</strong></span> <span class='ocrx_word' id='word_1_782' title='bbox 2280 3075 2452 3129; x_wconf 86' lang='lat' dir='ltr'><strong>neque</strong></span> <span class='ocrx_word' id='word_1_783' title='bbox 2469 3061 2664 3134; x_wconf 80' lang='lat' dir='ltr'><strong>animal</strong></span> <span class='ocrx_word' id='word_1_784' title='bbox 2691 3070 2792 3134; x_wconf 86' lang='lat' dir='ltr'><strong>est,</strong></span> <span class='ocrx_word' id='word_1_785' title='bbox 2816 3079 2987 3134; x_wconf 86' lang='lat' dir='ltr'><strong>neque</strong></span> <span class='ocrx_word' id='word_1_786' title='bbox 3007 3061 3200 3120; x_wconf 78' lang='lat' dir='ltr'><strong>sensus</strong></span> <span class='ocrx_word' id='word_1_787' title='bbox 3217 3076 3320 3132; x_wconf 91' lang='lat' dir='ltr'><strong>est,</strong></span> <span class='ocrx_word' id='word_1_788' title='bbox 3339 3061 3513 3133; x_wconf 73' lang='lat' dir='ltr'><strong>“ch8</strong></span> 
     </span>
    </p>
   </div>
   <div class='ocr_carea' id='block_1_112' title="bbox 1932 3127 3506 3207">
    <p class='ocr_par' dir='ltr' id='par_1_112' title="bbox 1932 3127 3506 3207">
     <span class='ocr_line' id='line_1_114' title="bbox 1932 3127 3506 3207; baseline 0.007 -28"><span class='ocrx_word' id='word_1_789' title='bbox 1932 3127 2232 3207; x_wconf 68' lang='lat' dir='ltr'><strong>intellectus</strong></span> <span class='ocrx_word' id='word_1_790' title='bbox 2259 3127 2556 3207; x_wconf 30' lang='lat' dir='ltr'><strong>est,‘ncque</strong></span> <span class='ocrx_word' id='word_1_791' title='bbox 2583 3132 2779 3207; x_wconf 83' lang='lat' dir='ltr'><strong>aliquid</strong></span> <span class='ocrx_word' id='word_1_792' title='bbox 2790 3203 2801 3207; x_wconf 87' lang='lat'>_</span> <span class='ocrx_word' id='word_1_793' title='bbox 2811 3127 2956 3207; x_wconf 76' lang='lat' dir='ltr'><strong>quod</strong></span> <span class='ocrx_word' id='word_1_794' title='bbox 2993 3137 3280 3207; x_wconf 67' lang='lat' dir='ltr'><strong>excogitari</strong></span> <span class='ocrx_word' id='word_1_795' title='bbox 3309 3127 3506 3207; x_wconf 81' lang='lat' dir='ltr'><strong>potest.</strong></span> 
     </span>
    </p>
   </div>
   <div class='ocr_carea' id='block_1_113' title="bbox 1932 3195 3509 3272">
    <p class='ocr_par' dir='ltr' id='par_1_113' title="bbox 1932 3195 3509 3272">
     <span class='ocr_line' id='line_1_115' title="bbox 1932 3195 3509 3272; baseline 0.009 -23"><span class='ocrx_word' id='word_1_796' title='bbox 1932 3195 2178 3252; x_wconf 84' lang='lat' dir='ltr'><strong>Informis</strong></span> <span class='ocrx_word' id='word_1_797' title='bbox 2212 3201 2432 3272; x_wconf 80' lang='lat' dir='ltr'><strong>materia</strong></span> <span class='ocrx_word' id='word_1_798' title='bbox 2468 3195 2550 3255; x_wconf 83' lang='lat' dir='ltr'><strong>cst</strong></span> <span class='ocrx_word' id='word_1_799' title='bbox 2586 3195 2911 3258; x_wconf 43' lang='lat' dir='ltr'><strong>Inu&#39;tabilitas</strong></span> <span class='ocrx_word' id='word_1_800' title='bbox 2944 3195 3274 3261; x_wconf 87' lang='lat' dir='ltr'><strong>mutabilium</strong></span> <span class='ocrx_word' id='word_1_801' title='bbox 3309 3195 3509 3272; x_wconf 74' lang='lat' dir='ltr'><strong>rerum,</strong></span> 
     </span>
    </p>
   </div>
   <div class='ocr_carea' id='block_1_114' title="bbox 1933 3271 3511 3347">
    <p class='ocr_par' dir='ltr' id='par_1_114' title="bbox 1933 3271 3511 3347">
     <span class='ocr_line' id='line_1_116' title="bbox 1933 3271 3511 3347; baseline 0.008 -27"><span class='ocrx_word' id='word_1_802' title='bbox 1933 3282 2094 3347; x_wconf 76' lang='lat' dir='ltr'><strong>capax</strong></span> <span class='ocrx_word' id='word_1_803' title='bbox 2123 3271 2358 3347; x_wconf 80' lang='lat' dir='ltr'><strong>omnium</strong></span> <span class='ocrx_word' id='word_1_804' title='bbox 2390 3271 2675 3326; x_wconf 84' lang='lat' dir='ltr'><strong>formarum</strong></span> <span class='ocrx_word' id='word_1_805' title='bbox 2700 3272 2764 3344; x_wconf 74' lang='grc'><strong>⁸.]</strong></span> <span class='ocrx_word' id='word_1_806' title='bbox 2787 3273 3006 3347; x_wconf 75' lang='lat' dir='ltr'><strong>Signum</strong></span> <span class='ocrx_word' id='word_1_807' title='bbox 3037 3287 3120 3330; x_wconf 92' lang='lat' dir='ltr'><strong>est</strong></span> <span class='ocrx_word' id='word_1_808' title='bbox 3146 3287 3202 3332; x_wconf 88' lang='lat' dir='ltr'><strong>et</strong></span> <span class='ocrx_word' id='word_1_809' title='bbox 3238 3279 3378 3347; x_wconf 90' lang='lat' dir='ltr'><strong>quod</strong></span> <span class='ocrx_word' id='word_1_810' title='bbox 3421 3271 3511 3334; x_wconf 57' lang='lat' dir='ltr'><strong>seé</strong></span> 
     </span>
    </p>
   </div>
   <div class='ocr_carea' id='block_1_115' title="bbox 1932 3338 3510 3414">
    <p class='ocr_par' dir='ltr' id='par_1_115' title="bbox 1932 3338 3510 3414">
     <span class='ocr_line' id='line_1_117' title="bbox 1932 3338 3510 3414; baseline 0.008 -23"><span class='ocrx_word' id='word_1_811' title='bbox 1932 3338 2104 3414; x_wconf 77' lang='lat' dir='ltr'><strong>ipsum</strong></span> <span class='ocrx_word' id='word_1_812' title='bbox 2147 3341 2354 3414; x_wconf 87' lang='lat' dir='ltr'><strong>sensui,</strong></span> <span class='ocrx_word' id='word_1_813' title='bbox 2394 3351 2449 3414; x_wconf 82' lang='lat' dir='ltr'><strong>et</strong></span> <span class='ocrx_word' id='word_1_814' title='bbox 2481 3351 2673 3409; x_wconf 80' lang='lat' dir='ltr'><strong>praeter</strong></span> <span class='ocrx_word' id='word_1_815' title='bbox 2706 3338 2767 3414; x_wconf 73' lang='lat' dir='ltr'><strong>se</strong></span> <span class='ocrx_word' id='word_1_816' title='bbox 2803 3338 3000 3414; x_wconf 73' lang='lat' dir='ltr'><strong>aliquid</strong></span> <span class='ocrx_word' id='word_1_817' title='bbox 3037 3347 3214 3400; x_wconf 91' lang='lat' dir='ltr'><strong>animo</strong></span> <span class='ocrx_word' id='word_1_818' title='bbox 3256 3338 3510 3404; x_wconf 78' lang='lat' dir='ltr'><strong>ostendit.</strong></span> 
     </span>
    </p>
   </div>
   <div class='ocr_carea' id='block_1_116' title="bbox 1934 3407 3515 3484">
    <p class='ocr_par' dir='ltr' id='par_1_116' title="bbox 1934 3407 3515 3484">
     <span class='ocr_line' id='line_1_118' title="bbox 1934 3407 3515 3484; baseline 0.008 -22"><span class='ocrx_word' id='word_1_819' title='bbox 1934 3407 2111 3484; x_wconf 85' lang='lat' dir='ltr'><strong>Loqui</strong></span> <span class='ocrx_word' id='word_1_820' title='bbox 2129 3419 2212 3463; x_wconf 88' lang='lat' dir='ltr'><strong>est</strong></span> <span class='ocrx_word' id='word_1_821' title='bbox 2235 3407 2510 3484; x_wconf 77' lang='lat' dir='ltr'><strong>articulata</strong></span> <span class='ocrx_word' id='word_1_822' title='bbox 2537 3427 2667 3484; x_wconf 89' lang='lat' dir='ltr'><strong>voce</strong></span> <span class='ocrx_word' id='word_1_823' title='bbox 2693 3407 2906 3484; x_wconf 77' lang='lat' dir='ltr'><strong>signum</strong></span> <span class='ocrx_word' id='word_1_824' title='bbox 2930 3415 3078 3470; x_wconf 88' lang='lat' dir='ltr'><strong>dare.</strong></span> <span class='ocrx_word' id='word_1_825' title='bbox 3101 3417 3392 3472; x_wconf 85' lang='lat' dir='ltr'><strong>Articulata</strong></span> <span class='ocrx_word' id='word_1_826' title='bbox 3417 3435 3515 3474; x_wconf 91' lang='lat' dir='ltr'><strong>au-</strong></span> 
     </span>
    </p>
   </div>
   <div class='ocr_carea' id='block_1_117' title="bbox 1936 3480 3513 3554">
    <p class='ocr_par' dir='ltr' id='par_1_117' title="bbox 1936 3480 3513 3554">
     <span class='ocr_line' id='line_1_119' title="bbox 1936 3480 3513 3554; baseline 0.007 -22"><span class='ocrx_word' id='word_1_827' title='bbox 1936 3488 2042 3533; x_wconf 89' lang='lat' dir='ltr'><strong>tem</strong></span> <span class='ocrx_word' id='word_1_828' title='bbox 2062 3480 2181 3554; x_wconf 84' lang='lat' dir='ltr'><strong>dico</strong></span> <span class='ocrx_word' id='word_1_829' title='bbox 2200 3481 2339 3554; x_wconf 78' lang='lat' dir='ltr'><strong>quod</strong></span> <span class='ocrx_word' id='word_1_830' title='bbox 2361 3480 2954 3554; x_wconf 62' lang='lat' dir='ltr'><strong>comprehendi&#39;litteris</strong></span> <span class='ocrx_word' id='word_1_831' title='bbox 2976 3493 3166 3554; x_wconf 86' lang='lat' dir='ltr'><strong>potest.</strong></span> <span class='ocrx_word' id='word_1_832' title='bbox 3190 3487 3314 3544; x_wconf 59' lang='lat' dir='ltr'><strong>Haec</strong></span> <span class='ocrx_word' id='word_1_833' title='bbox 3333 3499 3513 3545; x_wconf 88' lang='lat' dir='ltr'><strong>atttem</strong></span> 
     </span>
    </p>
   </div>
   <div class='ocr_carea' id='block_1_118' title="bbox 1933 3550 3515 3625">
    <p class='ocr_par' dir='ltr' id='par_1_118' title="bbox 1933 3550 3515 3625">
     <span class='ocr_line' id='line_1_120' title="bbox 1933 3550 3515 3625; baseline 0.009 -24"><span class='ocrx_word' id='word_1_834' title='bbox 1933 3550 2110 3602; x_wconf 90' lang='lat' dir='ltr'><strong>omnia</strong></span> <span class='ocrx_word' id='word_1_835' title='bbox 2136 3565 2254 3625; x_wconf 67' lang='lat' dir='ltr'><strong>quae</strong></span> <span class='ocrx_word' id='word_1_836' title='bbox 2273 3552 2488 3605; x_wconf 90' lang='lat' dir='ltr'><strong>delinita</strong></span> <span class='ocrx_word' id='word_1_837' title='bbox 2518 3561 2661 3625; x_wconf 73' lang='lat' dir='ltr'><strong>sunt,</strong></span> <span class='ocrx_word' id='word_1_838' title='bbox 2687 3564 2862 3625; x_wconf 86' lang='lat' dir='ltr'><strong>utrum</strong></span> <span class='ocrx_word' id='word_1_839' title='bbox 2891 3550 3038 3611; x_wconf 75' lang='lat' dir='ltr'><strong>recte</strong></span> <span class='ocrx_word' id='word_1_840' title='bbox 3060 3555 3278 3614; x_wconf 78' lang='lat' dir='ltr'><strong>definita</strong></span> <span class='ocrx_word' id='word_1_841' title='bbox 3308 3560 3433 3625; x_wconf 90' lang='lat' dir='ltr'><strong>sint,</strong></span> <span class='ocrx_word' id='word_1_842' title='bbox 3458 3572 3515 3616; x_wconf 88' lang='lat' dir='ltr'><strong>ct</strong></span> 
     </span>
    </p>
   </div>
   <div class='ocr_carea' id='block_1_119' title="bbox 1934 3621 3515 3686">
    <p class='ocr_par' dir='ltr' id='par_1_119' title="bbox 1934 3621 3515 3686">
     <span class='ocr_line' id='line_1_121' title="bbox 1934 3621 3515 3686; baseline 0.009 -14"><span class='ocrx_word' id='word_1_843' title='bbox 1934 3629 2111 3672; x_wconf 91' lang='lat' dir='ltr'><strong>utrum</strong></span> <span class='ocrx_word' id='word_1_844' title='bbox 2157 3621 2414 3676; x_wconf 87' lang='lat' dir='ltr'><strong>hactenus</strong></span> <span class='ocrx_word' id='word_1_845' title='bbox 2440 3623 2598 3678; x_wconf 88' lang='lat' dir='ltr'><strong>verba</strong></span> <span class='ocrx_word' id='word_1_846' title='bbox 2631 3623 2954 3681; x_wconf 77' lang='lat' dir='ltr'><strong>definitionis</strong></span> <span class='ocrx_word' id='word_1_847' title='bbox 2978 3627 3097 3682; x_wconf 89' lang='lat' dir='ltr'><strong>aliis</strong></span> <span class='ocrx_word' id='word_1_848' title='bbox 3122 3621 3515 3686; x_wconf 78' lang='lat' dir='ltr'><strong>deﬁnitionibus</strong></span> 
     </span>
    </p>
   </div>
   <div class='ocr_carea' id='block_1_120' title="bbox 1936 3691 3514 3769">
    <p class='ocr_par' dir='ltr' id='par_1_120' title="bbox 1936 3691 3514 3769">
     <span class='ocr_line' id='line_1_122' title="bbox 1936 3691 3514 3769; baseline 0.009 -27"><span class='ocrx_word' id='word_1_849' title='bbox 1936 3691 2556 3769; x_wconf 58' lang='lat' dir='ltr'><strong>prosequundai&#39;ueriut,</strong></span> <span class='ocrx_word' id='word_1_850' title='bbox 2586 3694 2964 3769; x_wconf 66' lang='lat' dir='ltr'><strong>ille&#39;iudicabit</strong></span> <span class='ocrx_word' id='word_1_851' title='bbox 2993 3697 3141 3769; x_wconf 83' lang='lat' dir='ltr'><strong>locus</strong></span> <span class='ocrx_word' id='word_1_852' title='bbox 3168 3699 3220 3753; x_wconf 92' lang='lat' dir='ltr'><strong>in</strong></span> <span class='ocrx_word' id='word_1_853' title='bbox 3249 3716 3354 3769; x_wconf 90' lang='lat' dir='ltr'><strong>quo</strong></span> <span class='ocrx_word' id='word_1_854' title='bbox 3377 3700 3514 3756; x_wconf 87' lang='lat' dir='ltr'><strong>deﬁ-</strong></span> 
     </span>
    </p>
   </div>
   <div class='ocr_carea' id='block_1_121' title="bbox 1935 3760 3515 3840">
    <p class='ocr_par' dir='ltr' id='par_1_121' title="bbox 1935 3760 3515 3840">
     <span class='ocr_line' id='line_1_123' title="bbox 1935 3760 3515 3840; baseline 0.009 -28"><span class='ocrx_word' id='word_1_855' title='bbox 1935 3760 2112 3840; x_wconf 78' lang='lat' dir='ltr'><strong>uiendi</strong></span> <span class='ocrx_word' id='word_1_856' title='bbox 2141 3760 2416 3840; x_wconf 73' lang='lat' dir='ltr'><strong>disciplina</strong></span> <span class='ocrx_word' id='word_1_857' title='bbox 2455 3772 2727 3840; x_wconf 81' lang='lat' dir='ltr'><strong>tractatur.</strong></span> <span class='ocrx_word' id='word_1_858' title='bbox 2755 3764 2906 3820; x_wconf 86' lang='lat' dir='ltr'><strong>Nunc</strong></span> <span class='ocrx_word' id='word_1_859' title='bbox 2933 3767 3074 3840; x_wconf 81' lang='lat' dir='ltr'><strong>quod</strong></span> <span class='ocrx_word' id='word_1_860' title='bbox 3105 3760 3291 3834; x_wconf 58' lang='lat' dir='ltr'><strong>instat&#39;,</strong></span> <span class='ocrx_word' id='word_1_861' title='bbox 3330 3771 3515 3840; x_wconf 90' lang='lat' dir='ltr'><strong>accipe</strong></span> 
     </span>
    </p>
   </div>
   <div class='ocr_carea' id='block_1_122' title="bbox 1935 3829 3514 3897">
    <p class='ocr_par' dir='ltr' id='par_1_122' title="bbox 1935 3829 3514 3897">
     <span class='ocr_line' id='line_1_124' title="bbox 1935 3829 3514 3897; baseline 0.009 -14"><span class='ocrx_word' id='word_1_862' title='bbox 1935 3829 2186 3885; x_wconf 87' lang='lat' dir='ltr'><strong>intentus.</strong></span> <span class='ocrx_word' id='word_1_863' title='bbox 2232 3829 2402 3887; x_wconf 72' lang='lat' dir='ltr'><strong>Oinne</strong></span> <span class='ocrx_word' id='word_1_864' title='bbox 2451 3834 2671 3888; x_wconf 88' lang='lat' dir='ltr'><strong>verbum</strong></span> <span class='ocrx_word' id='word_1_865' title='bbox 2725 3845 2898 3889; x_wconf 87' lang='lat' dir='ltr'><strong>sonat.</strong></span> <span class='ocrx_word' id='word_1_866' title='bbox 2949 3829 3083 3890; x_wconf 77' lang='lat' dir='ltr'><strong>Cum</strong></span> <span class='ocrx_word' id='word_1_867' title='bbox 3127 3829 3287 3892; x_wconf 39' lang='lat' dir='ltr'><strong>enim&quot;</strong></span> <span class='ocrx_word' id='word_1_868' title='bbox 3323 3849 3405 3895; x_wconf 88' lang='lat' dir='ltr'><strong>est</strong></span> <span class='ocrx_word' id='word_1_869' title='bbox 3448 3829 3514 3897; x_wconf 59' lang='lat' dir='ltr'><strong>&#39;in</strong></span> 
     </span>
    </p>
   </div>
   <div class='ocr_carea' id='block_1_123' title="bbox 1935 3902 3515 3980">
    <p class='ocr_par' dir='ltr' id='par_1_123' title="bbox 1935 3902 3515 3980">
     <span class='ocr_line' id='line_1_125' title="bbox 1935 3902 3515 3980; baseline 0.008 -26"><span class='ocrx_word' id='word_1_870' title='bbox 1935 3902 2157 3980; x_wconf 69' lang='lat' dir='ltr'><strong>scripto,</strong></span> <span class='ocrx_word' id='word_1_871' title='bbox 2195 3917 2301 3980; x_wconf 83' lang='lat' dir='ltr'><strong>non</strong></span> <span class='ocrx_word' id='word_1_872' title='bbox 2335 3902 2588 3980; x_wconf 79' lang='lat' dir='ltr'><strong>verbum,</strong></span> <span class='ocrx_word' id='word_1_873' title='bbox 2615 3903 2710 3980; x_wconf 79' lang='lat' dir='ltr'><strong>sed</strong></span> <span class='ocrx_word' id='word_1_874' title='bbox 2738 3907 2883 3959; x_wconf 91' lang='lat' dir='ltr'><strong>verbi</strong></span> <span class='ocrx_word' id='word_1_875' title='bbox 2925 3906 3132 3980; x_wconf 81' lang='lat' dir='ltr'><strong>signum</strong></span> <span class='ocrx_word' id='word_1_876' title='bbox 3178 3916 3278 3962; x_wconf 89' lang='lat' dir='ltr'><strong>est.</strong></span> <span class='ocrx_word' id='word_1_877' title='bbox 3308 3911 3515 3980; x_wconf 81' lang='lat' dir='ltr'><strong>Quippe</strong></span> 
     </span>
    </p>
   </div>
   <div class='ocr_carea' id='block_1_124' title="bbox 1935 3969 3514 4048">
    <p class='ocr_par' dir='ltr' id='par_1_124' title="bbox 1935 3969 3514 4048">
     <span class='ocr_line' id='line_1_126' title="bbox 1935 3969 3514 4048; baseline 0.009 -25"><span class='ocrx_word' id='word_1_878' title='bbox 1935 3969 2190 4038; x_wconf 79' lang='lat' dir='ltr'><strong>inspectis</strong></span> <span class='ocrx_word' id='word_1_879' title='bbox 2217 3986 2247 4024; x_wconf 90' lang='lat' dir='ltr'><strong>a</strong></span> <span class='ocrx_word' id='word_1_880' title='bbox 2273 3972 2478 4048; x_wconf 68' lang='lat' dir='ltr'><strong>legetue</strong></span> <span class='ocrx_word' id='word_1_881' title='bbox 2503 3972 2710 4048; x_wconf 74' lang='lat' dir='ltr'><strong>litteris,</strong></span> <span class='ocrx_word' id='word_1_882' title='bbox 2734 3969 3184 4048; x_wconf 70' lang='lat' dir='ltr'><strong>occurritonimo,</strong></span> <span class='ocrx_word' id='word_1_883' title='bbox 3215 3969 3354 4048; x_wconf 76' lang='lat' dir='ltr'><strong>quod</strong></span> <span class='ocrx_word' id='word_1_884' title='bbox 3379 3969 3514 4038; x_wconf 75' lang='lat' dir='ltr'><strong>voce</strong></span> 
     </span>
    </p>
   </div>
   <div class='ocr_carea' id='block_1_125' title="bbox 1934 4040 3512 4120">
    <p class='ocr_par' dir='ltr' id='par_1_125' title="bbox 1934 4040 3512 4120">
     <span class='ocr_line' id='line_1_127' title="bbox 1934 4040 3512 4120; baseline 0.01 -30"><span class='ocrx_word' id='word_1_885' title='bbox 1934 4040 2427 4120; x_wconf 77' lang='lat' dir='ltr'><strong>prorumpat._Quid</strong></span> <span class='ocrx_word' id='word_1_886' title='bbox 2467 4041 2608 4096; x_wconf 89' lang='lat' dir='ltr'><strong>enim</strong></span> <span class='ocrx_word' id='word_1_887' title='bbox 2646 4043 2786 4097; x_wconf 88' lang='lat' dir='ltr'><strong>aliud</strong></span> <span class='ocrx_word' id='word_1_888' title='bbox 2827 4045 3016 4120; x_wconf 59' lang='lat' dir='ltr'><strong>litterae</strong></span> <span class='ocrx_word' id='word_1_889' title='bbox 3054 4040 3302 4118; x_wconf 69' lang='lat' dir='ltr'><strong>scriptae,</strong></span> <span class='ocrx_word' id='word_1_890' title='bbox 3353 4067 3512 4120; x_wconf 88' lang='lat' dir='ltr'><strong>quam</strong></span> 
     </span>
    </p>
   </div>
   <div class='ocr_carea' id='block_1_126' title="bbox 1935 4110 3514 4181">
    <p class='ocr_par' dir='ltr' id='par_1_126' title="bbox 1935 4110 3514 4181">
     <span class='ocr_line' id='line_1_128' title="bbox 1935 4110 3514 4181; baseline 0.009 -18"><span class='ocrx_word' id='word_1_891' title='bbox 1935 4110 2136 4181; x_wconf 75' lang='lat' dir='ltr'><strong>seipsas</strong></span> <span class='ocrx_word' id='word_1_892' title='bbox 2163 4110 2331 4181; x_wconf 90' lang='lat' dir='ltr'><strong>oculis</strong></span> <span class='ocrx_word' id='word_1_893' title='bbox 2351 4152 2364 4174; x_wconf 92' lang='lat'><strong>,</strong></span> <span class='ocrx_word' id='word_1_894' title='bbox 2396 4119 2449 4165; x_wconf 87' lang='lat' dir='ltr'><strong>et</strong></span> <span class='ocrx_word' id='word_1_895' title='bbox 2479 4121 2670 4181; x_wconf 74' lang='lat' dir='ltr'><strong>praeter</strong></span> <span class='ocrx_word' id='word_1_896' title='bbox 2708 4128 2766 4168; x_wconf 90' lang='lat' dir='ltr'><strong>se</strong></span> <span class='ocrx_word' id='word_1_897' title='bbox 2801 4115 2981 4169; x_wconf 90' lang='lat' dir='ltr'><strong>animo</strong></span> <span class='ocrx_word' id='word_1_898' title='bbox 3008 4110 3514 4177; x_wconf 61' lang='lat' dir='ltr'><strong>voces&#39;ostend&#39;unt?</strong></span> 
     </span>
    </p>
   </div>
   <div class='ocr_carea' id='block_1_127' title="bbox 1933 4178 3510 4260">
    <p class='ocr_par' dir='ltr' id='par_1_127' title="bbox 1933 4178 3510 4260">
     <span class='ocr_line' id='line_1_129' title="bbox 1933 4178 3510 4260; baseline 0.01 -30"><span class='ocrx_word' id='word_1_899' title='bbox 1933 4178 2064 4244; x_wconf 85' lang='lat' dir='ltr'><strong>Quia</strong></span> <span class='ocrx_word' id='word_1_900' title='bbox 2087 4189 2139 4260; x_wconf 79' lang='lat' dir='ltr'><strong>et</strong></span> <span class='ocrx_word' id='word_1_901' title='bbox 2161 4180 2319 4248; x_wconf 87' lang='lat' dir='ltr'><strong>paulo</strong></span> <span class='ocrx_word' id='word_1_902' title='bbox 2339 4192 2460 4234; x_wconf 84' lang='lat' dir='ltr'><strong>ante</strong></span> <span class='ocrx_word' id='word_1_903' title='bbox 2475 4178 2723 4260; x_wconf 83' lang='lat' dir='ltr'><strong>diximus,</strong></span> <span class='ocrx_word' id='word_1_904' title='bbox 2748 4184 2955 4260; x_wconf 75' lang='lat' dir='ltr'><strong>signum</strong></span> <span class='ocrx_word' id='word_1_905' title='bbox 2975 4200 3095 4241; x_wconf 90' lang='lat' dir='ltr'><strong>esse</strong></span> <span class='ocrx_word' id='word_1_906' title='bbox 3115 4188 3256 4260; x_wconf 86' lang='lat' dir='ltr'><strong>quod</strong></span> <span class='ocrx_word' id='word_1_907' title='bbox 3276 4191 3510 4260; x_wconf 85' lang='lat' dir='ltr'><strong>scipsum</strong></span> 
     </span>
    </p>
   </div>
   <div class='ocr_carea' id='block_1_128' title="bbox 1933 4251 3512 4325">
    <p class='ocr_par' dir='ltr' id='par_1_128' title="bbox 1933 4251 3512 4325">
     <span class='ocr_line' id='line_1_130' title="bbox 1933 4251 3512 4325; baseline 0.009 -24"><span class='ocrx_word' id='word_1_908' title='bbox 1933 4251 2213 4325; x_wconf 80' lang='lat' dir='ltr'><strong>sensui,_et_</strong></span> <span class='ocrx_word' id='word_1_909' title='bbox 2237 4260 2431 4318; x_wconf 84' lang='lat' dir='ltr'><strong>praeter</strong></span> <span class='ocrx_word' id='word_1_910' title='bbox 2459 4267 2516 4306; x_wconf 89' lang='lat' dir='ltr'><strong>se</strong></span> <span class='ocrx_word' id='word_1_911' title='bbox 2546 4254 2724 4325; x_wconf 87' lang='lat' dir='ltr'><strong>animo</strong></span> <span class='ocrx_word' id='word_1_912' title='bbox 2752 4251 2946 4325; x_wconf 83' lang='lat' dir='ltr'><strong>aliquid</strong></span> <span class='ocrx_word' id='word_1_913' title='bbox 2973 4251 3208 4312; x_wconf 80' lang='lat' dir='ltr'><strong>ostendit</strong></span> <span class='ocrx_word' id='word_1_914' title='bbox 3239 4275 3252 4312; x_wconf 93' lang='lat'><strong>:</strong></span> <span class='ocrx_word' id='word_1_915' title='bbox 3283 4251 3401 4325; x_wconf 70' lang='lat' dir='ltr'><strong>qua:</strong></span> <span class='ocrx_word' id='word_1_916' title='bbox 3431 4261 3512 4316; x_wconf 92' lang='lat' dir='ltr'><strong>le-</strong></span> 
     </span>
    </p>
   </div>
   <div class='ocr_carea' id='block_1_129' title="bbox 1932 4319 3510 4397">
    <p class='ocr_par' dir='ltr' id='par_1_129' title="bbox 1932 4319 3510 4397">
     <span class='ocr_line' id='line_1_131' title="bbox 1932 4319 3510 4397; baseline 0.01 -26"><span class='ocrx_word' id='word_1_917' title='bbox 1932 4319 2105 4397; x_wconf 75' lang='lat' dir='ltr'><strong>gimus</strong></span> <span class='ocrx_word' id='word_1_918' title='bbox 2149 4320 2330 4397; x_wconf 64' lang='lat' dir='ltr'><strong>igitur,</strong></span> <span class='ocrx_word' id='word_1_919' title='bbox 2355 4337 2457 4375; x_wconf 88' lang='lat' dir='ltr'><strong>non</strong></span> <span class='ocrx_word' id='word_1_920' title='bbox 2497 4324 2654 4376; x_wconf 84' lang='lat' dir='ltr'><strong>verba</strong></span> <span class='ocrx_word' id='word_1_921' title='bbox 2684 4319 2854 4397; x_wconf 63' lang='lat' dir='ltr'><strong>sunt;</strong></span> <span class='ocrx_word' id='word_1_922' title='bbox 2881 4325 2976 4379; x_wconf 89' lang='lat' dir='ltr'><strong>sed</strong></span> <span class='ocrx_word' id='word_1_923' title='bbox 3017 4327 3166 4397; x_wconf 74' lang='lat' dir='ltr'><strong>signa</strong></span> <span class='ocrx_word' id='word_1_924' title='bbox 3205 4319 3510 4388; x_wconf 83' lang='lat' dir='ltr'><strong>verborum.</strong></span> 
     </span>
    </p>
   </div>
   <div class='ocr_carea' id='block_1_130' title="bbox 1934 4391 3512 4463">
    <p class='ocr_par' dir='ltr' id='par_1_130' title="bbox 1934 4391 3512 4463">
     <span class='ocr_line' id='line_1_132' title="bbox 1934 4391 3512 4463; baseline 0.009 -21"><span class='ocrx_word' id='word_1_925' title='bbox 1934 4391 2041 4463; x_wconf 71' lang='lat' dir='ltr'><strong>Sed</strong></span> <span class='ocrx_word' id='word_1_926' title='bbox 2075 4400 2130 4443; x_wconf 89' lang='lat' dir='ltr'><strong>ut</strong></span> <span class='ocrx_word' id='word_1_927' title='bbox 2158 4392 2272 4463; x_wconf 75' lang='lat' dir='ltr'><strong>ipsa</strong></span> <span class='ocrx_word' id='word_1_928' title='bbox 2298 4391 2491 4458; x_wconf 88' lang='lat' dir='ltr'><strong>littera,</strong></span> <span class='ocrx_word' id='word_1_929' title='bbox 2517 4407 2638 4447; x_wconf 90' lang='lat' dir='ltr'><strong>cum</strong></span> <span class='ocrx_word' id='word_1_930' title='bbox 2668 4393 2736 4447; x_wconf 91' lang='lat' dir='ltr'><strong>sit</strong></span> <span class='ocrx_word' id='word_1_931' title='bbox 2759 4409 2881 4463; x_wconf 88' lang='lat' dir='ltr'><strong>pars</strong></span> <span class='ocrx_word' id='word_1_932' title='bbox 2908 4391 3124 4452; x_wconf 77' lang='lat' dir='ltr'><strong>minima</strong></span> <span class='ocrx_word' id='word_1_933' title='bbox 3152 4400 3294 4453; x_wconf 87' lang='lat' dir='ltr'><strong>vocis</strong></span> <span class='ocrx_word' id='word_1_934' title='bbox 3318 4402 3512 4457; x_wconf 85' lang='lat' dir='ltr'><strong>articu-</strong></span> 
     </span>
    </p>
   </div>
   <div class='ocr_carea' id='block_1_131' title="bbox 1938 4459 3513 4540">
    <p class='ocr_par' dir='ltr' id='par_1_131' title="bbox 1938 4459 3513 4540">
     <span class='ocr_line' id='line_1_133' title="bbox 1938 4459 3513 4540; baseline 0.01 -29"><span class='ocrx_word' id='word_1_935' title='bbox 1938 4459 2091 4540; x_wconf 63' lang='lat' dir='ltr'><strong>ialm,</strong></span> <span class='ocrx_word' id='word_1_936' title='bbox 2134 4460 2399 4540; x_wconf 84' lang='lat' dir='ltr'><strong>abutimur</strong></span> <span class='ocrx_word' id='word_1_937' title='bbox 2439 4473 2611 4516; x_wconf 80' lang='lat' dir='ltr'><strong>tamen</strong></span> <span class='ocrx_word' id='word_1_938' title='bbox 2656 4459 3042 4540; x_wconf 45' lang='lat' dir='ltr'><strong>hoc-vocabulo</strong></span> <span class='ocrx_word' id='word_1_939' title='bbox 3087 4476 3144 4522; x_wconf 90' lang='lat' dir='ltr'><strong>ut</strong></span> <span class='ocrx_word' id='word_1_940' title='bbox 3185 4471 3513 4540; x_wconf 89' lang='lat' dir='ltr'><strong>appellemus</strong></span> 
     </span>
    </p>
   </div>
   <div class='ocr_carea' id='block_1_132' title="bbox 1933 4529 3512 4610">
    <p class='ocr_par' dir='ltr' id='par_1_132' title="bbox 1933 4529 3512 4610">
     <span class='ocr_line' id='line_1_134' title="bbox 1933 4529 3512 4610; baseline 0.01 -27"><span class='ocrx_word' id='word_1_941' title='bbox 1933 4529 2194 4610; x_wconf 62' lang='lat' dir='ltr'><strong>litteuam,</strong></span> <span class='ocrx_word' id='word_1_942' title='bbox 2243 4532 2405 4610; x_wconf 79' lang='lat' dir='ltr'><strong>etiam</strong></span> <span class='ocrx_word' id='word_1_943' title='bbox 2453 4548 2572 4586; x_wconf 92' lang='lat' dir='ltr'><strong>cum</strong></span> <span class='ocrx_word' id='word_1_944' title='bbox 2627 4535 2878 4610; x_wconf 84' lang='lat' dir='ltr'><strong>scriptam</strong></span> <span class='ocrx_word' id='word_1_945' title='bbox 2930 4537 3171 4610; x_wconf 88' lang='lat' dir='ltr'><strong>videmus</strong></span> <span class='ocrx_word' id='word_1_946' title='bbox 3203 4529 3512 4610; x_wconf 53' lang='lat' dir='ltr'><strong>{quamvis</strong></span> 
     </span>
    </p>
   </div>
   <div class='ocr_carea' id='block_1_133' title="bbox 1932 4601 3510 4675">
    <p class='ocr_par' dir='ltr' id='par_1_133' title="bbox 1932 4601 3510 4675">
     <span class='ocr_line' id='line_1_135' title="bbox 1932 4601 3510 4675; baseline 0.01 -22"><span class='ocrx_word' id='word_1_947' title='bbox 1932 4601 2151 4675; x_wconf 82' lang='lat' dir='ltr'><strong>omnino</strong></span> <span class='ocrx_word' id='word_1_948' title='bbox 2184 4603 2338 4675; x_wconf 83' lang='lat' dir='ltr'><strong>tacita</strong></span> <span class='ocrx_word' id='word_1_949' title='bbox 2364 4603 2463 4668; x_wconf 88' lang='lat' dir='ltr'><strong>sit,</strong></span> <span class='ocrx_word' id='word_1_950' title='bbox 2493 4619 2664 4675; x_wconf 86' lang='lat' dir='ltr'><strong>neque</strong></span> <span class='ocrx_word' id='word_1_951' title='bbox 2690 4601 2791 4658; x_wconf 77' lang='lat' dir='ltr'><strong>ulla</strong></span> <span class='ocrx_word' id='word_1_952' title='bbox 2820 4620 2944 4674; x_wconf 87' lang='lat' dir='ltr'><strong>pars</strong></span> <span class='ocrx_word' id='word_1_953' title='bbox 2974 4609 3151 4675; x_wconf 91' lang='lat' dir='ltr'><strong>vocis,</strong></span> <span class='ocrx_word' id='word_1_954' title='bbox 3179 4601 3510 4675; x_wconf 56' lang='lat' dir='ltr'><strong>sed&#39;signum</strong></span> 
     </span>
    </p>
   </div>
   <div class='ocr_carea' id='block_1_134' title="bbox 1933 4671 3513 4752">
    <p class='ocr_par' dir='ltr' id='par_1_134' title="bbox 1933 4671 3513 4752">
     <span class='ocr_line' id='line_1_136' title="bbox 1933 4671 3513 4752; baseline 0.011 -31"><span class='ocrx_word' id='word_1_955' title='bbox 1933 4671 2100 4738; x_wconf 89' lang='lat' dir='ltr'><strong>partis</strong></span> <span class='ocrx_word' id='word_1_956' title='bbox 2139 4673 2284 4752; x_wconf 82' lang='lat' dir='ltr'><strong>vocis</strong></span> <span class='ocrx_word' id='word_1_957' title='bbox 2314 4671 2604 4743; x_wconf 59' lang='lat' dir='ltr'><strong>appareat}</strong></span> <span class='ocrx_word' id='word_1_958' title='bbox 2635 4674 2704 4752; x_wconf 76' lang='lat' dir='ltr'><strong>ita</strong></span> <span class='ocrx_word' id='word_1_959' title='bbox 2750 4671 2908 4752; x_wconf 74' lang='lat' dir='ltr'><strong>etiam</strong></span> <span class='ocrx_word' id='word_1_960' title='bbox 2955 4671 3174 4752; x_wconf 79' lang='lat' dir='ltr'><strong>verbum</strong></span> <span class='ocrx_word' id='word_1_961' title='bbox 3202 4671 3513 4752; x_wconf 52' lang='lat' dir='ltr'><strong>‘appel&#39;latur</strong></span> 
     </span>
    </p>
   </div>
   <div class='ocr_carea' id='block_1_135' title="bbox 1931 4741 3512 4822">
    <p class='ocr_par' dir='ltr' id='par_1_135' title="bbox 1931 4741 3512 4822">
     <span class='ocr_line' id='line_1_137' title="bbox 1931 4741 3512 4822; baseline 0.009 -28"><span class='ocrx_word' id='word_1_962' title='bbox 1931 4754 2051 4821; x_wconf 87' lang='lat' dir='ltr'><strong>cum</strong></span> <span class='ocrx_word' id='word_1_963' title='bbox 2083 4741 2468 4822; x_wconf 14' lang='lat' dir='ltr'><strong>scriptumtest,</strong></span> <span class='ocrx_word' id='word_1_964' title='bbox 2495 4745 2736 4822; x_wconf 74' lang='lat' dir='ltr'><strong>quamvis</strong></span> <span class='ocrx_word' id='word_1_965' title='bbox 2762 4747 2906 4800; x_wconf 72' lang='lat' dir='ltr'><strong>verbi</strong></span> <span class='ocrx_word' id='word_1_966' title='bbox 2937 4749 3144 4822; x_wconf 79' lang='lat' dir='ltr'><strong>signum</strong></span> <span class='ocrx_word' id='word_1_967' title='bbox 3168 4741 3512 4822; x_wconf 67' lang='lat' dir='ltr'><strong>signiﬁcantis</strong></span> 
     </span>
    </p>
   </div>
   <div class='ocr_carea' id='block_1_136' title="bbox 1933 4812 3511 4890">
    <p class='ocr_par' dir='ltr' id='par_1_136' title="bbox 1933 4812 3511 4890">
     <span class='ocr_line' id='line_1_138' title="bbox 1933 4812 3511 4890; baseline 0.01 -27"><span class='ocrx_word' id='word_1_968' title='bbox 1933 4812 2078 4890; x_wconf 83' lang='lat' dir='ltr'><strong>vocis</strong></span> <span class='ocrx_word' id='word_1_969' title='bbox 2107 4827 2211 4865; x_wconf 91' lang='lat' dir='ltr'><strong>non</strong></span> <span class='ocrx_word' id='word_1_970' title='bbox 2241 4812 2656 4890; x_wconf 60' lang='lat' dir='ltr'><strong>elucegt._Et-go,</strong></span> <span class='ocrx_word' id='word_1_971' title='bbox 2702 4824 2758 4869; x_wconf 91' lang='lat' dir='ltr'><strong>ut</strong></span> <span class='ocrx_word' id='word_1_972' title='bbox 2799 4812 3064 4890; x_wconf 69' lang='lat' dir='ltr'><strong>coeperam</strong></span> <span class='ocrx_word' id='word_1_973' title='bbox 3095 4812 3272 4878; x_wconf 75' lang='lat' dir='ltr'><strong>dicere</strong></span> <span class='ocrx_word' id='word_1_974' title='bbox 3295 4865 3309 4890; x_wconf 94' lang='lat'><strong>,</strong></span> <span class='ocrx_word' id='word_1_975' title='bbox 3353 4838 3511 4880; x_wconf 89' lang='lat' dir='ltr'><strong>omne</strong></span> 
     </span>
    </p>
   </div>
   <div class='ocr_carea' id='block_1_137' title="bbox 1931 4881 3508 4954">
    <p class='ocr_par' dir='ltr' id='par_1_137' title="bbox 1931 4881 3508 4954">
     <span class='ocr_line' id='line_1_139' title="bbox 1931 4881 3508 4954; baseline 0.01 -22"><span class='ocrx_word' id='word_1_976' title='bbox 1931 4881 2150 4954; x_wconf 47' lang='lat' dir='ltr'><strong>uerbum</strong></span> <span class='ocrx_word' id='word_1_977' title='bbox 2181 4891 2352 4936; x_wconf 88' lang='lat' dir='ltr'><strong>sonat.</strong></span> <span class='ocrx_word' id='word_1_978' title='bbox 2385 4883 2492 4938; x_wconf 90' lang='lat' dir='ltr'><strong>Sed</strong></span> <span class='ocrx_word' id='word_1_979' title='bbox 2518 4881 2657 4954; x_wconf 77' lang='lat' dir='ltr'><strong>quod</strong></span> <span class='ocrx_word' id='word_1_980' title='bbox 2687 4897 2838 4940; x_wconf 85' lang='lat' dir='ltr'><strong>sonat</strong></span> <span class='ocrx_word' id='word_1_981' title='bbox 2858 4881 3034 4954; x_wconf 44' lang='lat' dir='ltr'><strong>{nihil</strong></span> <span class='ocrx_word' id='word_1_982' title='bbox 3063 4892 3127 4946; x_wconf 90' lang='lat' dir='ltr'><strong>ad</strong></span> <span class='ocrx_word' id='word_1_983' title='bbox 3158 4881 3508 4948; x_wconf 78' lang='lat' dir='ltr'><strong>dialecticam.</strong></span> 
     </span>
    </p>
   </div>
   <div class='ocr_carea' id='block_1_138' title="bbox 1932 4949 3511 5030">
    <p class='ocr_par' dir='ltr' id='par_1_138' title="bbox 1932 4949 3511 5030">
     <span class='ocr_line' id='line_1_140' title="bbox 1932 4949 3511 5030; baseline 0.009 -26"><span class='ocrx_word' id='word_1_984' title='bbox 1932 4949 2008 5030; x_wconf 77' lang='lat' dir='ltr'><strong>De</strong></span> <span class='ocrx_word' id='word_1_985' title='bbox 2037 4965 2171 5030; x_wconf 81' lang='lat' dir='ltr'><strong>sono</strong></span> <span class='ocrx_word' id='word_1_986' title='bbox 2206 4954 2347 5006; x_wconf 89' lang='lat' dir='ltr'><strong>enim</strong></span> <span class='ocrx_word' id='word_1_987' title='bbox 2375 4949 2754 5030; x_wconf 61' lang='lat' dir='ltr'><strong>verbi&#39;agitur,</strong></span> <span class='ocrx_word' id='word_1_988' title='bbox 2779 4949 2913 5030; x_wconf 9' lang='lat' dir='ltr'><strong>cum,</strong></span> <span class='ocrx_word' id='word_1_989' title='bbox 2937 4965 3208 5030; x_wconf 70' lang='lat' dir='ltr'><strong>quaeritur,</strong></span> <span class='ocrx_word' id='word_1_990' title='bbox 3234 4964 3314 5018; x_wconf 89' lang='lat' dir='ltr'><strong>vel</strong></span> <span class='ocrx_word' id='word_1_991' title='bbox 3340 4963 3511 5018; x_wconf 88' lang='lat' dir='ltr'><strong>anim-</strong></span> 
     </span>
    </p>
   </div>
   <div class='ocr_carea' id='block_1_139' title="bbox 1930 5021 3506 5101">
    <p class='ocr_par' dir='ltr' id='par_1_139' title="bbox 1930 5021 3506 5101">
     <span class='ocr_line' id='line_1_141' title="bbox 1930 5021 3506 5101; baseline 0.009 -28"><span class='ocrx_word' id='word_1_992' title='bbox 1930 5021 2244 5101; x_wconf 69' lang='lat' dir='ltr'><strong>advertitur,</strong></span> <span class='ocrx_word' id='word_1_993' title='bbox 2271 5035 2465 5101; x_wconf 78' lang='lat' dir='ltr'><strong>quanta</strong></span> <span class='ocrx_word' id='word_1_994' title='bbox 2489 5021 2751 5101; x_wconf 69' lang='lat' dir='ltr'><strong>vocalium</strong></span> <span class='ocrx_word' id='word_1_995' title='bbox 2780 5030 2862 5084; x_wconf 92' lang='lat' dir='ltr'><strong>vel</strong></span> <span class='ocrx_word' id='word_1_996' title='bbox 2887 5021 3233 5101; x_wconf 78' lang='lat' dir='ltr'><strong>dispositione</strong></span> <span class='ocrx_word' id='word_1_997' title='bbox 3261 5034 3506 5101; x_wconf 89' lang='lat' dir='ltr'><strong>leniatur,</strong></span> 
     </span>
    </p>
   </div>
   <div class='ocr_carea' id='block_1_140' title="bbox 1931 5091 3509 5161">
    <p class='ocr_par' dir='ltr' id='par_1_140' title="bbox 1931 5091 3509 5161">
     <span class='ocr_line' id='line_1_142' title="bbox 1931 5091 3509 5161; baseline 0.01 -17"><span class='ocrx_word' id='word_1_998' title='bbox 1931 5091 2015 5145; x_wconf 75' lang='lat' dir='ltr'><strong>vel</strong></span> <span class='ocrx_word' id='word_1_999' title='bbox 2044 5091 2391 5150; x_wconf 90' lang='lat' dir='ltr'><strong>concursione</strong></span> <span class='ocrx_word' id='word_1_1000' title='bbox 2418 5094 2695 5161; x_wconf 86' lang='lat' dir='ltr'><strong>dehiscat;</strong></span> <span class='ocrx_word' id='word_1_1001' title='bbox 2725 5098 2851 5156; x_wconf 90' lang='lat' dir='ltr'><strong>item</strong></span> <span class='ocrx_word' id='word_1_1002' title='bbox 2882 5091 3282 5156; x_wconf 72' lang='lat' dir='ltr'><strong>consonantium</strong></span> <span class='ocrx_word' id='word_1_1003' title='bbox 3311 5105 3394 5157; x_wconf 91' lang='lat' dir='ltr'><strong>vel</strong></span> <span class='ocrx_word' id='word_1_1004' title='bbox 3425 5091 3509 5160; x_wconf 52' lang='lat' dir='ltr'><strong>in;</strong></span> 
     </span>
    </p>
   </div>
   <div class='ocr_carea' id='block_1_141' title="bbox 1932 5163 3510 5241">
    <p class='ocr_par' dir='ltr' id='par_1_141' title="bbox 1932 5163 3510 5241">
     <span class='ocr_line' id='line_1_143' title="bbox 1932 5163 3510 5241; baseline 0.011 -27"><span class='ocrx_word' id='word_1_1005' title='bbox 1932 5163 2566 5241; x_wconf 76' lang='lat' dir='ltr'><strong>terposit_ione_nodctur,</strong></span> <span class='ocrx_word' id='word_1_1006' title='bbox 2598 5168 2690 5241; x_wconf 88' lang='lat' dir='ltr'><strong>_v_el</strong></span> <span class='ocrx_word' id='word_1_1007' title='bbox 2730 5173 3072 5240; x_wconf 75' lang='lat' dir='ltr'><strong>congestione</strong></span> <span class='ocrx_word' id='word_1_1008' title='bbox 3110 5184 3424 5241; x_wconf 84' lang='lat' dir='ltr'><strong>asperetur;</strong></span> <span class='ocrx_word' id='word_1_1009' title='bbox 3455 5185 3510 5232; x_wconf 92' lang='lat' dir='ltr'><strong>et</strong></span> 
     </span>
    </p>
   </div>
   <div class='ocr_carea' id='block_1_142' title="bbox 1932 5234 3510 5316">
    <p class='ocr_par' dir='ltr' id='par_1_142' title="bbox 1932 5234 3510 5316">
     <span class='ocr_line' id='line_1_144' title="bbox 1932 5234 3510 5316; baseline 0.011 -33"><span class='ocrx_word' id='word_1_1010' title='bbox 1932 5243 2061 5300; x_wconf 90' lang='lat' dir='ltr'><strong>quot</strong></span> <span class='ocrx_word' id='word_1_1011' title='bbox 2082 5234 2164 5286; x_wconf 90' lang='lat' dir='ltr'><strong>vel</strong></span> <span class='ocrx_word' id='word_1_1012' title='bbox 2186 5234 2431 5316; x_wconf 87' lang='lat' dir='ltr'><strong>qualibus</strong></span> <span class='ocrx_word' id='word_1_1013' title='bbox 2459 5235 2680 5308; x_wconf 85' lang='lat' dir='ltr'><strong>syllabis</strong></span> <span class='ocrx_word' id='word_1_1014' title='bbox 2702 5234 2928 5316; x_wconf 80' lang='lat' dir='ltr'><strong>constet,</strong></span> <span class='ocrx_word' id='word_1_1015' title='bbox 2946 5241 3039 5316; x_wconf 76' lang='lat' dir='ltr'><strong>ubi</strong></span> <span class='ocrx_word' id='word_1_1016' title='bbox 3063 5234 3300 5316; x_wconf 80' lang='lat' dir='ltr'><strong>poeticus</strong></span> <span class='ocrx_word' id='word_1_1017' title='bbox 3326 5243 3510 5316; x_wconf 83' lang='lat' dir='ltr'><strong>rhyth-</strong></span> 
     </span>
    </p>
   </div>
   <div class='ocr_carea' id='block_1_143' title="bbox 1930 5310 3510 5376">
    <p class='ocr_par' dir='ltr' id='par_1_143' title="bbox 1930 5310 3510 5376">
     <span class='ocr_line' id='line_1_145' title="bbox 1930 5310 3510 5376; baseline 0.008 -20"><span class='ocrx_word' id='word_1_1018' title='bbox 1930 5316 2049 5356; x_wconf 88' lang='lat' dir='ltr'><strong>mus</strong></span> <span class='ocrx_word' id='word_1_1019' title='bbox 2074 5312 2478 5376; x_wconf 77' lang='lat' dir='ltr'><strong>accentusquea</strong></span> <span class='ocrx_word' id='word_1_1020' title='bbox 2503 5311 2863 5376; x_wconf 77' lang='lat' dir='ltr'><strong>grammaticis</strong></span> <span class='ocrx_word' id='word_1_1021' title='bbox 2881 5310 2999 5365; x_wconf 85' lang='lat' dir='ltr'><strong>solo</strong></span> <span class='ocrx_word' id='word_1_1022' title='bbox 3023 5313 3228 5366; x_wconf 83' lang='lat' dir='ltr'><strong>aurium</strong></span> <span class='ocrx_word' id='word_1_1023' title='bbox 3257 5310 3510 5370; x_wconf 79' lang='lat' dir='ltr'><strong>tractatur</strong></span> 
     </span>
    </p>
   </div>
   <div class='ocr_carea' id='block_1_144' title="bbox 1930 5374 3510 5452">
    <p class='ocr_par' dir='ltr' id='par_1_144' title="bbox 1930 5374 3510 5452">
     <span class='ocr_line' id='line_1_146' title="bbox 1930 5374 3510 5452; baseline 0.01 -28"><span class='ocrx_word' id='word_1_1024' title='bbox 1930 5375 2160 5452; x_wconf 78' lang='lat' dir='ltr'><strong>negotio.</strong></span> <span class='ocrx_word' id='word_1_1025' title='bbox 2192 5374 2256 5428; x_wconf 86' lang='lat' dir='ltr'><strong>Et</strong></span> <span class='ocrx_word' id='word_1_1026' title='bbox 2283 5374 2458 5431; x_wconf 89' lang='lat' dir='ltr'><strong>tamen</strong></span> <span class='ocrx_word' id='word_1_1027' title='bbox 2485 5374 2604 5452; x_wconf 73' lang='lat' dir='ltr'><strong>cum</strong></span> <span class='ocrx_word' id='word_1_1028' title='bbox 2626 5378 2804 5452; x_wconf 75' lang='lat' dir='ltr'><strong>deliis</strong></span> <span class='ocrx_word' id='word_1_1029' title='bbox 2827 5377 3148 5452; x_wconf 83' lang='lat' dir='ltr'><strong>disputatur,</strong></span> <span class='ocrx_word' id='word_1_1030' title='bbox 3177 5393 3373 5452; x_wconf 69' lang='lat' dir='ltr'><strong>pra~ter</strong></span> <span class='ocrx_word' id='word_1_1031' title='bbox 3398 5386 3510 5440; x_wconf 79' lang='lat' dir='ltr'><strong>dia-</strong></span> 
     </span>
    </p>
   </div>
   <div class='ocr_carea' id='block_1_145' title="bbox 1929 5441 3504 5520">
    <p class='ocr_par' dir='ltr' id='par_1_145' title="bbox 1929 5441 3504 5520">
     <span class='ocr_line' id='line_1_147' title="bbox 1929 5441 3504 5520; baseline 0.01 -25"><span class='ocrx_word' id='word_1_1032' title='bbox 1929 5441 2168 5520; x_wconf 81' lang='lat' dir='ltr'><strong>l_cct_ieam</strong></span> <span class='ocrx_word' id='word_1_1033' title='bbox 2205 5461 2308 5499; x_wconf 90' lang='lat' dir='ltr'><strong>non</strong></span> <span class='ocrx_word' id='word_1_1034' title='bbox 2337 5455 2456 5520; x_wconf 77' lang='lat' dir='ltr'><strong>est:</strong></span> <span class='ocrx_word' id='word_1_1035' title='bbox 2485 5447 2601 5503; x_wconf 74' lang='lat' dir='ltr'><strong>inec</strong></span> <span class='ocrx_word' id='word_1_1036' title='bbox 2629 5449 2770 5520; x_wconf 84' lang='lat' dir='ltr'><strong>enim</strong></span> <span class='ocrx_word' id='word_1_1037' title='bbox 2807 5441 3026 5503; x_wconf 67' lang='lat' dir='ltr'><strong>scicntia</strong></span> <span class='ocrx_word' id='word_1_1038' title='bbox 3063 5441 3363 5520; x_wconf 69' lang='lat' dir='ltr'><strong>disputandi</strong></span> <span class='ocrx_word' id='word_1_1039' title='bbox 3403 5464 3504 5510; x_wconf 89' lang='lat' dir='ltr'><strong>est.</strong></span> 
     </span>
    </p>
   </div>
   <div class='ocr_carea' id='block_1_146' title="bbox 1930 5513 3508 5596">
    <p class='ocr_par' dir='ltr' id='par_1_146' title="bbox 1930 5513 3508 5596">
     <span class='ocr_line' id='line_1_148' title="bbox 1930 5513 3508 5596; baseline 0.008 -28"><span class='ocrx_word' id='word_1_1040' title='bbox 1930 5513 2036 5568; x_wconf 86' lang='lat' dir='ltr'><strong>Sed</strong></span> <span class='ocrx_word' id='word_1_1041' title='bbox 2084 5524 2207 5570; x_wconf 91' lang='lat' dir='ltr'><strong>tunc</strong></span> <span class='ocrx_word' id='word_1_1042' title='bbox 2243 5516 2403 5571; x_wconf 78' lang='lat' dir='ltr'><strong>verba</strong></span> <span class='ocrx_word' id='word_1_1043' title='bbox 2445 5527 2573 5572; x_wconf 87' lang='lat' dir='ltr'><strong>sunt</strong></span> <span class='ocrx_word' id='word_1_1044' title='bbox 2615 5519 2762 5586; x_wconf 79' lang='lat' dir='ltr'><strong>signa</strong></span> <span class='ocrx_word' id='word_1_1045' title='bbox 2803 5532 3005 5587; x_wconf 87' lang='lat' dir='ltr'><strong>rerum,</strong></span> <span class='ocrx_word' id='word_1_1046' title='bbox 3033 5513 3243 5591; x_wconf 80' lang='lat' dir='ltr'><strong>quando</strong></span> <span class='ocrx_word' id='word_1_1047' title='bbox 3283 5524 3352 5579; x_wconf 92' lang='lat' dir='ltr'><strong>de</strong></span> <span class='ocrx_word' id='word_1_1048' title='bbox 3380 5526 3508 5596; x_wconf 87' lang='lat' dir='ltr'><strong>ipsis</strong></span> 
     </span>
    </p>
   </div>
   <div class='ocr_carea' id='block_1_147' title="bbox 1920 5687 3501 5805">
    <p class='ocr_par' dir='ltr' id='par_1_147' title="bbox 1920 5687 3501 5805">
     <span class='ocr_line' id='line_1_149' title="bbox 1920 5687 3501 5805; baseline 0.017 -71"><span class='ocrx_word' id='word_1_1049' title='bbox 1920 5693 2201 5805; x_wconf 42' lang='lat' dir='ltr'><strong>(“in</strong></span> <span class='ocrx_word' id='word_1_1050' title='bbox 2234 5700 2349 5759; x_wconf 63' lang='lat' dir='ltr'><strong>quae</strong></span> <span class='ocrx_word' id='word_1_1051' title='bbox 2367 5687 2728 5756; x_wconf 63' lang='lat' dir='ltr'><strong>Mincius,</strong></span> <span class='ocrx_word' id='word_1_1052' title='bbox 2748 5690 2927 5748; x_wconf 73' lang='lat' dir='ltr'><strong>absum</strong></span> <span class='ocrx_word' id='word_1_1053' title='bbox 2954 5709 2983 5748; x_wconf 82' lang='lat' dir='ltr'><strong>a</strong></span> <span class='ocrx_word' id='word_1_1054' title='bbox 3013 5702 3122 5750; x_wconf 75' lang='lat' dir='ltr'><strong>Mss.</strong></span> <span class='ocrx_word' id='word_1_1055' title='bbox 3143 5699 3281 5751; x_wconf 87' lang='lat' dir='ltr'><strong>corb.</strong></span> <span class='ocrx_word' id='word_1_1056' title='bbox 3314 5706 3361 5752; x_wconf 89' lang='lat' dir='ltr'><strong>et</strong></span> <span class='ocrx_word' id='word_1_1057' title='bbox 3385 5706 3501 5760; x_wconf 70' lang='lat' dir='ltr'><strong>Get-</strong></span> 
     </span>
    </p>
   </div>
   <div class='ocr_carea' id='block_1_148' title="bbox 3159 5881 3484 5908">
    <p class='ocr_par' dir='ltr' id='par_1_148' title="bbox 3159 5881 3484 5908">
     <span class='ocr_line' id='line_1_150' title="bbox 3159 5881 3484 5908; baseline 0.012 -14"><span class='ocrx_word' id='word_1_1058' title='bbox 3159 5893 3184 5902; x_wconf 51' lang='grc' dir='ltr'><strong>η,</strong></span> <span class='ocrx_word' id='word_1_1059' title='bbox 3209 5887 3228 5895; x_wconf 82' lang='grc'><strong>,.</strong></span> <span class='ocrx_word' id='word_1_1060' title='bbox 3257 5881 3260 5884; x_wconf 75' lang='grc'><strong>’</strong></span> <span class='ocrx_word' id='word_1_1061' title='bbox 3307 5883 3362 5897; x_wconf 54' lang='lat'><strong>0-»-</strong></span> <span class='ocrx_word' id='word_1_1062' title='bbox 3397 5890 3484 5908; x_wconf 39' lang='grc' dir='ltr'><strong>-ςηγ</strong></span> 
     </span>
    </p>
   </div>
  </div>
