3888 6486
106 365 252 424 “i3
1609 355 1971 414 APPENDIX.

108 484 268 544 tiam,
299 487 371 533 ut.
404 478 539 534 hoc
568 479 791 548 ipsumda
819 472 1054 531 fmditate
1079 473 1243 544 porci,
1276 487 1369 542 per
1392 488 1546 548 quem
1576 473 1749 548 fmdus

108 543 403 612 efﬁcitur;
440 557 553 602 aut
581 543 670 619 per
699 545 964 619 effectum,
993 555 1048 599 ut
1076 543 1278 615 puteus,
1313 544 1454 619 quod
1479 543 1595 619 eius
1617 544 1748 599 effe-

112 632 233 678 ctus
260 622 511 692 potatio
538 615 635 692 est,
666 617 1084 692 crediturdictus
1107 624 1235 692 ;_aut
1263 630 1356 684 per
1383 615 1434 692 id
1459 616 1598 684 quod
1624 630 1750 692 con:

114 685 292 757 tinet',
339 702 411 744 ut.
471 690 666 744 urbem
689 730 704 750 ,
739 688 804 742 ab
842 688 968 741 orbe
1004 685 1315 756 appellatam
1354 686 1569 751 volunt,
1608 686 1747 757 quod

117 763 427 831 auspicato
485 761 610 816 loco
648 757 967 831 circurnin
1010 767 1185 831 aratro
1220 757 1352 831 solet
1377 757 1564 831 :_cujns
1592 758 1665 810 rei
1698 765 1750 811 et

118 825 401 902 Virgilius
435 828 845 902 meminitLubi
874 827 1071 882 Eneas
1099 826 1278 902 urbem
1309 825 1542 902 designat
1573 837 1749 881 aratro

118 894 594 972 (ΔΕῖιρὶᾱηΙὶὁῶ,
619 916 666 953 υ.
699 900 819 970 75ῑὶ)
851 916 862 950 :
891 905 1098 972 autper
1121 897 1168 950 id
1195 894 1334 972 quod
1360 894 1750 972 coiitinetttr,ut

122 967 165 1028 si
206 973 341 1042 quis
392 971 665 1025 horreum
701 967 954 1042 mutatad
982 967 1152 1042 littera
1185 967 1408 1021 affirmet
1449 967 1516 1042 ai)
1550 967 1748 1042 hordeo

122 1036 502 1122 nominatum
527 1049 692 1122 ;__aut_
723 1055 814 1122 per
855 1040 1197 1122 abusionem,
1238 1045 1292 1122 ιιι
1332 1053 1449 1091 cum
1493 1036 1746 1122 hordeum

123 1114 401 1178 dicimus,
438 1121 507 1166 et.
534 1109 604 1166 ibi
633 1107 859 1164 triticum
890 1109 1163 1174 conditur;
1196 1107 1278 1162 vel
1305 1125 1333 1160 a
1363 1118 1512 1180 parte
1543 1116 1742 1180 totum,

128 1191 182 1240 ut
211 1183 531 1250 mucronis
558 1182 797 1244 nomine,
823 1195 938 1250 quze
964 1191 1166 1233 summa
1197 1179 1315 1248 pars
1340 1178 1419 1233 est
1443 1178 1632 1250 gladii,
1663 1183 1746 1232 to-

129 1259 239 1309 tum
268 1249 542 1325 gladium
571 1261 793 1325 vocant;
819 1249 900 1325 vel
927 1263 957 1303 a
983 1259 1093 1303 toto
1116 1255 1335 1325 pars,_ut
1357 1249 1574 1325 capillus
1599 1250 1745 1325 quasi

129 1313 341 1395 capitis?
386 1325 568 1395 pilus.
611 1319 745 1388 Quid
794 1313 1275 1395 ultraiprovéliar?
1297 1313 1558 1395 Quidquid
1603 1313 1747 1373 aliud

133 1385 514 1449 annumerari
566 1385 768 1461 potest,
813 1399 901 1443 aut
931 1385 1268 1444 Similitudine
1305 1385 1561 1461 rerum‘et
1586 1404 1745 1443 sono-

134 1469 250 1520 rum
271 1507 286 1529 ,
322 1471 430 1518 aut
465 1459 812 1516 similitudine
838 1461 1019 1530 rerum,
1042 1461 1305 1530 ipsiarn‘m,
1332 1467 1423 1513 aut
1450 1459 1740 1525 vicinitate,

3292 367 3431 429 HM

1858 475 2167 550 tenditquze
2204 475 2272 530 sit
2309 490 2430 550 pars
2458 476 2740 550 orationis,
2755 477 2838 534 vel
2864 479 2909 533 si
2938 479 3063 550 quid
3085 478 3227 535 aliud
3256 481 3310 536 in
3342 481 3426 541 his

1857 545 2167 613 disciplinis,
2200 559 2319 618 quae
2344 547 2412 601 de
2435 547 2606 601 verbis
2633 549 2924 615 traduntur,
2955 545 3178 618 accepit.
3207 553 3274 605 At
3300 567 3426 610 vero

1856 627 1918 670 ex
1949 623 2191 691 utroque,
2213 617 2262 691 id
2291 627 2370 672 est
2390 629 2444 672 et
2471 633 2628 691 sensu
2651 629 2700 674 et
2733 631 2847 673 arte
2867 621 2932 674 de
2949 617 3112 676 verbo
3135 622 3420 691 judicatur,

1856 697 1974 739 cum
2006 689 2074 748 id,
2099 688 2236 756 quod
2258 701 2412 742 aures
2440 689 2746 752 metiuntur,
2778 691 2914 744 ratio
2958 702 3122 756 notat,
3138 688 3199 746 et
3230 688 3421 750 nomen

1858 757 1926 810 ita
1952 757 2195 834 ponitur;
2229 769 2282 812 ut.
2298 758 2511 834 dicitur,
2533 761 2763 834 optimus
2789 779 2801 813 :
2828 777 2947 834 mox
2972 773 3027 834 ut
3055 777 3233 817 aurem
3265 765 3419 834 longa

1857 833 1958 903 una
1981 829 2175 898 syllaba
2203 835 2256 883 et
2279 829 2397 883 duae
2413 830 2774 903 breveshujus
2796 832 3027 903 nominis
3043 829 3417 903 percusseritit,

1856 900 2064 952 animus
2088 913 2152 952 ex
2178 908 2289 953 arte
2309 899 2483 972 statim
2513 899 2699 968 pedem
2726 901 2992 971 dactylum
3011 899 3263 972 agnoscit.
3281 899 3418 959 Senl

1857 975 1976 1044 sum
2002 983 2128 1022 vero
2153 983 2259 1044 non
2283 970 2569 1024 secundum
2591 986 2669 1037 se,
2685 972 2775 1044 sed
2807 970 3095 1026 secundum
3123 974 3172 1027 id
3195 975 3332 1044 quod
3350 976 3420 1029 si-

1853 1039 2066 1113 gnificat
2101 1039 2316 1113 verbum
2345 1051 2539 1113 movet,
2570 1041 2780 1113 quando
2821 1059 2912 1109 per
2951 1044 3169 1098 verbum
3203 1039 3420 1113 accepto

1857 1109 2024 1178 signo.
2057 1111 2262 1163 animus
2310 1110 2436 1163 nihil
2466 1109 2601 1164 aliud
2624 1127 2782 1181 quam
2810 1113 2976 1181 ipsam
3021 1129 3131 1167 rem
3162 1109 3415 1181 intuetur,

1853 1180 2154 1255 cujusilbid
2189 1181 2500 1255 signumest
2526 1180 2664 1255 quod
2706 1180 2950 1252 accepit:
2980 1193 3194 1255 meum,
3237 1180 3416 1255 Auge;

1854 1252 1992 1325 giino
2018 1251 2306 1325 nomipato,
2337 1249 2470 1325 nihii
2505 1252 2642 1325 aliud
2671 1249 2960 1325 quamfego
2989 1254 3099 1325 ipse
3125 1249 3418 1325 cegitor'ab

1857 1317 1991 1390 ipso,
2024 1317 2281 1375 cuin'otus
2305 1333 2418 1375 sum
2453 1321 2526 1390 (α)
2551 1339 2563 1373 :
2591 1317 2920 1391 aut’quilibei
2949 1317 3218 1377 bo'minuo'i
3255 1327 3419 1380 menti

1853 1393 2174 1464 occurritpsi
2201 1393 2342 1464 forte
2351 1392 2476 1464 Aboc
2515 1406 2724 1464 nomen,
2753 1395 2834 1446 vel
2865 1393 2952 1461 qui
2983 1410 3066 1448 me
3093 1395 3299 1464 ignorat
3324 1412 3417 1450 au-

136 1541 223 1590 aut
253 1535 582 1592 contrario.
606 1531 864 1586 contineri
892 1529 1090 1584 videbis
1117 1531 1370 1600 originem
1396 1531 1559 1594 verbi,
1590 1543 1745 1598 quam

140 1606 420 1676 prosequi
445 1620 558 1676 non
587 1602 794 1672 quidem
827 1602 958 1654 ultra
990 1602 1105 1676 soni
1129 1600 1524 1676 similitudinem
1559 1615 1742 1668 possu-

137 1672 289 1740 inus;
316 1672 424 1728 sed
465 1674 574 1728 hoc
601 1688 705 1725 non
731 1685 940 1740 semper
967 1672 1143 1740 utique
1172 1682 1463 1740 possumus.
1499 1672 1744 1725 Innume-

141 1746 333 1801 rabilia
365 1746 528 1799 enim
557 1751 681 1799 sunt
707 1742 886 1806 verba,
915 1755 1136 1811 quorum
1162 1742 1293 1794 ratio
1319 1741 1466 1811 reddi
1495 1756 1597 1794 non
1628 1757 1748 1809 pos-

141 1819 208 1871 sit
238 1836 251 1871 :
284 1827 388 1870 aut
424 1831 540 1869 non
563 1821 681 1881 est,
711 1820 767 1866 ut
791 1826 887 1881 ego
912 1809 1168 1877 arbitror;
1199 1820 1287 1864 aut
1315 1809 1474 1874 latet,
1502 1823 1559 1864 ut
1584 1810 1746 1866 Stoici

143 1889 520 1941 contendunt.
549 1879 679 1938 Vide
724 1879 896 1935 tamen
935 1881 1200 1950 paululum
1224 1923 1239 1944 ,
1270 1881 1531 1950 quomodo
1560 1897 1744 1950 perve-

147 1955 246 2012 niri
280 1966 494 2028 putant
520 1953 587 2009 ad
614 1951 701 2028 illa
724 1953 1002 2006 verborum
1033 1949 1309 2028 cunabula,
1338 1949 1419 2028 vel
1439 1951 1504 2004 ad
1526 1949 1743 2028 stirpem

148 2019 328 2096 potius
356 2033 537 2096 atque
565 2024 696 2078 adeo
720 2031 1033 2096 sementim},
1062 2023 1194 2075 ultra
1221 2019 1371 2096 quod
1389 2023 1549 2096 quani
1582 2022 1742 2096 origi-

148 2092 266 2151 nem
300 2092 538 2160 vetant,
565 2107 663 2149 nec
689 2095 731 2146 si
771 2094 888 2162 quis
909 2092 1060 2156 velit,
1088 2101 1260 2162 potest
1288 2092 1569 2162 quidquam
1599 2093 1744 2146 inve-

152 2171 285 2223 nire.
311 2167 501 2221 Nemo
523 2163 740 2234 atnbigit
763 2161 1009 2234 syllabas,
1029 2162 1089 2234 in
1108 2162 1350 2234 quibusv
1374 2161 1544 2214 littera
1573 2164 1742 2215 locmn

150 2239 360 2292 obtinet
388 2230 766 2299 consonantis,
795 2230 851 2285 in.
879 2237 1001 2285 sunt
1027 2232 1076 2285 in
1107 2231 1186 2284 his
1213 2230 1402 2291 verbis.
1426 2241 1630 2296 venter,
1655 2248 1746 2285 va-

153 2306 246 2369 fer,
273 2309 471 2362 velum
491 2350 507 2372 ,
540 2307 715 2359 vinum
735 2346 749 2369 ,
777 2302 1224 2372 vomis,lvulnus,
1258 2315 1491 2356 crassum
1519 2311 1571 2355 et
1596 2304 1744 2372 quasi

155 2379 390 2432 validum
421 2369 621 2431 sonum
648 2374 824 2439 edere,
848 2369 997 2438 Quod
1026 2373 1281 2441 approbat
1310 2375 1467 2426 etiam
1502 2369 1744 2440 loquendi

154 2448 526 2514 cormuetudo,
552 2461 671 2499 tum
699 2443 1008 2513 quibusdam
1034 2443 1204 2496 verbis
1231 2453 1320 2496 eas
1347 2443 1705 2498 subtrahimus
1725 2485 1740 2510 ,

157 2535 217 2571 ne
240 2528 485 2574 onerent
506 2531 708 2570 aurem.
730 2513 858 2566 Nam
887 2514 1005 2567 inde
1028 2519 1105 2566 est
1129 2513 1267 2579 quod
1291 2514 1473 2565 ama~ti
1501 2513 1744 2567 libentius

158 2589 385 2643 dicimus
435 2603 598 2658 quam
641 2583 878 2658 amovisti
901 2624 931 2658 ,Δ
959 2589 1010 2637 et
1032 2579 1206 2658 _abiit;
1242 2584 1576 2658 n0n‘abivit;
1609 2593 1662 2658 et
1692 2585 1742 2637 in

157 2659 292 2714 hunc
320 2651 555 2712 mod-um
586 2651 1002 2710 innumerabilia.
1031 2654 1166 2716 Ergo
1195 2668 1311 2706 cum
1341 2653 1584 2715 dicimus,
1616 2655 1739 2719 vim,

160 2745 320 2784 sonus
343 2727 527 2790 verbi,
553 2738 605 2779 ut
632 2728 825 2778 dictum
857 2734 956 2788 est,
978 2723 1125 2790 quasi
1152 2724 1354 2776 validus
1379 2725 1616 2793 congruit
1645 2725 1741 2788 rei,

160 2816 271 2868 quze
302 2801 662 2869 signiﬁcatur.
691 2795 906 2869 Jamex
951 2793 1035 2869 illa
1069 2794 1332 2848 vicinitate
1375 2809 1470 2869 per
1512 2794 1743 2869 idquod

159 2863 440 2936 ciliciurit,
485 2867 587 2922 hoc
629 2876 706 2920 esl
751 2864 870 2936 quia
914 2865 1142 2936 violenta
1182 2863 1506 2936 sunt,rdicta
1539 2863 1743 2936 vincula

164 2949 384 3010 possunt
419 2933 632 3010 videri,
663 2943 717 3010 et
746 2933 917 3010 vimen
949 2950 1058 3010 quo
1084 2933 1277 3010 aliquid
1306 2935 1580 3010 vinciatur.
1620 2935 1744 3010 lude

164 3004 326 3077 vites,
375 3010 526 3079 quod
575 3007 906 3060 adminiculis
951 3004 1482 3079 qtiibtts__vinciantttr
1527 3007 1744 3060 nexibus

165 3071 417 3148 pctident'.
451 3080 587 3133 llinc
607 3081 760 3148 etiam
786 3071 1000 3148 propter
1024 3071 1440 3148 sin'tilitndinetn,
1473 3076 1740 3129 incurvmn

166 3143 342 3205 senem
380 3153 588 3204 vietum
625 3143 904 3201 Terentius
934 3143 1230 3214 appellavit.
1268 3143 1395 3198 lline
1425 3155 1560 3199 terra
1581 3188 1595 3211 ,
1629 3161 1743 3216 quae

167 3221 386 3286 pedibus
415 3220 776 3274 itinerantiutn
804 3215 1034 3286 flexuosa
1071 3219 1123 3286 et
1159 3217 1277 3268 trita
1303 3223 1399 3280 est,
1428 3219 1507 3270 via
1535 3215 1739 3270 dicitur.

166 3285 216 3344 Si
242 3301 421 3345 autem
457 3291 563 3354 via,
593 3297 710 3356 qua!
740 3287 786 3340 vi
818 3285 1006 3356 peduut
1039 3285 1154 3339 trita
1189 3297 1292 3349 est,
1320 3287 1553 3340 creditur
1580 3287 1739 3352 dicta,

170 3359 296 3432 redit
325 3363 486 3432 origo
516 3359 578 3413 ad
613 3355 751 3432 illam
773 3357 1112 3432 vicinitatem.
1138 3355 1244 3432 Sed
1273 3359 1574 3432 faciamusa
1601 3359 1746 3410 simi-

169 3423 388 3488 litudine
412 3423 545 3483 iitis
572 3425 651 3481 vel
680 3427 906 3489 viminis,
934 3429 1030 3480 hoc
1053 3435 1132 3480 est
1157 3441 1182 3477 a
1214 3426 1350 3481 llexu
1375 3443 1491 3481 esse
1514 3427 1741 3481 dictam:

172 3499 352 3570 qurerit
398 3516 534 3570 ergo
579 3514 661 3553 me
707 3498 995 3570 quiSpiatn,
1033 3506 1195 3570 quare
1224 3499 1302 3550 via
1335 3497 1471 3550 dicta
1502 3507 1624 3570 est:
1657 3513 1742 3552 re-

170 3567 425 3639 spuudeo,
458 3567 490 3624 :i
518 3569 675 3634 licito,
704 3571 821 3637 quia
857 3567 1046 3621 llexmu
1078 3568 1219 3639 Velut
1247 3571 1522 3639 incurvum
1545 3568 1742 3639 vietum

171 3637 373 3697 veteres
393 3644 648 3696 dixerunt
672 3658 682 3691 :
706 3640 843 3692 unde
865 3639 1030 3690 vietos
1050 3638 1187 3705 quod
1209 3639 1399 3691 cautbo
1422 3637 1740 3703 ambiantur,

173 3721 402 3766 rotarum
459 3713 597 3780 ligna
645 3713 851 3780 vocant.
902 3707 1238 3780 Persequitur
1283 3723 1554 3780 quiercre,
1603 3709 1744 3780 unde

175 3780 362 3836 vietum
395 3777 596 3838 ilexitm
623 3777 826 3834 ἀίειιῑιιι·
851 3795 862 3830 :
891 3786 945 3832 et
975 3777 1062 3831 hic
1089 3778 1410 3846 respondeo,
1441 3787 1470 3830 a
1496 3778 1742 3831 similitu-

173 3846 287 3908 dine
319 3853 468 3908 vitis.
502 3850 665 3904 instat
694 3855 850 3918 atque
876 3850 1034 3916 exigit
1065 3847 1200 3902 unde
1232 3847 1370 3901 istud
1402 3849 1467 3900 sit
1499 3847 1618 3902 vltis
1646 3864 1743 3903 uo-

177 3920 289 3990 ineii
315 3941 327 3975 :
354 3923 482 3977 'dico
509 3923 625 3990 quia
657 3921 816 3972 vincit
843 3934 902 3990 ea
935 3932 1052 3986 quas
1078 3920 1555 3990 comprehenderit.
1583 3921 1743 3973 Scru-

177 3981 306 4062 itiiur
331 3981 758 4062 ipSUIll-villt‘ifc,
787 3988 931 4062 unde
954 3981 1154 4041 dictaui
1185 3981 1251 4042 sit
1283 4007 1296 4042 :
1324 3986 1580 4062 dicemus,
1613 3990 1742 4062 avi.

221 4051 262 4133 i3
302 4051 479 4133 (ll-mrc
525 4062 600 4114 δίο
646 4051 962 4133 θυρέηεηυΐ,
1003 4061 1231 4133 l'et'piiret
1262 4059 1540 4133 :_redditur
1567 4051 1743 4133 ratio,

178 4131 290 4208 quia
316 4129 543 4208 robiisto
567 4131 812 4208 et‘valido
838 4141 968 4208 sono
989 4131 1203 4208 verbum
1231 4129 1326 4191 rei,
1350 4129 1747 4208 qute‘signiiiea-

181 4197 278 4273 tiir,
301 4201 570 4273 congruit.
599 4197 742 4273 Ultra
783 4199 922 4273 quod
969 4200 1200 4267 requirat
1240 4215 1341 4273 non
1371 4197 1566 4251 ’baba‘t.
1605 4199 1746 4265 Quot

181 4268 342 4341 iiio'dis
373 4268 555 4328 autem
593 4272 738 4341 origo
770 4272 1049 4341 verborum
1077 4268 1412 4341 corruptione
1444 4283 1634 4322 vocum
1660 4285 1748 4341 va-

180 4338 360 4412 rietur,
392 4344 632 4412 ineptum
664 4338 739 4394 est
771 4340 1012 4412 irosequi
1044 4357 1054 4391 :
1088 4353 1206 4391 nam
1235 4347 1287 4391 et
1311 4338 1544 4412 longum,
1571 4347 1622 4392 et
1649 4339 1745 4392 iiii-

181 4407 272 4468 iius
298 4407 462 4486 quam
488 4407 1439 4486 illa‘qmr:_dic.t_aisuttt,_neecssa_rium
1469 4420 1568 4462 est.

566 4473 786 4537 CAPUT
827 4473 934 4533 VII.
957 4509 1026 4518 —-
1041 4477 1118 4531 De
1141 4478 1186 4530 vi
1205 4475 1354 4531 verbi.

244 4549 398 4618 Nunc
422 4553 526 4606 vim
558 4553 858 4615 verborum,
882 4559 1130 4618 quantum
1164 4563 1247 4602 res
1272 4547 1482 4616 patitur,
1517 4549 1748 4604 breviter

183 4615 600 4690 consideremus.
630 4622 715 4674 Vis
755 4615 910 4674 verbi
927 4629 1028 4682 est,
1083 4635 1182 4687 qua
1221 4615 1555 4690 cnguoSt-itur
1583 4635 1749 4688 quan-

185 4689 288 4748 tum
315 4692 683 4756 valeatzvalet
707 4701 878 4745 autem
913 4698 1132 4752 tantum,
1165 4689 1415 4758 quantum
1449 4689 1746 4744 audientem

185 4757 392 4834 "iuvere
416 4771 608 4834 potest.
633 4761 794 4834 Porro
816 4771 989 4834 movet
1017 4757 1333 4834 audientem,
1349 4768 1439 4812 aut
1459 4759 1746 4813 secundum

185 4829 262 4898 ξε,
287 4838 380 4890 aut
415 4829 702 4888 arcendum
736 4831 784 4884 id
817 4831 954 4899 qtmd
997 4830 1273 4898 signiﬁcat,
1312 4839 1403 4882 aut
1430 4845 1493 4884 ex
1527 4841 1750 4899 utroque

187 4903 553 4958 cermnuniter.
583 4899 688 4958 Sed
717 4913 835 4955 cum
857 4902 1142 4953 secundum
1170 4913 1226 4953 se
1252 4905 1444 4964 movet,
1475 4901 1640 4952 autad
1665 4915 1750 4954 so-

187 4967 285 5043 liiiii
313 4979 530 5030 scns'tlut
555 4973 800 5043 pertinet,
826 4981 914 5023 aut
951 4970 1013 5023 ad
1045 4979 1229 5035 artem,
1255 4980 1341 5022 aut
1362 4969 1426 5023 ad
1451 4979 1746 5043 utrumque.

189 5033 381 5100 Sensus
403 5033 576 5096 autem
605 5033 895 5096 autnatura
925 5049 1183 5105 movetur,
1215 5033 1315 5092 aut
1348 5033 1745 5096 consuetudine.

192 5105 372 5169 Natura
416 5119 657 5169 movetur
687 5113 734 5165 in
763 5127 842 5174 eo,
875 5110 1012 5180 quod
1044 5109 1322 5162 oll'enditur
1359 5111 1401 5164 si
1429 5112 1544 5179 quis
1576 5111 1748 5165 nomi-

192 5194 270 5236 net
307 5187 652 5241 Artaxeixmu‘
686 5195 881 5250 regem,
909 5181 984 5233 vel
1037 5182 1291 5238 mulcetur
1321 5195 1437 5234 cum
1468 5182 1612 5234 audit
1641 5182 1749 5236 Eu-

195 5255 406 5320 ryalum.
437 5255 566 5377 guis
606 5254 746 5308 cnim
782 5251 984 5305 etiamsi
1017 5251 1142 5302 nihil
1175 5253 1351 5320 utique
1380 5251 1445 5305 de
1472 5251 1550 5304 his
1579 5251 1749 5306 homi-

195 5321 339 5377 nibus
368 5343 431 5377 au
475 5324 611 5377 ict‘it.
641 5331 862 5377 (morum
893 5322 986 5372 ista
1015 5331 1136 5374 sunt
1175 5322 1406 5377 numina.
1440 5339 1540 5374 non
1575 5333 1746 5376 tamen

195 5321 339 5392 uibus
368 5321 611 5387 audierit,
641 5331 862 5392 quorum
893 5322 986 5372 ista
1015 5331 1136 5374 sunt
1175 5322 1540 5392 nomina,non
1575 5333 1746 5376 tamen

195 5389 239 5463 in
279 5394 369 5449 illo
393 5389 729 5463 asperitatem
761 5392 1063 5463 maximam,
1108 5401 1158 5444 et
1191 5390 1241 5444 in
1291 5390 1606 5459 bocjndicet
1633 5408 1749 5447 esse

196 5459 487 5519 lenitatem"!
528 5461 916 5517 (Lotisuetudine
947 5471 1185 5513 movetur
1207 5473 1410 5521 sensus,
1435 5475 1554 5514 cum
1584 5463 1745 5517 olTen-

195 5529 321 5586 ditur
345 5552 460 5590 cum
476 5535 616 5588 audit
647 5533 890 5603 quiddam
924 5545 936 5581 :
974 5546 1090 5583 nam
1111 5531 1193 5583 hic
1215 5531 1280 5603 ad
1307 5533 1612 5585 suavitatem
1633 5536 1748 5588 seni

197 5603 266 5656 Vici
297 5601 678 5659 insitavitatenr
701 5601 829 5656 nihil
861 5602 1110 5662 interest;
1134 5601 1226 5653 sed
1254 5611 1426 5655 tamen
1456 5604 1627 5655 valent
1652 5620 1748 5656 au-

197 5671 320 5727 rium
349 5673 629 5746 penetralia
660 5689 892 5736 movere,
922 5679 1088 5746 mrm!‘
1119 5686 1208 5736 i3”.
1232 5685 1288 5724 se
1315 5673 1645 5746 “‘"F'Se'mie‘.
1673 5690 1749 5726 so.

195 5755 282 5797 nos
319 5743 462 5815 quasi
504 5746 935 5815 liospites‘notos,
965 5757 1029 5793 an
1061 5743 1262 5815 ignotos
1302 5743 1569 5815 rccipiunt.
1625 5745 1748 5799 Arte

196 5810 359 5873 anteiri
386 5810 628 5874 metetur
652 5811 879 5885 auditor,
902 5817 1020 5870 cum
1043 5810 1314 5868 enuntiato
1330 5811 1430 5867 sibi
1458 5811 1640 5885 verbo,
1671 5821 1749 5872 at-

1853 1460 2025 1532 dierit,
2051 1463 2133 1515 vel
2179 1462 2267 1529 qui
2297 1461 2456 1514 alium
2496 1463 2661 1532 novit,
2700 1464 2788 1530 qui
2818 1460 3136 1532 Augustinus
3183 1476 3415 1520 vocetur.

1851 1528 1980 1584 Cum
2008 1528 2367 1586 aiitem’simul
2391 1542 2444 1584 et
2467 1528 2756 1585 secundum
2778 1548 2836 1585 se
2861 1528 3076 1586 vérbum
3120 1546 3297 1590 movet
3320 1553 3418 1590 au-

1851 1600 2102 1675 dientem,
2131 1610 2183 1655 et
2199 1602 2486 1675 secundum
2513 1601 2567 1675 id
2596 1602 2739 1675 quod
2766 1603 3054 1671 signiﬁcat;
3086 1614 3207 1659 tunc
3234 1615 3283 1660 et
3305 1607 3415 1675 ipsa

1853 1673 2141 1725 enuntiatio
2156 1714 2176 1741 ί,
2210 1681 2263 1726 et
2302 1671 2352 1725 id
2389 1670 2527 1741 quod
2561 1670 2628 1724 ab
2657 1685 2720 1724 eo
2761 1670 3094 1735 enuntiatur,
3131 1677 3284 1729 simul
3325 1670 3418 1729 ad-

1851 1744 2092 1796 vertitur.
2124 1740 2274 1797 Unde
2313 1740 2453 1795 enim
2491 1742 2549 1794 ﬁt
2585 1742 2724 1811 quod
2769 1758 2872 1795 non
2909 1744 3187 1798 ollenditur
3214 1748 3415 1799 aurium

1850 1813 2095 1884 castitas,
2127 1825 2247 1866 cum
2287 1812 2451 1884 audit,
2503 1811 2678 1884 Manu,
2719 1826 2924 1879 ventre,
2974 1828 3126 1881 pene,
3158 1815 3288 1868 bona
3330 1831 3419 1884 pa-

1853 1881 1948 1935 tria
1975 1884 2327 1945 laceraverat;
2361 1882 2716 1936 otl‘enderetur
2742 1893 2920 1936 autem
2951 1885 2994 1936 si
3017 1885 3264 1940 obscena
3298 1881 3417 1952 pars

1851 1952 2088 2022 corporis
2128 1952 2344 2007 sordido
2369 1965 2429 2004 ac
2459 1953 2658 2022 vulgari
2697 1954 2910 2007 nomine
2948 1953 3337 2022 appellaretur?
3368 1955 3416 2008 in

1855 2021 1952 2092 hoc
1980 2029 2152 2075 antetn
2195 2035 2406 2076 sensum
2441 2021 2779 2092 animumque
2817 2021 3087 2091 utriusque
3114 2022 3419 2079 deformitas

1851 2091 2163 2162 oiTenderet,
2192 2093 2290 2145 nisi
2329 2093 2414 2145 illa
2452 2091 2717 2160 turpitudo
2746 2094 2820 2146 rei
2848 2109 2965 2162 qua:
2993 2093 3278 2161 signiﬁcata
3317 2105 3416 2162 est,

1853 2160 2045 2216 decore
2068 2163 2214 2216 verbi
2245 2163 2586 2231 signiﬁcantis
2604 2160 2919 2230 aperiretur,
2964 2160 3083 2216 cum
3121 2179 3207 2218 res
3235 2160 3418 2220 eadem

1851 2232 1935 2295 sit,
1967 2232 2114 2300 cujus
2153 2243 2432 2301 utrumque
2473 2232 2782 2286 vocabulum
2813 2233 3118 2287 est:veluti
3167 2251 3270 2288 non
3315 2236 3419 2290 alia

1851 2307 2122 2373 meretrix,
2142 2303 2236 2357 sed
2261 2303 2416 2356 aliter
2441 2312 2617 2357 tamen
2642 2303 2853 2356 videtur
2875 2318 2938 2356 eo
2966 2304 3132 2364 cultu,
3164 2319 3268 2373 quo
3293 2315 3419 2360 ante

1845 2372 2076 2442 judicent
2110 2382 2250 2426 stare
2274 2373 2492 2440 assolet,
2524 2375 2752 2427 alitereo
2777 2387 2884 2442 quo
2912 2374 2964 2426 iu
2991 2372 3240 2441 luxuriosi
3271 2377 3418 2430 cubi-

1849 2444 1968 2513 culo
2001 2443 2221 2513 jaceret.
2251 2443 2386 2498 Cum
2431 2444 2586 2513 igitur
2614 2451 2811 2497 tantam
2840 2443 2944 2496 vim
2996 2453 3206 2512 tamque
3234 2445 3416 2500 multi-

1851 2511 2037 2582 plicem
2086 2522 2333 2582 appareat
2375 2511 2492 2568 esse
2536 2515 2843 2576 verborum,
2874 2528 3029 2582 quam
3061 2511 3290 2570 breviter
3318 2531 3413 2583 pro

1850 2591 2088 2651 tempore
2113 2585 2516 2652 summatimque
2542 2585 2839 2653 attigimus;
2865 2585 3055 2652 duplex
3089 2584 3175 2638 hic
3203 2600 3268 2638 ex
3288 2602 3418 2640 con-

1849 2653 2169 2707 sideratione
2194 2667 2385 2709 sensus
2410 2656 2646 2709 nascitur
2673 2671 2685 2706 :
2710 2653 2898 2723 partim
2921 2662 3130 2722 propter
3156 2656 3416 2723 explicau-

1849 2723 1968 2777 dam
2017 2725 2311 2788 veritatem,
2346 2727 2532 2793 partim
2559 2733 2775 2794 prepter
2802 2724 3113 2777 servandum
3147 2725 3413 2792 decorem,

1848 2805 2069 2863 quorum
2103 2794 2325 2862 primum
2349 2795 2414 2848 ad
2441 2795 2796 2858 dialecticum,
2830 2795 3115 2848 secundum
3147 2796 3210 2849 ad
3236 2805 3415 2850 orato-

1849 2879 1959 2917 rem
1993 2865 2220 2919 maxime
2259 2868 2505 2933 pertinet.
2538 2866 2786 2932 Quamvis
2812 2866 2953 2918 enim
2985 2879 3080 2919 nec
3105 2865 3415 2933 diSputatio-

1847 2949 1968 2986 nem
1993 2934 2177 2988 deceat
2204 2935 2455 3004 ineptam,
2496 2949 2595 2990 nec
2639 2936 2988 3004 eloquentiam
3029 2944 3270 3003 oporteat
3296 2951 3418 2992 esse

1848 3005 2192 3076 mendacem;
2238 3015 2413 3060 tamen
2455 3016 2509 3062 et
2553 3008 2603 3059 in
2634 3005 2719 3058 illa
2771 3020 2911 3076 s:epe
2931 3014 3088 3076 atque
3116 3005 3250 3059 adeo
3282 3022 3417 3076 pene

1849 3085 2058 3143 Semper
2095 3074 2337 3130 audiendi
2387 3077 2604 3130 delicias
2628 3075 2862 3128 discendi
2901 3075 3088 3143 cupido
3108 3074 3414 3142 contemnit,

1849 3153 1900 3199 et
1933 3146 1982 3198 in
2031 3146 2126 3198 hac
2152 3145 2446 3213 imperitior
2487 3145 2762 3199 multitudo
2790 3146 2928 3214 quod
2971 3154 3155 3199 ornate
3201 3147 3415 3208 dicitur,

1847 3215 2003 3287 etiam
2036 3231 2158 3269 vere
2201 3215 2304 3269 dici
2346 3217 2648 3270 arbitratur.
2680 3216 2816 3285 Ergo
2845 3231 2966 3287 eum
2993 3226 3243 3283 appareat
3287 3217 3415 3287 quid

1850 3286 1919 3338 sit
1947 3287 2355 3354 uniusmtjusqne
2386 3289 2676 3354 pmprium,
2697 3284 3030 3340 manifestum
3061 3295 3142 3340 cst
3167 3295 3221 3340 et
3239 3284 3424 3356 dispu-

1849 3360 2092 3416 tatorem,
2113 3357 2154 3409 si
2183 3369 2280 3426 qua
2312 3358 2358 3409 ei
2380 3356 2674 3411 delectandi
2703 3371 2828 3411 cura
2854 3362 2956 3420 est,
2984 3357 3251 3410 rhetorico
3271 3361 3420 3412 colo-

1851 3438 1908 3479 re
1922 3425 2303 3495 aspergendum
2325 3443 2339 3491 ;
2359 3437 2411 3480 et
2436 3437 2721 3489 oratorem,
2741 3427 2785 3480 si
2813 3425 3086 3480 veritatem
3104 3427 3422 3494 persuadere

1851 3497 1984 3567 vult,
2015 3497 2306 3550 dialecticis
2331 3500 2478 3567 quasi
2507 3498 2684 3551 nervis
2704 3505 2859 3565 atque
2884 3497 3089 3551 Ossibus
3115 3512 3233 3567 esse
3266 3498 3424 3552 robo—

1855 3566 2098 3632 randam,
2117 3581 2235 3635 qua:
2265 3566 2374 3635 ipsa
2416 3578 2600 3621 natura
2628 3567 2940 3635 corporibus
2969 3566 3296 3632 nostris,nec
3335 3569 3425 3622 tir-

1849 3636 2016 3689 mitati
2045 3638 2230 3690 virium
2270 3635 2583 3691 subtrahere
2614 3638 2800 3706 potuit,
2830 3652 2929 3691 nec
2953 3637 3225 3691 oculorum
3256 3638 3425 3693 offen-

1849 3706 1982 3777 sioni
2004 3715 2196 3777 patere
2227 3707 2482 3775 permisit.
2537 3707 2718 3776 itaque
2743 3722 2884 3762 nunc
2910 3717 3124 3777 propter
3149 3709 3425 3763 veritatem

1849 3775 2413 3846 dijudicandam,quod
2442 3775 2715 3833 dialectica
2754 3775 3052 3845 proﬁtetur,
3078 3793 3142 3831 ex
3172 3777 3271 3832 bac
3302 3794 3424 3834 ver-

1848 3844 2033 3918 borum
2065 3848 2132 3909 vi,
2167 3844 2316 3913 cujus
2341 3847 2581 3915 quaedam
2609 3844 2809 3901 semina
2833 3844 3142 3918 sparsimus,
3171 3862 3287 3917 qua:
3325 3847 3425 3902 im-

1851 3917 2145 3984 pedimenta
2175 3925 2454 3971 nascantur
2474 3918 2764 3972 videamus.

1848 4003 2073 4063 CAPUT
2117 4005 2244 4061 Vill.
2276 4039 2343 4046 —
2377 4007 2655 4076 Obscurum
2682 4015 2728 4060 et
2764 4005 3076 4076 ambiguum.
3108 4005 3423 4072 Di/ferentiar

1991 4078 2186 4130 obscuri
2212 4089 2256 4130 et
2291 4077 2526 4147 ambigui.
2564 4075 2682 4129 Tria
2723 4072 3274 4145 genera'obscurorum.

1919 4165 2140 4236 Impedit
2163 4166 2453 4220 auditorem
2475 4165 2540 4236 ad
2561 4167 2832 4236 veritatem
2852 4165 3128 4219 videndam
3147 4165 3197 4218 in
3224 4166 3421 4232 verbis,

1849 4249 1936 4290 aut
1963 4235 2257 4290 obscuritas
2283 4245 2370 4289 aut
2398 4235 2730 4306 ambiguitas.
2764 4235 2902 4288 Inter
2929 4237 3210 4306 obscurum
3233 4245 3284 4290 et
3305 4253 3422 4289 am-

1851 4307 2064 4374 biguum
2099 4308 2197 4360 hoc
2223 4307 2460 4370 interest,
2481 4305 2618 4372 quad
2636 4307 2684 4359 in
2714 4307 2958 4374 ambiguo
2987 4305 3132 4375 plura
3156 4321 3212 4359 se
3239 4316 3423 4360 osten-

1849 4376 1997 4439 dttnl,
2018 4392 2239 4444 quorum
2269 4376 2391 4446 qttid
2419 4377 2594 4447 potius
2626 4377 2986 4446 accipiendum
3014 4377 3083 4430 sit
3116 4377 3422 4447 ignoratur;

1853 4447 1903 4500 in
1939 4448 2164 4516 obseuro
2190 4444 2365 4500 autern
2411 4444 2562 4513 nihil,
2593 4455 2684 4500 aut
2717 4444 2897 4514 parum
2928 4447 3068 4516 quod
3101 4444 3422 4512 attendatur,
3484 4444 3492 4454 ’

1851 4525 2086 4585 apparet.
2115 4515 2216 4572 Sed
2251 4517 2335 4570 tibi
2371 4532 2553 4585 parum
2585 4527 2665 4571 est
2693 4517 2831 4584 quod
2863 4515 3099 4585 apparet.
3139 4516 3425 4572 obscurum

1853 4595 1934 4641 est
1958 4587 2200 4656 ambiguo
2228 4587 2397 4640 simile
2429 4605 2440 4640 :
2475 4587 2630 4641 veluti
2655 4586 2698 4639 si
2725 4587 2842 4657 quis
2873 4586 3170 4657 ingrediens
3192 4588 3308 4657 iter,
3333 4603 3428 4642 ειη

1852 4657 2075 4725 cipiatur
2101 4655 2275 4726 aliquo
2307 4657 2469 4722 bivio,
2503 4657 2583 4711 vel
2613 4655 2787 4721 trivio,
2821 4655 2901 4710 Vel
2933 4657 3109 4721 etiam,
3144 4664 3200 4710 ut
3243 4656 3313 4711 ita
3343 4658 3427 4711 di—

1853 4742 1990 4789 cam,
2025 4727 2260 4780 multivio
2279 4728 2413 4788 loci»,
2438 4726 2528 4781 sed
2557 4728 2812 4781 densitate
2837 4727 3038 4780 nebulae
3071 4726 3198 4780 nihil
3224 4729 3428 4782 viarum

1853 4797 2107 4865 quodest,
2137 4795 2336 4868 eluceat
2371 4813 2538 4868 :‘ergo
2576 4814 2603 4849 a
2632 4797 2897 4866 pergendo
2927 4799 3070 4865 prius
3108 4797 3432 4854 obscuritate

1854 4875 2107 4939 tenetur.‘
2132 4869 2197 4920 At
2227 4865 2666 4939 ubi_aliq_u'antutii
2698 4865 2970 4922 rarescere
3019 4868 3225 4922 nebu‘lm
3255 4884 3433 4939 cmpe-

1853 4937 1977 4997 rint,
2026 4935 2230 4990 videtur
2269 4935 2486 5006 aliquid,
2514 4937 2650 5006 quod
2680 4946 2854 4991 utrum
2898 4939 2977 4991 via
3031 4939 3120 5003 sit,
3169 4955 3233 4992 an
3275 4935 3433 4993 terra:

1855 5009 2098 5076 preprius
2126 5015 2178 5061 et
2223 5007 2437 5060 nitidior
2465 5007 2611 5063 color
2657 5009 2914 5062 incertum
2945 5020 3025 5063 est
3057 5026 3068 5062 :
3110 5009 3209 5063 hoc
3233 5018 3314 5063 est
3338 5009 3432 5062 ob-

1854 5090 2066 5130 scurum
2105 5078 2578 5148 ambiguosimile.
2610 5077 2976 5133 Diluccsccute
3006 5081 3142 5148 coelo
3168 5088 3431 5148 quantum

1853 5149 2020 5201 oculis
2062 5149 2188 5219 satis
2233 5144 2320 5208 sit,
2348 5146 2456 5219 jam
2503 5149 2737 5202 oumium
2778 5149 2981 5204 viarum
3013 5144 3430 5219 deduciio‘clara

1854 5228 1962 5288 est;
1989 5217 2081 5270 sed
2103 5235 2201 5288 qua
2232 5219 2296 5271 sit
2327 5216 2672 5288 pergendum,
2702 5237 2804 5273 non
2831 5223 3166 5276 obscuritate.
3189 5216 3281 5271 sed
3313 5233 3430 5270 am-

1853 5287 2102 5357 biguitate
2118 5287 2403 5342 dubitatur.
2429 5287 2550 5343 item
2581 5292 3266 5356 suntobscurorumgenera
3295 5288 3392 5340 tria
3416 5304 3428 5335 :

1855 5373 2015 5411 unum
2045 5367 2126 5430 est
2146 5360 2283 5427 quod
2316 5361 2492 5430 sensui
2513 5367 2676 5430 patet,
2704 5363 2882 5414 animo
2910 5360 3140 5430 clausum
3171 5365 3432 5430 est;itau-

1853 5444 2009 5498 quam
2038 5429 2083 5482 si
2111 5426 2231 5498 (piis
2259 5429 2454 5484 malum
2485 5426 2731 5501 punicum
2765 5432 2957 5498 pictum
2986 5426 3185 5490 videat,
3215 5429 3306 5496 qui
3338 5444 3429 5481 ne-

1914 5581 1985 5650 (α)
2022 5586 2086 5650 Ex
2102 5580 2194 5631 hoc
2211 5579 2317 5650 loco
2337 5583 2521 5632 diserte
2543 5582 3029 5650 sequiturauctorem
3052 5577 3252 5650 hujusce
3275 5576 3430 5650 libelli

1852 5637 2084 5715 nominari
2108 5647 2452 5715 Augustinum._
2471 5646 2580 5700 Quis
2604 5637 2718 5691 vero
2740 5641 2800 5690 sit
2833 5637 2917 5715 ilie
2954 5637 3241 5715 Augustinus
3273 5641 3428 5714 iucer:

1852 5709 1953 5753 tum
1980 5712 2070 5754 est.
2113 5703 2397 5761 Qui..usdam
2441 5707 2486 5753 in
2529 5712 2742 5755 ruentem
2778 5703 2909 5750 venit
2949 5703 3173 5750 eumdem
3211 5714 3321 5752 esse
3353 5703 3432 5750 cui

1850 5766 2133 5876 ingenua;
2149 5765 2258 5876 libr'i
2287 5767 2350 5816 de
2382 5763 2670 5815 mirabilibus
2691 5773 2734 5813 δ.
2759 5766 3011 5826 scripturae
3033 5764 3083 5813 in
3118 5763 3434 5828 appendicem

1963 5839 2036 5876 rei
2139 5860 2153 5876 .
2259 5864 2272 5876 .

1851 5830 1890 5878 ιο
1913 5827 1945 5876 ὅ
1963 5827 2153 5890 rejecti.
2215 5832 2272 5879 ll.
