3888 6398
573 361 717 450 ius

571 493 679 549 que
706 476 899 533 viderit
916 473 1218 549 aliquando,
1250 488 1351 549 nec
1372 470 1591 549 omnino
1617 468 1769 549 quale
1797 478 1939 549 esset
1960 467 2142 549 audie-

577 539 677 611 fit;
708 562 811 601 non
834 539 1108 603 oculorum
1126 539 1229 608 est,
1260 542 1353 598 sed
1370 541 1550 605 animi,
1578 539 1946 611 qttodcujusce
1972 540 2046 595 rei
2063 540 2142 609 pi-

514 657 523 687 ,
574 610 720 672 etura
746 619 835 683 sit,
857 617 1045 672 nescit.
1070 616 1303 687 Alternm
1328 626 1501 687 genus,
1518 620 1618 675 est,
1643 610 1732 687 ubi
1751 625 1837 663 res
1858 610 2035 687 animo
2054 624 2143 687 pn~

512 678 528 753 Ξ
576 698 728 753 teret,
757 678 856 743 nisi
877 687 1054 743 sensui
1084 678 1436 746 clauderetur,
1463 686 1598 753 sicut
1617 690 1703 753 est
1714 678 1877 753 homo
1894 678 2063 753 pictus
2089 680 2141 733 in

516 748 527 789 έ
576 748 808 814 tenebris
831 776 845 813 :
867 772 987 813 nam
1020 756 1109 812 ubi
1138 754 1303 810 oculis
1322 752 1641 821 apparuerit,
1658 750 1788 806 nihil
1817 748 2021 804 animus
2046 748 2143 803 bo-

576 830 774 885 minem
806 825 1308 899 pictumrdubitabit.
1354 820 1589 899 Tertium
1618 836 1794 899 genus
1829 830 1930 899 est,
1959 820 2012 874 in
2037 834 2142 890 quo

574 901 733 955 etiam
763 890 940 955 sensui
978 895 1338 961 absconditur,
1374 892 1515 963 quod
1540 890 1714 963 tamen
1754 891 1795 946 si
1834 890 2139 963 .tudaretur,

573 970 738 1051 nihilo
758 970 922 1051 magis
942 968 1120 1023 animo
1146 960 1414 1051 emineret
1433 981 1445 1017 :
1467 962 1608 1051 qund
1632 976 1797 1051 genus
1811 970 1893 1015 est
1906 960 2141 1042 omnium

574 1030 1029 1105 obscurissimum,
1049 1037 1160 1092 utsi
1176 1035 1447 1105 imperitus
1463 1030 1656 1087 malum
1669 1031 1795 1085 illud
1807 1032 2051 1105 pitnicum
2067 1030 2144 1099 pi-

576 1120 717 1167 ctum
735 1110 896 1165 etiam
911 1109 965 1163 in
980 1101 1211 1163 tettebris
1223 1101 1499 1175 cogeretur
1509 1116 1813 1175 agnoscere.
1832 1101 1992 1175 Refer
2004 1115 2145 1156 nunc

570 1181 805 1235 animum
834 1179 1101 1241 ad'verba,
1116 1171 1342 1248 quorum
1367 1176 1479 1229 ista:
1500 1171 1621 1248 sunt
1635 1171 2002 1225 similitudines
2016 1186 2145 1248 con-

572 1253 788 1307 stitutae.
820 1250 963 1305 Pone
988 1240 1287 1319 quempiam
1308 1244 1725 1315 grammaticum.
1757 1240 2146 1319 convocatis_di-

574 1321 811 1391 scipulis,
842 1310 1083 1391 factoque
1109 1310 1615 1391 silentio'suppressa
1633 1327 1761 1367 voce
1788 1310 2006 1391 dixisse,
2037 1310 2143 1391 Te-

573 1379 771 1447 me'tum
798 1379 817 1445 Ξ
846 1379 1080 1460 ειυοᾱέι)
1126 1402 1193 1460 eo
1234 1379 1461 1460 dictum,
1489 1383 1576 1453 qui
1604 1396 1770 1453 prope
1812 1379 2141 1460 assidebam,

573 1462 703 1515 satis
722 1452 1030 1523 audierunt;
1058 1458 1145 1527 qui
1173 1455 1445 1516 remotius,
1481 1452 1703 1527 parum;
1734 1452 1825 1527 qui
1848 1459 2022 1527 autem
2052 1466 2142 1505 re-

574 1532 871 1587 motissime
913 1520 1052 1585 nulla
1078 1520 1298 1581 omnino
1325 1539 1457 1579 voce
1484 1520 1746 1592 perstricti
1776 1530 1915 1592 sunt.
1945 1520 2144 1575 Horum

574 1612 749 1655 autem
780 1601 969 1672 partim
992 1598 1246 1672 sciebant,
1272 1596 1343 1651 illi
1371 1595 1571 1649 scilicet
1588 1591 1869 1672 quinescio
1893 1605 1998 1660 quo
2020 1606 2145 1646 casu

576 1662 889 1727 remotlures
904 1677 1074 1733 erant,
1103 1666 1227 1737 quid
1254 1674 1397 1737 esset
1422 1672 1681 1737 temetum
1690 1678 1708 1737 5
1736 1662 1968 1737 reliquos
1976 1676 2147 1737 pror-

574 1756 666 1795 sus
696 1740 893 1795 latebat
921 1758 934 1793 :
963 1732 1149 1793 omnes
1168 1734 1486 1790 obscuritate
1512 1732 1948 1803 impediebantur.
1974 1732 2146 1803 Et_hic

571 1811 679 1880 jam
721 1810 976 1880 perspicis
996 1809 1172 1880 omnia
1220 1807 1307 1880 illa
1333 1819 1525 1880 genera
1570 1800 1971 1880 ubscnritatum.
2012 1800 2144 1856 Nam

575 1871 663 1949 qui
692 1871 872 1935 auditu
902 1880 1029 1933 nihil
1055 1871 1393 1941 dubitabant,
1424 1874 1653 1949 primum
1678 1871 1821 1949 illud
1854 1887 2023 1949 genus
2048 1887 2143 1949 pa-

576 1942 857 2013 tiebantur,
887 1949 970 2004 cui
999 1949 1169 2003 simile
1198 1956 1298 2012 est,
1344 1942 1540 1999 malum
1570 1942 1816 2013 punicum
1854 1942 2145 2013 ignoranti:

576 2020 696 2085 bus,
721 2020 815 2075 sed
843 2012 895 2075 in
938 2020 1052 2073 luce
1094 2018 1313 2089 pictum.
1343 2016 1443 2089 Qui
1482 2012 1737 2069 noverant
1782 2012 2023 2077 verbum,
2051 2012 2147 2067 sed

577 2091 791 2146 auribus
806 2099 894 2144 aut
910 2087 1441 2159 parum—automnino
1466 2100 1570 2139 non
1597 2091 1913 2159 acceperant
1931 2096 2143 2159 vocem;

578 2160 812 2217 secundo
837 2153 928 2215 illo
947 2173 1150 2230 genere
1169 2156 1499 2230 laborabant,
1539 2154 1625 2230 cui
1652 2153 1839 2230 similis
1866 2161 1949 2207 est
1972 2153 2145 2230 liomi-

578 2233 659 2285 nis
682 2232 875 2301 imago,
896 2222 989 2285 εεό
1018 2244 1121 2283 non
1141 2229 1193 2281 in
1210 2227 1516 2301 conspicuo,
1532 2224 1624 2280 sed
1640 2224 1855 2301 omnino
1869 2222 2149 2301 tenebroso

577 2301 714 2355 loco.
738 2293 835 2368 Qui
857 2293 1029 2354 autem
1060 2314 1165 2353 non
1203 2293 1375 2352 solum
1398 2296 1561 2368 vocis,
1590 2294 1683 2368 sed
1718 2302 1773 2347 et
1813 2293 2150 2368 signiﬁcatio-

577 2373 659 2425 nis
680 2364 824 2425 vefbi
844 2379 1095 2439 expertes
1123 2376 1307 2439 erant;
1340 2366 1484 2439 tertii
1505 2365 1733 2439 generis,
1770 2364 1910 2439 qnod
1929 2364 2150 2439 omnino

577 2433 1048 2505 deterrimum'est,
1080 2438 1318 2494 cascitate
1347 2433 1763 2492 involvebantur.
1792 2433 1942 2499 Quod
1964 2442 2149 2505 nutent

575 2512 773 2566 dictum
800 2522 899 2577 est,
952 2504 1214 2581 quoddam
1253 2508 1541 2581 obscurum
1575 2506 1822 2573 ambiguo
1855 2504 2063 2581 sitnile,
2095 2504 2149 2558 in

578 2582 660 2637 his
689 2574 913 2652 perspici
950 2574 1636 2652 potest,rquibusuverbum
1676 2584 1789 2629 erat
1818 2574 2031 2652 quidem
2057 2589 2151 2627 no-

576 2644 710 2717 tum,
739 2644 832 2706 sed
852 2644 1033 2706 vocem
1059 2644 1269 2719 penitus
1298 2649 1513 2712 nullam,
1544 2655 1634 2719 aut
1660 2662 1764 2700 non
1786 2644 2153 2719 _omnino_rer-

579 2714 1075 2791 tamperceperant'.
1100 2719 1287 2774 Omnia
1332 2720 1489 2787 igitur
1523 2717 1747 2791 obscura
1784 2714 2028 2791 loquendi
2056 2730 2151 2784 ge-

576 2808 701 2847 nera
714 2786 937 2856 'vitab'it,
957 2791 1046 2861 qui
1079 2800 1143 2861 et
1161 2805 1287 2861 voce
1312 2786 1566 2861 quantum
1590 2786 1719 2841 satis
1746 2786 2011 2861 estclara,
2054 2801 2153 2861 nec

574 2854 952 2932 oreimpedito,
971 2854 1024 2915 et
1038 2860 1217 2932 verbis
1243 2854 1535 2914 notissimis
1562 2867 1755 2932 utetur.
1789 2854 1917 2932 Vide
1938 2870 2076 2932 nnnc
2098 2856 2149 2909 in

575 2925 769 2988 eodem
790 2925 1120 2999 grammatici
1150 2932 1413 2998 exemplo.
1441 2944 1599 2999 quam
1623 2928 1802 2999 longe
1821 2925 2148 2999 alias_impe-

573 3004 683 3057 diat
707 2995 1023 3071 ambiguitas
1048 3017 1207 3072 quam
1232 2995 1734 3072 obscuritasverbi.
1762 2995 1868 3051 Fac
1893 2996 2033 3072 enim
2058 3010 2152 3072 eos

573 3074 663 3143 qui
695 3067 917 3129 aderant
944 3083 999 3127 et
1026 3067 1157 3127 sutis
1181 3086 1341 3143 sensu
1375 3068 1643 3143 accepisse
1681 3081 1864 3121 vocem
1892 3067 2148 3143 magistri,

577 3136 632 3197 ει
659 3143 806 3198 illum
836 3144 1058 3196 verbum
1090 3141 1416 3211 enuntiasse,
1447 3136 1587 3211 quod
1618 3147 1761 3193 esset
1780 3136 2026 3211 omnibus
2050 3150 2149 3211 no-

576 3223 721 3277 tum;
750 3225 806 3268 ut
827 3222 971 3282 puta,
1006 3212 1087 3266 lac
1109 3227 1231 3266 eum
1270 3205 1487 3282 dixisse}
1518 3210 1751 3282 Magnus,
1784 3216 1838 3282 ει
1860 3205 2053 3282 deinde
2077 3206 2150 3261 si-

572 3283 733 3339 luisse
749 3302 761 3336 :
775 3278 986 3338 attende
1000 3282 1124 3352 quid
1147 3282 1353 3345 incerti,
1377 3281 1477 3333 hoc
1495 3280 1675 3333 audito
1698 3279 1933 3352 nomine,
1952 3278 2151 3352 patianf

578 3362 682 3406 tur.
699 3353 833 3421 Quid
860 3354 904 3407 si
930 3347 1165 3406 dicturus
1189 3359 1292 3415 est,
1317 3355 1444 3421 Qum
1467 3363 1590 3419 pars
1612 3348 1869 3421 orationis
1880 3347 2149 3421 est?Q_uid

574 3422 619 3475 si
643 3416 916 3478 de'metris
933 3422 1271 3491 qumsiturus,
1296 3416 1621 3491 quisit'pes?
1641 3417 1775 3491 Quid
1804 3416 1845 3470 si
1879 3416 2148 3491 historian]

573 3486 1013 3560 interrogaturus,
1042 3499 1101 3544 ut
1122 3500 1266 3559 puta,
1296 3486 1515 3560 magnus
1547 3488 1829 3560 Pompeius
1851 3495 1981 3557 quot
2008 3486 2148 3560 belia

570 3558 830 3630 gesserit?
856 3562 991 3630 Quid
1031 3562 1074 3615 si
1101 3558 1641 3614 Commendandorum
1670 3559 1965 3630 carminum
1982 3558 2145 3630 gratia

570 3626 810 3685 dicturus
848 3626 949 3697 est,
979 3631 1195 3700 Magnus
1230 3639 1284 3684 et
1325 3644 1459 3698 pene
1499 3629 1644 3682 solus
1677 3638 1831 3700 poeta
1862 3626 2148 3700 Virgilius?

571 3700 707 3769 Quid
746 3703 789 3756 si
821 3698 1191 3771 objurgaturus
1238 3700 1608 3771 negligentiam
1656 3698 2056 3771 discipuiorum,
2094 3698 2147 3751 in

571 3766 688 3826 hmc
708 3766 902 3827 deinde
921 3766 1080 3826 verba
1103 3766 1434 3840 prorumpat,
1458 3768 1673 3836 Magnus
1697 3766 1805 3821 vos
1830 3766 2148 3840 obstudiunt

570 3841 864 3911 disciplina:
888 3837 1571 3911 torporiitvasitTVidesne
1602 3845 1804 3892 remota
1826 3838 2016 3911 nebula
2046 3837 2148 3911 ob-

570 3907 859 3978 scuritatis,
886 3907 1012 3966 illud
1036 3908 1175 3980 quod
1203 3924 1360 3980 supra
1380 3907 1845 3980 dictumestquasi
1861 3907 2147 3963 eminuisse

570 3983 907 4037 tnultivium?
927 3977 1067 4037 Nam
1087 3981 1187 4035 hoc
1218 3977 1376 4033 unum
1390 3978 1529 4048 quod
1549 3977 1747 4031 dictum
1772 3986 1875 4045 est,
1905 3993 2145 4047 magnus,

571 4063 623 4107 et
654 4069 845 4109 nomen
872 4063 982 4117 εει,
1007 4061 1063 4107 ει
1085 4066 1176 4121 pes
1201 4050 1415 4121 chorius
1431 4058 1532 4115 est,
1560 4057 1612 4102 et
1640 4048 1920 4121 Pompeius
1962 4056 2063 4121 est,
2098 4056 2150 4121 et
2184 4100 2195 4111 ,

570 4122 821 4193 Virgilius
848 4133 946 4187 est,
974 4133 1029 4178 et
1052 4118 1383 4191 negligentize
1421 4129 1621 4189 torpor.
1657 4119 1719 4173 Et
1746 4119 1790 4172 si
1810 4134 1912 4189 qua
1939 4118 2041 4171 alia
2066 4120 2148 4173 vel

570 4193 974 4249 innumerabilia
1018 4209 1125 4247 non
1175 4199 1587 4246 commemorata
1618 4197 1760 4253 sunt,
1806 4205 1925 4258 qua:
1973 4197 2149 4243 tamen

572 4278 670 4333 per
707 4264 843 4318 hanc
867 4263 1284 4318 enuntiationem
1313 4261 1458 4333 verbi
1478 4268 1700 4329 possunt
1728 4259 1969 4333 intelligi.

745 4332 972 4389 CAPUT
1012 4333 1102 4387 IX.
1130 4362 1200 4371 —
1225 4331 1621 4389 Ambiquitatum
1639 4346 1821 4389 genera
1844 4330 1967 4383 duo.

644 4403 825 4476 Itaque
870 4404 1167 4459 rectissime
1188 4418 1236 4476 _a
1282 4400 1575 4476 dialecticis
1618 4400 1815 4454 dictum
1850 4408 1952 4476 est,
1982 4400 2151 4476 ambi-

571 4470 878 4543 guum—esse
903 4489 1063 4529 omne
1096 4473 1332 4543 verbum.
1363 4470 1471 4543 Nec
1490 4480 1700 4543 moveat
1727 4470 1866 4543 quod
1893 4470 2030 4543 apud
2059 4471 2150 4543 Ci-

572 4539 819 4601 ceronem
842 4544 1193 4599 calumniatur
1223 4541 1556 4607 Hortensius,
1594 4539 1694 4594 hoc
1730 4540 1888 4595 modo
1924 4539 1936 4594 ξ
1976 4539 2151 4594 Ambi-

572 4632 671 4683 gua
696 4632 749 4670 se
774 4617 914 4668 aiunt
944 4615 1119 4667 audire
1134 4623 1297 4677 acute,
1322 4610 1575 4682 explicare
1595 4611 1811 4683 dilucide
1837 4611 1991 4664 :itent
2008 4627 2153 4683 omne

573 4681 773 4755 uerbum
799 4684 1088 4755 ambiguum
1108 4700 1214 4738 esse
1238 4681 1431 4755 dicunt,
1458 4681 1707 4755 quomodo
1732 4682 1889 4755 igitur
1916 4681 2151 4755 ambigua

574 4754 819 4823 ambiguis
843 4752 1349 4825 exp—licebuittham
1380 4753 1569 4825 hocea
1610 4752 1662 4805 in
1705 4752 2147 4825 tenebraseptin-

574 4821 724 4875 ctum'
751 4821 928 4896 (nmen
956 4826 1159 4896 inferre.
1202 4824 1377 4896 Facile
1416 4822 1627 4896 quidem
1665 4832 1825 4896 atque
1848 4821 2039 4896 callide
2063 4821 2147 4876 di-

572 4904 737 4947 ctum.
762 4894 885 4965 ‘Sed
920 4892 1021 4965 hoc
1062 4904 1143 4949 est
1188 4893 1335 4965 quod
1367 4893 1506 4962 apud
1552 4892 1795 4965 eumdem
1826 4892 2150 4965 Ciceronem

572 4962 825 5019 Scazvola:
838 4963 964 5017 dicit
990 4962 1280 5018 Antonius:
1300 4962 1527 5033 Denique
1540 4971 1592 5015 ut
1615 4962 1925 5033 sapientibus
1947 4963 2147 5033 diserte,

569 5035 739 5088 stultis
772 5033 922 5087 etiam
944 5050 1055 5086 vere
1081 5035 1293 5087 videaris
1328 5032 1509 5087 dicere.
1536 5032 1670 5100 Quid
1695 5032 1837 5088 enim
1863 5032 2003 5086 aliud
2032 5032 2149 5086 loco

571 5106 661 5160 illo
712 5104 837 5158 facit
866 5103 1195 5169 Hortensius,
1244 5105 1343 5158 nisi
1387 5104 1630 5158 acumine
1661 5102 1856 5173 ingenii
1893 5111 1946 5156 et
1970 5103 2152 5171 lepore

572 5176 855 5237 Sermonis,
887 5174 1036 5245 quasi
1062 5188 1272 5245 meraco
1300 5183 1354 5229 et
1383 5172 1742 5245 suavipoculo
1770 5172 2026 5243 imperitis
2055 5188 2149 5227 ca-

576 5246 786 5316 liginem
828 5243 1089 5300 oll'undit?
1113 5243 1263 5316 Quod
1312 5244 1451 5316 enim
1479 5243 1690 5316 dictum
1718 5254 2013 5316 Aest,iomne
2035 5258 2151 5298 ver-

575 5313 696 5370 bum
724 5317 1024 5386 ambiguum
1051 5330 1194 5379 esse,
1224 5313 1292 5386 de
1320 5315 1539 5386 singulis
1582 5314 1759 5369 verbis
1800 5314 1999 5386 dictum
2046 5321 2147 5367 est.

572 5384 921 5457 Explicantur
940 5386 1182 5457 ambigua
1209 5384 1547 5457 disputando,
1574 5394 1627 5439 ει
1656 5400 1811 5457 nemo
1832 5385 2013 5457 utique
2031 5398 2151 5438 ver-

573 5454 905 5528 bis’singulis
930 5454 1188 5528 disputat.
1213 5454 1378 5528 Nemo
1406 5455 1561 5526 igitur
1587 5456 1829 5525 ambigua
1852 5456 2007 5509 verba
2027 5469 2152 5528 vcr-

573 5473 657 5511 ms
686 5473 765 5512 sm
806 5473 905 5515 nus
930 5473 1181 5528 utsputat.
1214 5473 1378 5510 nemo
1406 5473 1561 5526 igitur
1587 5473 1829 5525 ammgua
1852 5473 2007 5509 verna
2035 5473 2149 5508 ver-

572 5525 656 5580 bis
684 5473 943 5596 amlsiiguis
972 5526 1273 5597 explicabit.
1303 5526 1368 5581 Et
1396 5534 1569 5597 tamen
1597 5541 1718 5580 cum
1746 5539 1903 5597 omne
1933 5524 2149 5597 verbum

574 5594 877 5668 ambiguum
897 5598 986 5665 sit,
1001 5594 1155 5661 nemo
1176 5598 1393 5653 verhum
1405 5596 1706 5668 ambiguum
1724 5595 1824 5648 nisi
1845 5594 2037 5656 verbis,
2058 5594 2150 5668 sed

575 5664 741 5739 etiam
761 5664 1080 5739 conjunCtis,
1113 5684 1231 5739 qua!
1266 5668 1374 5737 jam
1401 5664 1646 5739 ambigua
1672 5680 1785 5739 non
1806 5673 1947 5739 sunt,
1978 5664 2148 5734 εει)ιὶ-

573 5737 732 5791 cabit.
781 5734 1033 5794 Ut'enim
1079 5734 1146 5792 si'
1167 5734 1455 5794 diceretur.
1486 5736 1669 5792 Omnis
1696 5735 1849 5806 miles
1872 5734 2019 5806 bipes
2047 5744 2147 5806 est,

576 5825 678 5867 non
700 5824 763 5864 ex
794 5823 861 5863 eo
886 5816 1214 5879 sequeretur,
1248 5819 1302 5861 ut
1326 5808 1519 5863 cohors
1546 5822 1609 5863 ex
1647 5805 1901 5861 militibus
1926 5803 2147 5873 bipedi-

1456 5956 1555 5975 ο.⁹”“”’⁷

1796 352 2129 415 PRINCIPIA
2168 344 2604 442 ιδιιιιιιιιίςτιοιιιτ¹

2245 468 2345 540 bus
2372 476 2481 524 tota
2506 476 2793 540 constaret.
2816 465 2889 523 Ita
2915 482 3031 523 eum
3052 465 3170 524 dico
3191 467 3489 540 ambiguum
3508 482 3665 527 omne
3688 489 3794 527 ver-

2246 538 2393 612 bum,
2425 539 2677 612 nondico
2702 540 3036 612 sententiam,
3068 554 3173 612 non
3193 538 3595 612 diSpu‘tationem
3620 558 3786 612 quam-

2249 610 2328 663 vis
2346 609 2522 664 verbis
2539 610 2635 664 ista
2656 611 3088 681 texantur.0mne
3110 609 3579 681 igituriambigunm
3598 609 3791 667 verbum

2252 695 2360 735 non
2390 680 2632 750 ambigua
2674 678 3029 749 disputatione
3072 678 3451 750 explicabitur:
3485 681 3629 738 Nunc
3650 684 3793 738 ambi-

2245 751 2527 823 guitatum
2537 765 2735 823 genera
2782 750 3070 823 videamus.
3122 750 3249 818 Qua:
3286 751 3465 823 prima
3506 750 3607 807 duo
3648 763 3790 809 sunt:

2250 836 2411 891 unum
2439 821 2488 874 in
2516 820 2580 874 iis
2597 822 2779 891 etiam,
2806 820 3220 891 quaaidtcuntur;
3249 820 3475 891 alterum
3502 824 3637 891 quod
3665 824 3712 877 in
3735 825 3787 879 iis

2248 890 2396 972 solis,
2418 906 2536 972 qua:
2557 889 2894 972 scribuntur,
2914 889 3293 972 dubitationem
3319 890 3463 972 facit.
3486 889 3611 972 Nam
3631 894 3670 947 si
3693 896 3790 963 quis

2248 960 2495 1031 audierit,
2542 961 2720 1026 Acies,
2751 969 2804 1015 et
2852 962 2896 1014 si
2948 963 3066 1031 quis
3096 961 3302 1031 legerit,
3333 963 3525 1031 poterit
3552 960 3789 1019 incertum

2250 1030 2466 1101 habere,
2518 1031 2617 1085 nisi
2665 1046 2761 1101 per
2805 1030 3119 1086 sententiam
3148 1030 3427 1098 clarescat,
3470 1042 3634 1087 utrum
3669 1035 3788 1089 acies

2249 1100 2496 1173 militum,
2521 1116 2593 1173 an
2624 1100 2767 1173 ferri,
2807 1116 2872 1173 an
2896 1102 3165 1173 oculorum
3207 1101 3454 1173 dictavel
3492 1104 3671 1173 scripta
3710 1106 3782 1158 sit.
3810 1104 3835 1137 ⁵

2247 1170 2317 1225 At
2336 1186 2461 1225 vero
2488 1172 2531 1225 si
2547 1172 2665 1242 quis
2682 1172 2910 1226 inveniat
2930 1171 3199 1240 scriptum,
3225 1172 3374 1227 verbi
3394 1186 3543 1227 causa
3559 1170 3783 1242 leporem,

2249 1256 2349 1311 nec
2367 1250 2618 1311 appareat
2644 1257 2745 1311 qua
2775 1243 3035 1296 sententia
3064 1242 3293 1311 positum
3311 1243 3401 1305 sit,
3422 1242 3645 1311 profecto
3658 1244 3786 1298 dubi-

2248 1310 2399 1384 tabit,
2428 1323 2601 1384 utrum
2623 1310 3093 1384 penuitimahujus
3117 1312 3264 1384 verbi
3290 1310 3491 1384 syllaba
3521 1314 3783 1384 producen-

2248 1379 2314 1434 da
2342 1382 2429 1447 sit,
2461 1380 2529 1435 ab
2553 1379 2785 1452 eo'quod
2812 1390 2894 1437 est
2914 1379 3099 1451 lepos;
3129 1397 3196 1437 an
3216 1383 3285 1435 ab
3310 1379 3377 1436 eo
3400 1379 3538 1451 quod
3559 1393 3635 1438 est
3658 1383 3783 1452 lepus

2248 1397 2314 1434 aa
2342 1397 2429 1447 sn,
2461 1397 2529 1435 an
2553 1397 2619 1437 eo
2682 1397 2785 1436 uoa
2812 1397 2894 1437 est
2914 1397 3099 1451 lepos;
3129 1397 3196 1437 an
3216 1397 3285 1435 an
3310 1398 3377 1436 eo
3400 1397 3533 1451 quoa
3559 1397 3635 1438 est
3660 1397 3777 1452 lepus

2248 1452 2599 1524 corripienda.
2643 1397 2814 1520 Quam
2859 1452 3061 1524 scilicet
3090 1467 3193 1524 non
3225 1461 3494 1521 pateretur
3518 1454 3777 1524 ambagem,

2249 1521 2292 1575 si
2314 1523 2667 1594 accusativum
2709 1524 2870 1594 hujus
2911 1523 3139 1594 nominis
3175 1538 3358 1577 casum
3408 1538 3531 1578 voce
3557 1521 3781 1594 loquentis

2248 1594 2531 1661 acciperet.
2575 1592 2726 1659 Quod
2757 1593 2800 1647 si
2839 1593 2959 1663 quis
2982 1593 3141 1659 dicat,
3175 1594 3477 1662 loquentem
3518 1592 3641 1663 male
3679 1610 3781 1662 pro—

2250 1663 2496 1717 nuntiare
2526 1663 2788 1732 potuisse;
2827 1662 2935 1732 jam
2966 1679 3069 1717 non
3100 1663 3464 1732 ambiguitate,
3508 1662 3593 1718 sed
3616 1664 3780 1717 obscu-

2250 1732 2405 1785 ritate
2428 1733 2770 1802 impediretur
2788 1733 3014 1787 auditor.
3044 1733 3118 1787 Ex
3153 1733 3251 1804 illo,
3274 1743 3446 1787 tamen
3472 1748 3648 1803 genere
3663 1735 3779 1804 quod

2249 1804 2494 1873 ambiguo
2537 1803 2709 1858 similc
2749 1812 2851 1873 est,
2900 1804 3025 1873 quia
3064 1804 3204 1858 male
3241 1803 3403 1873 latine
3434 1803 3779 1872 pronuntiatum

2249 1872 2621 1943 verbum,non
2654 1874 2706 1943 in
2732 1872 2969 1928 diversas
3012 1874 3246 1928 rationes
3293 1872 3451 1927 trahit
3486 1875 3777 1943 cogitantem,

2251 1942 2343 1996 sed
2370 1942 2434 1997 ad
2465 1942 2516 1998 id
2558 1942 2697 2013 quod
2741 1951 2960 2014 apparet
2983 1943 3225 2014 impellit.
3256 1943 3386 1997 Cum
3412 1942 3565 2014 igitur
3584 1946 3671 1999 ista
3694 1944 3778 1998 duo

2251 2028 2442 2080 genera
2472 2014 2609 2067 inter
2632 2030 2689 2068 se
2716 2013 2997 2083 plurimum
3024 2013 3241 2078 distent,
3260 2013 3485 2083 primum
3511 2029 3659 2083 genus
3682 2031 3775 2067 rur-

2252 2098 2343 2153 sus
2390 2084 2441 2137 in
2470 2083 2575 2138 duo
2602 2083 2853 2139 dividitur
2883 2100 2896 2136 :
2942 2098 3063 2139 nam
3092 2083 3345 2153 quidquid
3372 2083 3573 2149 dicitur,
3614 2094 3662 2139 et
3703 2099 3779 2152 per

2253 2152 2403 2221 plura
2448 2154 2665 2224 intelligi
2712 2163 2905 2223 potest,
2955 2152 3139 2213 eadem
3184 2152 3388 2209 scilicet
3432 2155 3571 2223 plura
3595 2164 3675 2208 aut
3695 2171 3780 2209 uno

2257 2224 2511 2278 vocabulo
2535 2232 2589 2279 et
2617 2240 2719 2277 una
2752 2224 3221 2294 interpretatione;
3249 2234 3339 2279 aut
3377 2234 3569 2279 tantum
3596 2240 3687 2279 uno
3712 2235 3774 2278 te-

2255 2302 2446 2348 nentur
2470 2294 2742 2360 vocabulo,
2791 2293 2904 2348 sed
2929 2293 3153 2349 diversis
3206 2294 3612 2363 expeditionibus
3635 2296 3777 2363 expli-

2255 2374 2459 2418 cantur.
2493 2364 2569 2418 Ea
2608 2380 2725 2434 qua:
2771 2380 2875 2418 una
2916 2364 3151 2419 delinitio
3183 2373 3359 2423 potest
3388 2365 3649 2428 includere,
3680 2365 3779 2417 uni-

2256 2449 2386 2488 voca
2417 2436 2754 2489 nominantur
2781 2451 2793 2487 :
2838 2434 2943 2488 illis
2984 2445 3160 2489 autem
3189 2451 3308 2503 qum
3338 2436 3434 2489 sub
3477 2452 3570 2489 uno
3595 2437 3781 2489 nomine

2257 2520 2475 2575 necesse
2518 2513 2599 2561 est
2641 2504 2863 2575 delinire
2897 2504 3125 2575 diverse,
3175 2507 3433 2575 mquivoci
3476 2522 3647 2561 nomen
3691 2516 3773 2559 est.

2257 2573 2410 2645 Prius
2434 2590 2560 2645 ergo
2588 2574 2985 2629 consideremus
3015 2573 3255 2641 univoca,
3282 2587 3337 2629 ut
3363 2575 3611 2644 quomodo
3633 2590 3774 2642 genus

2259 2644 2359 2703 hac
2391 2644 2841 2715 jampatel'actum
2870 2655 2971 2711 est,
3003 2646 3296 2699 illustretur
3323 2648 3584 2715 exemplis.
3620 2645 3774 2699 Homi-

2257 2730 2379 2769 nem
2416 2730 2535 2770 cum
2565 2715 2809 2781 dicimus,
2841 2725 2946 2769 tam
2978 2731 3202 2785 puerum
3244 2715 3468 2769 dicimus
3493 2732 3627 2786 quam
3650 2716 3776 2783 juve-

2259 2800 2401 2850 nem,
2429 2802 2586 2856 quam
2607 2801 2809 2851 senem,
2828 2794 2933 2840 tam
2964 2787 3177 2840 stultum
3199 2803 3357 2855 quam
3384 2787 3669 2855 sapientem,
3688 2796 3774 2837 tam

2256 2872 2502 2926 magnum
2523 2872 2678 2926 quam
2705 2872 2943 2925 parvum,
2966 2865 3070 2910 tam
3097 2858 3264 2910 civem
3290 2873 3446 2927 quam
3470 2857 3773 2927 peregrinum,

2256 2935 2365 2980 tam
2396 2927 2651 2981 urbanum
2679 2941 2834 2997 quam
2864 2935 3144 2994 agrestem.
3177 2936 3282 2981 tam
3310 2926 3400 2997 qui
3420 2927 3519 2997 jam
3543 2926 3628 2979 fuit
3648 2940 3773 2997 quain

2255 2998 2343 3065 qui
2373 3012 2513 3050 nunc
2540 3006 2642 3064 est,
2665 2996 2769 3051 tam
2798 2997 3068 3052 sedentem
3099 3014 3255 3065 quam
3282 2996 3523 3058 stantem,
3551 3006 3643 3050 tam
3669 2996 3775 3050 divi-

2258 3076 2361 3120 tem
2384 3082 2538 3137 quam
2568 3082 2873 3138 pauperem,
2900 3078 3003 3121 tam
3033 3078 3276 3137 agentem
3297 3068 3491 3138 aliquid
3518 3082 3656 3136 quam
3686 3081 3772 3119 ces-

2255 3136 2480 3201 santem,
2501 3146 2604 3191 tam
2625 3136 2936 3205 gaudentem
2957 3136 3113 3207 quam
3131 3136 3440 3193 mterentein
3459 3140 3535 3192 vel
3552 3146 3771 3191 neutrum.

2257 3208 2360 3278 Sed
2389 3208 2439 3261 in
2468 3207 2549 3262 his
2571 3208 2817 3263 omnibus
2838 3208 3155 3263 dictionibus
3186 3208 3314 3262 nihil
3340 3220 3441 3274 est,
3470 3209 3597 3278 quod
3624 3214 3775 3259 nonut

2256 3276 2484 3331 hominis
2508 3293 2699 3331 nomen
2723 3278 2943 3346 accepit,
2968 3278 3038 3332 ita
3073 3280 3233 3332 etiam
3267 3276 3499 3333 hominis
3514 3277 3774 3333 deﬁnitione

2254 3348 2526 3402 claudatur
2556 3366 2569 3402 :
2602 3362 2719 3401 nam
2749 3347 2985 3403 deﬁnitio
3024 3348 3252 3403 hominis
3282 3360 3385 3412 est,
3422 3348 3610 3402 Animal
3637 3348 3772 3400 ratio-

2254 3418 2392 3484 nale,
2422 3418 2643 3471 mortale
2676 3436 2688 3471 :
2722 3432 2825 3473 non
2857 3433 2985 3489 ergo
3009 3419 3283 3489 quisquam
3311 3430 3481 3489 ροιεει
3501 3418 3657 3473 dicere
3680 3416 3773 3470 ani-

2254 3489 2355 3541 mal
2409 3490 2662 3543 rationale
2706 3489 2929 3543 mortale
2967 3490 3220 3555 juvenem
3249 3499 3471 3555 tantum,
3513 3503 3607 3543 non
3640 3489 3770 3542 etiam

2262 3574 2441 3641 senem
2485 3568 2539 3613 et
2593 3574 2851 3641 puerum,
2890 3559 3134 3641 etcf,.aut
3183 3559 3475 3641 sapientem
3531 3573 3637 3614 esse
3684 3565 3774 3610 tan-

2258 3639 2386 3693 tum,
2420 3644 2523 3683 non
2565 3629 2724 3683 etiam
2751 3629 2995 3694 stultum;
3026 3630 3133 3684 imo
3156 3638 3213 3685 et
3253 3629 3351 3683 ista
3376 3640 3430 3685 et
3455 3637 3646 3693 ca'tcra,
3678 3643 3771 3696 qua:

2253 3707 2527 3753 numerata
2562 3708 2699 3763 sunt,
2732 3700 2868 3753 sicut
2890 3698 3118 3753 hominis
3146 3700 3381 3763 nomine,
3414 3701 3483 3755 ita
3502 3700 3644 3755 etiam
3666 3696 3771 3751 deti-

2253 3770 2453 3825 nitione
2476 3770 2818 3840 continentur
2840 3788 2853 3823 :
2887 3785 3005 3824 nam
3028 3770 3139 3824 sive
3162 3786 3313 3840 puer,
3340 3771 3451 3825 sive
3473 3771 3663 3832 stultus,
3683 3768 3770 3821 sive

2252 3855 2470 3964 pauper,
2485 3840 2595 3893 sive
2608 3838 2765 3893 etiam
2790 3838 3078 3906 dormiens,
3096 3840 3141 3894 si
3155 3838 3347 3894 animal
3365 3840 3605 3895 rationale
3614 3845 3772 3891 monac

2273 3926 2303 3964 e
2319 3926 2423 3964 non
2440 3918 2521 3964 est
2534 3925 2548 3964 :
2573 3924 2671 3963 nec
2686 3908 2844 3964 homo
2858 3909 3058 3964 est.Est
3070 3920 3243 3964 autem
3262 3910 3452 3964 homo:
3470 3911 3551 3964 illa
3565 3905 3772 3964 iaiturde-

2273 3926 2303 3964 e
2319 3905 2423 3964 non
2440 3918 2548 3975 est;
2573 3924 2671 3963 nec
2686 3908 2844 3964 homo
2858 3909 3058 3965 est.Est
3070 3920 3243 3965 autem
3262 3910 3452 3978 homo;
3470 3911 3551 3965 illa
3565 3905 3773 3979 igiturde-

2254 3980 2489 4034 iinitione
2510 3981 2846 4034 contineatur
2876 3995 3089 4035 necesse
3108 3991 3208 4035 est.
3231 3980 3296 4035 Et
3310 3980 3378 4036 de
3390 3976 3769 4036 caeteris'auidcm

2253 4050 2383 4105 nihil
2403 4050 2686 4121 ambigitur
2719 4068 2730 4102 :
2761 4050 2826 4104 de
2852 4066 3025 4121 puero
3043 4060 3218 4106 autem
3242 4066 3405 4121 parvo
3423 4060 3508 4105 aut
3533 4045 3689 4121 stulto,
3710 4045 3767 4121 si-

2252 4136 2319 4175 ve
2347 4115 2572 4189 prorsus'
2589 4120 2751 4184 fatuo,
2783 4115 2868 4174 aui
2908 4120 2974 4175 de
2998 4115 3317 4186 dormiente,
3340 4121 3424 4176 vel
3444 4121 3599 4180 ebrio.
3620 4119 3690 4189 vel
3708 4115 3769 4169 iu-

2254 4202 2405 4247 rente
2435 4190 2661 4245 dubitari
2706 4200 2898 4259 potest,
2928 4192 3192 4261 quomodo
3224 4202 3443 4261 possunt
3464 4206 3575 4261 esse
3597 4188 3767 4261 nanima-

2254 4261 2323 4316 lia
2348 4262 2640 4325 rationalia,
2668 4262 2827 4316 etiam
2857 4262 2899 4315 si
2924 4259 3087 4331 possit
3109 4259 3346 4328 delendi,
3369 4263 3463 4316 sed
3488 4260 3548 4315 ad
3567 4259 3653 4331 alia
3670 4272 3765 4331 pre-

2258 4331 2565 4402 perantibus
2595 4324 2804 4405 longum
2835 4324 2940 4405 est;
2970 4324 3051 4405 Ad
3073 4331 3123 4386 id
3152 4330 3295 4405 quod
3329 4324 3499 4405 agiiur
3532 4329 3643 4386 illud
3668 4324 3766 4405 satis

2254 4400 2355 4468 est,
2385 4418 2488 4456 non
2516 4417 2636 4456 esse
2662 4402 2816 4455 istam
2841 4400 3199 4457 deﬁnitionem
3230 4401 3461 4457 hominis
3485 4410 3679 4462 rectam,
3698 4400 3765 4468 ui-

2254 4473 2298 4528 si
2320 4465 2373 4527 et
2399 4473 2571 4527 omnis
2590 4470 2749 4542 homo
2768 4472 2952 4527 eadem
2977 4474 3331 4538 contineatur,
3362 4480 3420 4527 et
3442 4479 3610 4542 pater
3629 4465 3769 4542 homi-

2255 4559 2392 4615 nem
2424 4542 2573 4597 nihil.
2607 4540 2893 4615 llaac_sunt
2928 4543 3082 4615 igitur
3106 4536 3347 4615 uitivoca,
3376 4536 3605 4615 quEennn
3627 4536 3767 4615 solum

2256 4613 2466 4686 nomine
2508 4627 2635 4686 uno,
2669 4610 2761 4667 sed
2793 4628 2890 4667 una
2920 4606 3075 4686 etiam
3105 4613 3343 4686 ejusdem
3374 4606 3588 4686 nominis
3617 4606 3769 4686 delini-

2256 4684 2398 4738 tione
2424 4683 2738 4753 clauduntur
2762 4700 2775 4734 :
2802 4683 3049 4753 quamvis
3064 4693 3117 4739 et
3135 4681 3283 4753 inter
3303 4697 3364 4738 se
3392 4681 3611 4753 propriis
3626 4681 3768 4753 nomi-

2256 4754 2410 4826 nibus
2458 4762 2513 4808 et
2563 4750 3541 4826 deﬁnitionibusAdistinguipoésuut.
3586 4750 3761 4826 Diversa

2255 4825 2397 4878 enim
2437 4824 2670 4889 nomina,
2701 4838 2849 4892 puer,
2878 4816 3207 4887 adolescens,
3237 4816 3389 4877 dives
3412 4832 3467 4878 et
3495 4834 3689 4892 pauper,
3718 4816 3765 4869 li-

2256 4893 2352 4949 ber
2370 4904 2423 4949 et
2444 4908 2649 4957 servus,
2676 4901 2731 4947 et
2752 4893 2797 4947 si
2821 4893 2962 4962 quod
3003 4894 3146 4949 aliud
3170 4893 3580 4949 dillcrentiarum
3603 4899 3706 4962 est,_
3726 4894 3766 4939 el

2258 4963 2395 5019 inter
2420 4978 2479 5019 se
2521 4963 2639 5018 ideo
2670 4957 2905 5033 proprias
2928 4962 3261 5019 deﬁnitiones
3288 4963 3557 5018 habebunt
3583 4980 3596 5033 ξ
3632 4957 3706 5033 sed
3725 4962 3765 5008 ιιι

2256 5034 2359 5088 illis
2386 5050 2546 5088 unum
2588 5029 2869 5089 commune
2896 5048 3086 5090 nomen
3106 5044 3188 5090 est
3212 5034 3394 5098 homo,
3423 5036 3499 5088 sic
3519 5029 3688 5087 animal
3707 5040 3766 5081 ra-

2257 5104 2455 5159 tionale
2473 5104 2695 5158 mortale
2721 5102 2959 5159 delinitio
2984 5120 3085 5158 una
3112 5105 3410 5160 communis
3438 5113 3536 5159 est.

2383 5172 2621 5245 CAPUT,
2647 5171 2712 5227 Χ.
2729 5201 2801 5212 -
2825 5173 3136 5245 Ambiguitas
3164 5190 3226 5229 ex
3263 5174 3529 5245 (equinam
3554 5171 3691 5245 ναίω

2326 5243 2475 5299 Nunc
2493 5244 2762 5312 :equivoca
2787 5242 3074 5310 videamus,
3103 5247 3154 5300 in
3194 5242 3386 5314 quibus
3425 5242 3764 5314 ambiguitatum

2257 5314 2529 5397 perplexio
2548 5328 2714 5397 prope
2743 5314 2940 5397 infinita
2969 5314 3203 5397 silvescit
3231 5330 3246 5368 :
3272 5315 3506 5397 conabor
3538 5318 3765 5397 tamen-cis

2257 5383 2308 5440 in
2352 5383 2556 5456 genera
2587 5392 2739 5456 certa
2757 5383 3099 5456 distinguere.
3132 5383 3323 5456 Utrum
3335 5455 3340 5456 ί
3365 5385 3765 5456 autem_cop§lu!“

2256 5448 2432 5511 meum
2465 5457 2577 5509 lucc
2606 5452 2842 5526 facultas
2856 5448 3125 5526 seuuatur,
3156 5463 3212 5509 tu
3231 5452 3511 5526 iudicabis.
3533 5448 3762 5526 ΔΔιιιιιίιινιιί·

2257 5535 2419 5597 latum
2446 5526 2622 5596 igitur.
2654 5541 2770 5594 quae
2798 5524 2881 5597 ab
2901 5524 3183 5597 aiquivocis
3205 5525 3441 5588 veniunt,
3467 5524 3763 5597 primo

2257 5613 2313 5651 ra
2340 5596 2435 5651 tria
2456 5604 2583 5650 sunt
2609 5613 2620 5647 :
2654 5611 2814 5649 unum
2839 5596 2907 5651 ab
2933 5605 3064 5661 arte,
3092 5596 3316 5650 alterum
3356 5597 3424 5651 ab
3447 5596 3562 5658 usu,
3599 5596 3764 5662 tertium

2255 5666 2323 5721 ab
2350 5680 2604 5736 utroque.
2623 5666 2751 5720 Arte
2792 5682 2933 5721 nunc
2968 5666 3108 5729 dico,
3138 5673 3355 5736 propter
3396 5664 3594 5736 nomina
3615 5667 3763 5736 quell!

2260 5732 2547 5808 i'erburuitt
2574 5734 2867 5808 disciplinis
2907 5752 2958 5789 γι
2976 5736 3083 5790 rbis
3111 5732 3638 5808 impotiuntur.Aliter

2257 5807 2505 5863 deﬁnitur
2534 5805 2669 5877 apud
2695 5792 3069 5878 grammaticos
3096 5792 3221 5877 quid
3249 5806 3319 5861 sit
3344 5806 3666 5878 :equivocum.
3689 5792 3739 5847 3“
