3888 6422
532 450 673 518 ηαδ

797 566 1026 630 CAPUT
1063 563 1501 623 V.—Substantia
1529 570 1576 617 et
1604 562 1851 616 accidens.

608 649 792 703 Restat
833 652 889 698 nt
925 656 1110 698 eorum
1150 652 1266 706 quae
1294 646 1450 696 sunt,
1483 650 1588 702 quo
1620 643 1773 706 pacto
1811 634 2122 690 Aristoteles

535 716 873 781 tractaverit,
914 705 1242 768 enarremus.
1290 707 1420 763 Sunt
1447 707 1602 781 igitur
1628 705 1716 781 illa
1741 715 1974 781 quarunt
2002 723 2124 777 per-

537 790 768 861 cipimus
787 776 1054 844 sensibus.
1073 789 1162 834 aut
1184 788 1433 861 mente'et
1458 776 1781 861 cogitatione
1802 776 2120 861 colligimus.

535 847 793 917 sensibus
815 867 1055 911 tenemus
1078 867 1197 922 quze
1222 847 1578 922 autvidendo,
1604 859 1698 922 aut
1719 847 2120 922 contrectando,

536 941 630 986 aut
657 927 920 985 audiendo
940 967 954 989 ,
986 932 1077 978 aut
1097 917 1399 992 'gustandn,
1431 927 1524 973 aut
1551 917 2125 992 odorandocoguosci—

539 1016 678 1056 ntus.
709 999 910 1061 Mente,
944 988 1002 1048 ut
1026 988 1146 1048 cum
1175 993 1294 1062 quis
1331 1005 1525 1061 equum
1544 1031 1557 1051 ,
1585 997 1674 1042 aut
1699 988 1966 1042 hominem
1989 1031 2004 1054 ,
2035 997 2128 1042 aut

535 1069 810 1143 quodlibet
856 1064 1078 1143 animal_
1114 1063 1306 1143 viderit
1330 1104 1346 1128 ,
1375 1075 1685 1143 quanquam
1728 1074 1894 1143 unum
1929 1073 2125 1127 corpus

540 1130 662 1198 esse
685 1138 1040 1210 respondeat,
1064 1133 1307 1210 intelligit
1332 1144 1507 1210 tamen
1541 1130 1722 1210 multis
1749 1130 1983 1210 partibus
1995 1144 2127 1210 esse

537 1199 870 1268 concretum.
893 1199 1166 1278 Siquidem
1193 1199 1292 1257 alia
1317 1217 1436 1278 pars
1459 1201 1528 1278 sit
1547 1200 1755 1278 capitis,
1785 1200 1886 1253 alia
1910 1199 2123 1268 pedum,

537 1270 1373 1350 ceterorumque"membrorum,
1392 1271 1456 1350 _in
1478 1272 1592 1350 ipso
1616 1270 1787 1350 capite
1810 1279 1984 1339 partes
2004 1285 2128 1324 suas

537 1368 698 1410 aures
723 1341 986 1417 habeant,
1014 1345 1206 1401 habeat
1228 1343 1494 1417 propriam
1531 1342 1726 1412 lingua.
1755 1341 2128 1417 lp_sa;_quoque

537 1433 719 1496 partes
739 1410 1149 1496 singulm'multa
1181 1410 1569 1496 inse—habeant
1587 1410 1752 1496 ,qiue
1778 1410 1940 1492 dividi
1960 1410 2127 1496 et‘se:

538 1481 717 1567 parari
744 1481 950 1567 possint
977 1506 991 1542 :
1022 1497 1078 1567 u_t
1101 1501 1227 1567 caro
1257 1485 1325 1567 sit
1345 1481 1919 1567 alind,'aliud‘coriuin
1942 1481 2128 1567 ,‘aliud

541 1552 718 1631 venae,
746 1552 892 1618 aliud
920 1559 1098 1622 nervi,
1132 1554 1275 1631 aliud
1302 1554 1495 1624 capilli.
1529 1552 1670 1631 Ergo
1699 1552 1814 1608 haec
1839 1562 2016 1606 mente
2045 1553 2129 1608 vel

539 1623 816 1694 intelléctu
843 1631 1166 1701 colligimus,
1198 1626 1262 1680 ad
1290 1623 1409 1695 quae
1428 1623 1818 1701 nostrisensns
1846 1632 2129 1701 penetrare

540 1693 650 1764 non
675 1713 913 1776 possunt.
936 1693 1350 1776 Consideramus
1372 1695 1530 1776 etiam
1555 1694 1666 1776 illa,
1695 1693 1936 1776 etnanimi
1954 1695 2128 1776 inten-

541 1764 690 1834 tione
729 1772 1100 1844 cognoscimus
1132 1767 1215 1822 vel
1251 1767 1555 1832 hominem,
1585 1765 1668 1820 vel
1711 1764 1854 1818 aliud
1897 1765 2126 1828 animal,

540 1862 807 1910 crescere,
827 1856 1127 1917 senescere,
1147 1852 1287 1917 llan
1307 1845 1469 1898 stare,
1490 1851 1630 1890 nunc
1643 1849 1866 1917 movere
1881 1850 2125 1917 gressus;

539 1920 704 1976 modo
727 1908 1020 1988 angiicuris
1041 1952 1064 1988 ,_
1102 1908 1260 1988 modo
1287 1922 1471 1988 secura
1508 1914 1686 1962 mente
1721 1908 2127 1988 conquiescere;

541 1990 773 2047 sanitate
799 1977 931 2040 alias
967 1977 1102 2046 frui,
1143 1980 1273 2034 alias
1312 1978 1552 2032 dolorem
1597 1977 1840 2046 perpeti;
1884 1991 1950 2030 ex
1981 1977 2131 2045 nigro

541 2061 747 2126 album,
767 2057 974 2127 nigrum
1003 2068 1069 2108 ex
1093 2052 1214 2127 albo
1239 2050 1420 2104 colore
1447 2048 1667 2112 mutari;
1692 2048 1917 2127 peritum
1939 2062 2004 2101 ex
2025 2047 2130 2101 im-

542 2117 749 2201 perito,
776 2117 990 2182 ddctum
1031 2138 1097 2178 ex
1126 2119 1336 2201 indocto
1356 2135 1481 2201 ;__ex
1513 2127 1802 2201 mansueto
1829 2117 2033 2201 ferum,
2063 2131 2132 2201 ex

543 2187 714 2258 feroci
737 2187 1109 2254 mansuetum.
1151 2191 1282 2246 Cum
1325 2190 1484 2260 igitur
1513 2191 1563 2244 in
1601 2190 1663 2244 iis
1693 2204 1811 2259 quae
1845 2197 1999 2260 sunt,
2028 2187 2132 2243 alia

544 2271 812 2334 sensibus,
833 2268 935 2340 alia
954 2263 1221 2340 mentibus
1240 2259 1575 2340 colligantur,
1602 2273 1852 2340 separare
1874 2259 1988 2340 haec
2011 2273 2133 2340 pro:

541 2342 676 2410 priis
721 2329 1025 2394 nominibus
1072 2333 1316 2410 homines
1345 2329 1570 2410 eruditi
1603 2329 1931 2410 maluerunt,
1978 2339 2038 2410 et
2078 2329 2133 2384 id

544 2400 685 2485 quod
704 2410 1032 2485 dignoscitur
1054 2403 1329 2485 sensibus,
1339 2402 1448 2485 jam
1469 2401 1573 2456 dici
1598 2407 1782 2467 οὐσίαν,
1808 2400 1933 2485 illud
1955 2408 2133 2455 autem

543 2473 686 2555 quod
715 2473 880 2555 animi
907 2485 1130 2555 tractatu
1159 2473 1443 2555 colligitur,
1469 2488 1531 2527 ac
1561 2488 1702 2555 smne
1731 2479 1986 2555 mutatur,
2017 2495 2135 2538 συμ-

541 2541 734 2616 ἔιεηχός
755 2593 771 2616 ,
793 2550 846 2604 id
876 2558 958 2605 est
983 2545 1230 2602 accidens
1248 2587 1263 2610 ,
1292 2541 1568 2598 nominare
1590 2544 1885 2616 voluerunt.
1916 2541 1980 2616 Et
2001 2556 2135 2611 quo-

545 2612 691 2680 niam
720 2612 787 2676 in
827 2628 1173 2690 permanente
1217 2616 1329 2670 usia
1377 2629 1438 2668 ea
1482 2612 2135 2690 quaz‘accidunt_,_incsse

543 2682 858 2756 noscuntur,
885 2692 1054 2760 ipsam
1082 2682 1593 2760 usiamtngulpmv,
1622 2683 1672 2737 id
1692 2692 1796 2760 est,
1829 2682 2131 2752 subjacens,

545 2775 604 2821 et
629 2780 734 2819 non
760 2762 813 2817 in
837 2753 1077 2830 subjecto
1101 2756 1357 2830 appellari
1387 2753 1699 2830 voluerunt,
1740 2753 1830 2830 illa
1854 2769 1982 2830 vero
2015 2769 2136 2824 qua:

546 2834 819 2897 accidunt,
845 2839 892 2887 ιν
923 2824 1229 2897 ﬂuctuat—ve,
1262 2827 1310 2880 id
1335 2836 1414 2879 cst
1441 2826 1492 2880 in
1521 2825 1836 2897 subjacenti,
1866 2824 2132 2897 dixerunt.

545 2906 676 2962 Sine
697 2895 860 2960 dubio
898 2895 1094 2958 tamen
1119 2895 1248 2951 illud
1280 2905 1488 2965 oportet
1521 2912 1549 2949 a
1598 2895 1751 2950 nobis
1789 2896 2037 2965 agnosci,
2079 2903 2138 2950 ut

543 2978 809 3050 potiorem
831 2967 1366 3050 usianaccidentibus
1382 2968 1628 3049 dicimus,
1647 2967 1725 3050 sic
1742 2967 1922 3050 potius
1937 2971 2133 3035 ἄτομον,

543 3037 633 3103 vel
657 3055 957 3109 καθιχαστον,
987 3040 1042 3095 id
1066 3049 1148 3095 est
1175 3040 1312 3092 hunc
1335 3038 1604 3092 hominem
1632 3037 1716 3091 vel
1741 3037 1881 3109 hunc
1905 3037 2134 3109 leonem,

544 3119 612 3173 iis
645 3132 764 3186 quae
799 3107 992 3186 fuerint
1025 3110 1354 3186 communia,
1403 3109 1486 3163 vel
1513 3107 1781 3163 communi
1809 3116 1996 3163 vocata
2024 3107 2138 3162 ani-

546 3181 766 3243 malium
795 3185 1028 3247 nomine,
1059 3181 1317 3252 judicare.

544 3257 774 3316 CAPUT
813 3255 994 3312 VL—
1017 3250 1143 3319 Quae
1191 3251 1426 3304 dicuntur
1474 3251 1536 3304 de
1573 3250 1827 3320 subjecto,
1874 3263 1986 3319 qua:
2023 3258 2139 3304 sunt

1171 3323 1224 3374 in
1251 3323 1489 3374 subiecto.

621 3399 825 3452 Rursus
835 3396 902 3450 ad
919 3410 981 3450 ea
994 3408 1112 3464 quae
1129 3339 1844 3464 sighislli‘gzjiiictii’r,_ﬁristoteles
1866 3403 2138 3460 regressus

549 3476 653 3534 est,
677 3475 806 3537 quot
825 3459 1088 3543 m_odi_s.'ea.
1111 3459 1230 3543 quae
1251 3469 1370 3514 sunt
1397 3459 1680 3543 signiﬁcari
1703 3459 1958 3543 assolent,
1987 3476 2140 3543 mon-

548 3529 832 3595 straturus.
860 3536 937 3590 Ex
963 3533 1045 3588 his
1073 3529 1233 3602 igitur
1253 3547 1372 3601 qua:
1399 3529 1542 3597 sunt,
1571 3529 1673 3584 alia
1702 3529 1769 3584 de
1799 3530 2038 3602 subjecto
2066 3532 2140 3586 si-

547 3609 992 3680 gniﬁcantur,‘et
1034 3601 1366 3680 iugsubjecto
1404 3619 1520 3680 non
1556 3611 1716 3680 sunt_,
1750 3610 1816 3680 ut_
1841 3601 2020 3656 homo.
2063 3602 2140 3658 De

547 3670 790 3748 subjecto
815 3670 1028 3748 quidem
1067 3670 1423 3748 signiﬁcatur,
1456 3673 1632 3748 aliquo
1675 3670 1891 3748 homine
1923 3689 1936 3725 :
1967 3687 2141 3748 neque

549 3741 694 3806 enim
716 3741 880 3805 homo
897 3746 1001 3801 dici
1031 3750 1230 3815 posset,
1259 3742 1358 3796 nisi
1387 3741 1744 3815 csset’aliquis
1772 3741 1838 3815 de
1866 3756 1972 3815 quo
1998 3741 2141 3815 dice-

547 3830 717 3878 retur.
746 3820 804 3874 In
835 3811 1078 3886 subjecto
1116 3814 1598 3886 autemnulloest,
1627 3827 1746 3865 cum
1771 3811 1884 3881 ipse
1905 3813 1972 3886 sit
2001 3814 2136 3886 usia,

549 3907 707 3963 quam
736 3882 984 3963 superius
1018 3885 1251 3963 diximus
1292 3885 1345 3937 in
1371 3883 1532 3963 nullo
1567 3897 1801 3963 unquam
1846 3882 2162 3963 sub-jacenti.

500 3965 512 3976 '
548 3952 702 4028 esse;
728 3952 922 4032 quippe
947 3972 1069 4013 cum
1109 3955 1179 4009 sit
1207 3953 1415 4032 caeteris
1442 3955 1551 4032 ipsa
1584 3953 1843 4032 subjecta,
1871 3952 1986 4007 Alia
2012 3970 2140 4010 vero

547 4047 650 4089 nec
671 4023 724 4087 in
745 4023 988 4100 subjecto
1020 4035 1290 4100 sunt,_nec
1315 4023 1382 4079 de
1409 4024 1645 4100 subjecto
1673 4023 2054 4100 signiﬁcantur,
2083 4035 2141 4100 ut

549 4115 634 4160 est
651 4095 870 4160 Cicero':
903 4115 1004 4155 nec
1028 4099 1082 4152 in
1105 4097 1343 4164 subjecto
1371 4103 1456 4150 est
1474 4139 1488 4162 ,
1520 4095 1641 4166 quia
1668 4095 1780 4149 usia
1807 4102 1916 4159 est;
1950 4109 2048 4150 nec
2071 4095 2140 4151 de

549 4175 792 4244 subjecto
811 4172 992 4242 aliquo
1018 4167 1365 4239 signiﬁcatur,
1394 4167 1653 4244 siquidem
1683 4179 1859 4244 cum_a
1883 4175 2138 4244 se__ortu_m

547 4236 867 4301 vocabulum
903 4236 1128 4305 'tenca't,
1182 4253 1353 4307 neque
1413 4236 1637 4306 intelligi
1686 4237 1852 4306 possit
1902 4237 2136 4292 aliunde.

548 4317 699 4372 Dicta
725 4324 850 4372 sunt
875 4313 980 4368 duo
1004 4327 1124 4381 qua:
1151 4307 1216 4363 ad
1245 4309 1393 4362 usian
1432 4307 1728 4381 pertinent,
1759 4322 1864 4376 quo
1891 4316 2041 4374 pacto
2067 4309 2144 4362 si-

549 4377 1143 4470 βηξηςοιιιυννειυοῖύητ
1172 4381 1620 4470 necesse:
1645 4377 2135 4470 ‘9,E§!.E“219?F‘3‘?E

549 4447 801 4522 inferius,
832 4447 1144 4518 κάθέκαστον,
1177 4447 1337 4522 idest
1356 4449 1624 4518 singulare
1655 4448 1865 4522 dicitur.
1898 4447 2049 4522 Nunc
2077 4465 2139 4503 ea

590 4543 669 4582 nze
698 4517 822 4582 sunt
850 4541 915 4580 ex
941 4517 1563 4589 accidentibus,qnonam
1593 4517 1751 4572 modo
1777 4517 2141 4586 signiﬁcentur

590 4543 669 4582 nze
698 4543 822 4582 Sttnl.
850 4543 915 4580 ex
941 4543 1563 4589 aCCtuenuuus,quuuutu
1593 4543 1751 4572 IIIUUU
1777 4543 2137 4586 snguiuccmur

550 4543 837 4653 dicendum
857 4606 958 4651 est.
980 4593 1117 4649 Sunt
1137 4593 1296 4662 igitur
1314 4607 1378 4645 ex
1403 4591 1466 4662 iis
1491 4590 1591 4644 alia
1613 4605 1731 4658 qua:
1752 4599 1804 4641 et
1822 4589 1879 4662 in,
1897 4590 2137 4662 subjecto

553 4676 707 4731 sunt,
736 4679 790 4722 et
818 4659 1182 4736 signiﬁcantur
1218 4663 1291 4736 de
1310 4661 1549 4736 subjecto
1568 4703 1582 4726 ,
1617 4669 1672 4713 ut
1698 4671 1780 4736 est
1810 4659 2139 4736 scientiavel

555 4730 720 4793 color.
746 4730 893 4792 Sunt—
917 4736 1058 4791 enim
1088 4735 1142 4788 in
1175 4732 1416 4802 subjecto
1457 4732 1666 4801 aliquo,
1697 4730 1746 4783 id
1775 4740 1855 4784 est
1883 4732 1935 4784 in
1959 4733 2140 4785 animo

560 4807 637 4861 vel
664 4821 888 4876 corpore
918 4825 930 4859 :
961 4819 1133 4875 nequc
1162 4804 1302 4876 enim
1330 4803 1549 4857 scientia
1578 4809 1750 4876 potest
1768 4817 1916 4876 “esse,
1946 4803 2043 4876 nisi
2071 4802 2141 4876 sit

484 4930 487 4932 _
554 4877 731 4931 anima
749 4872 984 4942 subjecta
1001 4872 1102 4944 qua
1121 4875 1484 4935 contineatur;
1510 4888 1606 4926 nec
1619 4872 1902 4944 signiﬁcari
1919 4873 2138 4928 scientia

513 4963 518 4965 ·
553 4956 766 5019 posset,
799 4946 899 5001 nisi
927 4947 994 5000 de
1022 4942 1257 5019 subjecta
1293 4944 1635 5019 grammatica
1662 4961 1673 4995 :
1705 4942 1784 4995 vel
1816 4942 1964 4996 color
1992 4943 2140 5019 quis-

553 5015 714 5106 ἐιιιειιξι
739 5025 919 5106 esse}
947 5031 1087 5106 ess
1111 5017 1297 5106 ιίεί
1314 5015 1954 5106 iijfcf‘.’.E9fP‘Zr_‘35_'leF
1973 5015 2140 5106 Ξίξέιιῑτ

555 5083 704 5145 ﬁcari
729 5083 943 5172 posset,
971 5087 1074 5140 nisi
1111 5085 1177 5166 de
1220 5087 1458 5172 subjecto
1497 5085 1673 5172 aliquo
1715 5083 1936 5172 colore“:
1973 5085 2040 5137 ita
2083 5085 2140 5139 ﬁt

512 5160 521 5171 ’
557 5171 691 5215 utet
727 5155 782 5214 in
827 5157 1068 5226 subjecto
1097 5155 1237 5222 sint,
1269 5166 1322 5210 et
1361 5156 1428 5209 de
1473 5156 1711 5226 subjecto
1753 5155 2134 5226 signiﬁcentur.

557 5233 676 5290 Alia
703 5245 828 5287 vero
857 5225 983 5284 sunt
1012 5242 1078 5281 ex
1106 5226 1290 5281 iisdem
1330 5234 1634 5293 συμϐεϐηκόσι
1653 5268 1666 5292 ,
1695 5225 1742 5277 id
1771 5234 1851 5278 est
1889 5225 2136 5278 acciden-

557 5303 729 5369 tibus,
770 5318 887 5372 qua:
914 5300 967 5372 in
993 5296 1232 5367 subjecto
1256 5296 1466 5372 quidem
1507 5304 1655 5360 sunt,
1689 5295 1780 5351 sed
1807 5295 1873 5372 de
1901 5296 2139 5372 subjecto

557 5366 775 5429 minime
787 5366 1177 5442 signiﬁcantur,
1202 5377 1253 5420 ut
1273 5366 1401 5442 est,
1425 5366 1536 5419 haec
1558 5368 1919 5442 grammatica,
1945 5367 2027 5442 vel
2054 5367 2139 5422 hic

554 5444 709 5498 albus
737 5438 903 5498 colo'r.
931 5441 987 5496 In
1015 5440 1254 5508 subjecto
1281 5438 1492 5507 quidem
1520 5448 1671 5504 sunt,
1699 5438 1877 5492 animo
1907 5438 1986 5492 vel
2013 5453 2136 5492 cor-

593 5530 705 5578 ore,
727 5514 794 5569 de
810 5514 1050 5582 subjecto
1069 5507 1246 5566 antem
1265 5508 1771 5582 non_signiﬁcautur.
1795 5507 1975 5582 Neque
1990 5510 2137 5582 enim

593 5530 705 5578 ore,
727 5528 794 5569 αθ
810 5528 1050 5582 SUDjeCIO
1069 5528 1246 5566 auvem
1265 5528 1369 5564 11011
1392 5528 1771 5579 ειειιιηεςιιιιιιῐ.
1796 5528 1975 5578 l‘CQllE‘
1995 5528 2137 5564 ριιιηι

551 5528 638 5639 Εἰς
662 5584 878 5639 aliunde
901 5583 1215 5638 vocabulum
1247 5579 1460 5652 pendet,
1494 5580 1586 5633 sed
1614 5588 1788 5652 suoet
1808 5581 2019 5648 speciali
2051 5597 2138 5634 no-

553 5655 698 5710 mine
726 5655 1087 5725 designantur.
1132 5654 1187 5707 ln
1228 5647 1290 5725 iis
1319 5647 2133 5725 quoqueaccidenssuperius,

547 5720 1222 5785 commune'nominamus,
1253 5720 1473 5776 inferius
1513 5720 1599 5774 ubi
1623 5721 1730 5786 jam
1773 5732 1917 5772 certa
1945 5735 2029 5774 res
2056 5731 2138 5775 est

548 5811 651 5863 pro
673 5810 841 5865 parte,
866 5795 967 5848 hoc
985 5804 1064 5849 est
1094 5803 1373 5848 καθέκαστον
1393 5792 1605 5865 dicitur.
1631 5787 1825 5865 Verum
1849 5805 1914 5843 ne
1939 5791 2135 5860 aliquid

550 5861 658 5920 non
674 5861 930 5936 apertum
972 5869 1242 5936 przrterire
1285 5861 2052 5936 Aristotelesexistimaretur,
2081 5871 2137 5936 et

548 5931 791 5992 oriundis
821 5931 1198 6006 qumstmnihus
1227 5935 1561 5990 occasionem
1589 5933 1773 6000 daret,
1806 5931 1872 5987 de
1899 5946 1964 5988 eo
1992 5933 2135 6002 quod

612 6065 628 6074 ι
640 6068 660 6078 _,
672 6046 938 6080 θεώρημα
961 6029 1008 6063 ἐξ
1017 6027 1241 6075 uestigare

1807 439 2221 503 CATEGORIIE
2259 441 2504 503 DECEM.

3660 449 3776 512 im

2230 563 2284 618 in
2309 564 2548 636 subjecto
2573 571 2674 630 est,
2707 561 2869 618 voluit
2898 571 3121 621 tractare
3146 559 3470 636 diligentius,
3499 579 3561 621 ac
3584 564 3776 625 deﬁnire

2231 635 2355 704 quid
2382 646 2543 697 esset,
2572 644 2629 689 ut
2654 636 3094 691 calumniantibus
3122 635 3297 692 aditus
3322 636 3664 692 clauderetur.
3694 641 3776 695 De-

2231 707 2343 760 ﬁnit
2372 722 2499 776 ergo
2526 708 2577 761 in
2616 706 2854 775 subjecto
2879 721 3000 761 esse
3037 707 3175 776 quod
3215 707 3268 761 in
3299 708 3466 762 altero
3489 719 3569 762 est
3595 708 3774 778 aliquo,

2232 792 2334 830 non
2365 787 2425 833 ut
2469 793 2587 845 pars
2631 777 2700 831 sit
2736 779 2978 849 quaedam
3000 819 3013 841 ,
3043 792 3213 849 neque
3251 779 3368 834 sine
3411 793 3478 849 eo
3515 779 3565 832 in
3591 777 3687 849 quo
3713 796 3779 835 εει

2230 857 2407 916 potest
2435 863 2666 917 unquam
2707 863 2843 902 esse.
2879 848 3003 902 Hzec
3045 847 3286 902 deﬁnitio
3321 848 3496 902 addita
3534 847 3777 918 propterea

2231 927 2344 981 est,
2375 919 2494 988 quia
2522 919 2624 972 dici
2658 927 2834 987 posset
2874 918 3213 990 digitumvel
3257 919 3445 988 pedem
3485 920 3534 972 in
3570 921 3776 990 subjecto

2232 1004 2370 1052 esse,
2405 989 2455 1043 id
2485 999 2567 1044 est
2593 992 2644 1043 in
2671 1003 2893 1058 corpore
2923 1005 2934 1040 :
2967 988 3069 1042 hoc
3109 989 3267 1058 igitur
3291 990 3515 1046 exclusit
3538 988 3674 1045 cauta
3696 994 3775 1048 de-

2232 1058 2473 1132 ﬁnitione
2491 1102 2504 1123 ,
2533 1059 2756 1114 dicendo
2781 1059 2991 1132 idAesse
3020 1059 3070 1113 in
3097 1059 3369 1129 subjecto,
3396 1060 3532 1132 quod
3555 1061 3659 1130 ejus
3679 1079 3776 1132 pars

2234 1146 2340 1184 non
2363 1130 2432 1183 sit
2462 1132 2512 1184 in
2541 1146 2645 1200 quo
2675 1139 2758 1184 est
2787 1146 2798 1182 :
2828 1129 3047 1200 digitum
3076 1141 3256 1186 autem
3285 1131 3369 1184 vel
3401 1129 3774 1200 pedetn’par'tem

2234 1215 2353 1256 esse
2381 1199 2622 1272 corporis
2654 1199 3115 1256 constatJDehinc
3159 1217 3189 1255 a
3232 1199 3660 1272 calumniantibus
3687 1204 3772 1258 dici

2233 1281 2443 1340 posset,
2482 1271 2680 1342 aquam
2710 1273 2796 1326 vel
2823 1272 3002 1342 vinum
3047 1271 3100 1342 in
3144 1271 3374 1342 quodam
3405 1272 3533 1327 cado
3563 1275 3694 1342 quasi
3730 1277 3772 1329 in

2235 1343 2474 1410 subjecto
2499 1341 2618 1398 esse
2638 1361 2650 1396 :
2670 1343 2764 1398 sed
2794 1341 2846 1397 id
2873 1343 3001 1396 oriri
3028 1341 3183 1396 docta
3209 1341 3514 1397 deﬁnitione
3540 1341 3630 1398 non
3651 1344 3771 1409 sinit,

2233 1412 2436 1467 addens
2467 1414 2516 1468 id
2555 1427 2676 1468 esse
2715 1414 2766 1467 in
2804 1412 3076 1481 subjecto,
3107 1413 3251 1482 quod
3290 1414 3409 1468 sine
3441 1413 3654 1483 subjecto
3674 1431 3774 1471 esse

2236 1497 2343 1537 non
2375 1485 2544 1553 possit
2575 1501 2586 1535 :
2620 1484 2802 1538 vinum
2831 1494 3007 1538 autem
3028 1525 3043 1547 ,
3072 1484 3154 1538 vel
3194 1499 3387 1553 aquam
3407 1524 3422 1548 ,
3453 1484 3553 1538 sine
3585 1484 3701 1540 cado
3728 1487 3770 1540 in

2235 1569 2340 1624 quo
2362 1552 2694 1624 fueritposse
2710 1554 2832 1608 alibi
2855 1569 2995 1620 esse,
3015 1569 3122 1608 non
3151 1552 3328 1623 potest
3348 1554 3576 1609 dubitari.
3595 1553 3770 1612 interea

2236 1623 2340 1678 hoc
2362 1623 2480 1679 loco
2504 1623 2758 1679 debemus
2777 1624 3065 1695 advertere
3093 1640 3194 1693 qua
3228 1635 3346 1680 arte
3372 1624 3592 1680 deﬁnitio
3612 1626 3766 1695 dispo-

2237 1704 2414 1749 natur.
2435 1695 2668 1749 Primum
2685 1690 2825 1750 eniin
2839 1694 2977 1749 hanc

3061 1696 3420 1751 rimmensum
3437 1696 3767 1766 tendioportet,

2235 1764 2574 1835 incipientem
2619 1779 2648 1818 a
2696 1780 2888 1834 genere
2912 1782 2927 1830 ;

3008 1765 3166 1837 ehinc
3206 1767 3458 1836 paulatim
3503 1782 3590 1837 per
3614 1765 3770 1837 partes

2236 1837 2498 1907 currendo
2528 1837 2806 1906 pervenire
2845 1835 3003 1892 debet
3044 1836 3111 1891 ad
3156 1835 3223 1891 id’
3241 1838 3292 1890 in
3322 1853 3428 1907 quo
3455 1835 3613 1890 solum
3630 1835 3704 1892 est
3725 1839 3770 1893 id

2236 1905 2377 1976 quod
2405 1905 2689 1978 deﬁnitur.
2708 1907 2778 1962 Ut
2809 1907 2844 1960 ii
2873 1908 2964 1978 qui
3000 1907 3150 1978 signa
3180 1905 3430 1974 formant,
3462 1907 3665 1978 primum
3688 1910 3770 1962 im-

2236 1991 2481 2049 mensum
2510 1977 2852 2049 subdeligunt
2889 1977 3119 2049 lapidem
3139 2020 3154 2041 ,
3206 1978 3400 2034 dehinc
3439 1977 3666 2049 paulatim
3688 1980 3769 2033 mi-

2237 2048 2451 2104 nuendo
2467 2058 2520 2103 et
2535 2047 2892 2103 abscindendo
2912 2048 3203 2118 superﬂua,
3231 2049 3297 2103 ad
3322 2047 3612 2104 formandos
3628 2050 3770 2104 vultus

2239 2128 2294 2191 et
2314 2119 2553 2174 membra
2569 2119 2905 2191 perveniunt.
2935 2119 3026 2175 Sic
3043 2118 3286 2175 deﬁnitio
3305 2136 3334 2175 a
3354 2135 3542 2191 genere
3560 2121 3773 2190 incipiens

2238 2188 2456 2260 depulsa
2481 2188 2732 2260 paulatim
2757 2191 3105 2260 generalitate
3133 2188 3438 2256 verborum,
3457 2190 3521 2260 ad
3544 2188 3771 2260 proprium

2237 2259 2664 2316 demonstranda:
2689 2259 2777 2316 rei
2786 2261 2960 2316 cubile
2983 2261 3152 2317 tendit
3175 2261 3448 2318 accedere.
3471 2259 3568 2316 Sed
3587 2261 3646 2315 ad
3667 2277 3769 2331 pro.-

2240 2331 2470 2401 positum
2501 2341 2828 2414 revertamur
2860 2341 3163 2414 atractatus
3207 2334 3350 2414 enim
3379 2343 3491 2414 erat
3515 2331 3575 2386 de
3600 2333 3655 2386 iis
3676 2347 3772 2414 qua:

2237 2412 2362 2458 Sunt
2377 2402 2824 2472 quemadmodum
2855 2403 3240 2472 signiﬁcentur,
3271 2403 3339 2457 de
3364 2403 3546 2472 quibus
3561 2402 3771 2472 quoniam

2234 2472 2344 2542 jam
2366 2473 2527 2527 multa
2545 2474 2682 2528 dicta
2704 2482 2846 2537 sunt,
2870 2472 3000 2528 illud
3027 2474 3346 2544 regulariter
3365 2472 3512 2528 nobis
3530 2473 3770 2544 tenendum

2239 2553 2343 2610 est,
2361 2559 2446 2598 om
2455 2544 2536 2598 nia
2549 2553 2836 2612 καθὲκαστα,
2848 2546 2929 2600 νει
2946 2543 3194 2615 ἕνάριθμα,
3209 2545 3294 2600 vel
3307 2551 3483 2614 ἄτομα,
3497 2543 3572 2598 vel
3585 2551 3771 2610 αἰσθητὰ,

2242 2615 2295 2686 id
2323 2624 2406 2669 est
2431 2615 2572 2686 hunc
2600 2615 2869 2686 hominem
2887 2655 2903 2681 ,
2927 2616 3007 2686 vel
3033 2615 3176 2670 hunc
3213 2631 3408 2686 equum
3426 2616 3540 2686 ,_vel
3561 2615 3774 2686 hauear-

2241 2685 2422 2756 borcm
2440 2684 2506 2756 de
2530 2685 2767 2756 subjecto
2793 2685 3074 2756 signiﬁcari
3102 2701 3209 2741 non
3235 2683 3414 2756 posse.
3444 2684 3526 2740 Sin
3544 2699 3653 2756 vero
3670 2683 3772 2756 haec

2240 2755 2427 2810 eadem
2454 2755 2521 2811 de
2548 2753 2910 2812 accidentibus
2939 2755 3166 2822 fuerint,
3200 2753 3252 2812 id
3279 2764 3364 2811 est
3389 2756 3475 2812 hic
3497 2755 3646 2819 color,
3670 2753 3771 2809 haec

2241 2824 2550 2896 disciplina,
2593 2827 2645 2881 in
2695 2827 2935 2896 subjecto
2985 2841 3106 2882 esse
3147 2841 3350 2896 posse:
3382 2824 3774 2896 quemadmodum

2241 2897 2383 2950 enim
2409 2897 2653 2966 superius
2676 2897 3096 2954 demonstratum
3123 2906 3224 2962 est,
3256 2911 3418 2952 omne
3440 2896 3662 2952 accidens
3678 2897 3774 2950 sine

2240 2968 2480 3040 subjecto
2495 2983 2614 3025 esse
2631 2983 2735 3024 non
2759 2976 2949 3040 potest.
2968 2969 3127 3040 Docti
3150 2968 3309 3040 igitur
3326 2983 3507 3024 sumus
3523 2983 3618 3038 quo
3631 2976 3772 3036 pacto,

2245 3038 2334 3093 vel
2358 3039 2676 3110 subjectum,
2705 3039 2797 3110 vel
2817 3039 2867 3093 in
2899 3039 3140 3110 subjecto
3167 3038 3432 3110 possimus
3449 3052 3720 3109 agnoscere.
3800 3095 3804 3098 ,

2438 3109 2665 3182 CAPUT
2694 3108 3034 3182 Vill—Quid,
3057 3108 3246 3182 genus,
3276 3109 3400 3182 quid
3423 3108 3616 3182 species.

2318 3179 2522 3234 Dehinc
2551 3194 2649 3234 nos
2677 3181 2986 3236 Aristoteles
3007 3177 3194 3247 ducet,
3227 3177 3296 3235 et'
3312 3180 3399 3234 illa
3430 3177 3544 3249 qua:
3563 3178 3623 3234 de
3635 3177 3776 3245 subje-

2243 3259 2328 3305 cto
2355 3250 2748 3322 signiﬁcantur,
2775 3267 2879 3322 qua
2918 3252 3124 3307 ratione
3151 3249 3527 3322 noscamuan
3544 3249 3620 3304 his
3635 3258 3778 3322 autem

2243 3319 2470 3390 speciale
2496 3321 2625 3375 illud
2655 3331 2764 3388 est,
2793 3319 2934 3392 quod
2959 3321 3144 3376 eadem
3174 3322 3228 3376 in
3259 3321 3375 3392 ipso
3417 3320 3640 3392 subjecto
3663 3319 3781 3374 inve-

2243 3392 2483 3457 niuntur,
2506 3407 2626 3462 qua:
2646 3402 2770 3446 sunt
2795 3390 2848 3446 in
2868 3407 2934 3447 eo
2953 3392 3093 3462 quod
3115 3393 3182 3448 de
3202 3391 3445 3462 subjecto
3464 3390 3780 3462 signiﬁcatur;

2245 3471 2301 3515 ut
2334 3463 2476 3534 enim
2519 3458 2713 3534 animal
2741 3462 2810 3534 de
2837 3458 3076 3530 subjecto
3118 3458 3479 3534 signiﬁcatur,
3508 3461 3694 3534 homine
3713 3458 3782 3514 vel

2244 3547 2404 3603 equo,
2419 3533 2497 3588 sic
2511 3543 2566 3588 et
2579 3533 2738 3604 homo
2749 3533 2816 3589 de
2831 3535 3072 3604 subjecto
3086 3531 3264 3604 aliquo
3281 3532 3496 3588 homine
3507 3531 3782 3604 signiﬁcetur

2245 3601 2465 3658 necesse
2486 3612 2568 3659 est
2585 3624 2598 3658 :
2623 3602 2810 3659 Cicero
2830 3601 3006 3659 autem
3024 3613 3079 3659 et
3097 3601 3260 3658 hoino
3278 3614 3362 3658 est
3380 3613 3434 3658 et
3446 3601 3644 3658 animal.
3659 3601 3784 3668 Quae-

2244 3689 2468 3745 cumque
2495 3674 2652 3745 igitur
2678 3673 2951 3744 praedicari
2977 3673 3045 3730 de
3069 3674 3283 3728 animali
3312 3684 3548 3745 possunt,
3567 3673 3723 3728 eadem
3740 3679 3782 3724 et

2244 3690 2468 3745 Cumque
2495 3690 2652 3745 igitur
2678 3690 2951 3744 praedicari
2977 3690 3045 3730 ue
3069 3690 3283 3728 animati
3349 3690 3548 3738 ossunt,
3567 3690 3723 3728 eadem
3740 3690 3782 3724 et

2244 3744 2312 3821 de
2328 3744 2539 3799 homine
2559 3747 2883 3821 _et_Cice_rone
2900 3745 3271 3821 prtedicantur.
3292 3690 3782 3821 (Euaproptereaqua:

2246 3815 2404 3880 ineo,
2435 3815 2575 3886 quod
2598 3814 2666 3870 de
2687 3816 2924 3884 subjecto
2950 3816 3295 3886 signiﬁcatur,
3320 3814 3783 3886 inveniuntur,g_etin

2245 3901 2309 3940 eo
2327 3883 2468 3954 quod
2483 3883 2896 3955 subjectnmest,
2915 3883 3133 3942 necesse
3150 3897 3230 3942 est
3250 3887 3477 3941 inveniri
3497 3904 3510 3939 :
3527 3886 3633 3939 utsi
3648 3883 3782 3955 dicas,

2245 3951 2439 4010 animal
2465 3963 2547 4010 est
2568 3951 2706 4026 quod
2732 3951 2906 4012 cibum
2933 3959 3126 4027 capiat,
3155 3956 3298 4027 quod
3326 3957 3546 4012 mortale
3568 3956 3659 4027 sit,
3673 3951 3784 4024 quod

2246 4041 2405 4098 sensu
2427 4024 2731 4092 moveatur;
2755 4029 2950 4082 animal
2969 4024 3145 4082 autem
3167 4024 3233 4082 de
3253 4028 3493 4098 subjecto
3509 4024 3785 4097 signiﬁcatur

2245 4096 2462 4152 homine
2491 4116 2502 4150 :
2530 4098 2716 4152 eadem
2739 4108 2912 4153 tamen
2940 4108 2995 4154 et
3022 4098 3089 4153 de
3118 4099 3336 4153 homine
3355 4096 3458 4153 dici
3479 4096 3675 4152 necesse
3697 4101 3779 4157 est.

2245 4184 2365 4293 3nd:
2403 4167 2470 4223 de
2499 4168 2714 4250 animali
2751 4170 2888 4224 dicta
2933 4177 3074 4224 sunt.
3116 4169 3320 4224 Deinde
3359 4185 3479 4240 qua:
3513 4167 3575 4224 de
3607 4165 3784 4221 homine

2285 4247 2386 4293 tcta
2412 4238 2625 4293 fuerint.
2653 4240 2838 4293 eadem
2866 4248 2921 4293 et
2941 4239 3008 4293 de
3034 4241 3278 4293 Socrate.
3306 4238 3519 4293 Certum
3547 4245 3696 4292 autem
3718 4242 3784 4289 est

2285 4240 2386 4294 icta
2412 4238 2625 4307 fuerint,
2653 4240 2838 4294 eadem
2866 4248 2921 4295 et
2941 4239 3008 4295 de
3034 4241 3278 4296 Socrate.
3306 4238 3519 4295 Certum
3547 4245 3696 4292 autem
3718 4242 3784 4289 est

2247 4310 2538 4384 Socratem
2567 4309 2863 4384 subjectum
2909 4326 3030 4384 esse
3062 4311 3306 4384 homini,
3334 4310 3598 4384 hominem
3635 4315 3785 4384 autem

2245 4381 2482 4434 animali.
2505 4377 2769 4449 Quidquid
2798 4381 2956 4451 igitur
2983 4383 3032 4435 in
3059 4381 3144 4445 iis,
3173 4377 3298 4450 quae
3314 4381 3382 4435 de
3408 4381 3632 4450 subjecto
3645 4377 3785 4451 signi-

2248 4451 2490 4514 ﬁcantur,
2519 4448 2718 4505 dictum
2749 4448 2926 4519 fuerit,
2960 4451 3099 4508 idem
3142 4448 3208 4507 ef
3223 4451 3293 4508 de
3324 4451 3422 4518 iis,
3451 4448 3560 4520 qua:
3585 4448 3788 4520 subjecta

2245 4521 2474 4598 dicimus
2510 4515 3566 4598 praedicabilurfRegulariter_autém'illa
3590 4518 3648 4598 de
3675 4515 3788 4571 sub-

2243 4593 2387 4660 jecto
2433 4592 2830 4662 signiﬁcantur,
2879 4592 3155 4663 qure'per
3202 4594 3381 4662 seipsa
3427 4592 3789 4663 cognosci_nou

2245 4657 2505 4786 Bessum:
2518 4673 2573 4745 ιιι
2592 4664 2786 4717 animal
2813 4657 3030 4745 intelligi
3051 4657 3155 4718 non
3179 4657 3356 4734 potest
3379 4657 3558 4744 niside
3577 4657 3787 4739 subjecto

2287 4749 2462 4786 omine
2479 4776 2492 4786 .
2521 4749 2598 4786 διε
2620 4734 2779 4786 homo
2806 4733 3013 4786 adverti
3041 4749 3145 4786 non
3174 4743 3350 4786 potest
3377 4750 3474 4786 msr
3497 4731 3562 4786 de
3587 4729 3787 4786 subiecto

2287 4734 2462 4804 omine
2479 4776 2492 4797 ,
2521 4734 2598 4788 sic
2620 4734 2779 4788 homo
2806 4729 3013 4789 adverti
3041 4749 3145 4789 non
3173 4729 3350 4804 potest
3377 4734 3474 4788 nisi
3497 4731 3562 4804 de
3587 4729 3788 4799 subjecto

2246 4806 2423 4886 aliquo
2449 4803 2667 4886 homine
2695 4805 3055 4888 dignoscatur.
3084 4801 3236 4860 Nunc
3255 4805 3505 4888 quoniam
3525 4801 3785 4888 defringe:

2247 4876 2442 4948 riarum
2473 4877 2710 4930 omnium
2727 4871 3024 4948 generibus
3067 4888 3120 4931 et
3148 4871 3430 4948 speciebus
3457 4885 3508 4929 et
3532 4871 3784 4948 diﬁerenlig

2247 4945 2682 5018 locuturusest,
2723 4937 3115 5018 inspiciendum,
3157 4937 3304 5016 prius
3341 4937 3700 5018 videturquid
3731 4937 3784 5018 sit

2244 5030 2433 5089 genus,
2466 5013 2842 5089 quidispecies',
2871 5018 2995 5087 quid
3019 5013 3340 5089 diﬁ‘erentia.
3371 5015 3551 5089 Genus
3569 5013 3783 5089 ignoret»:

2245 5088 2386 5155 quod
2417 5085 2709 5161 seeunduin
2741 5085 2920 5161 multa
2941 5098 3005 5161 et
3032 5088 3327 5143 ditl‘ercntia
3346 5131 3362 5152 ,
3393 5087 3518 5161 quid
3557 5085 3782 5161 sit_spe_cie

2247 5153 2542 5229 Ostenditur
2587 5169 2748 5229 atque
2792 5160 3118 5229 signiﬁcatur
3139 5201 3166 5229 ,ί
3201 5171 3256 5211 ut
3296 5168 3379 5212 est
3411 5153 3552 5212 'usia.
3595 5153 3780 5210 Omnino
3856 5193 3857 5228 ἡ

2245 5228 2458 5304 quidem
2510 5228 2674 5282 usian’
2709 5228 3108 5304 dicinius;_-sed
3157 5228 3257 5281 hoc
3298 5241 3589 5304 commune
3623 5233 3777 5304 ηρξηεη
3856 5233 3857 5248 ‘

2246 5293 2423 5366 specie
2453 5308 2760 5368 separatur,
2791 5314 2912 5354 cum
2954 5293 3183 5354 dicimus
3225 5298 3422 5353 animal
3458 5299 3539 5354 vel
3573 5293 3776 5368 lapidem.

2246 5368 2321 5423 lta
2353 5370 2410 5422 ﬁt
2438 5379 2502 5440 ut
2518 5367 2628 5423 uno
2657 5369 2808 5440 quasi
2845 5370 3124 5440 conjuncta
3157 5369 3438 5435 vocabulo,
3469 5367 3632 5439 specie
3653 5373 3777 5440 ξεμιῖ

2245 5447 2448 5494 rentur.
2480 5433 2782 5496 Differentia
2815 5433 3045 5495 vero'est
3065 5482 3079 5506 ,
3110 5456 3228 5510 qtnc
3276 5433 3562 5494 secundum
3585 5433 3777 5510 multaft

2246 5510 2539 5565 differentia
2561 5552 2576 5575 ,
2605 5525 2711 5565 non
2740 5511 2881 5584 quid,
2909 5511 3007 5576 sit,
3040 5498 3142 5565 sed.
3165 5512 3320 5579 quale
3350 5511 3408 5584 ﬁt
3431 5510 3598 5584 specie

2245 5593 2426 5648 catur,
2470 5591 2528 5635 ut
2563 5571 2648 5636 est
2692 5571 2885 5637 animal
2922 5571 3251 5649 gressutnm,
3285 5571 3527 5646 volatile,
3559 5571 3772 5649 aquatile.

2245 5650 2427 5720 bipes,
2465 5653 2784 5722 quadrupes.
2833 5651 3013 5708 Genus
3051 5668 3178 5720 ergo
3225 5662 3280 5706 et
3325 5649 3606 5722 diﬁerenﬁa
3629 5651 3776 5722 speci?

2245 5718 2628 5792 signiﬁcantur.
2661 5718 2766 5778 Sed
2801 5737 2965 5792 genus
3010 5718 3137 5792 quid
3182 5722 3278 5786 sit,
3327 5718 3612 5776 differentia
3631 5719 3775 5792 atllefll

2245 5785 2417 5861 quialis
2442 5794 2508 5846 sit
2537 5794 2712 5862 specie
2740 5785 2960 5863 possunt
3003 5785 3239 5860 agnosci.
3265 5785 3485 5862 Species
3502 5795 3660 5863 autem
3681 5785 3772 5863 αξξ)

2246 5849 2400 5932 quam
2418 5849 2628 5933 quidam
2645 5871 2698 5918 et
2715 5849 2932 5928 fomlam
2950 5849 3164 5928 vocant,
3190 5849 3328 5932 qum.
3340 5859 3612 5933 secundum
3639 5849 3778 5933 multa

2243 5929 2298 5990 et
2335 5929 2623 5994 diﬁ'érenti.»
2645 5977 2659 6008 ,
2688 5935 2814 6006 quid
2855 5936 2924 5990 sit
2968 5947 3188 5990 numero
3209 5929 3775 6005 praedicantem”
3856 5929 3857 6006 l
