3874 6300
157 381 325 442 1825

160 497 488 568 gnoscitur,
521 502 579 550 ut
605 503 686 552 est
712 494 888 568 homo.
914 493 1248 568 Hoc‘nomen
1287 494 1531 550 homines
1551 506 1771 550 cunctos

159 566 592 638 complectitur,
621 577 674 622 et
709 567 917 638 videtur
945 567 996 620 id
1028 566 1199 620 facere
1221 567 1359 635 quod
1399 569 1622 636 species,
1653 582 1772 638 quae

163 640 240 693 dc
266 637 452 709 aliquo
481 639 694 693 homine
734 637 1068 708 praedicatur,
1093 637 1180 707 qui
1205 653 1484 709 numerum
1519 638 1572 709 in
1594 637 1770 709 seipso

161 708 489 768 contineat:
537 718 594 762 ut
639 719 746 774 est,
789 709 875 764 hic
923 709 1152 776 primus,
1203 708 1290 762 ille
1336 708 1629 770 secundus,
1670 708 1771 761 iste

163 783 398 836 tertius.
429 780 499 836 Ut
520 791 695 834 tamen
724 779 838 834 haec
864 779 964 833 tria
990 793 1096 833 uno
1116 778 1361 848 exemplo
1383 788 1766 842 monstremus;

165 851 366 907 Genus
392 861 509 916 est,
552 851 746 905 animal
779 867 791 901 :
823 848 1152 914 dill'erenlia,
1199 849 1347 919 bipes
1367 891 1381 913 ,
1423 850 1723 919 quadrupes
1752 865 1766 919 ς

165 923 412 995 species,
439 921 836 995 homo,_‘equus.
865 920 968 975 Sed
991 930 1053 995 ut
1079 917 1470 995 geniusiiulluna
1497 929 1600 995 est,
1627 917 1769 995 quod

166 990 288 1048 n'on
322 993 520 1047 habeat
547 991 932 1053 diﬂ'erentiam;
961 991 1038 1046 sic
1067 1005 1166 1045 nec
1190 990 1541 1045 differentiam
1571 990 1770 1044 intelli-

166 1079 307 1135 gere
338 1065 627 1135 debemus,
658 1077 778 1135 quae
819 1062 1024 1135 species
1051 1075 1154 1135 non
1203 1060 1444 1125 habebit;
1476 1072 1532 1115 ut
1560 1061 1767 1135 nigrum

167 1131 231 1190 ἐι
250 1135 438 1190 album
464 1149 570 1188 non
595 1131 794 1187 habent
821 1131 1198 1197 dili‘erentiam,
1231 1141 1507 1201 propterea
1534 1131 1675 1202 quod
1701 1146 1767 1186 ex

166 1221 231 1262 se
260 1206 477 1276 Species
503 1220 607 1276 non
630 1204 903 1276 emittunt.
933 1203 1229 1276 Qme‘enim
1259 1203 1359 1276 alia
1389 1204 1594 1276 species
1616 1203 1768 1276 inve-

167 1272 495 1344 niri'potest
539 1274 641 1328 albi
687 1273 773 1327 vel
812 1272 1301 1344 nigri?iQuoniatn
1342 1273 1498 1342 igitur
1540 1272 1666 1343 quid
1699 1273 1769 1328 sit

166 1343 372 1418 genus,
405 1343 877 1418 quiddill‘ereiitia,
908 1343 1032 1418 quid
1063 1344 1288 1418 species,
1319 1352 1618 1418 scparatum
1648 1351 1765 1398 est:

166 1414 239 1472 ad
272 1414 583 1472 Aristotelis
604 1415 714 1485 jam
739 1415 880 1469 dicta
908 1415 1206 1469 veniamus.
1239 1414 1350 1468 Hoc
1375 1414 1518 1468 enim
1542 1414 1768 1469 docente

167 1490 530 1559 cognovimus
548 1529 579 1559 ,_
598 1501 782 1559 eorum
826 1500 1079 1559 generum
1123 1501 1240 1553 quia
1283 1485 1421 1543 inter
1462 1499 1521 1540 se
1557 1485 1766 1559 diversa

167 1555 326 1623 sunt,
360 1574 461 1613 nec
481 1557 807 1611 differentias
829 1555 1044 1611 easdem
1071 1570 1228 1625 posse
1248 1571 1389 1618 eSse,
1414 1571 1512 1610 nec
1538 1557 1763 1624 species.

167 1631 296 1686 Alia
328 1630 471 1685 enim
502 1637 557 1683 et
583 1627 791 1698 species
819 1636 874 1680 et
897 1625 1196 1698 differentia
1222 1634 1324 1698 est,
1356 1626 1480 1681 dum
1510 1628 1768 1696 quieritur

166 1700 307 1770 quid
337 1700 440 1765 sit,
467 1700 577 1770 alia
598 1697 722 1770 dum
751 1697 908 1770 quale
941 1698 1012 1770 sit
1030 1738 1062 1770 ρ.
1077 1697 1179 1751 alia
1208 1697 1334 1770 dum
1361 1706 1612 1770 quantum
1650 1697 1720 1770 sit
1749 1714 1765 1752 :

164 1767 227 1825 ut
258 1772 307 1826 si
335 1771 468 1824 velis
497 1769 740 1824 animalis
763 1767 941 1822 dicere
963 1767 1336 1834 dill‘erentiam,
1355 1767 1500 1823 dicas
1519 1767 1761 1834 volatile,

166 1841 331 1912 bipes
351 1883 366 1908 ,
399 1851 725 1912 gressutum;
771 1839 816 1894 si
845 1839 976 1912 v_e_lis
1011 1839 1242 1912 speciem
1263 1881 1277 1904 ,
1323 1838 1468 1912 dicas
1496 1838 1764 1912 hominem

168 1908 256 1966 vel
289 1908 448 1966 avent
497 1911 579 1966 vel
616 1925 828 1980 equum.
874 1908 1262 1980 Numquidnam
1304 1919 1358 1964 et
1393 1909 1460 1964 de
1489 1909 1765 1979 disciplina

166 1982 366 2037 eadem
397 1981 692 2036 differentia
723 1981 805 2035 vel
843 1980 1052 2051 species
1091 1980 1195 2035 dici
1243 1989 1458 2051 potest,
1484 1991 1764 2051 propterea

166 1995 366 2037 eadem
397 1995 692 2036 utnercnua
723 1995 805 2035 vet
843 1995 1052 2051 speetes
1091 1995 1195 2035 utet
1224 1995 1416 2105 (fOIeSI
1443 2022 1458 2046 ,
1484 1995 1764 2050 propterea

165 2054 313 2125 quod
330 2067 530 2124 genera
545 2051 754 2125 diversa
776 2051 1133 2125 sunt,_ani_m_al
1153 2060 1205 2105 et
1264 2050 1765 2125 isciplinamnimal

167 2120 323 2180 énim
337 2120 609 2192 categoria
626 2130 708 2177 est
728 2120 877 2187 usi-.e,
900 2121 1175 2190 disciplina
1192 2121 1458 2191 categoria
1473 2121 1762 2190 qualitatis.

165 2193 424 2265 Denique
463 2195 547 2248 illa
572 2207 790 2263 genera,
816 2207 935 2262 quae
964 2193 1164 2265 alterna
1177 2193 1291 2265 sibi
1319 2193 1572 2265 societate
1599 2192 1767 2265 (ἐτςὰλ-

166 2261 638 2347 lnlaj'cqnjnnc'ta
672 2272 797 2347 sunt
814 2261 1073 2347 {easdem
1108 2261 1434 2344 differentias
1471 2271 1526 2347 et
1550 2261 1765 2347 easdem

165 2331 389 2403 species
417 2331 645 2399 habent,
677 2342 736 2388 ut
759 2342 841 2388 est
865 2334 978 2387 usia
995 2375 1009 2397 ,
1037 2331 1188 2403 cujus
1209 2334 1418 2403 species
1441 2342 1524 2388 est
1546 2333 1762 2389 animal.

164 2404 279 2461 Sed
303 2406 448 2461 idem
471 2405 664 2459 animal
688 2419 856 2475 genus
875 2407 1214 2475 estgcazteris,
1241 2405 1465 2475 ideoque
1487 2412 1540 2458 et
1559 2405 1763 2474 species

164 2487 218 2531 et
246 2489 428 2546 genus
449 2475 659 2530 dicitur.
685 2473 940 2546 Quoniam
963 2473 1078 2546 hzec
1104 2474 1261 2545 igitur
1284 2474 1392 2528 duo
1422 2473 1615 2543 genera
1634 2475 1765 2529 invi-

163 2545 292 2602 cem
323 2561 388 2602 se
415 2555 624 2612 tenent,
655 2545 1112 2616 quteAristoleles
1153 2560 1364 2614 quoque
1392 2549 1637 2616 ζπᾲλληλα
1665 2560 1763 2600 no-

161 2619 418 2682 min’avit,
451 2616 662 2671 easdem
677 2614 1014 2670 'diﬂ’erentias
1043 2615 1257 2679 habent,
1289 2625 1346 2669 ut
1369 2615 1412 2669 si
1441 2614 1588 2671 dicas
1614 2616 1763 2671 usian

162 2703 296 2744 esse
317 2688 509 2742 animal
544 2687 786 2753 mortale,
816 2685 986 2756 bipes,
1015 2686 1154 2741 risus
1179 2701 1374 2756 capax;
1407 2685 1595 2741 eadem
1624 2696 1678 2740 et
1697 2686 1765 2742 de

164 2758 393 2813 animali
412 2767 560 2827 potes
576 2757 774 2824 dicere,
797 2755 987 2810 animal
1010 2768 1092 2812 est
1113 2755 1270 2810 homo
1292 2755 1726 2827 mortalis,bipes
1745 2799 1760 2825 ,

161 2832 313 2884 risus
334 2826 522 2897 capax,
551 2828 734 2882 eadem
757 2835 812 2882 et
833 2827 900 2881 de
922 2828 1136 2882 homine
1157 2836 1307 2898 potes
1327 2827 1524 2882 dicere.
1547 2826 1764 2898 Certum

163 2909 253 2955 est
283 2914 413 2966 ergo
439 2898 662 2953 invicem
688 2899 790 2969 sibi
817 2899 1114 2969 conjunctis
1137 2897 1447 2969 generibus,
1475 2897 1690 2953 easdem
1710 2908 1765 2953 et

163 2969 505 3027 differentias
519 2979 570 3024 et
592 2968 800 3038 species
820 2969 1065 3024 inveniri.
1089 2968 1391 3024 ln’diversis
1405 2975 1580 3023 autem
1597 2983 1762 3040 gene-

163 3041 325 3096 ribus
361 3041 460 3094 hoe
487 3040 768 3108 provenire
796 3054 899 3094 non
930 3054 1106 3108 posse.

284 3111 514 3166 CAPUT
557 3108 687 3164 VIII.
704 3137 774 3182 τ-ο
794 3109 874 3182 De_
897 3110 1301 3182 medicamentis
1321 3110 1375 3164 in
1399 3111 1638 3182 generali.

240 3182 451 3236 Rursus
471 3181 784 3236 Aristoteles
810 3180 877 3235 ad
904 3196 987 3245 ea,
1011 3197 1129 3250 qua:
1157 3180 1426 3248 dicuntur,
1456 3181 1759 3248 revertitur,

159 3260 472 3323 quanquam
500 3251 743 3323 superius
766 3251 1303 3323 dixerimusialterum
1329 3252 1443 3323 sine
1467 3253 1634 3323 altero
1655 3260 1761 3323 tra-

159 3320 304 3378 ctaui
332 3320 449 3376 'non
489 3320 663 3391 posse.
693 3320 822 3375 Nam
854 3331 907 3376 et
930 3323 1017 3391 qui
1052 3321 1174 3378 dicit
1205 3322 1422 3392 aliquid,
1451 3321 1518 3378 de
1545 3337 1609 3376 eo
1637 3321 1764 3377 dicit

159 3392 314 3464 quod
340 3404 421 3448 est
446 3409 461 3455 ;
484 3402 541 3464 et
579 3393 630 3446 id
658 3392 798 3464 quod
826 3401 941 3459 est,
990 3408 1092 3446 non
1123 3401 1304 3464 potest
1327 3393 1394 3448 ab
1417 3393 1583 3448 altero
1610 3393 1760 3447 intel-

167 3463 268 3532 ligi
289 3506 305 3530 ,
335 3466 434 3518 nisi
462 3463 690 3518 dicatur.
734 3463 930 3534 Eorum
957 3479 1083 3534 ergo
1111 3463 1230 3533 quae
1259 3465 1398 3518 nulla
1429 3464 1510 3517 sui
1541 3464 1760 3534 copula-

161 3535 317 3588 tione
343 3533 612 3596 dicuntur,
645 3532 1316 3604 quodcutnque'singulare
1341 3534 1541 3588 dictum
1577 3532 1756 3600 fuerit,

159 3613 264 3658 aut
285 3605 438 3658 usian
466 3604 725 3672 signiIiCat
742 3645 757 3670 ,
781 3612 873 3658 aut
895 3605 1243 3673 quantitatem
1267 3647 1281 3670 ,
1305 3611 1398 3658 aut
1424 3604 1728 3673 qualitatem
1744 3646 1758 3668 ,

158 3685 262 3728 aut
288 3675 353 3728 ad
383 3673 622 3746 aliquid,
641 3682 731 3727 aut
759 3675 970 3746 jacere,
1011 3683 1104 3729 aut
1126 3673 1333 3746 facere,
1365 3684 1459 3728 aut
1495 3675 1634 3746 pati,
1672 3683 1764 3746 aut

160 3745 297 3808 ubi,
332 3756 423 3798 aut
452 3743 691 3814 quando,
720 3754 811 3798 aut
846 3744 1059 3801 habere.
1095 3745 1184 3798 Hae
1212 3754 1336 3798 sunt
1364 3743 1644 3815 categoria:
1669 3744 1762 3800 de-

159 3830 308 3880 cem,
341 3831 563 3886 quarum
604 3815 772 3888 prima
800 3816 911 3870 usia
941 3823 1043 3883 est,
1072 3817 1276 3872 scilicet
1299 3832 1416 3888 qua:
1444 3831 1632 3870 novem
1660 3831 1764 3888 cae:

159 3893 316 3940 teras
350 3888 595 3940 sustinet.
629 3885 864 3956 Reliqua:
897 3901 1024 3940 vero
1047 3902 1237 3941 novem
1260 3927 1275 3954 ,
1313 3885 1667 3955 ἇυμϐεϐηκὸτα,
1710 3885 1762 3941 id

159 3964 254 4011 est
279 3956 573 4011 accidentia
615 3965 755 4010 sunt.
805 3956 880 4009 Ex
911 3956 1103 4026 quibus
1135 3971 1356 4021 novem,
1406 3967 1526 4011 sunt
1566 3956 1667 4010 alia
1708 3957 1762 4011 in

161 4025 285 4096 ipsa
331 4027 464 4091 usia,
495 4027 594 4081 alia
621 4036 772 4080 extra
802 4025 971 4092 usian,
1000 4027 1102 4081 alia
1139 4028 1275 4082 intra
1300 4037 1353 4082 et
1386 4037 1553 4080 extra.
1584 4026 1764 4094 Quali-

119 4155 130 4168 ,
160 4105 272 4157 tas.
303 4098 587 4166 quantitas.
617 4106 670 4150 et
689 4096 869 4166 jacere
898 4097 949 4168 in
976 4097 1088 4164 ipsa
1120 4098 1232 4168 usia
1263 4105 1385 4168 sunt
1416 4113 1429 4149 :
1471 4111 1594 4168 mox
1619 4097 1762 4151 enim

163 4175 231 4220 ut
259 4165 409 4221 usian
440 4169 521 4222 vel
554 4165 820 4242 hominem
844 4167 925 4242 _ve_I
959 4181 1152 4236 equum
1176 4167 1489 4242 dixerimus,
1517 4165 1764 4242 adverta-

89 4235 121 4307 ἲ
160 4252 292 4292 mus
331 4252 550 4293 necesse
575 4247 658 4292 est
701 4235 1022 4304 bipedalem,
1054 4236 1537 4307 quadrupedalem;
1563 4246 1656 4307 aut
1681 4237 1761 4290 al-

103 4308 115 4372 έ,
163 4308 322 4369 bum,
347 4317 439 4363 aut
469 4308 707 4377 nigrum:
732 4315 824 4360 aut
850 4306 1098 4372 stantem,
1138 4316 1228 4362 aut
1245 4306 1531 4375 iacentem.
1559 4306 1684 4362 Hmc
1708 4307 1762 4362 in

106 4425 111 4441 ,.
163 4380 282 4447 ipsa
311 4379 423 4432 usia
444 4388 588 4443 sunt,
619 4387 672 4432 et
693 4379 808 4432 sine
827 4377 929 4434 hac
952 4379 1062 4446 ipsa
1092 4393 1211 4432 esse
1241 4393 1345 4431 non
1375 4385 1617 4446 possunt.
1644 4378 1764 4432 Alia

164 4457 296 4502 sunt
311 4458 458 4504 extra
477 4449 646 4512 usian,
666 4449 777 4513 ubi,
798 4448 1008 4518 quando
1023 4489 1037 4513 ,
1061 4449 1280 4503 habere:
1300 4448 1511 4502 ellocus
1528 4447 1595 4501 ad
1613 4447 1763 4503 usian

163 4534 278 4574 non
310 4518 559 4588 pertinet,
587 4527 641 4572 et
674 4528 899 4588 tempus,
939 4527 992 4573 et
1013 4519 1191 4572 vestiri
1230 4528 1284 4573 et
1311 4519 1536 4581 armari;
1573 4518 1667 4573 sed
1695 4518 1764 4574 ab

164 4589 286 4643 usia
305 4599 545 4658 separata
576 4597 718 4643 sunt.
743 4590 856 4642 Alia
881 4598 1003 4643 sunt
1024 4589 1345 4654 communia,
1370 4589 1421 4643 id
1444 4598 1526 4643 est
1545 4597 1598 4642 et
1627 4589 1763 4643 intra

168 4667 227 4714 et
245 4669 396 4714 extra
418 4661 564 4714 usian
587 4677 598 4712 :
618 4659 684 4714 ad
701 4659 919 4728 aliquid,
940 4658 1204 4724 etfacere,
1221 4669 1275 4715 et
1299 4658 1436 4729 pati:
1456 4658 1524 4713 ad
1538 4659 1760 4728 aliquid,

166 4737 230 4783 ut
253 4730 425 4800 majus
445 4742 495 4784 et
514 4731 718 4792 minus;
742 4738 962 4800 utraque
983 4731 1123 4783 enim
1145 4730 1246 4800 dici
1272 4745 1375 4783 non
1400 4741 1637 4799 possunt,
1663 4730 1764 4784 nisi

167 4802 459 4870 conjuncto
488 4801 656 4856 altero
680 4816 785 4870 quo
814 4801 985 4870 majus
1016 4800 1084 4853 sit
1112 4799 1196 4853 vel
1221 4801 1411 4854 minus
1440 4819 1452 4854 :
1485 4810 1765 4870 propterea

167 4886 300 4942 ergo
323 4887 484 4925 unum
509 4872 561 4924 in
580 4887 637 4926 se
657 4870 873 4935 habent,
894 4871 1033 4942 aliud
1050 4879 1197 4925 extra
1219 4886 1297 4924 se.
1317 4870 1445 4925 Item
1464 4871 1656 4942 facere,
1674 4886 1767 4942 ett-7

172 4950 252 4996 tra
278 4949 432 4996 estet
455 4943 613 5008 intra,
641 4949 701 4995 ut
717 4941 925 4996 caedere
943 4941 1165 5010 quisque
1185 4955 1290 4995 non
1321 4948 1496 5010 potest
1510 4941 1634 5004 dici,
1664 4941 1765 4994 nisi

171 5013 400 5068 alterum
427 5013 633 5077 cazdat;
672 5012 754 5066 vel
792 5012 990 5081 legere,
1021 5012 1120 5066 nisi
1151 5011 1264 5080 ipse
1293 5012 1474 5082 legens
1502 5011 1640 5064 aliud
1672 5012 1761 5076 sit,

170 5083 316 5138 aliud
345 5082 487 5154 quod
514 5083 638 5154 legit
663 5100 676 5154 ς
707 5083 778 5136 ita
810 5097 937 5154 ergo
967 5090 1020 5136 et
1047 5082 1098 5154 in
1130 5083 1243 5154 usia
1272 5082 1386 5154 haec
1406 5089 1508 5154 est,
1539 5090 1592 5135 et
1618 5091 1764 5135 extra

171 5154 347 5208 usian.
365 5152 493 5206 "Pati
525 5152 804 5216 similiter;
831 5153 963 5207 caedi
986 5152 1128 5207 enim
1153 5153 1236 5206 vel
1259 5152 1342 5206 uri
1371 5152 1545 5206 nullus
1568 5159 1761 5222 potest,

171 5223 276 5279 nisi
320 5223 388 5279 ab
419 5224 589 5278 altero
621 5224 891 5294 patiatur;
917 5233 1190 5294 propterea
1222 5222 1588 5294 huncquoque
1622 5231 1675 5276 et
1714 5222 1766 5274 in

171 5295 290 5350 usia
307 5302 391 5349 est
411 5304 464 5349 et
487 5292 636 5348 extra
659 5294 828 5348 usian.
852 5293 977 5347 Haec
1001 5293 1158 5362 igitur
1177 5308 1295 5346 cum
1317 5292 1599 5362 singularia
1622 5301 1762 5356 sunt,

170 5365 308 5419 nihil
337 5363 640 5429 aflirmant;
670 5364 913 5433 copulata
949 5379 1076 5418 vero
1118 5362 1317 5417 faciunt
1352 5379 1417 5418 ex
1453 5378 1512 5416 se
1539 5363 1768 5432 aliquem

171 5450 504 5501 sermonem,
547 5437 631 5490 ch
660 5443 1019 5506 προστοᾳτιχόν,
1050 5433 1132 5487 vel
1164 5437 1392 5506 tuxrixdv,
1417 5433 1498 5486 vel
1523 5439 1770 5502 ἐρωτημα-

171 5516 325 5573 τικὸν,
358 5506 440 5560 vel
471 5503 724 5566 namus-1':
750 5513 807 5558 ut
832 5503 947 5558 haec
973 5518 1184 5573 quoque
1210 5503 1373 5558 latino
1394 5519 1488 5559 ore
1506 5515 1771 5559 monStre-

169 5592 319 5642 mus,
350 5577 438 5631 vel
466 5577 804 5646 imperatum,
836 5574 921 5629 vel
960 5583 1218 5646 optatum,
1245 5575 1331 5629 vel
1361 5574 1768 5644 interrogatum,

169 5647 257 5713 vel
285 5645 557 5702 vocatum.
583 5647 708 5700 Ilaec
731 5661 940 5716 quoque
969 5645 1231 5716 sermonis
1261 5646 1409 5714 quasi
1435 5652 1661 5716 quatuor
1679 5660 1774 5714 ge-

168 5733 302 5773 nera
333 5731 590 5788 suspensa
620 5715 929 5788 suntatque
958 5715 1216 5786 simplicia
1248 5716 1497 5788 interimi,
1546 5715 1772 5788 ideoque

167 5785 490 5857 semiplena.
525 5787 715 5858 Neque
735 5785 876 5858 enim
901 5788 1011 5858 jam
1052 5785 1361 5858 iptelligitur
1391 5787 1470 5841 vel
1511 5785 1638 5858 quid
1669 5786 1770 5840 int-

171 5854 477 5932 perativum
517 5860 608 5926 sit,
624 5854 724 5914 'vel
753 5857 877 5928 quid
904 5854 1244 5930 'optatfvum;
1261 5859 1343 5915 vel
1372 5857 1500 5928 quid
1530 5854 1770 5912 interro-

1645 377 2008 436 APPENDIX.

3332 393 3470 453 M28

1877 495 2126 576 gativum,
2178 498 2259 576 vel
2279 498 2419 576 quid
2459 499 2788 576 vocativum,
2818 497 2932 558 nisi
2973 503 3258 576 accesserit
3297 520 3472 576 genus

1875 570 2210 643 duapaarmda,
2242 569 2404 643 idest
2433 572 2903 643 pronuntiativum,
2934 574 3076 643 quod
3112 569 3380 631 habeat'in
3403 594 3467 634 se

1876 637 2154 716 quamdam
2195 637 2538 716 confirmandi
2566 637 3096 716 _setttentiatn,'qttae
3137 647 3332 715 aliquid
3370 660 3466 705 aut

1875 706 2034 760 addat
2054 720 2164 788 aut
2191 709 2368 764 demat
2396 728 2410 764 :
2442 712 2580 788 quod
2621 706 2955 788 Aristoteles
2972 706 3238 788 κῖκτάφασιὲ
3261 727 3316 772 et
3339 722 3464 773 ἀπὸ·

1874 800 2010 848 φασιν
2037 778 2182 842 dixit,
2217 789 2269 833 ut
2295 792 2394 844 est,
2421 778 2612 837 coelum
2638 784 2738 839 hoc
2763 785 2992 840 volubile
3011 778 3113 850 est,
3142 788 3335 846 caelum
3361 789 3464 844 hoc

1875 864 1981 929 non
1997 859 2078 903 est
2103 850 2352 929 volubile.
2377 853 2549 922 Ipsum
2572 853 2801 929 denique
2824 857 3295 929 pronuntiativum,
3318 859 3461 927 quod

1874 917 2103 995 diximus
2123 917 2453 995 ἀιεοφᾳντᾳὸν,
2475 936 2568 978 aut
2593 917 2782 980 falsum
2811 917 2892 981 est
2919 936 3009 981 aut
3031 942 3238 982 verum.
3264 917 3463 995 Quam-

1873 989 2066 1078 olorem.
2086 989 2426 1078 omissis-illis
2450 1004 2686 1078 quatuor
2717 1012 2838 1078 qua:
2867 998 3034 1078 magis
3054 997 3127 1078 ad
3146 989 3461 1078 grammati:

1874 1061 2069 1142 cos-vel
2091 1070 2334 1142 oratores
2354 1061 2632 1142 pertinent,
2663 1061 2818 1142 hujus
2832 1061 3202 1142 _apop_hantic'i,
3227 1069 3369 1140 quod
3391 1069 3461 1127 ad

1871 1129 2219 1202 philosOphos
2244 1129 2470 1202 attingit,
2494 1129 2804 1192 Aristoteles
2832 1129 3013 1194 habuit
3038 1129 3381 1196 mentionem.

1871 1199 2097 1257 CAPUT
2134 1200 2233 1256 IX.
2255 1231 2327 1283 :—
2345 1199 2424 1257 Πε
2454 1199 2570 1283 asia
2597 1208 2712 1283 sive
2739 1208 3034 1283 substantia.
3069 1207 3194 1266 Ποία
3232 1211 3457 1283 praprt'e.

2237 1273 2511 1354 _S_ecunda:
2532 1277 2656 1354 itaita
2677 1295 2787 1348 qua:
2808 1280 3060 1354 dicantur.

1901 1411 1914 1423 θ
1942 1341 2212 1423 Expositis
2234 1344 2400 1423 igitur
2420 1344 2668 1423 omnibus
2689 1341 2807 1418 'qnte
2837 1349 3183 1423 diSputaturis
3207 1365 3460 1423 necessa-

1871 1411 1973 1492 ria
1988 1411 2322 1492 videbantur,
2357 1416 2596 1486 singulas
2620 1411 2938 1492 categorias
2964 1422 3198 1492 oportuit
3220 1421 3455 1481 deliniri.

2009 1483 2122 1537 usia
2160 1479 2414 1564 quoniam
2439 1479 2730 1564 secundum
2753 1479 2924 1545 artem
2949 1479 3156 1548 deliniri
3181 1509 3285 1564 non
3309 1479 3458 1564 pote;

1869 1562 1971 1617 rat,
2001 1569 2118 1623 qua:
2143 1557 2404 1626 praecipit,
2432 1559 2751 1631 utideﬁuitio
2772 1576 2876 1631 quo
2910 1565 3076 1631 possit
3103 1563 3244 1618 tendi
3273 1557 3456 1631 latius,

1869 1637 2117 1712 θρέψει-θ
2141 1637 2315 1681 sumat
2345 1630 2658 1710 exordium;
2683 1630 2800 1712 ipsa
2820 1630 2998 1686 autem
3026 1634 3140 1687 usia
3160 1648 3326 1704 genus
3348 1630 3459 1691 non

2069 1699 2403 1785 gumomnia
2429 1699 2542 1785 ipsa
2573 1693 2868 1785 sustﬁieat_:
2894 1718 2989 1772 per
3015 1693 3330 1785 partesneam
3362 1720 3460 1759 vo-

1871 1764 1967 1820 luit
1996 1765 2238 1843 delinire_,
2286 1777 2344 1823 ut
2383 1764 2508 1840 quid
2546 1772 2616 1826 sit
2645 1788 2750 1843 non
2779 1764 2950 1827 solum
2985 1764 3100 1843 ejus
3127 1772 3456 1843 deﬁnitione,

1869 1850 2064 1916 verum
2093 1839 2319 1916 partium
2348 1839 2575 1916 Iquoque
2603 1842 2905 1916 cognitione
2934 1839 3204 1900 noscatur.
3233 1842 3331 1898 Est
3356 1839 3457 1916 igi;

1869 1908 2099 1986 turusia
2130 1911 2342 1980 proprie
2369 1908 2422 1966 ἐι
2457 1908 2815 1986 principaliter
2844 1913 2983 1986 dicta
3001 1958 3017 1982 ,
3043 1931 3164 1986 qua:
3201 1908 3458 1986 neque'in

1867 1977 2110 2066 subjecto
2136 1977 2253 2066 est,"
2271 1997 2445 2050 neque
2457 1977 2532 2038 'dc
2543 1977 2790 2066 subjecto
2815 1977 3160 2066 signiﬁcatur,
3175 1993 3249 2066 ἰιι
3269 1977 3352 2040 est
3372 1985 3458 2041 hic

1869 2046 2054 2114 homo,
2078 2050 2166 2127 vel
2202 2051 2289 2127 hic
2317 2046 2505 2127 equus.
2542 2046 2800 2127 Secundae
2826 2046 3072 2127 dicuntur
3095 2046 3260 2123 iusim,
3288 2070 3458 2127 genus

1869 2120 2172 2194 et_5pecie_s,
2200 2121 2252 2176 id
2281 2120 2582 2178 est'animal
2617 2134 2673 2180 et
2698 2125 2876 2179 homo.
2907 2126 3012 2182 Has
3040 2141 3167 2194 ergo
3192 2120 3457 2182 sccnndas

1868 2189 2188 2268 substantias
2213 2194 2472 2268 nominari
2493 2194 2639 2268 dicit,
2678 2204 2956 2264 propterea
2980 2189 3237 2268 quod'illa
3263 2196 3332 2268 sit
3353 2212 3454 2268 po-

1868 2261 2143 2342 tior,_quae
2172 2279 2343 2342 neque
2382 2261 2710 2342 in_subjecto
2747 2261 2862 2342 est,
2908 2261 3085 2342 neque
3108 2265 3178 2342 de
3214 2261 3458 2342 subjecto

1868 2331 2209 2400 prmdicatur.
2251 2331 2508 2390 Secunda:
2538 2331 2715 2391 autem
2740 2331 3050 2392 subStantiEe
3073 2335 3270 2392 idcirco
3297 2331 3457 2394 dicte

1867 2410 1987 2478 sunt
2018 2414 2256 2478 genuset
2281 2406 2676 2478 Species,quod
2705 2406 2838 2478 sola;
2863 2407 3096 2462 indicent
3116 2406 3358 2478 primam.
3383 2407 3458 2464 Ut

1867 2471 1913 2524 si
1949 2474 2068 2542 quis
2099 2475 2229 2529 nolit
2268 2471 2350 2530 vel
2380 2471 2580 2531 nesciat
2605 2477 2782 2532 dicere
2814 2475 3086 2535 Socratem
3103 2471 3130 2544 ,'
3158 2476 3300 2533 dicat
3332 2478 3455 2532 aui-

1867 2543 2084 2618 malvel
2112 2544 2400 2618 hominem,
2430 2547 2481 2601 id
2516 2557 2598 2602 est
2623 2563 2792 2618 genus
2816 2549 2900 2603 vel
2933 2548 3185 2618 speciem,
3214 2547 3297 2602 his
3324 2564 3456 2604 vero

1868 2613 2025 2668 dictis
2048 2616 2174 2684 quid
2199 2617 2268 2670 sit.
2293 2618 2543 2672 Socrates
2568 2613 2900 2684 agnoscitur;
2927 2613 3070 2673 aliud
3089 2613 3266 2674 autem
3292 2618 3337 2673 si
3367 2619 3454 2673 di-

1867 2691 1972 2760 cat.
2003 2685 2086 2739 vel
2113 2689 2297 2754 currit,
2333 2689 2415 2742 vel
2442 2685 2695 2756 ambulat,
2725 2689 2853 2744 nihil
2883 2690 3050 2759 possit
3075 2689 3309 2760 agnosci.
3342 2688 3454 2744 Ma-

1866 2753 2120 2830 nifestum
2150 2765 2232 2813 est
2273 2753 2448 2830 autem
2478 2774 2538 2813 ea
2570 2753 2689 2829 quze
2707 2760 2776 2816 de
2799 2753 3040 2829 subjecto
3066 2753 3453 2830 signiﬁcantur,

1866 2838 2005 2898 cum,
2028 2827 2112 2898 iis,
2142 2843 2260 2898 quae
2287 2827 2601 2898 subjectum
2620 2839 2762 2896 sunt,
2800 2839 2854 2885 et
2883 2827 3073 2886 nomen
3100 2827 3156 2886 et
3191 2827 3453 2885 rationem

1866 2896 2096 2969 nonanis
2125 2896 2320 2954 habere
2348 2896 2722 2966 communem;
2761 2909 2819 2956 ut
2853 2901 3012 2956 homo
3038 2909 3093 2956 et
3121 2899 3188 2955 de
3215 2899 3456 2969 subjecto

1865 2966 2046 3036 aliquo
2102 2969 2427 3050 signiﬁcatur
2488 2972 2730 3050 homine,
2764 2970 2858 3050 sed
2898 2985 3005 3050 non
3029 2971 3204 3050 solum
3230 2966 3451 3050 nomen,

1867 3051 2058 3111 verum
2095 3040 2254 3094 etiam
2284 3041 2540 3096 rationem
2568 3041 2808 3096 eamdem
2844 3042 2898 3096 in
2926 3041 3166 3111 subjecto
3191 3040 3452 3106 invenies,

1866 3109 2098 3188 quam-in
2124 3125 2190 3164 eo
2218 3111 2357 3188 quod
2377 3109 3060 3188 _dc_snl_)jecto_signiﬁcatur
3083 3111 3285 3188 poteris
3305 3111 3455 3166 inve-

1865 3179 2008 3260 nire._
2029 3178 2267 3248 Ipsarum
2306 3181 2498 3260 deinde
2521 3178 2881 3260 s'écundaruni
2904 3178 3139 3238 usiaruin
3169 3181 3343 3260 potior
3370 3189 3457 3260 est

1867 3252 2074 3324 Species
2101 3266 2332 3320 genere:
2360 3253 2526 3324 magis
2551 3253 2694 3308 enim
2722 3253 2970 3324 proxima
2999 3263 3082 3324 est
3110 3252 3316 3322 species
3342 3253 3456 3324 pri-

1866 3321 2126 3394 miposse
2167 3338 2323 3394 quam
2353 3321 2538 3394 genus.
2562 3324 2640 3392 ,δί
2667 3321 2808 3379 enim
2848 3324 2970 3394 quis
3001 3321 3457 3394 velitjrostendcro

1867 3391 1993 3462 quid
2015 3393 2083 3445 sit
2114 3391 2280 3461 prima
2310 3391 2447 3461 usia,
2478 3391 2683 3449 facilius
2709 3391 3022 3449 monstrabit
3047 3394 3091 3447 si
3114 3392 3311 3449 dixerit
3334 3407 3456 3462 spe-

1868 3461 2213 3535 ciem,__quam
2243 3464 2288 3517 si
2319 3465 2511 3518 dixerit
2541 3480 2726 3534 genus.
2750 3463 2822 3520 Ut
2844 3466 2887 3519 si
2921 3467 3040 3535 quis
3059 3461 3456 3535 Socratem_vo-

1866 3529 1980 3606 lens
2007 3529 2186 3606 dicere
2215 3535 2414 3606 omisso
2438 3529 2812 3606 ejus'nomine,
2854 3529 3024 3606 magis
3045 3551 3166 3606 eum
3191 3533 3459 3606 signiticet

1866 3601 1911 3655 si
1944 3602 2212 3657 hominem
2241 3601 2481 3676 dixerit,
2519 3620 2677 3676 quam
2722 3605 2768 3659 si
2811 3601 3028 3660 animal.
3063 3601 3272 3660 Animal
3313 3603 3458 3676 enim

1867 3680 1921 3727 et
1961 3687 2156 3746 equum
2205 3682 2259 3746 et
2302 3673 2555 3744 aquilam‘
2577 3691 2864 3745 possumus
2899 3691 3210 3746 agnoscere.
3256 3673 3460 3746 Deinde

1845 3751 1926 3795 -ιιι
1953 3744 2136 3815 primte
2181 3745 2493 3801 substantia:
2522 3744 2773 3815 subjecta:
2813 3744 2954 3801 sunt
2971 3746 3248 3811 omnibus,
3291 3754 3344 3799 et
3374 3744 3461 3815 his

1869 3814 2047 3868 omnia
2065 3815 2426 3887 sustinentur;
2457 3817 2526 3871 ita
2543 3813 2701 3871 etiam
2723 3817 2929 3887 species
2939 3817 3144 3887 generi,
3161 3813 3462 3887 atqueideo

1868 3887 2038 3954 magis
2065 3885 2176 3940 usia
2219 3889 2337 3949 ista,
2369 3902 2527 3956 quam
2563 3885 2777 3940 caetera}
2822 3885 3129 3956 Videndum
3153 3890 3238 3938 est
3268 3885 3458 3949 etiam,
3495 3910 3498 3936 λ
3535 3923 3537 3925 ι

1868 3969 1936 4034 ne
1961 3953 2117 4034 quam
2140 3956 2370 4034 speciem
2386 3953 2562 4034 solam
2586 3965 2852 4034 putamus,
2880 3953 3066 4010 eadem
3067 3954 3159 4034 _sit_
3175 3963 3232 4034 et_
3246 3968 3424 4034 genus
3441 3972 3460 4008 :

1867 4033 1926 4076 ut
1950 4023 1994 4096 si
2016 4025 2134 4096 quis
2161 4023 2356 4079 animal
2381 4023 2599 4088 dixerit,
2617 4025 2750 4080 dixit
2774 4034 2828 4080 et
2848 4039 3036 4096 genus.
3066 4023 3269 4079 Deinde
3297 4027 3343 4079 si
3371 4023 3461 4079 di-
3494 4028 3497 4030 ’

1867 4102 1954 4146 cat
1973 4094 2262 4165 hominem,
2290 4110 2505 4165 equum,
2540 4096 2756 4164 piscem,
2780 4094 2954 4159 avem,
2986 4097 3464 4165 pronuntiemusna

1868 4163 2047 4218 omnia
2084 4165 2228 4219 solas
2271 4163 2478 4235 species
2518 4163 2670 4220 esse?
2712 4181 2832 4220 cum
2873 4163 3015 4220 enim
3056 4166 3159 4221 sint
3203 4165 3363 4220 homo
3403 4174 3463 4222 et

3477 1695 3494 1854 ἱ

1870 4249 2058 4303 equus,
2089 4236 2297 4305 species
2336 4236 2632 4291 manifesta:
2659 4245 2815 4300 sunt;
2846 4235 3006 4304 piscis
3031 4244 3207 4292 autem
3234 4243 3288 4305 et
3321 4235 3458 4301 avis,
3493 4259 3496 4263 ·

1868 4319 2061 4388 genera
2099 4304 2153 4388 et
2186 4306 2391 4375 species
2414 4305 2555 4377 (non
2582 4307 2725 4363 enim
2760 4320 2862 4360 una
2879 4305 3061 4388 .Iorma
3091 4314 3174 4360 est
3200 4304 3375 4360 avium
3405 4315 3466 4387 et

1870 4376 2169 4450 piscium)‘;
2199 4375 2479 4447 propterea
2504 4392 2630 4448 ergo
2653 4387 2713 4450 et
2750 4376 2955 4450 species
2979 4385 3032 4432 ct
3058 4391 3250 4450 genera
3282 4375 3462 4450 nomi-
3491 4393 3496 4450 ε

1869 4453 2086 4516 nantur.
2116 4445 2221 4501 Illa}
2245 4445 2420 4500 autem
2449 4445 2757 4516 quaa'solum
2778 4445 2993 4514 'species
3019 4445 3161 4513 sunt,
3195 4445 3349 4501 sicuti
3378 4455 3466 4502 est

1869 4515 2053 4588 homo,
2081 4533 2266 4588 equus,
2297 4515 2491 4588 aquila,
2522 4527 2727 4584 taurus,
2746 4532 2895 4587 {equa
2925 4519 3117 4572 virtute
3151 4517 3281 4572 usis:
3316 4525 3462 4572 sunt.
3488 4532 3491 4538 '

1871 4587 1940 4642 Ut
1963 4589 2108 4642 enim
2134 4587 2298 4642 homo
2320 4589 2434 4641 usia
2460 4597 2558 4652 est,
2589 4588 2665 4643 sic
2690 4599 2743 4644 et
2765 4603 2953 4656 equus,
2980 4597 3036 4643 ct
3053 4588 3247 4658 aquila,
3269 4598 3323 4642 et
3349 4597 3468 4644 tau-

1867 4675 1961 4714 rus
2007 4661 2060 4730 in
2090 4673 2187 4730 suo
2219 4673 2434 4727 genere.
2464 4658 2897 4730 Decursisigitur
2930 4657 3174 4730 partibus
3210 4674 3307 4730 per
3330 4674 3467 4730 quas
3493 4704 3495 4706 .

1872 4730 1984 4784 usia
2012 4727 2226 4782 deﬁnita
2257 4737 2361 4791 est,
2402 4736 2455 4782 et
2479 4728 2584 4782 alio
2614 4727 2780 4783 modo
2798 4727 2967 4783 voluit
2991 4744 3111 4784 eam
3140 4727 3384 4795 delinire,
3417 4729 3467 4784 si
3533 4770 3536 4774 η

1871 4799 2179 4854 ostenderet
2203 4814 2286 4863 ea,
2314 4811 2432 4868 quae
2457 4813 2678 4854 necesse
2705 4799 2856 4854 estin
2887 4813 2949 4854 ea
2978 4801 3290 4856 naturaliter
3319 4801 3468 4854 inve—
3530 4849 3535 4868 ,ἓ

1872 4870 2101 4950 ηἰτὶηΕει
2129 4870 2271 4950 enim
2312 4884 2431 4950 quae
2458 4870 2656 4950 insunt
2682 4869 2894 4950 cuique,
2939 4879 3044 4950 aut_
3068 4871 3122 4925 in
3162 4872 3278 4950 solo
3319 4881 3370 4950 et
3410 4871 3466 4925 in
3521 4881 3538 4950 9‘-

1871 4942 2038 5001 omni,
2071 4949 2162 4994 aut
2187 4941 2238 4994 in
2265 4941 2381 4995 solo
2417 4947 2473 4993 et
2509 4955 2613 4995 non
2642 4941 2694 4995 in
2724 4941 2891 5006 omni,
2916 4951 3006 4995 aut
3031 4941 3083 4996 in
3112 4943 3256 4996 omni
3284 4948 3336 4995 et
3356 4956 3467 4995 non
3517 4941 3539 4965 τ’

1871 5011 1924 5066 in
1963 5012 2098 5076 solo,
2127 5019 2217 5064 aut
2251 5025 2349 5066 nec
2378 5010 2432 5064 in
2461 5011 2575 5066 solo
2614 5026 2714 5067 nec
2739 5011 2792 5066 in
2817 5013 2983 5066 onmi.
3017 5012 3139 5066 Haec
3169 5011 3339 5067 Grarci
3369 5027 3466 5064 vo-

1873 5091 2033 5148 cant,
2064 5088 2111 5135 ia
2138 5091 2260 5151 μόνῳ
2299 5085 2382 5135 ναὶ
2419 5086 2466 5136 ἐν
2506 5088 2682 5150 notari,
2722 5088 2768 5137 ἓν
2796 5093 2919 5154 μόνῳ
2965 5087 3045 5138 καὶ
3084 5086 3166 5135 οὐκ
3205 5087 3250 5134 ἄν
3291 5087 3464 5148 παντὶ,

1872 5159 1918 5206 ἐν
1968 5163 2110 5224 *ηανξ-ἰ
2156 5163 2257 5224 κᾳί-
2286 5156 2385 5224 οὗκ-
2416 5157 2462 5204 ἐν
2509 5163 2632 5224 piat,»
2661 5193 2675 5216 ,
2736 5159 2818 5208 οὐκ
2872 5159 2919 5207 ἓν
2966 5162 3089 5224 μόῳ
3148 5156 3360 5224 amboin
3413 5159 3469 5206 ἕν

1874 5205 2033 5278 4.....2.
2059 5205 2131 5278 Ut
2158 5205 2213 5276 si
2246 5205 2518 5277 hominem
2542 5205 2976 5279 delinire—volens
2997 5262 3010 5283 ,
3041 5205 3182 5292 dicat
3215 5221 3354 5276 risus
3377 5205 3492 5292 (ξεί-¹

1875 5309 2060 5364 pacem
2086 5307 2239 5357 esse;
2260 5294 2364 5364 hoc
2391 5294 2520 5347 etin
2541 5296 2654 5349 solo
2676 5303 2774 5358 est,
2799 5303 2853 5348 et
2873 5293 2924 5346 in
2952 5290 3118 5364 omni.
3138 5291 3299 5364 Solus
3316 5308 3470 5346 nam-

1876 5361 1978 5434 que
2008 5363 2168 5418 homo
2196 5363 2350 5429 ridet,
2374 5371 2430 5416 et
2453 5367 2660 5420 cunctis
2685 5365 2860 5434 ridere
2883 5361 3126 5434 naturale
3140 5371 3242 5434 est.
3266 5362 3493 5434 ‘Secunﬁ

1822 5498 1831 5506 _
1877 5431 1968 5497 do,
1997 5435 2049 5488 in
2083 5434 2288 5506 soleret
2312 5450 2416 5488 non
2446 5435 2496 5488 in
2524 5435 2695 5506 omni,
2729 5443 2784 5486 ut
2820 5431 3468 5506 sihominenidetiniens,

1878 5519 2127 5576 capacem
2169 5503 2464 5574 disciplina:
2503 5505 2646 5560 dicat
2673 5518 2824 5570 esse;
2867 5501 3049 5576 hocin
3095 5503 3224 5576 solo.
3250 5502 3492 5573 quidem;

1879 5572 2096 5631 homine
2134 5572 2357 5630 inveniri
2395 5584 2586 5643 potest,
2633 5590 2738 5628 non
2768 5582 2946 5644 tamen
2985 5573 3038 5626 in
3067 5572 3221 5644 omni
3245 5572 3491 5644 {neque

1878 5647 2022 5701 enim
2054 5661 2237 5701 omnes
2274 5642 2581 5713 disciplinas
2603 5644 2803 5713 aliquas
2827 5643 3144 5698 didicerunt.
3179 5642 3396 5708 Tertio,
3413 5645 3471 5699 in

1879 5716 2024 5770 omni
2049 5725 2104 5773 et
2125 5732 2230 5770 non
2259 5717 2309 5769 in
2331 5716 2464 5779 solo,
2491 5721 2549 5768 ut
2573 5713 2617 5767 si
2639 5715 2758 5783 quis
2783 5713 3053 5769 hominem
3080 5713 3360 5783 definiens,
3383 5713 3472 5769 di-

1880 5795 1967 5841 cat
2001 5787 2052 5840 id
2095 5786 2365 5841 hominem
2398 5800 2519 5840 esse
2552 5782 2695 5855 quod
2736 5784 2991 5849 ambulat,
3023 5794 3075 5840 et
3113 5782 3256 5855 quod
3290 5784 3470 5839 cibum

1879 5857 2046 5926 capit;
2078 5857 2254 5912 hocin
2283 5855 2426 5912 omni
2452 5854 2667 5927 quidem
2689 5865 2772 5914 est
2799 5855 3036 5926 homine,
3077 5854 3183 5912 non
3209 5863 3387 5912 tamen
3415 5854 3472 5912 in
