3888 6402
551 433 574 490 1
587 434 688 493 139

548 567 669 623 qme
694 552 928 625 insemet
943 549 1179 625 converti
1191 547 1446 625 diximus,
1463 545 1623 602 homo
1635 544 1826 625 prioris
1847 543 2020 625 locum
2049 551 2129 596 te-

551 616 667 689 ιὶει,
682 623 832 692 cujus
844 619 1434 692 exstantuifieﬁiiiﬂtionis
1446 633 1554 692 sita:
1567 616 1814 692 exprimit
1827 616 2122 669 veritatem.

939 690 1166 747 CAPUT
1203 689 1321 746 XX.
1353 718 1424 729 -—
1452 687 1529 741 De
1567 686 1735 740 simul.

617 762 868 834 Sequitur
907 771 966 816 ιιι
1009 761 1380 834 ρτοειιίειειιεηι
1427 758 1593 834 verbi,
1644 772 1754 834 quo
1804 755 2128 834 simul__esse

547 826 791 906 quardam
821 826 1048 888 dicimus
1071 873 1085 895 ,
1108 826 1497 906 exprimamus.
1541 826 1704 906 Ratio
1729 828 1880 906 enim
1924 826 2129 880 videtur

549 897 764 976 exigere
789 945 802 968 ,
832 914 898 976 fut
929 913 1046 976 post
1073 897 1264 971 prioris
1291 910 1568 976 tractatum
1594 899 1660 954 de
1690 898 1772 976 liis
1799 897 2124 976 disputetur,

548 967 670 1046 qui:
691 967 846 1030 simul
867 967 985 1030 esse
1010 967 1304 1046 ﬁrmantur.
1338 971 1505 1046 Simul
1534 984 1660 1040 ergo
1688 967 1934 1023 dicuntur
1959 967 2128 1046 tribus

550 1038 724 1100 modis
753 1063 766 1098 :
797 1059 917 1100 cum
947 1043 1196 1114 quaelibet
1221 1043 1378 1114 simul
1404 1038 1638 1114 existunt
1659 1053 1764 1114 uno
1785 1047 2023 1114 tempore
2045 1038 2126 1114 vei

550 1124 830 1186 apparent,
867 1115 936 1169 ita
960 1108 1018 1168 ut
1037 1123 1281 1168 neutrum
1311 1111 1380 1186 de
1407 1111 1616 1186 duobus
1642 1108 1727 1164 vel
1754 1108 1906 1179 prius
1925 1110 2012 1186 sit,
2045 1109 2127 1163 vel

550 1132 581 1170 2
623 1132 830 1186 parent,
867 1132 936 1169 Ila
960 1132 1018 1168 ιιι
1037 1132 1281 1168 nemrum
1311 1132 1380 1168 ae
1407 1132 1616 1167 GUODUS
1644 1132 1727 1164 vel
1755 1132 1900 1179 prius
1925 1132 2012 1171 διι,
2047 1132 2127 1163 VC!

547 1132 774 1241 alierum
820 1194 1193 1261 consequatur,
1251 1183 1346 1261 sed
1386 1181 1661 1261 utriusque
1695 1189 1843 1261 ortus
1890 1179 2129 1261 videariur

547 1271 668 1313 esse
694 1250 1021 1320 communis,
1052 1254 1188 1310 sicut
1213 1253 1360 1308 calor
1397 1262 1450 1307 et
1475 1250 1729 1321 splendor
1770 1251 1821 1304 in
1862 1250 1995 1321 sole.
2028 1250 2127 1305 Se-

547 1326 754 1383 cundus
782 1327 932 1381 locus
957 1334 1040 1381 est
1065 1339 1272 1388 eorum,
1296 1338 1417 1393 qua:
1448 1320 1758 1393 naturaliter
1788 1320 1945 1393 simul
1971 1330 2115 1393 sunt,

548 1398 754 1453 nullum
783 1406 957 1451 tamen
984 1411 1168 1451 eorum
1200 1390 1417 1464 przeStat
1460 1392 1611 1447 alteri
1641 1409 1654 1443 :
1681 1399 1738 1444 ut
1762 1390 1910 1446 verbi
1933 1392 2124 1464 gratia,

547 1468 595 1524 si
622 1468 897 1538 simplum,
912 1475 971 1538 et
1014 1461 1232 1538 duplum
1264 1476 1552 1538 ponamus,
1597 1476 1816 1538 necesse
1845 1469 1927 1538 est
1971 1461 2128 1538 simul

547 1553 671 1616 esse
698 1531 1029 1616 naturaliter,
1055 1531 1148 1589 sed
1175 1531 1751 1616 iieque‘duplumnlaci‘t
1777 1539 1835 1584 ut
1877 1531 2128 1600 simplum

549 1609 641 1678 sit,
672 1623 846 1678 neque
871 1607 1117 1673 simplum
1140 1601 1302 1659 efﬁcit
1327 1601 1563 1678 duplum.
1591 1601 1703 1657 [Ioc
1728 1601 1845 1678 leco
1874 1615 2128 1678 noscent

547 1671 778 1734 fundere
811 1692 916 1731 non
947 1671 1274 1744 o'portet,ine
1303 1671 1551 1744 quoniam
1577 1687 1696 1744 cum
1720 1671 1810 1744 _de
1838 1671 1905 1726 ad
1931 1671 2129 1744 aliquid

547 1749 704 1803 dictis
735 1742 1084 1801 tractaremns
1104 1787 1119 1811 ,
1148 1743 1201 1799 id
1225 1742 1343 1799 esse
1371 1743 1438 1798 ad
1481 1743 1677 1812 aliquid
1703 1742 1958 1806 diximus,
1984 1743 2128 1812 quod

546 1816 805 1888 penderet
831 1833 897 1872 ex
944 1815 1145 1888 altero,
1183 1814 1458 1888 videamur
1483 1829 1624 1888 nunc
1653 1814 2126 1888 eontransuperius

547 1882 763 1944 deﬁnita
790 1896 1033 1942 tractare.
1061 1884 1247 1940 Omnia
1274 1900 1508 1955 namque
1526 1883 1592 1937 ad
1619 1882 1816 1952 aliquid
1833 1882 1992 1949 dicta,
2022 1883 2128 1955 dici

548 1973 616 2014 ex
644 1957 812 2013 altero
836 1999 850 2023 ,
884 1972 988 2010 non
1016 1969 1136 2012 esse
1161 1971 1224 2010 ex
1268 1953 1436 2009 altero
1462 1953 1844 2024 disputavimus
1875 1970 1887 2005 :
1918 1953 2126 2024 neciul-

548 2029 633 2083 lus
669 2043 820 2083 error
853 2037 954 2093 est,
1001 2027 1043 2081 si
1079 2025 1197 2095 quis
1222 2025 1504 2097 vegborum
1535 2023 1850 2097 nostrorum
1897 2023 2130 2097 pondera

546 2097 851 2167 diligentius
879 2104 1257 2167 perscrutetur.
1287 2095 1498 2167 Tertius
1521 2095 1683 2167 locus
1709 2103 1810 2159 est,
1836 2095 2044 2164 quoties
2063 2110 2131 2149 ex

546 2164 735 2238 eodem
760 2164 954 2238 genere
984 2166 1251 2222 manantia
1281 2164 1439 2220 simul
1484 2164 1728 2238 videntur
1750 2178 1889 2238 esse
1920 2173 2126 2238 natura,

549 2237 643 2308 sed
671 2234 849 2308 specie
873 2237 1246 2308 discernuntur
1278 2253 1290 2288 :
1321 2251 1492 2305 neque
1512 2251 1640 2289 vero
1664 2235 1764 2308 sibi
1778 2234 1846 2308 _in
1870 2249 1958 2308 eo,
1988 2234 2132 2303 quod

545 2303 794 2363 dicuntur
813 2350 828 2372 ,
860 2306 1057 2376 aliquid
1087 2313 1359 2376 prmstant,
1390 2303 1446 2359 ut
1475 2314 1556 2360 est
1585 2303 1826 2376 animal;
1869 2304 2007 2359 idem
2036 2320 2130 2376 ge-

544 2392 648 2432 nus
661 2388 764 2443 est,
781 2377 872 2448 sed
895 2375 1100 2448 species
1124 2375 1557 2448 longedisereta.
1582 2375 1691 2432 Nec
1720 2389 1846 2448 vero
1870 2384 1957 2448 aut
1980 2375 2131 2448 voia-

549 2447 645 2502 tile
671 2444 957 2518 quidquam
977 2446 1206 2518 pedestri
1222 2444 1417 2518 tribuit
1437 2455 1495 2518 ut
1519 2447 1609 2513 sit,
1627 2455 1718 2500 aut
1745 2445 1945 2518 volatili
1968 2444 2131 2518 pede-

547 2515 798 2583 stre,'aut
818 2515 1046 2572 omnino
1068 2516 1208 2571 aliud
1235 2517 1406 2578 alteri,
1450 2515 1502 2570 in
1541 2533 1607 2572 eo
1644 2515 1936 2586 quodest,
1963 2516 2133 2586 ullam

546 2588 898 2643 substantiam
919 2587 1285 2644 subministrat
1301 2603 1316 2651 ;
1335 2586 1648 2655 nullumque
1664 2584 1815 2640 alteri
1834 2584 1974 2639 aliud
1991 2585 2136 2654 prius

547 2667 655 2724 est,
686 2658 780 2714 sed
807 2658 962 2712 simul
985 2657 1161 2711 omnia
1182 2657 1248 2711 ab
1276 2657 1511 2725 animali,
1543 2657 1595 2712 id
1619 2666 1699 2712 est
1718 2656 1785 2712 ab
1813 2671 1920 2710 uno
1939 2669 2135 2726 genere

546 2736 665 2782 orta
689 2737 998 2784 nascuntur.

942 2806 1166 2864 CAPUT
1194 2807 1337 2864 XXI.
1365 2835 1436 2848 -—-
1471 2808 1549 2862 De
1578 2805 1742 2862 Motu.

620 2877 807 2949 omnis
831 2879 1127 2934 immutatio
1151 2895 1272 2948 qua:
1296 2887 1532 2946 μεταϐολὴ
1555 2893 1730 2949 graece
1749 2884 1870 2946 est,
1893 2876 1951 2934 ﬁt
1967 2877 2134 2934 tribus

547 2948 722 3004 modis
752 2967 765 3003 :
795 2959 886 3004 aut
913 2965 979 3004 ex
1006 2963 1112 3004 non
1139 2949 1379 3018 subjecto
1405 2949 1458 3004 in
1485 2948 1786 3018 subjectum
1809 2989 1824 3012 ,
1857 2955 1916 3002 ut
1940 2957 2022 3004 est
2048 2964 2136 3003 or-

547 3028 636 3090 tus
656 3019 753 3090 evel
793 3020 1036 3075 nativitas
1056 3061 1072 3086 ,
1115 3036 1272 3090 quam
1297 3019 1467 3075 ϐπ·ωεί
1496 3028 1666 3086 γένεσιν
1694 3027 1881 3074 vocant
1905 3036 1920 3082 ;
1952 3028 2043 3090 aut
2069 3034 2138 3074 ex

547 3088 787 3158 subjecto
831 3091 882 3146 in
926 3105 1032 3144 non
1077 3088 1404 3158 subjectum,
1439 3099 1496 3143 ut
1530 3098 1611 3144 est
1638 3090 1878 3144 interitus
1907 3089 1989 3143 vel
2014 3103 2135 3144 cor-

549 3159 756 3232 ruptio,
801 3175 956 3230 quam
986 3167 1152 3232 φθορὰν
1177 3159 1348 3216 Grreci
1374 3159 1658 3232 dixerunt;
1688 3169 1777 3214 aut
1805 3173 1871 3214 ex
1897 3158 2138 3232 subjecto

549 3227 603 3300 in
624 3227 930 3300 subjectum
951 3271 968 3296 ,
990 3227 1165 3284 'ut'est
1187 3237 1384 3294 motus,
1409 3231 1497 3300 qui
1523 3244 1696 3300 grzcce
1723 3241 1896 3300 ximat;
1922 3227 2134 3284 dicitur.

525 3298 657 3353 ‘Sed
704 3308 758 3353 et
797 3300 909 3372 ipse
948 3308 1124 3372 motus
1149 3308 1255 3354 tres
1286 3298 1491 3372 species
1519 3298 1708 3372 habet,
1736 3299 1786 3354 id
1814 3308 1926 3362 est,
1959 3301 2136 3372 incre-

550 3368 829 3439 mentum,
852 3369 1286 3439 imminutionem
1303 3368 1336 3433 ,⁷
1368 3368 1833 3424 commutationem
1873 3369 2138 3439 qualitatis

553 3436 668 3491 sive
698 3437 819 3506 loci.
850 3437 972 3491 Ilaec
995 3452 1025 3491 a
1056 3436 1255 3506 Graecis
1273 3445 1487 3503 αὔξησις,
1509 3453 1718 3506 μιιωσις,
1743 3436 2008 3503 ἁλλοίὡσις,
2027 3439 2140 3496 sive

553 3513 673 3575 φορὰ
691 3505 831 3578 dicta
857 3514 996 3578 sunt.
1026 3505 1260 3578 Namque
1285 3505 1751 3564 commutationem
1780 3508 1919 3563 circa
1941 3509 2135 3577 locum,

551 3583 694 3645 φορὰν
733 3575 837 3649 diei
864 3575 1193 3649 voluerunt,
1218 3593 1373 3648 quam
1405 3594 1503 3633 nos
1525 3593 1736 3649 quoque
1765 3575 2141 3646 transgressio-

553 3659 674 3699 nem
717 3646 998 3700 maluimus
1030 3647 1208 3702 dicere
1222 3646 1245 3712 ,⁷
1266 3650 1430 3702 secuti
1459 3646 1723 3705 doctores.
1753 3649 1954 3704 Verum
1994 3649 2140 3707 hunc

550 3713 830 3788 ordinem,
873 3731 1052 3788 quem
1077 3731 1173 3770 nos
1198 3717 1250 3770 in
1280 3719 1526 3788 praesenti
1549 3761 1562 3781 ,
1595 3721 1745 3788 quasi
1773 3719 2137 3788 discrepantes

555 3785 626 3857 ab
669 3800 738 3857 eo
767 3785 938 3857 libro,
968 3785 1067 3857 qui
1087 3785 1469 3855 categoriarum
1495 3785 1716 3849 dicitur,
1745 3785 1979 3857 diligenti
2011 3806 2140 3846 exa-

556 3854 858 3927 minatione
875 3854 1225 3927 digessimus,
1259 3857 1372 3926 ipse
1396 3873 1605 3927 quoque
1634 3854 1948 3913 Aristoteles
1969 3860 2020 3913 in
2043 3877 2139 3914 na-

552 3925 805 3998 t_uraliu_m
849 3925 1000 3980 libris
1023 3925 1306 3998 esposuit';
1339 3927 1391 3982 in
1416 3925 1701 3998 categoriis
1723 3939 1898 3983 autem
1926 3940 2140 3986 secutus

551 3993 778 4050 docendi
820 3993 1228 4070 compendium,
1275 3998 1506 4070 speciem
1531 3993 1648 4070 pro
1677 4014 1912 4070 genere,
1962 4001 2016 4054 id
2058 4010 2142 4056 est

552 4075 758 4135 motum
798 4080 896 4135 pro
925 4067 1293 4121 immutatione
1321 4082 1424 4123 non
1455 4067 1712 4123 dubitavit
1741 4085 2012 4125 assumere
2040 4087 2054 4124 :
2082 4079 2143 4126 ut

553 4133 720 4189 motui
747 4133 950 4190 diceret
979 4138 1127 4205 quasi
1157 4138 1335 4206 generi
1365 4153 1459 4194 sex
1487 4141 1693 4210 species
1722 4154 1840 4196 esse
1855 4141 2138 4210 snbjectas,

558 4212 974 4277 νινεσιν,φθοράν,
1019 4213 1252 4273 αῠξησιν,
1299 4220 1516 4276 ptius“,
1552 4212 1802 4264 ἀλλοίωσιν
1841 4213 2136 4277 ποιότητοςί,

611 4335 630 4369 ⁸
657 4342 832 4388 Vocem
855 4335 1087 4391 Ροὶοιέιοε
1109 4351 1206 4389 non
1226 4337 1325 4390 fert
1345 4339 1640 4391 Aristoteles.
1703 4348 1760 4390 st.

1723 426 2058 483 PRINCIPIA
2098 423 2544 484 RIIETORICES.

3669 433 3800 492 1110

2237 553 2362 601 κατὰ
2403 555 2481 600 τὸν
2507 555 2648 601 τόπον
2673 554 2953 614 μεταϐολήν.
2983 545 3105 602 Hrec
3131 561 3232 602 nos
3260 545 3424 603 latino
3451 561 3692 606 sermone
3711 567 3797 608 or-

2237 625 2349 670 tum
2375 617 2604 690 diximus
2623 659 2638 682 ,
2668 618 2965 690 interitum,
2982 626 3340 686 augmentum,
3370 619 3797 690 imminutionem,

2235 688 2702 743 commutationem
2732 688 3032 756 qualitatis,
3067 689 3538 759 transgressionem
3569 691 3686 747 loci.
3715 688 3797 748 Ila:

2236 773 2330 830 sex
2373 760 2578 830 species
2622 760 2766 812 omni
2810 775 2836 812 a
2885 774 2944 814 se
2990 761 3194 830 ratione
3243 759 3486 814 discreta:
3529 765 3796 819 suntznisi

2237 827 2374 884 forte
2405 827 2672 900 'cuiquam
2727 846 2912 898 parum
2971 829 3124 885 docte
3167 830 3511 900 intelligenti,
3550 833 3796 901 qualitatis

2236 901 2580 955 commutatio
2598 943 2612 966 ,
2647 901 2696 955 id
2718 911 2799 956 est
2819 903 3095 966 cinctum,
3124 902 3282 956 etiam
3307 902 3514 956 cameris
3539 903 3791 960 existenti-

2236 969 2336 1042 bus
2389 970 2505 1027 ﬁeri
2555 971 2823 1036 videatur,
2867 981 2922 1026 ut
2954 986 3076 1026 cum
3106 973 3342 1027 nascitur
3363 971 3584 1042 aliquid,
3613 985 3697 1028 aut
3725 975 3794 1030 in~

2235 1041 2394 1107 terit,
2443 1051 2534 1096 aut
2579 1043 2804 1109 crescit,
2842 1050 2932 1096 aut
2971 1042 3258 1106 minuitur,
3303 1051 3429 1097 tunc
3452 1041 3581 1097 laeta
3607 1044 3792 1102 dicatur

2235 1113 2396 1167 etiam
2438 1114 2798 1168 commutatio.
2850 1111 2956 1168 Sed
2999 1111 3052 1167 id
3090 1112 3280 1166 falsum
3309 1114 3446 1167 ratio
3472 1113 3621 1169 docet
3647 1133 3658 1168 :
3684 1132 3789 1170 nam

2234 1197 2354 1252 quze
2380 1196 2624 1239 crescunt
2648 1194 2737 1237 aut
2762 1184 3096 1248 minuuntur,
3125 1184 3418 1252 quantitate
3441 1183 3787 1253 immutantur,

2236 1267 2341 1326 non
2388 1264 2780 1326 commutantur
2800 1255 3093 1326 qualitate.
3136 1253 3494 1309 Commutatio
3525 1256 3656 1310 enim
3683 1273 3789 1326 pro-

2234 1323 2349 1394 prie
2375 1333 2458 1379 est
2481 1325 2765 1395 qualitatis.
2798 1324 3098 1380 Meminisse
3119 1334 3299 1379 autem
3327 1340 3426 1379 nos
3449 1323 3786 1395 oportetaliud

2235 1409 2356 1468 esse
2403 1395 2822 1468 immutationem
2844 1437 2858 1458 ,
2903 1395 3043 1449 aliud
3064 1397 3548 1468 commutationem.
3574 1397 3787 1468 Namque

2236 1463 2533 1538 immutatio
2577 1481 2744 1538 genus
2785 1475 2913 1538 est,
2944 1466 3288 1538 commutatio
3334 1467 3536 1538 species
3573 1463 3784 1538 subjecta

2237 1536 2439 1608 motui,
2471 1536 2626 1608 quam
2659 1537 3292 1608 immunitionisspeeiem
3313 1537 3559 1608 diximus.
3573 1536 3786 1608 Denique

2237 1614 2296 1659 ut
2340 1605 2530 1662 horum
2580 1607 2671 1678 sit,
2700 1607 2979 1663 manifesta
3017 1605 3290 1674 discretio,
3316 1607 3666 1678 geometricum
3695 1605 3784 1678 po-

2237 1690 2428 1749 namus
2469 1677 2792 1747 exemplum.
2835 1678 2891 1733 Si
2922 1686 3256 1749 tetragonum
3285 1677 3486 1748 majus,
3512 1679 3636 1749 quod
3659 1677 3783 1733 intra

2236 1746 2501 1817 depictum
2531 1759 2612 1804 est
2631 1746 2967 1804 eurrenIibus
2995 1746 3091 1818 per
3120 1748 3357 1804 medium
3375 1746 3602 1804 'lineis'in
3626 1749 3782 1804 brevia

2238 1824 2510 1889 tetragona
2557 1819 2830 1888 partiaris,
2877 1820 3032 1888 eique
3074 1829 3197 1889 post
3224 1835 3390 1874 unum
3417 1819 3784 1889 brevctetrago-

2237 1903 2384 1961 num,
2407 1889 2655 1945 detrahas
2679 1906 2694 1952 ;
2742 1891 2971 1946 minuisti
2999 1897 3332 1961 tetragonum
3360 1889 3526 1961 majus
3548 1909 3559 1944 :
3581 1899 3631 1943 at
3648 1892 3686 1944 si
3704 1889 3784 1945 de-

2240 1960 2391 2032 tracti
2437 1961 2571 2032 loco,
2597 1961 2760 2016 addas
2802 1960 3160 2031 gnomouem,
3211 1961 3302 2030 qui
3343 1960 3608 2032 hemicycli
3632 1962 3783 2032 specie

2236 2030 2478 2102 ponitur,
2528 2031 2643 2101 plus
2687 2030 2961 2101 tetragono
3001 2031 3224 2102 majori,
3269 2046 3429 2101 quam
3472 2030 3780 2095 detraxeras.

2237 2100 2513 2174 reddidisti
2535 2100 2557 2155 ξ
2579 2173 2587 2174 7
2607 2102 2764 2174 idque
2800 2100 3109 2174 quantitatis
3156 2110 3269 2167 est,
3299 2100 3413 2174 non
3437 2102 3713 2174 qualitatis,
3737 2111 3784 2156 et

2239 2169 2590 2226 immntationi
2639 2169 2834 2245 potius'
2861 2189 3020 2245 quam
3073 2169 3474 2245 commutationi
3527 2173 3782 2245 tribuitur,

2238 2255 2410 2311 eoque
2448 2259 2478 2295 a
2517 2257 2575 2296 se
2613 2242 2898 2312 plurimum
2920 2243 3189 2300 dill‘erunt.
3223 2242 3308 2297 Fit
3330 2251 3502 2298 autem
3524 2242 3782 2298 diﬁ'erentia

2239 2325 2419 2366 rerum
2459 2313 2692 2367 omnium
2727 2315 2894 2370 tribus
2922 2314 3094 2371 modis
3124 2332 3138 2367 :
3163 2322 3255 2369 aut
3281 2314 3516 2378 materia,
3555 2322 3638 2367 aut
3671 2329 3785 2382 ope.

2241 2395 2320 2444 re,
2362 2392 2453 2436 aut
2481 2393 2723 2454 utroque.
2754 2384 2969 2439 Materia
2989 2427 3004 2451 ,
3035 2384 3081 2440 si
3110 2385 3217 2438 sint
3244 2385 3424 2438 annuli
3447 2383 3629 2437 similes
3661 2382 3782 2454 duo,

2240 2467 2480 2525 unusque
2517 2455 2586 2508 sit
2632 2470 2854 2518 aureus,
2904 2456 3039 2510 alter
3080 2463 3394 2525 argenteus;
3437 2469 3616 2523 opere,
3653 2453 3694 2525 si
3727 2469 3784 2506 ex

2239 2537 2371 2595 auro
2411 2523 2697 2595 dissimiles
2743 2527 2922 2580 annuli
2965 2523 3328 2590 fabricentur;
3371 2533 3618 2595 utroque,
3644 2524 3681 2578 si
3701 2539 3784 2595 an~

2240 2594 2398 2665 nutus
2425 2594 2491 2648 sit
2518 2610 2712 2651 aureus
2731 2638 2744 2660 ,
2774 2604 2828 2650 et
2851 2597 3000 2651 stilus
3029 2604 3332 2665 argenteus.
3363 2594 3536 2649 Claret
3555 2594 3782 2664 igiturbas

2239 2662 2620 2720 immolationis
2661 2665 2865 2734 species
2885 2709 2899 2730 ,
2954 2682 3054 2722 nec
3094 2662 3317 2722 materia
3347 2665 3476 2730 sibi,
3504 2662 3590 2720 nec
3612 2679 3776 2734 opere,

2241 2749 2341 2790 nec
2365 2745 2591 2806 utroque
2620 2736 2868 2806 conjungi
2902 2755 2914 2790 :
2947 2738 3082 2793 adeo
3106 2745 3283 2792 autem
3313 2735 3561 2806 sejunctas
3584 2743 3712 2806 sunt_,
3732 2743 3783 2806 ut

2240 2819 2426 2860 carum
2467 2804 2735 2860 nonnullai
2758 2804 2916 2862 etiam
2947 2808 3047 2863 sibi
3069 2807 3351 2862 contraria:
3375 2804 3656 2860 videantur.
3676 2804 3784 2870 Quis

2240 2877 2383 2930 enim
2413 2876 2618 2950 dubitet
2644 2887 2810 2943 γενέσει
2838 2887 3023 2950 φθορᾲν,
3057 2875 3109 2950 id
3140 2887 3223 2950 est
3245 2877 3383 2931 ortui
3412 2877 3661 2950 int_eritum
3682 2890 3782 2929 esse

2241 2948 2594 3012 contrarium,
2641 2946 2926 3018 augmento
2967 2947 3436 3003 imminutionem?
3477 2946 3582 3016 Ipsa
3605 2960 3784 3016 quoque

2241 3018 2584 3088 commutatio
2633 3019 2744 3073 sive
2787 3019 3056 3088 qualitatis
3102 3019 3214 3073 sive
3261 3018 3394 3088 loci,
3448 3018 3563 3073 licet
3599 3031 3694 3088 non
3729 3030 3782 3088 ex

2242 3087 2428 3142 eodem
2472 3089 2770 3158 specierum
2806 3085 3073 3155 numero,
3126 3097 3300 3143 tamen
3347 3087 3538 3143 habent
3558 3086 3684 3158 quod
3705 3085 3783 3140 sibi

2241 3159 2566 3213 contrarium
2598 3160 2857 3214 videatur.
2887 3159 3017 3214 Nam
3047 3159 3395 3214 commutatio
3416 3157 3665 3225 qualitatis
3687 3165 3781 3218 est,

2241 3244 2361 3283 cum
2405 3245 2492 3303 ex
2517 3230 2663 3303 albo
2679 3231 2737 3303 ﬁt
2774 3230 2968 3300 aliquid
2996 3229 3200 3303 nigrum
3229 3229 3317 3303 vei
3343 3229 3521 3303 album
3547 3228 3610 3283 de
3629 3227 3781 3297 nigro,

2241 3315 2360 3369 qua:
2397 3299 2495 3354 Sibi
2527 3301 2804 3356 manifeste
2827 3299 3091 3355 centraria
3120 3309 3265 3354 sunt.
3295 3299 3422 3354 Loci
3448 3313 3643 3369 quoque
3662 3310 3783 3352 com-

2243 3369 2494 3440 mutatio,
2518 3386 2676 3439 quam
2707 3370 3182 3440 transgressionem
3213 3370 3474 3434 diximus,
3497 3369 3783 3438 superiorum

2243 3448 2299 3494 et
2344 3439 2650 3495 inferiorum
2696 3439 3123 3496 contrarietatem
3174 3442 3406 3510 patitur,
3451 3449 3505 3495 et
3547 3447 3782 3511 propterea

2245 3525 2362 3566 eam
2385 3527 2595 3581 quoque
2623 3511 2817 3567 habere
2845 3512 3108 3566 contraria
3135 3520 3378 3581 apparet.

2527 3602 2752 3659 CAPUT
2781 3603 2942 3659 XXII.
2970 3634 3041 3645 —
3069 3604 3335 3658 Conclusio
3362 3605 3544 3674 operis.

2318 3685 2440 3762 Haec
2465 3694 2617 3749 sunt,
2668 3687 2740 3762 ﬁli
2785 3685 3129 3762 charissime,
3179 3700 3301 3754 quia
3340 3684 3448 3754 iugi
3475 3685 3640 3762 ιειδρη
3659 3694 3780 3762 335°;

2244 3757 2382 3820 cuti,
2435 3771 2553 3811 eum
2601 3758 2752 3812 nobis
2801 3755 3079 3811 Themistii
3129 3766 3307 3808 nostra
3351 3755 3594 3811 memoria
3619 3755 3780 3822 egregii

2247 3827 2551 3895 philosophi
2599 3827 2960 3890 magisterium
3009 3841 3112 3879 non
3164 3825 3414 3891 deesset,
3455 3825 3521 3880 ad
3549 3825 3778 3878 utilitatem

2245 3906 2388 3968 tuam
2416 3897 2482 3952 de
2507 3913 2683 3968 grmco
2711 3899 2761 3952 in
2791 3898 3012 3968 latinum
3034 3897 3426 3968 convertimus;
3457 3897 3640 3968 sciliect
3656 3901 3707 3968 ut
3726 3905 3777 3944 ex

2245 3967 2312 4041 iis
2336 3963 2560 4041 quoque
2591 3971 2782 4024 bonam
2812 3966 3202 4041 frugem__stndii
3227 3981 3256 4019 a
3290 3966 3444 4041 nobis
3460 3963 3667 4041 proiecti
3681 3975 3778 4018 sus-

2245 4038 2444 4107 cipias,
2475 4037 2533 4092 ἐἰ
2579 4048 2632 4094 ιε
2674 4053 2779 4093 non
2820 4037 3132 4094 dissimilem
3169 4037 3374 4095 nostri.
3403 4039 3612 4091 aliarum
3635 4045 3776 4089 rerum

2245 4123 2364 4178 qua:
2403 4109 2617 4164 lubrica:
2654 4118 2813 4178 atque
2852 4110 3036 4163 inanes
3062 4116 3216 4178 sunt,
3239 4107 3500 4178 cupiditas
3527 4112 3776 4178 retentare-

2246 4175 2334 4232 rit.
2381 4178 2521 4233 Nihil
2562 4175 2790 4261 namque
2816 4180 3092 4232 omisimus
3118 4179 3169 4231 in
3198 4175 3304 4259 hoc
3327 4177 3463 4232 libro
3484 4175 3779 4299 quod

2246 4257 2336 4299 aut
2381 4249 2647 4299 delectare
2695 4265 2796 4299 tam
2837 4248 3058 4299 doctos-
3093 4253 3187 4299 aut
3225 4247 3469 4299 indoctos
3499 4261 3610 4299 man
3644 4251 3778 4299 estlus

2246 4249 2647 4375 autddelectare
2687 4247 2796 4319 jam
2837 4248 3058 4314 doctos,
3093 4253 3187 4302 aut
3225 4247 3469 4304 indoctos
3499 4247 3778 4302 manifestius

2246 4332 2340 4373 eru
2379 4334 2475 4375 ire.

2245 4332 2475 4375 OI'IIGII‘O.

544 4462 3764 4495 ww

993 4599 1956 4716 PRINCIPIO.
2031 4534 2133 4712 ιι

2242 4597 3169 4714 [ETORIGES
3230 4582 3379 4713 (⁸³)-

761 4824 988 4882 CAPUT
1014 4821 1300 4881 PRIMUM.
1331 4851 1404 4863 -
1430 4821 1658 4876 Oratoris
1685 4821 1915 4891 oﬂicium.

625 4903 864 4960 Oratoris
916 4903 1149 4959 ofﬁcium
1194 4912 1314 4968 est,
1362 4902 1628 4974 proposita
1667 4902 1958 4974 qumstione
1998 4900 2138 4974 civili

625 4919 864 4960 UI’aIOI'IS
916 4919 1149 4959 omemm
1194 4919 1276 4958 881
1301 4945 1314 4968 ,
1362 4919 1628 5026 proposua
1667 4919 1958 4971 qumsuone
1998 4919 2138 4955 CIVIII

556 4975 814 5030 duntaxat
833 5015 848 5039 ,
877 4975 1104 5043 primum
1135 4975 1301 5044 ipsam
1328 4975 1452 5028 intel
1480 4975 1620 5044 igere
1640 5015 1657 5044 ,
1685 4973 1950 5044 generalis
1979 4971 2047 5044 sit
2070 4986 2138 5024 an

556 5044 802 5116 specialis
821 5086 834 5107 ,
867 5041 1101 5116 Simplex
1122 5041 1186 5116 an
1213 5041 1586 5116 conjuncta'ex
1609 5042 1870 5116 pluribus,
1899 5041 2138 5116 absoluta

555 5112 622 5171 an
665 5112 1043 5184 comparativa.
1075 5113 1273 5167 Deinde
1297 5129 1416 5168 cum
1444 5112 1797 5184 intellexerit,
1827 5113 2064 5184 invenire
2086 5112 2138 5165 in

555 5201 616 5242 ea
669 5182 1023 5257 congruentes
1069 5183 1332 5257 pariitioni
1379 5185 1551 5257 locos,
1600 5182 2024 5257 etiiistnorales
2046 5196 2138 5235 seu

558 5251 830 5312 naturales
876 5251 1280 5310 accommodare
1317 5254 1626 5309 sententias.
1669 5251 1874 5307 Exinde
1899 5251 2140 5319 judicare

558 5325 627 5381 de
655 5327 910 5388 inventis,
959 5323 1390 5394 repudiarequa:
1428 5339 1616 5393 parum
1642 5322 1922 5394 commode
1950 5337 2138 5394 occur-

555 5397 724 5451 rerint
755 5415 768 5451 :
801 5407 912 5451 tum
943 5397 1007 5450 iis
1023 5392 1152 5466 qua:
1172 5392 1373 5466 judicio
1395 5392 1730 5466 examinarit,
1753 5393 1883 5466 dare
1899 5393 2141 5466 ordinem

557 5478 782 5522 certum.
836 5463 1065 5522 Etenim'
1096 5463 1340 5534 quamvis
1382 5465 1543 5518 multa
1588 5463 1901 5534 pertinentia
1931 5463 2141 5517 inventa

556 5537 700 5618 sint,
750 5545 926 5618 tamen
974 5537 1074 5618 nisi
1117 5532 1220 5618 pro
1247 5535 1509 5618 qualitate
1537 5532 1982 5618 et‘inagniiudine
2009 5547 2138 5618 sue,

557 5608 720 5663 certis
757 5616 813 5663 et
853 5608 1001 5677 quasi
1040 5603 1292 5678 legitimis
1316 5605 1535 5678 sedibus,
1560 5603 1909 5678 collocentur,
1941 5605 2145 5678 au‘t‘ob-

555 5689 715 5737 erunt
732 5722 747 5748 ,
770 5673 986 5735 aut-non
1016 5673 1336 5751 magnopere
1357 5677 1652 5751 proﬁcient.
1675 5674 1910 5730 Subinde
1929 5673 2142 5728 ordina-

624 5812 700 5873 (α)
722 5811 950 5876 Opnsculi
991 5813 1139 5876 hujus
1161 5810 1415 5876 exemplar
1435 5809 1589 5876 ullum
1621 5816 1702 5859 Ms.
1734 5821 1832 5858 non
1849 5807 2142 5876 reperimus:

558 5871 748 5982 nam
756 5871 1171 5994 {igeabula
1203 5871 1325 5924 citra
1343 5873 1688 5923 necessitatem
1714 5874 1936 5930 usurpat,
1980 5871 2146 5920 contra

2246 4821 2373 4875 tioni
2397 4822 2582 4877 rhetor
2598 4821 3001 4892 explicationem
3026 4836 3206 4877 rerum
3231 4821 3566 4878 commodare
3583 4816 3776 4892 debebit.

2244 4893 2372 4958 Quae
2414 4893 2619 4946 duabus
2657 4891 2893 4961 partibus
2917 4902 3159 4957 constat,
3191 4901 3472 4949 structura:
3498 4891 3778 4963 qualitaie‘et

2244 4963 2535 5032 quantitate
2557 4959 2870 5038 ver—borum.
2909 4963 3030 5018 Haec
3066 4964 3250 5038 omnia
3262 4959 3534 5038 ⁸ῐιιψςιι-ἰέ
3560 4959 3774 5038 μευεοζρὶςι

2244 5029 2402 5101 quam
2439 5041 2492 5088 et
2522 5035 2755 5104 plerique
2781 5033 3086 5089 Grzecorum
3105 5072 3121 5098 ,
3146 5042 3206 5104 et
3231 5033 3302 5087 Μ.
3330 5034 3532 5088 Tullius
3557 5033 3604 5087 in
3629 5029 3776 5104 primis

2245 5098 2442 5174 oratori
2473 5098 2700 5159 allirma't
2727 5106 3077 5159 necessariam
3097 5145 3112 5165 .
3144 5103 3275 5168 hoc,
3299 5113 3356 5157 ut
3376 5105 3563 5174 Opinor
3578 5143 3592 5167 ,
3615 5098 3772 5156 modo:

2252 5190 2271 5222 ‹
2303 5173 2469 5228 Venio
2512 5190 2650 5229 nunc
2691 5175 2756 5228 ad
2802 5175 3103 5230 thesaurum
3141 5189 3321 5229 rerum
3352 5173 3583 5229 omnium
3609 5181 3775 5226 memo-

2252 5261 2271 5292 ‹
2309 5245 2438 5298 riam
2465 5259 2479 5308 ;
2530 5261 2647 5314 qua:
2676 5245 2776 5300 nisi
2805 5254 2984 5300 custos
3004 5245 3263 5311 inventis,
3288 5237 3776 5314 ordinatisqueiebtl

2253 5331 2272 5364 ‹
2305 5308 2644 5372 adhibeatur.
2686 5315 3023 5385 intelligimus
3049 5308 3258 5379 omnia,
3289 5316 3498 5370 etiamsi
3526 5308 3774 5385 praelati!-

2254 5402 2284 5462 c_
2309 5385 2438 5462 sima
2460 5386 2566 5440 sint
2584 5426 2600 5452 ,
2628 5387 2680 5441 in
2701 5395 2910 5441 oratore
2928 5386 3184 5462 pen'_tura.
3213 5387 3562 5462 ι-Μεφοιζὶξιω
3581 5391 3774 5462 MT

2247 5454 2395 5508 tiatio
2438 5465 2720 5526 sequetur,
2765 5470 2884 5520 res,
2928 5454 2986 5512 ut
3027 5455 3368 5512 Demostheni
3413 5455 3637 5526 videtur,
3667 5454 3776 5526 ἰρια

2247 5525 2480 5596 oratoria
2502 5519 2675 5582 oﬂicia
2699 5519 2781 5583 vel
2810 5527 2977 5596 prima
3002 5527 3083 5581 vel
3111 5526 3258 5581 sola:
3282 5541 3406 5596 qua:
3429 5523 3656 5582 coth
3668 5519 3776 5574 duo-

2248 5543 2480 5580 orawrta
2502 5543 2675 5582 omcta
2699 5543 2781 5583 vel
2810 5543 2977 5596 prima
3002 5543 3083 5581 vel
3111 5543 3258 5581 sora:
3320 5543 3406 5582 ua:
3429 5543 3656 5582 consum
3668 5543 3775 5574 ιιιιυσ

2248 5595 2348 5650 bus
2365 5637 2380 5668 ,
2424 5605 2568 5652 motu
2605 5598 2843 5668 corporis
2869 5607 2923 5652 et
2950 5613 3084 5652 sono
3106 5543 3430 5652 vocisfilaac
3453 5606 3640 5668 tanien}
3655 5601 3775 5668 ιιι-εἰπε

2249 5658 2430 5738 inatim
2453 5669 2688 5738 tetigisse
2701 5658 2835 5724 satis
2853 5677 2936 5724 est
2948 5708 2964 5733 ,
2984 5685 3106 5738 qua:
3122 5675 3248 5722 sunt
3260 5669 3487 5723 oratoris
3503 5662 3680 5721 omnia.
3694 5658 3775 5714 Βο-

2249 5737 2449 5809 liquum
2479 5737 2567 5794 est
2587 5739 2767 5795 videre
2793 5739 2917 5810 quid
2944 5737 3015 5794 sit
3032 5739 3170 5794 ﬁnis.

2515 5829 2741 5887 CAPUT
2763 5831 2826 5886 II.
2850 5859 2921 5872 -—-
2946 5829 3071 5895 Quis
3093 5831 3156 5886 sit
3179 5830 3298 5899 ﬁnis
3317 5827 3545 5884 oratoris.

2320 5911 2468 5967 Finis
2509 5919 2592 5967 est
2609 5952 2625 5980 ,
2667 5924 2723 5970 ut
2753 5915 2974 5984 opinor,
3005 5913 3057 5969 in
3083 5911 3331 5970 omnibus
3355 5913 3541 5978 rebus,
3564 5903 3626 5963 ad
3644 5908 3771 5973 qm
