3874 6300
109 373 247 434 ΝΜ

111 503 300 568 cuncta
340 493 676 568 referuntur,
719 496 874 568 cujus
905 509 1064 552 causa
1096 497 1227 552 ﬁunt
1253 497 1453 568 reliqua
1483 500 1659 553 omnia
1687 517 1699 554 :

113 584 144 623 a
187 566 387 624 Gut-cis
427 577 558 630 «rue;
585 566 796 624 dicitur;
825 569 975 636 Quod
1001 570 1160 624 etiam
1187 570 1238 622 in
1269 566 1702 637 philosOpltorum

112 655 256 712 pene
291 637 540 712 omnibus
571 639 1010 712 disputationibus
1036 642 1289 712 qna-ritur
1307 681 1322 705 ,
1349 641 1465 712 quis
1491 640 1559 694 sit
1584 639 1705 696 ﬁnis

115 707 255 765 bene
272 707 525 780 vivendi;
549 707 716 764 virtus
735 752 748 770 .
773 727 837 764 an
865 707 1149 779 voluptas?
1179 707 1550 780 Finem'igitur
1577 726 1704 780 pro-

97 782 288 850 prium
330 779 560 834 oratoris
597 781 757 835 officii
800 784 935 836 alius
978 781 1138 834 alium
1167 779 1543 850 probaverunt.
1572 779 1702 848 Qui-

153 797 288 834 rtum
330 797 560 834 oratum
597 797 757 835 ontcu
800 797 935 836 anus
978 797 1138 834 auum
1167 797 1543 850 pronaverant.
1572 797 1702 848 ρω-

101 797 338 917 ,ﬁusdam
383 849 526 903 enim
570 853 740 906 visum
779 862 890 917 est,
932 867 1193 906 summam
1215 852 1441 905 oratoris
1466 853 1625 907 ofﬁcii
1649 853 1704 907 in

98 893 258 993 iactae
279 919 506 993 dicendo
533 936 686 993 esse,
719 894 1033 992 quibu’sdam
1059 923 1109 975 in
1133 931 1275 993 recte
1297 921 1522 976 dicendo
1541 965 1556 986 ,
1587 923 1705 993 qui-

116 991 336 1046 husdam
365 990 418 1044 in
447 990 815 1063 persuadendo
841 993 1152 1048 consistere.
1185 992 1482 1058 Quinetiam
1514 993 1584 1047 illi
1606 990 1704 1063 qui

119 1063 255 1117 bene
275 1069 366 1133 aut
390 1076 514 1116 vere
533 1061 709 1118 dicere
734 1064 892 1117 ﬁnem
917 1065 1145 1117 oratoris
1169 1066 1228 1116 of
1229 1064 1328 1116 licii
1363 1061 1699 1133 putaverunt,

121 1148 247 1204 ιιυιι⁸
268 1132 530 1204 abnunnt_
546 1142 722 1204 tamen
751 1133 940 1188 horum
973 1135 1204 1204 ipsorum
1229 1132 1384 1188 ﬁnem
1407 1149 1526 1189 esse
1545 1176 1560 1199 ,
1584 1132 1704 1204 per-

120 1201 341 1258 suadere
366 1219 380 1256 :
403 1212 462 1256 ut
489 1201 559 1257 sit
583 1202 706 1258 ﬁnis
729 1205 954 1258 oratoris
983 1201 1164 1271 Ofﬁcii,
1199 1205 1330 1258 bene
1353 1204 1564 1270 dicere;
1586 1201 1705 1262 linis

120 1274 256 1328 bene
296 1271 540 1344 dicendi,
580 1274 918 1343 persuadere.
964 1275 1104 1344 Ergo
1128 1276 1276 1344 quasi
1305 1290 1565 1330 consensu
1591 1291 1709 1331 om-

119 1341 441 1416 nium‘ﬁuis
463 1352 548 1398 est
583 1341 810 1416 oratoris
850 1341 1412 1415 oﬁiciifpersnadere.
1444 1346 1556 1400 Hoc
1578 1348 1706 1416 quia

119 1413 175 1467 in
218 1413 534 1468 calumniam
566 1415 854 1486 _videbatur
900 1413 1348 1479 posse'recedere
1393 1416 1523 1486 (non
1561 1413 1705 1472 enim

119 1498 326 1555 semper
355 1484 640 1557 persuadet
661 1496 873 1551 orator;
900 1501 1000 1541 nec
1023 1485 1067 1540 si
1083 1486 1365 1557 aliquando
1388 1484 1707 1556 persuadere

121 1554 446 1628 not_t_'pnssit,
495 1554 797 1611 facultatem
844 1563 898 1611 et
946 1572 1137 1611 nomen
1172 1554 1412 1628 oratoris
1455 1558 1701 1628 amittit),

120 1625 320 1679 addidit
351 1625 734 1698 Hermagoras,
764 1642 870 1698 quo
899 1628 1216 1682 calumniam
1239 1627 1515 1696 effugeret.
1545 1625 1706 1682 ﬁnem

121 1710 239 1750 esse
284 1695 507 1750 oratoris
550 1695 741 1760 Ofﬁcii,
785 1695 1136 1767 persuadere,
1179 1695 1441 1767 quatenus
1471 1699 1706 1753 conditio

121 1782 300 1820 rerum
328 1781 779 1838 personarumque
805 1768 1020 1838 patitur.
1051 1768 1166 1821 Alia
1191 1768 1416 1822 subinde
1435 1783 1500 1823 ex
1517 1770 1705 1824 eodem

122 1838 282 1891 verbo
308 1837 661 1907 persuadendi
691 1837 954 1893 calumnia
981 1838 1214 1892 nascitur
1232 1880 1245 1903 ,
1277 1839 1492 1894 inventa
1519 1855 1648 1894 sane
1673 1855 1706 1894 a

121 1907 368 1979 Platone,
419 1917 639 1979 tractata
688 1911 909 1964 multum
957 1909 1009 1964 in
1054 1907 1278 1978 Gorgia;
1332 1909 1426 1964 sed
1479 1919 1601 1979 post
1644 1925 1708 1965 ae

121 1978 686 2050 multouimpudentius
726 1995 754 2034 a
776 1979 1090 2050 quibusdam
1114 1979 1374 2050 teclmicis
1398 1978 1704 2035 obtrectan-

124 2049 257 2122 tibus
287 2048 627 2122 llermagorze
663 2048 998 2121 frequentata
1034 2051 1087 2122 ιχ
1108 2049 1314 2122 Negant
1356 2051 1553 2122 quippe
1579 2066 1703 2122 pro:

121 2121 290 2186 prium
337 2135 457 2176 esse
499 2119 666 2176 ﬁnem
723 2119 950 2177 oratoris
1005 2121 1164 2175 ofﬁcii
1220 2119 1707 2191 persuadere,'sed

122 2205 449 2261 communem
501 2206 638 2261 pene
666 2207 785 2247 eum
827 2192 1131 2247 universis:
1181 2207 1300 2246 nam
1336 2201 1390 2246 et
1414 2193 1709 2247 mathema-

124 2260 251 2316 ticos
295 2261 360 2333 de
389 2260 653 2332 iis,’qn:e
699 2264 751 2318 in
792 2265 1030 2319 notitiam
1079 2263 1314 2333 ipsorum
1363 2263 1704 2330 ceciderunt,

123 2332 475 2403 persuadere;
525 2344 580 2388 et
617 2335 853 2389 medicos
881 2335 946 2389 de
974 2334 1038 2387 iis
1056 2347 1077 2395 ,κ
1101 2332 1221 2403 quae
1253 2333 1306 2386 in
1328 2346 1442 2388 arte
1470 2335 1706 2403 ipsorum

124 2402 485 2475 contineantur
502 2444 518 2470 ,
548 2405 907 2473 persuadere;
939 2402 1156 2475 opiﬁces
1184 2405 1346 2459 etiam
1374 2413 1428 2458 et
1454 2402 1703 2475 taberna-

122 2473 256 2546 rios,
281 2472 490 2538 fabros,
521 2472 577 2529 et
604 2475 649 2546 si
677 2477 768 2546 qui
794 2472 1095 2546 hujusmodi
1124 2485 1286 2540 sunt,
1319 2489 1475 2546 posse
1503 2474 1569 2530 de
1599 2491 1665 2530 eo
1686 2516 1700 2541 ,

121 2544 260 2616 quod
307 2553 498 2616 agant,
555 2544 722 2601 cuivis
769 2544 1111 2616 probabiliter
1158 2545 1508 2616 persuadere,
1553 2546 1706 2616 quasi

121 2615 320 2687 ratione
362 2615 567 2687 faciant
605 2634 619 2670 :
667 2615 793 2687 ergo
824 2633 928 2671 non
955 2631 1074 2671 esse
1099 2615 1360 2684 integrum
1389 2615 1584 2682 ﬁnem,
1613 2616 1704 2686 qui

122 2684 283 2739 solam
306 2684 749 2758 communitatem
762 2687 972 2750 habeat,
1003 2696 1181 2742 careat
1203 2688 1526 2758 proprietate
1544 2705 1562 2758 _:
1587 2684 1706 2758 esse

122 2766 291 2810 actum
315 2755 671 2828 persuadendi
697 2773 1032 2812 communem
1057 2772 1177 2811 cum
1206 2755 1405 2824 multis,
1435 2766 1489 2812 et
1509 2756 1706 2828 idcirco

122 2841 228 2898 non
269 2827 386 2883 esse
430 2828 751 2898 persuadere
779 2829 1050 2898 proprium
1085 2828 1244 2882 ﬁnem
1273 2829 1497 2882 oratoris
1523 2827 1704 2883 ofﬁcii.

123 2895 256 2951 lluic
267 2895 475 2967 quoque
499 2895 1146 2967 calumnize'Hei-magoras
1175 2899 1550 2968 percommode
1564 2899 1707 2953 obsi-

123 2968 236 3022 siit.
257 2968 391 3023 Dicit
406 2968 548 3023 enim
567 2985 685 3024 esse
703 2970 928 3024 oratoris
945 2969 1200 3031 ulﬁcium,
1222 2971 1561 3039 persuadere,
1578 2985 1707 3039 qua-

122 3046 277 3109 tenus
301 3053 478 3092 rerum
508 3049 562 3094 et
583 3054 929 3109 personarum
951 3039 1187 3094 conditio
1212 3042 1427 3109 patitur,
1451 3039 1706 3094 duntaxat

118 3107 166 3160 in
201 3109 436 3164 civilibus
457 3107 864 3178 qumstiunibtts:
901 3127 1022 3164 nam
1046 3107 1370 3164 medicorum
1398 3120 1452 3164 et
1471 3110 1706 3178 philoso-

117 3179 342 3300 tlnorum
379 3190 433 3234 et
465 3189 674 3235 caetera!
699 3181 1002 3251 huiusmodi
1028 3182 1349 3250 quaestiones
1368 3191 1515 3235 extra
1547 3196 1706 3250 regu-

137 3267 144 3276 ‘
168 3264 231 3300 τι]
251 3249 476 3300 civilem.
492 3261 919 3300 uuam-mimum
936 3250 1105 3300 Graeci
1132 3261 1341 3300 vocant-
1359 3252 1702 3300 collocantur.

137 3264 236 3320 ara
251 3249 476 3320 civilem,
492 3265 662 3320 quam.
674 3249 919 3313 πολιτικὴν
936 3249 1105 3306 ϐιώρὶ
1132 3261 1342 3318 vocant,
1359 3249 1702 3306 collocantur.

117 3318 342 3376 CAPUT
368 3319 456 3375 Ill.
483 3318 556 3360 ;—
582 3320 663 3375 De
703 3323 927 3375 civilibus
952 3322 1306 3392 quazsliouibus
1323 3363 1338 3388 ,
1361 3331 1406 3374 et
1422 3320 1705 3388 (ii/ferentia

524 3394 830 3463 generalium
859 3403 903 3446 et
932 3393 1244 3462 spec-iulium.

200 3460 324 3516 Sunt
349 3460 540 3517 autem'
554 3463 739 3516 civiles
766 3460 1088 3532 qumstibnes
1108 3505 1123 3528 ,
1151 3478 1374 3532 quarum
1405 3464 1705 3532 perspectio

111 3531 170 3585 in
232 3546 562 3588 communem
603 3531 977 3588 animi’conce
1018 3531 1212 3587 tionem
1261 3541 1436 3602 potest
1479 3531 1699 3599 cadere,

111 3616 279 3656 uuam
303 3601 471 3656 Crteci
510 3611 683 3656 εννοιαν
724 3611 932 3656 vocant.
971 3550 1167 3656 eorum
1196 3613 1251 3656 ut
1278 3602 1480 3656 facilius
1506 3604 1699 3656 intelli-

109 3616 279 3672 quam
303 3601 471 3658 Grieci
510 3611 683 3657 εννοιαν
724 3611 932 3658 vocant.
971 3601 1167 3658 Verum
1196 3601 1480 3657 ut’facilius
1506 3604 1703 3658 intelli-

109 3686 252 3742 gas,
294 3689 410 3743 qua:
450 3675 522 3728 sit
543 3673 655 3728 haec
693 3675 804 3743 ipsa
843 3673 1076 3728 conditio
1104 3689 1260 3744 quam
1288 3673 1703 3729 demonstratam

109 3757 244 3797 esse
269 3744 508 3799 volumus
526 3785 540 3809 ,
571 3746 746 3798 omnia
775 3743 1449 3814 qumcumque’hujusmodi
1473 3753 1622 3806 sunt,
1648 3753 1705 3799 ut

108 3829 203 3886 ea
227 3815 428 3869 nescire
470 3814 687 3884 pudoris
725 3815 823 3880 sit,
855 3824 909 3870 et
935 3831 1055 3886 qua:
1083 3815 1165 3870 vel
1195 3816 1532 3886 ignorantes,
1554 3816 1704 3885 quasi

106 3882 348 3956 sciamus
393 3882 566 3940 tamen
607 3902 724 3940 cum
756 3882 1092 3942 simulatione
1119 3882 1237 3956 prie
1268 3886 1422 3941 nobis
1449 3882 1700 3952 ferimus,

104 3954 558 4025 quotiescumque
602 3957 651 4009 in
696 3955 1075 4012 dubitationem
1121 3954 1416 4020 vocantur,
1468 3957 1706 4011 efﬁciunt

102 4026 156 4077 ci
184 4024 327 4096 vilem
374 4024 747 4096 qutestionetn.
773 4026 923 4094 Quod
949 4027 1068 4082 dico
1099 4027 1399 4095 huiusmodi
1424 4036 1502 4081 est
1522 4066 1538 4093 ,
1565 4027 1609 4081 si
1639 4028 1704 4082 de

103 4094 356 4162 pondere
392 4094 621 4166 alicujus
665 4097 742 4150 rei
783 4109 1081 4166 quaeratur,
1104 4099 1148 4151 si
1171 4094 1280 4150 non
1307 4097 1536 4166 videaris
1565 4098 1703 4152 scire

101 4176 249 4232 qmot
288 4165 543 4221 librarum
573 4168 674 4232 sit,
700 4165 911 4221 nonest
931 4168 1349 4222 erubescendum
1375 4183 1390 4230 ;
1414 4167 1457 4220 si
1488 4165 1555 4219 de
1582 4166 1701 4221 lon-

97 4235 354 4307 gitudine
406 4252 510 4291 non
557 4237 750 4291 videris
793 4238 930 4291 scire
967 4245 1096 4307 quot
1136 4238 1325 4306 pedum
1357 4237 1452 4302 sit,
1487 4251 1590 4290 non
1622 4246 1705 4292 est

94 4319 121 4358 e
143 4306 573 4373 *rubescendum;
616 4308 660 4362 si
700 4307 768 4362 de
801 4306 1005 4362 caeteris
1047 4308 1348 4376 hujusmodi
1386 4308 1544 4362 rebus
1572 4322 1704 4377 quas

103 4391 132 4444 ν
161 4378 363 4447 crs-equi
391 4379 602 4448 longum
630 4387 713 4433 est
741 4395 753 4430 :
786 4388 838 4432 et
867 4378 986 4448 ideo
1011 4380 1443 4448 quotiescumque
1472 4379 1523 4432 in
1554 4377 1705 4432 dubi-

108 4448 398 4519 truiognem_
419 4447 663 4503 venerint
681 4490 694 4512 ,
746 4448 865 4502 licet
898 4447 1092 4502 faciant
1120 4447 1467 4519 quwstionem
1487 4489 1500 4509 ,
1530 4457 1704 4502 tamen

115 4517 326 4570 cixilem
378 4517 553 4574 facere
593 4534 699 4574 non
745 4527 982 4588 possunt.
1025 4522 1093 4573 At
1131 4517 1215 4574 ubi
1255 4519 1539 4588 qnteritur,
1567 4519 1705 4574 sitne

115 4588 318 4656 aliquid
366 4590 567 4657 justum
614 4605 681 4643 an
724 4590 1007 4657 injuslum,
1058 4591 1336 4645 honestum
1372 4607 1439 4645 an
1480 4589 1704 4644 inhone-

116 4659 605 4724 stnm,laudandnm
623 4675 688 4714 an
709 4661 1447 4730 reprehendendum,prtcmio
1467 4660 1706 4714 afficien-

115 4731 260 4802 tlutn
291 4746 354 4783 an
399 4730 691 4801 supplicio,
736 4732 864 4785 utile
901 4747 970 4785 an
1015 4733 1224 4797 inutile,
1253 4741 1306 4785 et
1334 4732 1376 4786 si
1401 4746 1502 4802 qua
1525 4732 1706 4800 hujus-

117 4801 263 4853 tnodi
306 4810 464 4865 sunt;
513 4817 669 4855 nemo
708 4817 813 4855 non
851 4805 1010 4857 etiam
1045 4813 1193 4856 extra
1218 4801 1433 4857 omnem
1457 4812 1625 4856 artem
1653 4811 1708 4858 et

115 4872 395 4924 scientiam
422 4873 711 4927 collocatus
731 4873 1043 4934 erubescat,
1073 4875 1116 4927 si
1150 4878 1262 4928 haec
1292 4873 1496 4928 nescire
1522 4873 1705 4927 videa-

116 4949 230 4995 tur.
281 4941 402 4996 Inde
447 4953 529 4998 est
574 4943 715 5013 quod
758 4959 944 4999 omnes
986 4959 1294 5011 persuasum
1331 4943 1587 5008 habeant,
1615 4953 1707 4999 aut

116 5020 266 5064 certe
307 5013 424 5066 aliis
460 5014 787 5084 persuadere
823 5030 928 5070 non
958 5013 1228 5079 dubitent,
1267 5029 1422 5083 posse
1445 5030 1504 5069 se
1524 5016 1705 5069 conci-

119 5097 249 5149 pere
269 5086 447 5137 animo
470 5086 756 5140 discrimen
779 5085 905 5154 justi
935 5093 989 5140 et
1009 5086 1186 5154 injusti
1207 5127 1221 5149 ,
1249 5085 1456 5138 honesti
1478 5095 1531 5140 ct
1553 5086 1706 5138 inho-

118 5154 288 5216 ttcsli,
332 5163 754 5225 carteroruuique
792 5171 908 5224 qua:
942 5171 1097 5223 supra
1128 5155 1394 5219 diximus;
1426 5165 1480 5209 et
1511 5156 1707 5212 ideirco

117 5239 236 5293 qua:
265 5225 618 5280 dubitationes
643 5224 694 5278 in
719 5225 1019 5294 Itnjusmodi
1042 5228 1201 5281 rebus
1224 5227 1466 5280 oriuntur
1485 5269 1500 5292 ,
1523 5228 1706 5282 civiles

118 5303 375 5367 vocantur
417 5297 772 5366 qumstianes,
813 5298 963 5365 quasi
995 5312 1097 5351 non
1131 5298 1355 5367 propria:
1387 5311 1668 5364 paucorum
1688 5340 1703 5364 ,

120 5365 211 5418 sed
254 5365 566 5421 communes
603 5368 994 5421 universorum.
1025 5365 1153 5434 Quae
1182 5365 1300 5422 cum
1334 5368 1402 5420 ita
1427 5368 1533 5421 sint
1552 5410 1565 5432 ,
1591 5385 1705 5423 mc-

121 5435 329 5508 ritoque
366 5439 632 5491 con'nnnni
667 5439 1015 5506 conceptione
1034 5439 1194 5491 animi
1219 5439 1440 5506 perspici
1471 5439 1702 5508 possint,

119 5506 444 5578 quaestiones
487 5523 606 5577 qua:
653 5513 735 5561 διὰ
773 5524 856 5569 τῆς
896 5513 1068 5568 ἐννοίας
1095 5509 1420 5577 deprehendi
1449 5506 1702 5578 possunt,

119 5577 305 5651 civiles
333 5588 664 5651 vocanturet
687 5589 810 5633 sunt
831 5619 846 5644 ,
874 5579 923 5632 in
953 5580 1146 5649 quibus
1173 5581 1370 5651 versari
1398 5577 1706 5651 etperstare

119 5645 335 5720 debebit
363 5659 562 5704 orator.
593 5650 706 5703 Duo
733 5660 856 5703 sunt
886 5645 1035 5718 ιιινιῐιιί
1067 5660 1120 5704 et
1144 5650 1295 5720 quasi
1323 5645 1601 5720 generales
1627 5651 1703 5704 ci-

122 5718 302 5773 vilium
349 5720 489 5774 mudi
531 5721 912 5790 quaestionum,
953 5718 1177 5791 quorum
1208 5718 1346 5776 alter
1377 5730 1524 5785 θέσις,
1570 5721 1706 5776 alter

169 5811 186 5844 ⁸
217 5808 407 5882 addunt
429 5810 729 5882 Benedictini
753 5813 975 5872 verbum,
1000 5819 1127 5878 sunt,
1150 5815 1277 5879 quod
1300 5812 1467 5863 nullibi
1505 5811 1555 5862 in
1588 5811 1700 5862 md.

113 5879 404 5939 aquaaams
471 5880 525 5924 ιι

1576 377 1934 437 APPENDIX.

3251 392 3402 471 nisi

1818 505 2026 584 ὑπόθεσίς
2063 509 2285 556 vocatur
2307 515 2336 556 a
2363 501 2582 559 Graecis.
2612 499 2717 558 Nos
2743 505 2901 584 priori
2923 522 3114 584 nomen
3136 512 3240 567 nisi
3262 530 3402 584 gne-

1813 570 2087 655 cum‘dar'e
2113 589 2219 626 non
2248 587 2559 655 possumus,
2587 592 2666 655 ne
2677 570 2953 655 posteriori
2975 581 3216 652 quidem,
3241 570 3401 655 qvuam

1814 639 1956 722 quod
1984 639 2492 722 videamur‘dcdisse
2523 639 2808 703 {dedimus
2831 639 3064 722 quippe;
3088 639 3402 712 contrave;

1812 711 1945 794 siam
1973 710 2194 794 dicimus
2205 711 2304 794 (a),
2327 715 2467 794 quod
2483 730 2674 794 nomen
2700 727 2804 774 tant
2828 710 2878 774 in
2901 710 2984 784 τζὴῦ
3009 710 3149 788 θέσιν,
3165 710 3400 794 quamin

1812 793 1899 865 τὴν
1925 788 2134 865 Laecam
2173 792 2346 865 potest
2368 788 2561 865 cadere
2594 792 2692 865 :_in
2723 800 2948 861 utroque
2975 794 3116 847 enim
3140 788 3397 865 qiuestio,

1813 850 1917 937 hoc
1961 862 2056 937 est‘
2085 850 2443 937 controversia
2481 868 2582 937 est.
2627 861 2791 916 Porro
2928 850 3176 937 ὑποθέσᾳωξ
3203 850 3408 937 εἰειιίιίί

1813 923 2062 1003 conduct
2090 921 2386 1003 declaratur
2408 945 2471 983 ex
2500 931 2616 999 ipso
2642 921 2936 1003 composito
2967 921 3183 990 nomine
3203 978 3218 1000 ,
3242 921 3294 991 ἕι
3315 921 3402 994 est

1813 991 2008 1074 aliquid
2053 994 2192 1075 quod
2231 1005 2324 1077 est
2355 1003 2440 1077 sua
2471 991 2556 1062 re};
2585 1010 2735 1069 sim,
2767 991 2819 1056 id
2847 1013 2928 1077 est
2953 1004 3052 1077 sub
3083 1006 3181 1077 illo
3199 991 3401 1077 genere

1813 1066 1964 1143 quasi
1987 1066 2228 1143 species.
2265 1066 2452 1143 Tlie‘sis
2475 1080 2568 1143 est
2582 1088 2668 1127 res
2691 1066 2808 1143 qua:
2831 1073 3060 1129 admittit
3090 1066 3401 1134 rationalem

1814 1133 2314 1218 considerationem,
2344 1139 2457 1218 sine
2475 1133 2781 1218 definitione
2799 1153 3060 1218 persona.
3081 1145 3404 1217 Hypothesis

1812 1212 1894 1258 est
1936 1219 2029 1259 seu
2069 1212 2461 1288 controversia,
2502 1212 2884 1288 ut_improprio
2913 1212 3399 1288 nomine'utamur,

1813 1288 1902 1329 res
1943 1290 2062 1345 qua:
2091 1276 2335 1332 admittat
2364 1276 3091 1341 rationalem'contentionem
3119 1303 3240 1342 cum
3269 1276 3402 1344 deli1

1814 1345 2020 1399 nitione
2067 1360 2330 1416 personae.
2375 1347 2561 1405 Melius
2604 1362 2780 1409 autem
2835 1355 3246 1412 declarabuntur
3302 1361 3403 1416 sub

1812 1417 2060 1500 exemplo
2095 1417 2306 1500 :‘tliesis
2329 1428 2411 1500 est
2434 1423 2656 1500 quaestio
2687 1423 2984 1500 huiusmodi
3007 1468 3022 1493 ,
3052 1442 3120 1482 an
3144 1429 3399 1500 navigan-

1813 1484 1938 1563 dum
1955 1484 1986 1550 ,ί
1999 1501 2064 1563 an
2087 1484 2568 1563 pltilosopliandnm
2592 1509 2607 1557 ;
2633 1484 2939 1563 hypothesis
2964 1484 3045 1550 est
3065 1484 3403 1563 qumstidhu-

1808 1555 2041 1633 jns_m_o_di
2065 1555 2178 1633 {an
2201 1555 2601 1633 decernendum
2619 1555 2779 1618 duelli
2805 1566 3058 1633 praelium.
3082 1555 3189 1626 Nec
3209 1570 3402 1627 desunt

1853 1627 1900 1680 ui
1949 1626 2072 1708 hinc
2099 1627 2258 1709 etiam
2291 1629 2668 1709 Hermagoram
2695 1626 3072 1709 criminentur;
3103 1651 3156 1709 et
3179 1626 3400 1709 Apolloé

1850 1711 1974 1782 orns
2007 1697 2064 1778 in
2100 1699 2319 1767 primis,
2342 1697 2638 1782 Aquinegat
2678 1704 2964 1782 quidquam
2989 1697 3138 1782 aliud
3155 1697 3272 1766 esse
3304 1712 3400 1782 hy-

1813 1766 2056 1839 potbesin
2077 1766 2116 1835 ,ί
2149 1785 2307 1839 quam
2339 1766 2510 1826 tlfesin
2531 1766 2636 1837 [et
2670 1766 2866 1830 nullius
2890 1779 3141 1832 momenti
3162 1794 3279 1834 esse
3295 1766 3404 1837 diis-

1812 1837 2013 1921 crimen
2057 1837 2406 1921 personarum
2425 1883 2439 1906 ,
2473 1857 2781 1921 quanquam
2807 1855 3086 1921 utrumque
3117 1849 3216 1904 hoc
3236 1867 3404 1921 genus

1813 1909 2126 1982 quaestionis
2169 1909 2523 1982 Hermagoras
2567 1909 2874 1972 distinxisse
2920 1909 3162 1974 videatur
3223 1909 3265 1973 εν
3298 1937 3404 1977 ηοη

1811 1979 1988 2033 minus
2027 1979 2458 2061 enim_inlinitam
2489 1991 2544 2038 et
2561 1983 2963 2061 interminatam
2994 2003 3112 2044 esse
3138 1989 3404 2061 bypothe-

1812 2062 1934 2130 seos
1971 2065 2128 2118 quam
2151 2050 2362 2130 theseos
2386 2055 2755 2130 quaestionem.
2779 2056 2910 2130 Nam
2941 2073 3062 2113 cum
3090 2050 3361 2129 quzizratur
3380 2105 3397 2130 ,

1813 2119 1882 2172 sit
1929 2135 2097 2175 necne
2142 2119 2670 2202 animadvertendum
2719 2128 2772 2202 in
2811 2127 3054 2202 Orestem
3075 2119 3245 2202 ,jnon
3286 2119 3406 2202 per;

1813 2204 1998 2268 sonam
2024 2205 2144 2246 esse
2164 2233 2177 2255 ,
2211 2209 2329 2261 qua:
2361 2191 2516 2268 faciat
2545 2197 2894 2264 quzestionem
2914 2239 2930 2265 ,
2961 2197 3055 2252 sed
3077 2191 3320 2268 'factum';
3349 2214 3403 2259 et

1812 2259 1944 2334 nihil
1980 2259 2240 2334 interesse
2267 2279 2333 2316 an
2362 2264 2434 2334 ita
2458 2259 2745 2334 quaEratur,
2778 2268 2846 2321 sit
2872 2259 3038 2322 necne
3064 2259 3400 2329 animadver-

1815 2330 2029 2414 tendum
2057 2333 2109 2386 in
2135 2330 2500 2414 matricidam}
2528 2336 2668 2404 quod
2687 2337 2823 2414 si‘itn
2844 2347 2934 2414 est
2952 2380 2966 2404 ,
2991 2338 3120 2394 nihil
3139 2341 3276 2414 inter
3297 2343 3401 2414 by.

1813 2400 2093 2482 potitesin,
2135 2402 2414 2482 thesinque
2447 2400 2684 2460 distaret.
2726 2406 2807 2461 Ad
2843 2400 2963 2462 hcce
2996 2412 3200 2482 nostri,
3230 2400 3404 2482 primo

1813 2473 2048 2547 omnium
2090 2474 2397 2547 qnalitatem
2424 2489 2779 2547 personarum
2819 2473 3202 2547 qumstionibus
3230 2473 3404 2540 ’ὡσε-

1812 2543 2036 2596 rentiam
2072 2542 2296 2619 afferre,
2337 2542 2571 2619 ipsisque
2604 2547 2762 2602 etiam
2795 2542 3208 2619 hj'pothesibus,
3239 2553 3291 2608 id
3318 2563 3402 2610 est

1811 2613 2188 2689 controversiis
2211 2613 2616 2689 saepeevenire,
2635 2627 2692 2670 ut
2721 2613 2899 2687 punita
2925 2629 2978 2674 et
3005 2613 3278 2689 impunita,
3299 2623 3403 2680 lio-

1812 2693 1998 2738 norata
2022 2692 2076 2738 et
2098 2684 2436 2752 inhonorata,
2465 2687 2704 2762 quaedam
2722 2684 3402 2762 relinquendafvideantur,

1812 2769 1916 2807 non
1960 2764 2064 2834 tam
2091 2770 2176 2834 ex.
2203 2771 2380 2834 ternm
2427 2757 2725 2834 qualitate,
2761 2757 2936 2834 quam
2977 2761 3229 2831 qualitate
3277 2757 3402 2834 per;

1812 2839 1977 2904 sonte.
2011 2824 2395 2904 Deindeetiam
2427 2824 2517 2904 illo
2538 2824 2874 2904 distarehicc
2903 2824 3009 2904 duo
3032 2848 3224 2904 genera
3254 2824 3404 2904 quze-

1811 2896 2062 2974 stionum,
2090 2897 2230 2974 quod
2259 2898 2310 2974 in
2330 2897 2464 2952 thesi
2486 2899 2784 2974 perspectio
2803 2900 2873 2954 sit
2892 2896 3112 2974 alicuj'us
3135 2905 3209 2958 rei
3227 2896 3400 2974 qualis

1811 2965 1909 3031 sit,
1943 2966 1992 3019 in
2020 2965 2304 3038 hypotliesi
2323 2965 2628 3033 contentio;
2657 2980 2710 3024 et
2739 2981 2993 3040 quantum
3017 2965 3402 3031 i'nterest'inter

1811 3041 2235 3105 perspectionem
2281 3047 2336 3092 et
2373 3040 2799 3106 contentionem,
2840 3050 3038 3096 tantum
3066 3043 3203 3099 inter
3226 3044 3403 3102 thesin

1812 3115 1866 3160 et
1886 3106 2207 3186 .ltypothesin
2231 3123 2350 3163 esse
2372 3109 2714 3186 discriminis.
2735 3110 2937 3186 Deinde
2959 3113 3013 3186 in
3038 3113 3175 3169 thesi
3191 3118 3362 3186 quarri
3381 3156 3400 3186 ,

1810 3176 1934 3246 quid
1948 3193 2140 3256 mones
2160 3188 2403 3246 oporteat
2418 3180 2628 3256 facere;
2660 3182 2711 3235 in
2735 3180 3047 3256 bypothesi,
3079 3176 3402 3256 quid'unutn

1809 3248 2136 3320 autalterunt
2183 3249 2468 3320 autpaulo
2505 3251 2716 3320 plures,
2755 3248 2899 3307 certe
2925 3248 3200 3309 deﬁnitum
3229 3256 3404 3312 homi-

1810 3333 1934 3398 num
1985 3318 2235 3398 ιιιοιιιιιῐι.⁸
2267 3319 2332 3398 Et
2372 3318 2531 3375 etiam
2568 3321 2656 3375 illa
2686 3321 3404 3398 differentiaaceidit,quod

1810 3387 1865 3466 in
1896 3389 2055 3466 thesi,
2087 3389 2238 3466 quasi
2266 3389 3031 3466 ignorantesquaerimusqnid
3055 3396 3124 3450 sit
3144 3387 3402 3466 optimum

1809 3459 1986 3522 factu;
2015 3461 2068 3512 in
2098 3460 2408 3530 bypothesi,
2438 3462 2589 3530 quasi
2617 3459 2850 3518 Scientes
2874 3459 3235 3522 defendimus.
3267 3467 3404 3522 Tum

1808 3531 1949 3605 quod
1987 3531 2165 3605 omnis
2207 3532 2372 3584 thesis
2419 3531 2698 3605 defutura
2737 3543 2852 3598 est;
2898 3533 3206 3605 hypotbesis
3244 3553 3401 3602 raro,

1809 3600 1934 3681 quin
1985 3601 2091 3681 imo
2136 3615 2407 3681 nnnqnam
2453 3601 2554 3681 nisi
2598 3601 2664 3656 de
2706 3600 3013 3681 praaterit'o',
3050 3615 3142 3661 aut
3168 3623 3233 3662 eo
3261 3600 3405 3678 quod

1805 3670 1918 3748 jam
1944 3678 2150 3740 agatur,
2176 3669 2680 3748 facitqntestionem
2707 3669 2736 3748 ΞΔ
2754 3688 2911 3748 nemo
2931 3677 3071 3748 enim
3091 3693 3261 3748 neque
3278 3669 3405 3734 reus

1810 3742 1921 3795 ﬁeri
1967 3750 2172 3818 potest,
2221 3743 2337 3818 nisi
2362 3741 2546 3818 fecerit
2582 3752 2674 3818 aut
2713 3741 2904 3818 fecisse
2951 3741 3192 3812 dicatur;
3231 3762 3406 3818 neque

1811 3812 2098 3884 praemium
2135 3821 2226 3866 aut
2271 3813 2470 3883 aliquid
2518 3813 2819 3882 ltujusmodi
2874 3825 3088 3882 petere,
3145 3819 3244 3871 nisi
3287 3812 3402 3884 jam

1805 3883 2032 3944 meritus
2059 3882 2148 3943 sit.
2177 3891 2266 3936 aut
2293 3882 2540 3936 meritum
2571 3898 2689 3937 esse
2716 3897 2774 3936 se
2800 3885 3107 3939 contendat.
3139 3885 3268 3940 llnic
3285 3882 3405 3942 loco

1810 3959 2086 4022 opponunt
2129 3952 2421 4022 tyrannidis
2463 3962 2517 4006 et
2559 3952 2872 4022 proditionis
2902 3969 3057 4020 reos,
3085 3964 3135 4009 et
3160 3958 3402 4012 veneﬁcii

1809 4021 2050 4096 imperati
2069 4064 2084 4086 ,
2106 4021 2161 4077 et
2187 4023 2232 4076 si
2251 4022 2434 4096 quain
2457 4021 2701 4096 eumdem
2725 4021 2941 4096 modum
2967 4025 3249 4095 excogitari
3281 4041 3404 4096 pos-

1809 4091 1935 4150 sunt
1978 4111 1990 4146 :
2039 4093 2090 4162 in
2133 4107 2239 4162 quo
2262 4092 2440 4146 studio
2469 4091 2782 4147 criminandi
2811 4093 3082 4150 falluntur.
3104 4091 3238 4150 Nam
3265 4091 3317 4150 et
3343 4098 3398 4153 in

1809 4179 1874 4238 eo
1915 4161 2070 4238 quod
2098 4161 2411 4238 proditionis
2446 4170 2715 4238 reus__est,
2747 4177 2852 4217 non
2877 4163 2943 4238 de
2963 4164 3144 4238 futura
3171 4184 3230 4222 re
3252 4185 3400 4238 qua:-

1809 4231 1945 4288 ritnr
1963 4277 1977 4300 ,
2022 4233 2072 4287 id
2111 4241 2193 4286 est
2226 4233 2294 4287 de
2327 4233 2440 4302 ipsa
2463 4231 2756 4302 proditione
2775 4273 2790 4298 ,
2821 4235 2914 4289 sed
2943 4235 3010 4289 de
3033 4251 3098 4289 eo
3122 4252 3187 4290 an
3210 4231 3396 4292 su's'ee-

1809 4306 1947 4375 perit
1992 4303 2273 4375 consilium
2318 4305 2666 4372 proditionis,
2709 4304 2850 4374 quod
2877 4305 3058 4375 utique
3088 4309 3397 4374 pra-cessit;

1810 4374 1863 4430 et
1891 4375 1958 4429 de
1983 4374 2258 4447 tyrannide
2287 4389 2438 4444 teque
2459 4416 2475 4440 ,
2498 4390 2564 4428 an
2594 4375 2838 4444 cogitarit
2859 4374 3191 4447 tyrannidem
3215 4393 3229 4442 ;
3261 4377 3401 4433 etde

1811 4446 2132 4516 parricidio,
2177 4460 2304 4518 num
2354 4453 2654 4514 perpetrato
2682 4454 2791 4518 ;_et
2831 4446 2896 4500 de
2938 4446 3215 4518 veneﬁcio.
3259 4447 3400 4518 Ergo

1809 4531 2022 4585 semper
2046 4525 2137 4570 aut
2156 4515 2224 4571 de
2245 4517 2544 4588 praeterito.
2569 4526 2660 4588 aut
2685 4515 2752 4570 de
2779 4517 3027 4585 praesenti
3047 4517 3097 4571 in
3117 4515 3400 4588 hyputbesi

1811 4589 2046 4658 nascitur
2089 4585 2345 4656 quaestio;
2393 4587 2444 4641 in
2489 4585 2623 4641 thesi
2662 4596 2847 4641 contra
2889 4585 3296 4658 nunquam'nisi
3331 4589 3401 4645 de

1810 4657 2025 4783 gutum;
2063 4672 2182 4726 qua:
2212 4657 2258 4711 si
2288 4659 2359 4712 ita
2387 4666 2539 4724 sunt,
2567 4658 2698 4712 satis
2725 4659 2999 4729 utriusque
3019 4657 3292 4716 declarata
3318 4670 3399 4716 est

1851 4738 2110 4782 wersuas.

1851 4730 2110 4782 iversitas.

1812 4797 2036 4855 CAPUT
2073 4796 2162 4854 ιν.
2187 4827 2261 4839 —
2285 4799 2413 4865 Quae
2453 4799 2555 4853 sint
2582 4800 2974 4855 circumstantia:
3000 4803 3392 4858 controversiam

2504 4870 2736 4924 iacientes.

1881 4939 2033 4995 Nunc
2053 4939 2300 5011 quoniam
2327 4874 2948 5011 quideiiiciiegldiﬁerenlia
2970 4944 3318 5013 generalium,
3344 4953 3398 4998 et

1813 5013 2116 5084 specialium
2144 5013 2496 5084 quaestionum
2526 5013 2655 5084 satis
2683 5012 2881 5084 dictum
2923 5012 3022 5078 est,
3050 5024 3398 5084 separataque

1814 5081 1950 5138 thesi
1979 5083 2046 5137 ab
2070 5081 2451 5154 hypotliesi,_ut
2477 5083 2697 5154 perinde
2724 5082 2947 5139 distaret
2970 5100 3028 5140 re
3054 5081 3124 5137 ac’
3147 5081 3396 5150 nomine;

1813 5168 2144 5225 consequens
2171 5167 2289 5208 esse
2311 5152 2523 5208 videtur
2566 5153 2766 5217 dicere,
2796 5155 2919 5225 quid
2948 5155 3016 5225 sit
3045 5155 3188 5222 quod
3226 5155 3396 5224 hypo-

1815 5225 2010 5288 thesin,
2031 5223 2079 5278 id
2103 5233 2185 5278 est
2203 5225 2619 5279 controversiam
2636 5223 2854 5280 efficiat.
2877 5226 2970 5279 Est
2995 5224 3153 5292 igitur
3171 5223 3400 5278 cireum-

1812 5297 2009 5366 stantia
2027 5309 2204 5349 rerum
2233 5311 2390 5366 quam
2415 5306 2684 5366 περίστασιν
2711 5295 3057 5364 Hermagoras
3086 5296 3399 5366 vocat,sine

1812 5380 1914 5435 qua
1947 5365 2049 5418 ulla
2093 5363 2312 5420 omnino
2335 5363 2702 5422 controversia
2735 5380 2838 5419 non
2877 5372 3050 5433 potest
3087 5380 3225 5420 esse.
3256 5363 3395 5435 Quid

1812 5433 1883 5490 sit
1911 5447 2088 5490 autem
2129 5447 2420 5506 περίστασις,
2453 5437 2658 5491 facilius
2707 5435 2987 5506 partitione
3016 5450 3172 5504 quam
3209 5433 3401 5489 deﬁni-

1814 5508 1958 5562 tione
1983 5507 2098 5575 ejns
2123 5506 2446 5575 deprehendi
2477 5518 2665 5576 potest.
2695 5505 2831 5560 Sunt
2870 5505 3027 5574 igitur
3074 5515 3249 5576 partes
3295 5507 3402 5559 cir-

1812 5574 2166 5638 cumstantiaz.
2183 5574 2231 5631 id
2258 5587 2342 5632 est
2359 5574 2688 5647 περιὰτάσεῳς,
2706 5585 2931 5647 septem,
2949 5590 3082 5644 quas
3107 5574 3398 5646 Hermago-

1814 5667 1902 5705 ras
1918 5661 2064 5721 μόρια
2087 5654 2394 5721 περιᾳτάσςως
2418 5645 2589 5709 vocat,
2611 5645 2920 5721 Theodorus
2938 5661 3148 5721 στοιχειοι
3177 5645 3400 5721 πραγμά-

1814 5714 1927 5784 sua,
1961 5714 2013 5775 id
2045 5714 2430 5774 est-elementa
2463 5735 2474 5770 :
2505 5714 2642 5783 quod
2684 5731 2750 5769 ex
2793 5732 2975 5770 eorum
3028 5714 3400 5783 Conjttnctiona

1877 5810 1950 5872 (a)
1968 5810 2146 5874 ,Cicero
2191 5807 2351 5857 thesin
2375 5804 2672 5874 propositum
2699 5811 2786 5874 ant
2811 5804 3209 5860 consultationem
3231 5813 3400 5874 vocat;

1817 5869 2106 5938 topothesia
2125 5880 2317 5922 causam
2346 5873 2429 5919 aut
2447 5869 2846 5922 controversiam.
