3888 6408
569 471 699 530 L350

556 600 704 644 tuum
730 631 747 653 ,
778 598 830 642 et
859 590 968 657 ipse
999 597 1075 640 est
1109 587 1357 641 Dominus
1399 585 1538 640 Deus
1583 595 1722 641 tuus.
1755 585 1884 641 Vide
1921 587 2132 656 qualem

553 660 648 714 tibi
681 675 931 729 sponsum
961 661 1179 729 elegeris
1200 701 1216 727 ,
1248 659 1836 730 qualemgtibiamicum
1873 657 2129 730 attuleris.

558 731 671 798 Ipse
699 728 779 784 est
809 728 1078 800 speciosus
1109 728 1276 784 forma
1303 745 1412 798 pra:
1442 728 1563 786 filiis
1589 728 1882 800 hominum.
1912 729 2132 800 Specio-

490 793 513 818 ’¹
551 793 662 856 sior
687 793 851 855 etiam'
867 801 978 856 sole
999 809 1051 855 et
1078 815 1235 870 super
1255 793 1464 856 omnem
1495 801 1764 872 Stellarum
1787 793 2133 872 pulchritudi-

550 888 696 926 nem.
723 873 948 941 Spiritus
975 876 1088 940 ejus
1112 888 1269 941 super
1290 874 1393 926 mel
1416 871 1600 932 dulcis,
1631 880 1682 926 et
1714 870 1994 924 hiet-editas
2018 875 2132 940 ejus

552 957 714 1013 super
739 946 838 998 mel
865 953 916 997 et
948 942 1138 995 favum.
1172 943 1464 1011 Longitudo
1492 943 1541 995 in
1570 943 1787 1013 dextera
1820 943 1966 1013 ejus,
1998 950 2052 1013 et
2078 942 2130 995 in

549 1011 762 1068 sinistra
792 1015 906 1082 ejus
946 1014 1141 1067 divitia:
1182 1023 1235 1067 et
1271 1013 1456 1082 gloria.
1489 1014 1604 1081 Ipse
1647 1021 1698 1066 te
1734 1011 1842 1079 jam
1883 1011 2039 1081 elegit
2078 1013 2130 1067 in

550 1098 817 1154 sponsam.
851 1084 952 1139 Sed
985 1101 1087 1138 non
1123 1085 1395 1138 cor0nabit
1436 1084 1538 1137 nisi
1563 1083 1858 1152 probatam.
1900 1083 1959 1136 Et
1999 1082 2131 1154 dicit

550 1153 821 1224 Scriptura
865 1173 877 1209 :
923 1154 1167 1224 Quinon
1219 1165 1298 1207 est
1340 1163 1587 1219 tentatus,
1637 1169 1740 1206 non
1781 1162 1860 1224 est
1895 1153 2130 1224 probatus

549 1222 737 1292 (Ereti.
775 1241 963 1287 xxxiv,
993 1223 1081 1298 9).
1115 1226 1398 1298 Virgiﬁnitas
1423 1240 1608 1298 aurum
1635 1233 1735 1288 est,
1765 1222 2126 1298 cellafornax,

548 1298 807 1351 COttﬂalOl'
847 1294 1115 1359 diabolus,
1163 1297 1294 1365 ignis
1332 1294 1584 1359 tentatio,
1629 1310 1751 1348 caro
1789 1295 2002 1362 virginis
2039 1309 2128 1350 vas

546 1368 745 1420 luteum
790 1369 838 1420 in
873 1383 977 1435 quo
1012 1382 1197 1420 aurum
1230 1365 1552 1432 reconditur,
1586 1381 1683 1420 nec
1734 1377 1829 1417 vas
1854 1366 2070 1420 ulterius
2096 1381 2124 1420 a

549 1440 782 1506 quolibet
809 1441 1011 1492 artitice
1037 1446 1329 1505 reparatur.

547 1509 771 1564 CAPUT
814 1507 978 1562 ΧΧΙΙ.
1005 1536 1073 1546 —-
1102 1507 1168 1561 Ut
1210 1507 1507 1575 rirginitatis
1548 1508 1858 1578 propositum
1899 1507 2128 1578 religiose

1136 1578 1532 1631 custodiendum.

619 1649 742 1704 “TC
768 1652 917 1720 virgo
955 1649 1148 1720 jugiter
1173 1648 1410 1714 cogitans
1439 1647 1878 1720 pretiosissimum
1905 1649 2124 1719 virgini-

545 1721 669 1773 tatis
702 1718 1028 1786 thesaurum,
1062 1719 1150 1789 qui
1181 1729 1284 1771 tam
1327 1720 1526 1772 utiliter
1556 1718 1874 1787 possidetur,
1904 1718 2009 1773 tam
2048 1720 2122 1774 ir-

545 1792 977 1860 recuperabiliter
1014 1791 1288 1852 amittitur,
1341 1804 1545 1842 summa
1582 1789 1871 1859 diligentia,
1916 1805 2124 1845 summo

546 1877 664 1912 cum
701 1863 888 1915 timore
930 1861 1209 1915 custodiat.
1249 1860 1455 1930 Cogitet
1485 1860 1599 1915 sine
1626 1860 2016 1914 intermissione
2055 1861 2122 1917 ad

545 1932 697 1996 cujus
744 1933 1016 1985 ordinatur
1044 1931 1351 1996 thalamum,
1392 1930 1458 1984 ad
1486 1931 1633 2000 cujus
1662 1941 1988 2000 prmparatur
2011 1947 2124 1986 am-

546 2000 760 2069 plexum
809 2021 820 2055 :
875 2012 1132 2070 proponat
1178 2002 1274 2055 sibi
1319 2016 1510 2069 agnum
1557 2017 1712 2072 quem
1760 2001 1909 2069 sequl
1943 2003 2118 2070 habet,

545 2087 879 2142 quocumque
909 2073 1045 2142 ierit.
1089 2072 1484 2140 Conlempletur
1511 2072 1868 2126 beatissimam
1905 2072 2122 2128 Mariam

545 2141 931 2211 prmi-edentem
993 2141 1184 2196 choros
1247 2142 1551 2211 virginum,
1625 2152 1678 2198 et
1742 2144 2122 2212 praecinentcm

545 2212 698 2266 dulce
728 2214 853 2268 illud
886 2229 1006 2267 cum
1035 2213 1346 2282 virginitatis
1389 2223 1638 2284 tympano
1667 2215 1952 2278 canticum,
1984 2216 2122 2280 quod

547 2298 702 2354 nemo
749 2294 920 2352 potest
966 2300 1156 2338 canere
1201 2285 1301 2337 nisi
1348 2285 1619 2354 utriusque
1660 2300 1815 2338 sexus
1865 2285 2118 2352 virgines.

543 2353 619 2424 De
664 2357 852 2424 quibus
893 2357 1145 2423 scriptum
1190 2364 1313 2408 est:
1360 2353 1427 2407 lli
1470 2353 1590 2407 sunt
1613 2357 1698 2424 qui
1735 2372 1845 2408 cum
1895 2359 2123 2409 nmtieri-

543 2423 635 2477 bus
675 2423 772 2479 non
821 2436 936 2479 sunt
979 2425 1320 2497 coinquinati;
1364 2427 1578 2497 virgines
1625 2423 1756 2478 enim
1797 2440 1910 2479 sunt
1942 2427 2120 2497 (Apoc.

542 2510 648 2552 xlv.
678 2498 754 2565 4).
799 2498 902 2551 Nec
937 2498 1009 2551 sic
1056 2496 1154 2550 hoc
1184 2497 1378 2549 dictum
1421 2496 1671 2562 :rstimcs,
1714 2499 1864 2565 quasi
1912 2496 2016 2550 non
2045 2499 2124 2553 vir

542 2566 658 2636 sine
711 2569 952 2631 muliere,
1003 2578 1092 2620 aut
1131 2567 1319 2620 mulier
1370 2568 1483 2619 sine
1531 2569 1643 2620 viro
1699 2572 1863 2636 possit
1915 2570 2118 2624 ltedari.

541 2634 673 2690 Cum
703 2638 1069 2691 detestandum
1104 2638 1228 2690 illud
1257 2638 1450 2695 srelus.
1481 2653 1584 2706 quo
1606 2634 1766 2691 vir—in
1800 2639 1989 2703 virum,
2035 2643 2117 2694 vel

543 2706 735 2760 femina
765 2709 813 2762 in
848 2708 1116 2772 feminum,
1153 2710 1396 2761 omnibus
1427 2707 1635 2776 ﬂagitiis
1665 2709 2013 2763 damnabilius
2033 2709 2120 2777 ju-

544 2777 767 2850 dieetur.
799 2779 900 2831 Sed
931 2789 984 2832 et
1013 2779 1210 2847 absque
1239 2781 1422 2832 alienae.
1465 2782 1640 2834 carnis
1667 2782 1936 2832 consortio
1966 2782 2122 2850 virgi-

543 2849 684 2901 nitas
733 2851 1039 2917 plernmque
1080 2851 1465 2919 Corrumpitur,
1509 2852 1722 2904 castitas
1766 2851 2012 2903 violatur.
2055 2849 2119 2906 Si

543 2919 911 2974 Velit-mentior
932 2929 1089 2972 :rstus
1104 2936 1316 2975 carnem
1339 2921 1646 2973 concutiens
1672 2921 1996 2975 voluntatem
2023 2923 2120 2977 sibi

543 2990 855 3055 subdiderit,
886 3000 939 3043 et
977 2993 1210 3058 rapuerit
1261 2992 1515 3056 membra,
1549 2993 1742 3060 cogitet
1781 2993 1928 3061 virgo
1959 3008 2119 3061 super

545 3063 718 3132 omnia
751 3076 842 3115 sua
872 3062 1357 3132 sanctilimtaineo,
1391 3062 1692 3128 incorrupta
1734 3062 1961 3123 Christo.
1997 3063 2120 3132 Spi-

545 3129 666 3184 ritui
706 3143 890 3185 sancto
919 3132 1175 3186 dedicata.
1211 3131 1482 3202 lndigntnn
1523 3132 1722 3200 jmlicet
1746 3135 1886 3203 quod
1925 3129 2120 3188 Christi

546 3210 664 3262 est,
701 3204 908 3257 tradere
932 3212 1148 3262 satame,
1184 3211 1236 3254 et
1265 3205 1497 3271 virginea
1528 3204 1641 3273 ejus
1670 3204 1904 3258 membra
1935 3207 2122 3260 erube-

547 3280 657 3342 scat
672 3273 754 3327 vel
770 3273 993 3342 simplici
1017 3282 1160 3326 motu
1183 3275 1454 3328 maculari.

578 3339 803 3396 CAPUT
841 3339 1028 3397 XXIII.
1063 3373 1133 3382 —
1162 3344 1414 3397 Custitatis
1465 3343 1780 3412 dispendium
1825 3345 1876 3398 in
1917 3361 2086 3400 mensa

946 3414 1238 3474 (intendam,
1270 3424 1316 3466 et
1343 3415 1394 3465 in
1424 3413 1701 3483 colloquiis.

619 3480 800 3551 Itaque
827 3483 1050 3551 proinde
1074 3486 1122 3535 in
1155 3484 1467 3552 virginitatis
1489 3480 1595 3536 sute
1621 3483 1914 3539 custodiam
1951 3493 2118 3540 totum

548 3552 778 3624 animum
829 3553 1028 3606 tendat.
1075 3551 1431 3624 Cogitationes
1471 3557 1754 3624 expendat,
1806 3565 1861 3608 ut
1911 3558 2121 3613 virtutis

549 3621 703 3697 hujus
736 3624 1113 3691 perfectionem
1144 3621 1404 3697 esuriens,
1458 3621 1648 3697 famem
1693 3627 1908 3682 delicias
1953 3636 2117 3697 putet,

549 3693 760 3745 divitias
793 3703 1171 3762 paupertatem.
1217 3696 1269 3746 In
1302 3697 1439 3760 cibo,
1483 3696 1532 3747 in
1574 3704 1717 3764 potu,
1748 3702 1798 3748 in
1829 3693 2038 3763 somno,
2070 3700 2120 3752 in

548 3779 794 3817 sermone
836 3780 1046 3833 semper
1083 3767 1260 3818 timeat
1307 3765 1637 3834 diSpendium
1665 3768 1940 3826 castitatis.
1974 3785 2041 3822 ne
2072 3770 2118 3822 si

551 3835 666 3902 plus
691 3834 870 3888 debito
890 3836 1034 3889 carni
1063 3836 1366 3896 reddiderit,
1385 3837 1522 3890 vires
1542 3838 1771 3903 prtebeat
1799 3835 2118 3903 adversario,

549 3917 600 3958 et
631 3907 838 3959 occulto
870 3908 1064 3960 nutriat
1095 3908 1320 3959 hostem.
1349 3907 1550 3961 Sedens
1581 3908 1737 3975 igitur
1769 3907 1834 3960 ad
1885 3921 2120 3963 mensam

548 3975 791 4030 dei-orem
825 3977 1084 4045 pudicitia:
1125 3985 1302 4031 mente
1333 3978 1585 4043 revolvat,
1617 3987 1669 4031 et
1705 3979 1771 4031 ad
1809 3979 1922 4045 ejus
1954 3980 2123 4046 perfe-

548 4048 776 4100 ctionem
819 4048 1091 4116 suspirans
1119 4049 1266 4102 cibos
1308 4047 1554 4113 fastidiat,
1597 4057 1775 4116 potum
1820 4049 2118 4117 exlrorreat,

548 4119 706 4190 etiam
733 4123 871 4190 quod
900 4118 1212 4190 sumendum
1245 4120 1530 4174 necessitas
1548 4120 1882 4187 jndicaverit,
1912 4129 2000 4172 aut
2035 4137 2123 4174 ra-

549 4189 622 4261 tio
649 4189 943 4254 dictaverit,
976 4205 1096 4261 cum
1123 4189 1304 4245 delere
1330 4198 1419 4244 aut
1437 4190 1665 4261 pudore,
1695 4190 1977 4259 aliquando
2003 4208 2121 4245 cum

548 4259 796 4328 Iacrymis
828 4269 1016 4332 sumat.
1050 4260 1106 4332 Si
1132 4265 1179 4313 ei
1211 4275 1378 4314 scrmc
1425 4259 1579 4315 fuerit
1607 4276 1725 4315 cum
1757 4261 1952 4332 aliquo,
1985 4276 2125 4316 sem-

550 4344 643 4397 per
672 4340 871 4385 metuat
917 4331 1109 4398 aliquid
1149 4332 1351 4396 audire,
1385 4332 1524 4401 quod
1561 4333 1639 4386 vel
1671 4331 1934 4385 modicum
1975 4349 2122 4387 sere-

548 4403 766 4455 nitatem
795 4401 1050 4456 castitatis
1079 4401 1352 4455 obnubilet
1377 4420 1390 4466 ;
1425 4401 1771 4456 deserendum
1792 4415 1858 4472 se
1886 4417 1914 4455 a
1956 4404 2120 4472 gratia

550 4471 904 4594 nonrduhilct,
935 4474 979 4525 si
1017 4472 1099 4525 vel
1131 4488 1290 4526 unum
1321 4472 1542 4526 verbum
1569 4481 1750 4528 contra
1788 4470 2122 4528 honestatem

550 4555 644 4594 pro
670 4551 799 4594 erat.

550 4551 799 4607 proferat.

551 4608 770 4667 SAPUT
786 4611 974 4668 XXIV.
989 4642 1058 4652 —
1079 4612 1204 4666 Ante
1232 4629 1460 4666 somnum
1490 4613 1788 4667 conscientia
1808 4612 2121 4683 excutienda,

1008 4693 1053 4737 ct
1083 4683 1436 4754 dolendumde
1464 4686 1693 4754 peccatis.

623 4749 890 4823 Prostrata
917 4754 1110 4808 lectulo
1152 4749 1625 4823 pudicitiam'tuam
1653 4753 1962 4808 commenda
1991 4753 2120 4819 Deo,

550 4828 605 4894 et
632 4821 718 4894 sie
736 4823 884 4889 signo
908 4825 1078 4878 crucis
1103 4821 1302 4878 armata
1322 4825 1531 4878 revolve
1549 4826 1728 4894 animo
1749 4823 2015 4894 quomodo
2040 4823 2125 4881 die

549 4890 941 4964 illo_vixisti,'si
985 4895 1164 4958 verbo,
1199 4896 1240 4948 si
1281 4910 1460 4964 opere,
1511 4893 1554 4948 si
1585 4890 1778 4950 aﬂ'cctu
1814 4896 2017 4948 Domini
2052 4899 2122 4950 tui

549 4961 732 5048 uetitos
760 4961 1052 5048 qll’endisti;
1085 4965 1134 5048 si
1159 4961 1342 5048 levior,
1371 4966 1414 5019 si
1444 4965 1684 5048 otiosior,
1707 4967 1754 5020 si
1778 4966 2125 5048 negligentior

550 5031 730 5086 debito
772 5031 943 5106 fuisti;
991 5036 1036 5106 si
1085 5036 1199 5102 plus
1225 5036 1344 5089 cibo
1383 5036 1614 5106 crudior,
1648 5045 1770 5106 potu
1814 5031 2123 5106 dissolutior

550 5112 719 5177 pietas
740 5102 1377 5177 necessitatiscxcessisti.
1402 5105 1455 5160 Si
1479 5102 1786 5177 subreptum
1809 5106 1908 5177 tibi
1927 5105 2124 5177 aliquid

550 5172 738 5246 borum
765 5174 1154 5246 deprehendis,
1197 5177 1422 5246 suspira,
1465 5172 1656 5246 pertus
1692 5176 1884 5242 tunde;
1933 5185 1986 5231 et
2017 5172 2124 5234 bne

549 5245 810 5319 sacrilicio
832 5245 1135 5314 Vt‘SpCl‘lillO
1156 5255 1245 5299 tuo
1266 5245 1656 5303 reconciliatam
1685 5263 1879 5319 sponso
1899 5263 2124 5318 sponsus

553 5316 795 5368 excipiat.

547 5332 967 5441 ἓἪἪῦᾋΧΧἾ.
984 5417 1053 5460 -—;
1066 5383 1128 5460 In
1150 5387 1499 5460 mutationibus
1521 5387 1788 5458 impudicis
1803 5390 2124 5460 recogitanda

996 5457 1202 5528 virginis
1227 5457 1427 5528 Agnetis
1448 5456 1672 5512 historia.

621 5522 675 5578 Si
693 5525 936 5599 _vigilanti
969 5522 1162 5588 subito,
1197 5522 1288 5580 aut
1311 5529 1738 5599 quietesoporis,
1763 5539 1853 5584 aut
1879 5539 1990 5584 arte
2009 5539 2123 5585 ten-

549 5597 736 5666 tutoris
764 5597 911 5649 calor
947 5601 1182 5666 corporis
1215 5597 1366 5652 fuerit
1395 5597 1668 5660 excitatus,
1707 5609 1760 5653 et
1799 5602 1848 5652 in
1879 5616 2123 5655 somnum

551 5665 772 5738 callidus
814 5667 977 5738 hostis
1020 5665 1299 5738 invexerit,
1343 5669 1668 5738 diversisque
1714 5671 2118 5736 cogitationibus

549 5735 778 5808 quietem
819 5737 1078 5808 pudicitia
1125 5736 1466 5801 infestaverit,
1513 5735 1942 5808 proposueritqne
1988 5741 2122 5794 deli-

550 5805 681 5864 cias,
713 5807 834 5858 vita:
863 5806 1088 5860 durioris
1116 5809 1388 5864 horrorem
1417 5805 1723 5874 incesserit;
1756 5805 1929 5863 veniat
1953 5809 2043 5863 tibi
2074 5813 2123 5864 in

553 5880 784 5947 mentem
834 5876 1277 5947 beataﬁvirginis,
1323 5895 1440 5947 qute
1486 5879 1536 5930 in
1587 5888 1764 5934 tenera
1817 5887 1971 5933 {etate
2015 5887 2123 5933 tam

555 5939 744 6017 crebro
765 5944 1050 6010 reportavit
1070 5939 1472 6015 de'impiissimo
1495 5947 1642 6004 hoste
1664 5949 2001 6020 triumphum.
2031 5948 2125 6006 Co-

2049 471 2408 528 APPENDIX.

3668 478 3789 538 N60

2238 585 2340 656 gita
2393 588 2591 662 Agnem
2635 588 2994 662 beatissimam
3019 604 3062 662 _a
3108 606 3208 661 qua
3250 604 3468 662 autum,
3513 603 3784 662 argentum,

2242 665 2413 728 vestes
2441 658 2852 725 pretiosissimae,
2896 659 3092 728 lapides
3126 658 3343 728 pretiosi
3371 670 3427 714 et
3451 669 3558 714 tota
3577 658 3789 720 secula;

2241 728 2312 780 ris
2347 727 2528 804 gloria:
2560 743 2748 804 pompa
2779 731 2926 804 quasi
2946 727 3204 804 quoidam
3226 740 3458 804 stercora
3486 741 3614 804 sunt
3646 749 3787 804 repu.

2241 807 2368 872 tata.
2409 799 2599 853 Vocata
2734 801 2958 872 tribunal
2986 816 3086 855 non
3113 801 3319 864 abfuit;
3345 799 3788 872 blatitﬁebatur'ju-

2238 868 2362 934 dux,
2393 871 2738 940 contempsit;
2786 871 3102 934 minabatur,
3135 873 3316 932 irrisit,
3355 873 3524 940 magis
3562 868 3782 932 metuens

2238 955 2305 994 ne
2354 950 2591 1014 parceret
2633 956 2791 1014 quam
2834 957 2898 997 ne
2947 943 3158 1014 puniret
3185 959 3214 1014 :_
3243 941 3545 1014 audiuitque
3585 944 3783 1014 lupanar

2236 1011 2394 1082 vertit
2413 1011 2473 1082 in
2505 1013 2823 1066 oratorium:
2851 1011 2993 1082 quod
3020 1029 3144 1068 cum
3167 1012 3370 1082 virgine
3395 1011 3685 1082 ingrediens
3706 1033 3784 1072 an~

2235 1081 2382 1158 gelus
2408 1081 2577 1136 lucem
2623 1083 2808 1158 infudit
2839 1081 3090 1158 tenebris,
3123 1090 3178 1138 et
3211 1081 3577 1158 insectatore")
3607 1087 3782 1158 pudici-

2236 1152 2322 1224 tia;
2349 1164 2516 1224 inerte
2546 1153 2822 1206 multabat.
2850 1152 2904 1208 Si
2933 1155 3087 1224 igitur
3112 1163 3166 1206 et
3192 1161 3246 1207 tu
3268 1154 3522 1217 oraveris,
3543 1163 3594 1210 et
3607 1152 3777 1216 contra

2236 1220 2466 1296 libidinis
2499 1224 2821 1278 incentorem
2865 1220 3215 1296 Iacrymarnm
3247 1232 3454 1296 tuarum
3496 1241 3635 1296 arma
3658 1228 3778 1284 leva-

2235 1293 2392 1354 veris.
2427 1309 2534 1348 non
2575 1305 2716 1354 certe
2764 1293 2990 1359 angcl'us
3011 1304 3102 1349 tuo
3143 1305 3290 1349 casto
3333 1295 3504 1350 deerit
3543 1295 3775 1363 cubiculo,

2234 1365 2322 1442 qui
2353 1365 2641 1442 prostibqu
2661 1381 2766 1418 non
2785 1364 2968 1442 defuit.
3001 1365 3188 1442 Merito
3219 1364 3434 1442 beatam
3452 1365 3643 1442 Agitth
3662 1369 3779 1442 ignis

2234 1434 2332 1488 istc
2373 1436 2657 1489 materialis
2687 1437 2919 1503 nequivit
2959 1436 3208 1497 adurere,
3255 1436 3344 1490 cui
3390 1434 3552 1490 carnis
3590 1434 3775 1493 llaiima

2235 1511 2492 1573 tepuerat,
2524 1521 2680 1576 quam
2707 1506 2841 1577 ignis
2866 1507 3213 1561 succenderat
3237 1506 3530 1560 charitatis.
3553 1506 3773 1577 Quoties-

2233 1589 2456 1647 cumque
2493 1593 2716 1647 nequam
2760 1577 2977 1645 Spiritns
3007 1578 3187 1631 illicita
3213 1592 3440 1646 quaeque
3467 1582 3769 1647 suggesserit,

2231 1645 2596 1701 vehementior
2639 1648 2938 1702 incubuerit
2975 1657 3168 1711 mstus;
3216 1645 3371 1701 illuni
3407 1649 3491 1717 qui
3535 1645 3766 1704 scrutatur

2232 1717 2388 1789 corda
2418 1727 2468 1772 et
2495 1732 2668 1789 renes,
2697 1719 2826 1772 scito
2848 1733 2964 1773 esse
2985 1727 3325 1789 prtesentem.
3345 1728 3396 1772 et
3424 1717 3520 1772 sub
3541 1720 3646 1784 ejus
3666 1734 3772 1774 ocu-

2233 1786 2312 1840 los
2339 1803 2456 1842 esse
2484 1788 2734 1859 quidquid
2775 1791 2885 1858 agis
2914 1786 3005 1844 vei
3022 1790 3242 1860 cogitas.
3292 1789 3437 1843 II’abe
3467 1790 3669 1858 proinde
3701 1807 3771 1846 re—

2229 1860 2520 1930 verentiam
2553 1860 2792 1924 Domino,
2825 1875 2982 1930 quem
3021 1861 3112 1915 tibi
3141 1861 3408 1914 assiStere.
3431 1875 3533 1914 non
3570 1860 3765 1926 dubites,

2231 1937 2286 1982 et
2308 1929 2659 2001 deprmdatori
2683 1929 2946 1998 responde
2972 1950 2984 1985 :
3015 1933 3271 2001 Angelum
3296 1930 3470 2001 habeo
3494 1939 3767 1995 amatorem,

2229 2000 2317 2068 qui
2345 2001 2506 2054 nimio
2537 2003 2649 2056 zelo
2680 2001 2907 2056 custodit
2932 1999 3124 2070 corpus
3158 2016 3358 2055 meum.
3397 1999 3610 2070 Adjuvet
3631 2015 3766 2054 cona-

2233 2079 2342 2124 tum
2372 2081 2513 2125 tuum
2539 2073 2588 2126 in
2617 2071 2706 2125 tali
2737 2069 3048 2126 necessitate
3069 2073 3296 2127 discreta
3320 2069 3642 2125 absdnentia.
3662 2071 3769 2138 Quia

2231 2141 2318 2193 ubi
2353 2143 2514 2196 multa
2544 2145 2717 2196 carnis
2738 2141 2973 2207 afﬂictio,
3003 2152 3092 2199 aut
3119 2144 3283 2207 nulla,
3326 2150 3413 2195 aut
3444 2154 3592 2212 parra
3618 2142 3765 2212 aliqua

2231 2223 2402 2279 potest
2433 2229 2549 2267 esse.
2578 2213 2878 2267 delectatio.
3130 2232 3133 2235 ·

2229 2281 2310 2335 CA
2323 2282 2452 2338 PUT
2480 2282 2664 2337 XXVI.
2688 2315 2756 2322 ——
2773 2283 2986 2338 Custitas
3014 2285 3066 2337 in
3081 2283 3298 2354 juvenili
3327 2291 3468 2336 relate
3491 2284 3592 2337 sine
3615 2299 3769 2354 magna

2395 2357 2558 2407 cordis
2585 2365 2628 2406 et
2657 2356 2878 2424 corporis
2907 2356 3156 2408 attritione
3185 2371 3285 2407 non
3308 2362 3406 2424 stat
3429 2354 3626 2424 integra.

2299 2422 2463 2477 Nemo
2490 2442 2546 2478 se
2572 2421 2766 2495 palpet,
2797 2441 2951 2479 nemo
2979 2424 3276 2478 blandiatur
3301 2423 3423 2490 sibi,
3455 2421 3596 2477 nemo
3615 2438 3664 2477 se
3684 2421 3766 2495 fal-

2229 2493 2320 2546 lat.
2355 2493 2632 2565 Nunquam
2663 2493 2743 2549 ab
2783 2496 3208 2551 adolescentibus
3247 2496 3364 2549 sine
3397 2509 3571 2564 magna
3615 2493 3766 2548 cordis

2228 2567 2546 2642 contritione
2572 2575 2626 2620 et
2654 2568 2827 2642 carnis
2872 2567 3158 2621 afﬂictione
3201 2567 3418 2642 castitas
3459 2565 3761 2642 conquiritur,

2229 2638 2309 2689 vel
2339 2648 2596 2698 servatur,
2630 2653 2744 2706 quae
2775 2639 3079 2707 plerumque
3105 2638 3264 2706 aegris
3297 2637 3382 2689 vel
3422 2634 3613 2707 senibus
3635 2634 3758 2703 peri-

2229 2707 2458 2784 clitatur.
2488 2707 2616 2760 Nam
2645 2709 2764 2784 licet
2788 2706 3108 2784 continentia
3131 2708 3330 2784 donum
3359 2706 3450 2759 Dei
3473 2707 3611 2784 sit,ct
3631 2719 3762 2784 neuio

2229 2779 2393 2847 possit
2423 2794 2541 2831 esse
2571 2780 2870 2842 continens,
2899 2779 2996 2833 nisi
3030 2779 3166 2832 Deus
3197 2778 3309 2842 det,
3343 2791 3439 2830 nec
3468 2777 3577 2830 ullis
3599 2777 3765 2847 nostris

2229 2845 2430 2918 meritis
2451 2849 2644 2902 donum
2678 2852 2792 2908 hoc,
2826 2849 2918 2903 sed
2946 2849 3059 2918 ejus
3080 2849 3321 2917 gratuitae
3346 2849 3412 2900 sit
3433 2847 3597 2918 gratim
3621 2845 3760 2918 ascrij

2229 2917 2460 2972 bemhnn
2483 2936 2497 2980 ;
2533 2920 2649 2972 illos
2681 2929 2852 2973 tamen
2880 2915 3024 2972 tanto
3044 2915 3184 2971 deuo
3212 2915 3454 2987 indignos
3477 2917 3671 2986 jndicat,
3689 2915 3761 2982 qui

2229 2989 2426 3058 aliquid
2459 2990 2651 3043 laboris
2682 3007 2774 3058 pro
2804 3006 2868 3043 eo
2888 2990 3068 3044 subire
3103 2986 3424 3050 detrectant,
3456 2988 3668 3058 volentes
3696 2986 3764 3038 iu—

2229 3057 2555 3114 ter’delicias
2581 3057 2709 3114 casti
2735 3075 2875 3125 esse,
2905 3061 3041 3114 inter
3069 3060 3250 3130 epulas
3275 3060 3624 3130 centinentes;
3650 3057 3762 3108 inter

2230 3146 2421 3199 pueros
2444 3139 2494 3183 ct
2523 3131 2721 3199 puellas
2749 3131 3071 3191 conversari,
3102 3129 3154 3185 et
3199 3145 3304 3182 non
3365 3129 3579 3192 tentari;
3604 3129 3648 3180 in
3688 3140 3761 3199 co-

2233 3197 2643 3255 missationibus
2676 3211 2728 3255 et
2753 3201 3095 3255 ebrietatibus
3122 3201 3276 3256 fcedis
3310 3199 3535 3254 di'steudi
3573 3197 3762 3250 humori-

2228 3271 2347 3346 bus,
2371 3284 2424 3326 et
2451 3290 2552 3325 non
2580 3273 2904 3346 coinquinari
2921 3273 3120 3346 {ligare
3137 3272 3308 3324 visum
3330 3283 3607 3346 suumcum

2230 3344 2348 3404 mis,
2369 3353 2418 3396 et
2449 3359 2551 3396 non
2575 3337 2744 3397 exuri.
2781 3337 3121 3396 Difticile'hoc
3147 3350 3324 3396 utrum
3356 3351 3446 3394 aut
3467 3337 3758 3410 impossibile,

2229 3421 2282 3464 tu
2315 3413 2525 3466 videris.

2228 3483 2308 3536 CA
2319 3482 2449 3537 PUT
2491 3483 2696 3537 XXVII.
2719 3515 2788 3524 —
2807 3483 2888 3539 De
2909 3481 3153 3537 monacho
3175 3482 3440 3536 stimulum
3463 3480 3614 3534 carnis
3637 3476 3755 3529 duris

2301 3555 2712 3608 macerationibus
2739 3556 2822 3609 vix
2849 3556 3223 3626 comprimente,
3255 3569 3357 3606 non
3384 3553 3572 3623 penitus
3596 3548 3754 3602 exstin-

2301 3636 2496 3692 guenle.

2299 3683 2428 3749 Novi
2467 3712 2564 3766 ego
2608 3695 3067 3768 monachum,qui
3099 3709 3219 3768 cum
3263 3693 3417 3748 initio
3574 3703 3754 3768 conver-

2229 3767 2411 3830 sionis,
2447 3764 2550 3820 tam
2595 3768 2918 3820 naturalibus
2964 3764 3259 3826 incentivis,
3291 3773 3398 3817 tam
3433 3764 3660 3816 violentia
3686 3764 3749 3810 vi—

2232 3839 2377 3890 tiosaz
2424 3839 2836 3903 Consuetudinis,
2885 3846 2988 3889 tam
3035 3832 3754 3906 suggestioneCaIlidihostis

2233 3916 2539 3980 tentaretur,
2591 3918 2645 3962 ut
2691 3908 2993 3980 pudicitiam
3041 3903 3188 3960 suam
3239 3905 3519 3975 periclitari
3564 3903 3750 3980 timeret.

2229 3978 2396 4033 erexit
2423 3993 2479 4032 se
2505 3977 2790 4043 contra’se,
2810 3987 2861 4031 et
2881 3977 3136 4032 adversus
3165 3993 3312 4032 suam
3337 3990 3546 4028 carnem
3587 3977 3753 4043 suavisf

2230 4049 2420 4102 simum
2448 4050 2752 4117 concipiens
2777 4040 2963 4102 "odium
3014 4047 3143 4101 nihil
3172 4048 3338 4115 magis
3380 4059 3531 4112 quam
3555 4040 3753 4117 qimdail

2229 4135 2345 4174 eam
2396 4113 2684 4185 adet-taret,
2721 4127 3017 4192 ex_pelere_t._
3063 4119 3240 4192 Itaque
3268 4113 3750 4192 inediamacrrabat

2229 4205 2438 4258 corpus,
2473 4199 2526 4244 et
2551 4206 2667 4264 quin
2691 4192 2746 4264 ei
2763 4189 2827 4242 de
2850 4205 2906 4242 se
2936 4188 3262 4264 debebantur
3283 4187 3608 4264 subtrahens,
3623 4187 3748 4236 etiam

2231 4257 2406 4314 motus
2434 4262 2547 4328 ejus
2572 4257 2843 4329 simplices
2869 4259 3270 4327 comprimehat.
3321 4257 3428 4311 Sed
3452 4271 3562 4329 cum
3597 4257 3750 4306 iterum

2230 4331 2390 4383 nimia
2417 4327 2789 4386 debilitassibi
2821 4330 2936 4398 plus
2975 4329 3248 4397 indulgere
3280 4327 3622 4398 compertam,
3655 4333 3754 4374 ecce

2229 4417 2356 4456 caro
2401 4417 2582 4454 rursus
2623 4408 2779 4471 caput
2816 4394 3022 4468 erigens
3047 4394 3382 4471 acquisitam,
3404 4394 3467 4471 in;
3497 4394 3749 4471 putabittltt'.

2230 4471 2510 4525 infestabat
2537 4462 2798 4541 quietem;
2849 4462 3217 4541 plet-isqueise
3262 4462 3464 4538 frigidis
3496 4462 3750 4541 aquishi'nji-

2230 4543 2393 4605 ciens,
2431 4532 2660 4596 trem-ens
2689 4532 2991 4610 aliq'uzindiu
3024 4532 3281 4608 psallebat
3308 4532 3363 4593 et
3406 4532 3583 4610 orabat.
3620 4532 3748 4597 Sa-pe

2230 4615 2388 4668 etiam
2421 4613 2628 4666 illicitos
2661 4609 2892 4666 sentiens
2921 4621 3097 4664 motus
3132 4610 3314 4664 urticis
3346 4609 3549 4662 lricabat
3570 4613 3746 4668 ωινηεν

2231 4693 2282 4736 et
2311 4684 2461 4736 nudae
2487 4686 2630 4736 carni
2658 4683 2898 4751 aperiens
2916 4680 3214 4734 incendium
3239 4679 3480 4751 incendio
3499 4677 3750 4751 superabat.

2232 4755 2294 4808 Et
2319 4770 2435 4807 eum
2469 4752 2581 4807 lucc
2606 4748 2779 4805 omnia
2811 4765 2914 4806 non
2954 4751 3276 4822 sufﬁcerent,
3303 4748 3632 4822 nihilominus
3659 4755 3754 4797 eum

2231 4826 2445 4894 Spiritus
2494 4823 2852 4877 fornicationis
2880 4831 3088 4894 ingeret
3104 4817 3136 4894 ε’
3155 4831 3278 4874 tunc
3301 4819 3454 4894 quod
3487 4817 3643 4871 solum
3683 4825 3753 4891 su-

2231 4891 2438 4964 perfuit,
2475 4901 2765 4964 prostratus
2777 4902 2897 4947 ante
2920 4891 3077 4963 pedes
3096 4891 3222 4946 Iesu
3238 4901 3375 4952 orat,
3405 4891 3589 4964 plorat,
3612 4896 3752 4964 περτζ

2232 4949 2331 5025 rat,
2366 4949 2534 5042 rogat,
2581 4963 2806 5042 adjurat,
2853 4949 3170 5042 obtestati-tr,
3223 4970 3280 5014 nt
3325 4949 3419 5014 aui
3441 4949 3751 5042 pcnidatLtfl

2231 5042 2380 5090 sanet
2398 5047 2412 5100 ;
2430 5027 2862 5098 ‘cla'mat'crehro,
2885 5031 3000 5088 Non
3027 5033 3204 5094 abibo,
3235 5045 3344 5084 non
3366 5030 3592 5100 quiesco,
3609 5027 3694 5100 nec
3713 5027 3751 5072 te

2229 5097 2489 5160 dimittam
2517 5106 2616 5158 nisi
2645 5104 2977 5159 benedixeris
3001 5103 3128 5157 mihi
3161 5121 3173 5154 :
3204 5097 3488 5171 praesta—tur
3521 5099 3580 5171 ad
3605 5097 3749 5170 hortm

2229 5177 2582 5246 refrigerium,
2601 5176 2692 5229 sed
2714 5182 2934 5245 negatur
2952 5169 3226 5246 securitas.
3245 5169 3752 5246 Qti_iescentlbnsaltm
3801 5200 3809 5219 ρ

2230 5243 2497 5318 paululum
2527 5247 2701 5300 carnis
2729 5243 2954 5299 stimulis
2976 5244 3280 5298 ali‘cctiones
3302 5243 3497 5298 illicita:
3516 5245 3756 5318 pactast":

2230 5311 2443 5372 vadunt.
2480 5315 2617 5370 Deus
2643 5318 2823 5370 meus!
2850 5330 2980 5385 quas
3005 5329 3210 5388 cruces,
3227 5329 3346 5388 qua)
3382 5318 3632 5388 ιοηπβιιςξ

2233 5390 2442 5460 pertulit
2473 5389 2633 5441 miser
2659 5388 2762 5452 ille,
2792 5377 2960 5441 donec
2999 5394 3156 5460 tanta
3180 5377 3352 5437 inl'usa
3383 5393 3464 5438 cst
3492 5383 3536 5460 ei
3571 5377 3744 5460 tlilestio

2229 5447 2503 5519 castitatis,
2535 5465 2591 5511 ut
2620 5447 2802 5510 omnes
2825 5472 2942 5526 quin
2976 5455 3163 5510 sentiri
3183 5464 3424 5522 possunt,
3453 5451 3540 5505 vei
3555 5447 3748 5526 cogitati;

2229 5531 2441 5600 quasvis
2473 5517 2708 5597 injiceret
2756 5517 3076 5600 voluptates;
3119 5517 3322 5579 et'tnnc
3351 5517 3752 5600 quoqth

2231 5590 2296 5653 ab
2325 5617 2408 5653 eo.
2450 5590 2550 5653 Sed
2583 5613 2748 5666 usque
2777 5597 2840 5650 ad
2875 5590 3078 5664 tempus
3105 5605 3158 5666 et
3189 5610 3334 5649 nunc
3370 5590 3620 5666 senectuti
3631 5590 3750 5666 LI!!-

2230 5671 2328 5725 bus
2355 5669 2604 5739 accessit,
2625 5653 2723 5739 nec
2753 5669 2828 5721 sic
2848 5653 3020 5739 tamen
3049 5681 3107 5720 se
3123 5665 3188 5720 de
3214 5665 3494 5739 securitate
3510 5653 3744 5739 blanditi-

2229 5739 2452 5795 CAPUT
2492 5728 2725 5793 XXVIII.
2779 5768 2848 5777 —-
2887 5738 3072 5790 Contra
3115 5751 3256 5790 senes
3293 5735 3380 5806 qui
3416 5728 3749 5788 malitiam

2684 5808 3120 5878 consortiocnrere
3148 5806 3348 5878 nolunt.
3439 5871 3452 5878 Α

2301 5879 2451 5933 Unde
2488 5891 2591 5933 non
2639 5859 2822 5948 parum
2840 5859 3008 5948 pudet
3044 5877 3399 5948 quoran

2229 5953 2317 6020 qui
2345 5967 2462 6004 cum
2505 5954 2553 6003 in
2581 5937 2824 6004 sordibus
2849 5937 3160 6015 senuerunt,
3207 5961 3306 6001 nec
3336 5946 3412 5999 sic
3433 5937 3739 6012 nam
