3888 6438
1112 357 1204 373 νων-ε·

1159 381 1171 393 ς

516 437 656 499 N65
971 357 1004 433 ζ

510 566 562 628 et
585 556 689 626 ﬁde
705 573 806 612 non
832 555 989 628 ﬁcta(
1006 556 1025 611 I
1045 557 1171 612 Tim.
1205 573 1243 625 l,
1274 555 1361 628 5).

513 625 1050 690 CAPUTXXXVIII.
1076 658 1145 669 —-
1175 628 1257 683 Ea:
1275 625 1387 690 lini,
1412 643 1511 697 quo
1529 626 1691 682 altare
1712 635 1939 693 ornatur,
1970 641 2091 680 con-

755 699 1058 754 sideratione
1079 699 1327 770 quomodo
1355 714 1517 770 more:
1534 697 1842 770 instituendi.

586 770 641 825 In
664 771 746 841 bis
771 770 1034 841 glorieris,
1057 765 1107 825 in
1138 769 1219 824 his
1237 769 1567 841 delecteris;
1598 769 1765 841 intus,
1789 783 1904 841 non
1922 765 2085 841 foris;

426 872 431 884 ι
509 839 565 894 in
604 840 742 898 veris
778 837 1078 903 virtutibus,
1124 855 1229 895 non
1274 840 1330 894 in
1383 839 1601 909 picturis
1646 847 1702 894 et
1753 837 2085 909 imaginibus.

510 909 680 966 Panni
700 910 824 966 Iinei
852 911 1058 966 candidi
1089 920 1237 965 tuum
1262 907 1521 965 adornent
1546 910 1735 975 altare,
1757 909 1845 979 qui
1869 907 2089 962 castita-

507 987 737 1037 tenrsuo
755 981 986 1037 candore
1011 979 1403 1044 commendent,
1429 988 1484 1035 et
1525 980 1912 1048 simplicitatem
1954 992 2089 1046 pra:-

428 1090 436 1107 .
506 1060 825 1107 monstrent.
855 1051 1038 1122 Cogita
1061 1066 1166 1121 quo
1186 1052 1388 1114 labore,
1419 1051 1610 1122 quibus
1633 1049 1961 1122 tousionibus
1982 1057 2092 1122 ter:-

504 1134 719 1187 renum,
757 1122 809 1177 in
831 1118 1166 1192 quo-crevit,
1214 1122 1378 1175 linum
1407 1118 1637 1176 colorem
1673 1120 1899 1184 exuerit,
1930 1127 1983 1192 et
2021 1118 2090 1173 ad

509 1191 667 1263 talem
710 1189 993 1247 candorem
1022 1193 1344 1263 pervenerit,
1390 1198 1448 1244 ut
1472 1206 1535 1245 ex
1563 1204 1630 1244 eo
1657 1198 1874 1263 ornetur
1896 1189 2083 1253 altare,

504 1257 703 1317 Christi
742 1277 937 1334 corpus
978 1257 1223 1334 veletur.
1250 1260 1382 1334 Cum
1425 1269 1637 1334 terreno
1678 1259 1857 1314 colore
1899 1274 2086 1314 omnes

503 1334 777 1403 nascimur
808 1328 1103 1403 {quoniam
1130 1333 1181 1385 in
1207 1328 1560 1403 iniquitatibus
1578 1340 2006 1403 conceptusjant,
2037 1338 2087 1403 et

504 1400 560 1454 in
612 1403 826 1472 peccatis
852 1396 1076 1473 concepit
1114 1419 1193 1455 me
1220 1396 1378 1473 mater
1396 1416 1505 1453 mea
1543 1396 1804 1473 (Pauli-1.,
1846 1399 1919 1469 7).
1965 1398 2084 1455 Pri-

505 1470 653 1526 mum
700 1473 877 1543 igitur,
920 1470 1272 1543 charismata,
1305 1470 1468 1543 linum
1519 1470 2081 1543 aquisuimmergitur:

499 1555 602 1613 nos
623 1542 673 1596 in
693 1539 846 1613 aquis
860 1542 1197 1613 Baptismatis
1215 1540 1426 1596 Christo
1450 1540 1867 1613 consepelitnur;
1887 1539 1969 1613 ibi
1991 1539 2085 1613 de:

497 1610 646 1683 letur
671 1610 1044 1683 iniquitas,'sed
1062 1613 1285 1667 necdum
1315 1620 1533 1666 sanatur
1551 1610 1847 1683 infirmitas.
1868 1610 2083 1683 Aliquid

499 1679 1091 1753 candoris'recepimus
1131 1698 1181 1737 in
1229 1690 1563 1753 peccatorum
1611 1682 1954 1740 remissione;
1986 1679 2083 1736 sed

502 1752 729 1807 necdum
773 1752 932 1822 plene
970 1762 1182 1807 terreno
1227 1753 1403 1806 colore
1448 1752 1691 1822 exuimur
1731 1759 2076 1822 pronaturte,

498 1837 620 1893 qua:
647 1821 834 1887 restat,
862 1823 1218 1893 corruptione.
1251 1822 1375 1877 Post
1398 1836 1570 1893 aquas
1598 1821 1763 1875 linum
1808 1821 2033 1876 siccatur
2063 1838 2079 1875 :

492 1892 632 1964 quia
652 1906 870 1964 necesse
897 1900 999 1958 est,
1026 1892 1167 1964 post
1188 1908 1366 1964 aquas,
1395 1892 1732 1964 Baptismatis
1751 1905 1945 1960 corpus
1988 1907 2083 1961 per

498 1960 873 2017 abstinentiam
901 1960 1221 2017 maceratum
1241 1960 1445 2017 illicitis
1488 1962 1775 2016 honoribus
1805 1960 2076 2017 vacuetur.

498 2031 701 2086 Deinde
725 2033 889 2086 liuutn
911 2033 1115 2088 malleis
1149 2034 1404 2097 tunditur,
1432 2040 1487 2088 et
1514 2047 1640 2087 caro
1684 2038 1861 2087 nostra
1901 2033 2079 2089 multis
2134 2036 2154 2061 ⁸

495 2103 877 2173 tentationibus
905 2102 1168 2173 fatigatur.
1201 2106 1326 2158 Post
1353 2102 1453 2157 hoc
1480 2103 1643 2157 linum
1674 2102 1859 2157 ferreis
1879 2102 2077 2158 aculeis

493 2170 829 2244 discerpitur,
861 2182 917 2244 ut
943 2170 1175 2242 de'pooat
1212 2174 1475 2244 superflua
1505 2191 1518 2227 :
1563 2182 1617 2228 et
1663 2172 2079 2244 nosdisciplina:

492 2243 702 2313 ungulis
730 2243 834 2298 rasi
861 2243 945 2297 vix
968 2243 1606 2300 necessariarctinemus.
1638 2243 1935 2299 Adhibetur
1959 2255 2079 2313 post

497 2310 599 2368 hoc
629 2314 736 2369 Iino
775 2315 986 2368 suavior
1021 2315 1355 2369 stimulorum
1399 2315 1674 2383 leviorque
1706 2315 1946 2384 purgatio
1959 2310 1988 2368 'z
2019 2324 2075 2370 et

492 2398 595 2454 nos
624 2385 775 2439 victis
817 2399 937 2439 cum
965 2399 1157 2454 magno
1185 2386 1365 2440 labore
1394 2385 1637 2454 pessimis
1664 2385 2013 2453 passionibus,
2045 2401 2076 2440 a

490 2452 783 2511 levioribus
810 2465 865 2509 et
886 2452 1205 2524 quotidianis
1230 2452 1461 2524 peccatis
1494 2455 1719 2524 simplici
1741 2454 2076 2511 confessione

491 2532 546 2578 et
573 2524 935 2581 satisfactione
967 2525 1302 2580 ttatndamur.
1346 2525 1463 2581 .lam
1496 2535 1619 2579 tunc
1645 2542 1673 2578 a
1719 2527 1966 2581 nentibus
2006 2527 2074 2581 li-

490 2608 620 2649 nutu
650 2597 701 2650 in
748 2596 960 2665 longum
989 2597 1298 2664 producitur
1328 2614 1341 2649 :
1368 2605 1423 2652 et
1465 2611 1562 2651 nos
1589 2597 1642 2650 in
1665 2596 1930 2650 anteriora
1957 2596 2075 2651 Ion-

488 2666 794 2735 ganimitate
819 2666 1175 2721 extendimur.
1205 2668 1370 2721 I’orro
1395 2676 1450 2720 ut
1471 2667 1517 2719 ei
1552 2666 1832 2735 perfectior
1856 2667 2075 2722 accedat

487 2736 747 2805 perfectio
775 2746 828 2790 et
856 2736 1210 2805 pulchritudo,
1245 2737 1379 2807 ignis
1422 2736 1703 2791 adhibetur
1726 2748 1780 2791 et
1808 2752 1940 2806 aqua
1975 2754 1986 2790 :
2018 2749 2074 2793 et

488 2806 646 2861 nobis
678 2806 1056 2861 transeundum
1096 2817 1179 2862 est
1229 2806 1322 2876 per
1372 2808 1544 2877 ignem
1599 2807 1970 2877 tribulationis.
2019 2817 2075 2863 et

488 2891 683 2948 aquam
708 2878 1149 2947 compunctionis,
1174 2887 1231 2931 ιιι
1252 2876 1618 2947 perteniamus
1642 2877 1706 2931 ad
1736 2876 2068 2947 refrigerium

486 2949 765 3003 castitatis.
796 2948 919 3003 Hzec
962 2948 1052 3002 tibi
1090 2951 1304 3002 oratorii
1335 2949 1404 3003 tui
1435 2960 1742 3003 ornamenta
1778 2963 2072 3016 repraesen-

489 3027 626 3083 tent,
656 3034 757 3073 non
788 3019 972 3074 oculos
995 3028 1111 3073 tuos
1132 3021 1475 3075 varietatibus
1506 3018 1698 3073 mentis
1733 3028 1967 3086 pascant.

489 3086 714 3146 CAPUT
719 3088 1059 3162 _XXXIX.—_—
1088 3087 1268 3162 Imago
1299 3089 1565 3162 Cruci/ixi,
1587 3089 1922 3162 etpassislenlis
1952 3090 2068 3162 hinc

560 3162 679 3214 inde
707 3159 892 3213 Maria:
920 3177 978 3213 ac
1001 3158 1222 3215 Joannis
1240 3171 1318 3215 sat
1338 3176 1442 3215 esse
1466 3159 1604 3214 debet
1630 3160 1682 3213 in
1708 3161 2068 3213 sanctimonia-

561 3231 688 3284 lium
714 3231 953 3284 oratorio.

561 3300 801 3357 Sufficiat
830 3301 921 3356 tibi
949 3301 1000 3353 in
1022 3300 1175 3355 altari
1211 3308 1301 3354 tuo
1328 3300 1620 3355 Salvatoris
1670 3301 1719 3354 in
1746 3316 1905 3355 cruce
1935 3316 2068 3368 pcn-

488 3371 666 3427 dentis
694 3370 890 3441 imago,
934 3387 1052 3441 quae
1081 3371 1549 3441 passioncmsuam
1576 3371 1673 3441 tibi
1699 3381 2066 3439 repraesentet,

486 3457 646 3512 quam
684 3439 1225 3512 imiteris;j_expansis
1257 3440 1486 3495 brachiis
1521 3439 1586 3512 ad
1620 3456 1756 3512 suos
1788 3441 2071 3512 tediuvitet

487 3509 766 3583 amplexus
796 3511 846 3583 in
868 3509 1065 3583 quibus
1108 3511 1423 3583 delecteris;
1457 3511 1666 3583 nudatis
1705 3510 1959 3583 uberibus
1988 3512 2069 3567 lac

486 3578 769 3637 sua—vitatis
806 3578 1062 3638 infundat.
1103 3596 1209 3651 quo
1239 3582 1548 3636 consoleris.
1581 3582 1646 3636 Et
1674 3581 1720 3635 si
1744 3581 1847 3636 hoc
1876 3581 2066 3650 placet,

493 3653 560 3707 ad
613 3650 1091 3706 eumntendandatn
1122 3650 1239 3705 itibi
1292 3652 1603 3721 virginitatis
1657 3653 2063 3717 excellentiam,

484 3724 638 3792 virgo
664 3730 835 3776 mater
862 3721 913 3774 in
951 3736 1066 3785 sua,
1097 3730 1153 3776 et
1195 3723 1342 3791 virgo
1369 3723 1658 3791 discipulus
1689 3724 1742 3775 in
1779 3738 1892 3781 sua.
1919 3723 2069 3791 juxta

489 3808 707 3848 erucem
734 3803 1021 3845 curventur
1046 3793 1304 3860 imagine;
1334 3803 1389 3846 ut
1418 3804 1617 3862 cogites
1641 3808 1796 3859 quam
1825 3802 1975 3861 grata
2001 3794 2071 3847 sit

487 3862 704 3919 Christo
740 3863 1012 3933 utriusque
1040 3877 1199 3933 sexus
1227 3863 1519 3933 virginitas,
1548 3877 1707 3932 quam
1736 3862 1785 3914 in
1826 3873 1995 3933 matre
2018 3872 2073 3916 et

486 3950 600 4006 pra:
628 3933 840 3989 caeteris
875 3930 978 4006 sibi
1020 3932 1212 3986 dilecto
1239 3930 1498 4002 discipulo
1541 3930 1889 4006 consecravit.
1919 3930 2071 4006 Unde

487 4002 583 4061 eos
610 4006 845 4072 pendens
872 4004 924 4057 in
954 4017 1110 4058 cruce
1143 4012 1287 4057 tanto
1304 4006 1503 4058 findere
1528 4002 1813 4071 capulavit,
1847 4012 1903 4056 ut
1928 4003 2070 4057 illam

489 4075 751 4147 discipulo
776 4083 1022 4147 matrem,
1070 4073 1215 4147 illum
1269 4076 1422 4147 matri
1474 4074 1637 4126 filium
1687 4073 1982 4147 delegaret._
2026 4073 2071 4128 Ο

486 4142 859 4201 beatissimum
888 4146 988 4199 hoc
1026 4145 1328 4199 testimonio
1356 4143 1616 4199 Joannem
1666 4144 1748 4196 cui
1780 4144 1938 4197 totius
1968 4142 2071 4197 hu-

492 4217 638 4271 mani
668 4215 882 4285 generis
905 4212 1086 4276 decus,
1116 4230 1245 4283 opes
1266 4214 1467 4275 mundi,
1498 4214 1663 4284 gloria
1680 4213 1823 4279 cmli,
1847 4214 2072 4269 misero-

488 4302 607 4341 rum
651 4288 937 4355 refugium,
982 4285 1299 4339 afflictorum
1330 4285 1595 4347 solatium,
1631 4299 1919 4353 pauperum
1944 4301 2071 4339 con-

491 4358 703 4423 solatio,
735 4356 1134 4425 desperatorutn
1160 4356 1378 4421 erectio,
1403 4366 1734 4425 peccatorum
1764 4356 2070 4410 reconcilia-

491 4429 584 4491 tio,
618 4439 887 4496 postremo
924 4426 1068 4480 orbis
1096 4426 1333 4492 domina,
1377 4426 1497 4480 coeli
1540 4425 1739 4494 regina,
1770 4427 2069 4481 testamenti

491 4495 803 4552 auctoritate
818 4497 1187 4551 committitur!
1216 4496 1337 4551 Haec
1352 4495 1441 4550 tibi
1463 4495 1730 4565 praebeant
1746 4497 2067 4551 incentivum

490 4568 783 4632 charitatis,
815 4583 919 4621 non
947 4566 1302 4635 Spectaculum
1326 4567 1569 4622 vanitatis
1598 4583 1611 4617 :
1639 4565 1719 4619 his
1735 4568 1875 4621 enim
1891 4567 2068 4621 omni-

488 4637 589 4691 bus
639 4637 705 4693 ad
756 4653 919 4692 unum
965 4651 1187 4692 necesse
1235 4646 1318 4691 cst
1356 4645 1415 4690 ut
1455 4637 1778 4700 contendas;
1816 4640 2067 4706 quoniam

492 4722 654 4762 unum
682 4719 763 4762 est
791 4710 1167 4763 necessarium.
1206 4706 1335 4761 Illud
1364 4718 1445 4762 est
1474 4723 1657 4767 unttm,
1685 4708 1827 4776 quod
1856 4724 1958 4761 non
1982 4709 2066 4762 in-

492 4780 705 4832 venitur
731 4779 830 4831 nisi
856 4779 907 4831 in
932 4792 1057 4839 uno,
1081 4777 1220 4848 apud
1245 4794 1428 4845 unum,
1452 4792 1572 4848 cum
1597 4794 1721 4843 uno,
1740 4778 1878 4845 apud
1908 4794 2068 4848 quem

489 4862 596 4903 nan
625 4856 707 4903 est
752 4847 1138 4915 transmutatio,
1172 4865 1271 4903 nec
1308 4847 1682 4903 vicissitudinis
1710 4847 2062 4903 obumbratio.

486 4918 586 4986 Qui
605 4918 933 4989 adltteretei,
964 4934 1099 4973 unus
1119 4934 1239 4973 cum
1268 4932 1333 4973 eo
1362 4918 1579 4989 spiritus
1608 4916 1852 4981 efficitur,
1884 4932 2057 4973 trans-

486 4989 604 5044 iens
650 4989 702 5043 in
742 4987 868 5059 illud
898 5003 1078 5053 unum,
1108 4990 1246 5059 quod
1292 4987 1505 5058 semper
1531 4989 1671 5043 idem
1696 4998 1797 5054 est,
1839 4999 1893 5042 et
1917 4990 2067 5059 cujus

485 5060 612 5113 anui
643 5075 749 5113 non
777 5057 1048 5113 deficiunt.
1077 5057 1328 5130 Adhmsio
1355 5057 1452 5114 ista
1479 5059 1754 5114 charitatis
1773 5060 1922 5129 quasi
1943 5057 2065 5130 spe-

488 5130 639 5182 cialis
663 5140 744 5183 est
769 5138 986 5183 ornatus
1012 5129 1132 5182 linis
1156 5138 1211 5182 ct
1239 5129 1463 5183 fimbria.

482 5198 709 5255 CAPUT
735 5199 922 5271 Χίμ-έ
948 5197 1024 5252 De
1037 5200 1300 5253 dilectione
1320 5199 1414 5271 Dei
1426 5210 1476 5253 et
1504 5200 1741 5271 proximi,
1765 5216 1825 5254 ac
1852 5201 2067 5270 primum

623 5280 677 5324 ut
700 5270 753 5324 in
779 5270 1063 5339 proximum
1088 5269 1361 5324 exercenda
1390 5287 1423 5323 a
1445 5269 1924 5325 sanctimonialibtts.

557 5339 732 5395 Vestis
758 5341 953 5410 quippe
998 5339 1246 5410 nuptialis
1287 5356 1351 5395 ex
1384 5340 1633 5396 virtutum
1663 5343 1918 5396 varietate
1942 5358 2067 5397 con-

484 5418 663 5474 texta,
711 5419 922 5480 oportet
964 5420 1021 5464 ut
1063 5410 1285 5464 fimbriis
1328 5412 1557 5479 aureis,
1583 5411 1634 5465 id
1675 5420 1759 5466 est
1796 5414 2067 5468 charitatis

483 5481 858 5550 spIendoribus
880 5481 1161 5543 ambiatur,
1184 5496 1302 5551 qua:
1319 5496 1507 5535 omnes
1533 5482 1755 5537 virtutes
1775 5486 2062 5550 contineat,

483 5560 540 5607 et
566 5552 895 5618 constringat
924 5551 974 5604 in
1003 5568 1185 5618 unum,
1229 5562 1283 5605 et
1324 5568 1470 5606 suam
1505 5553 1826 5621 singularem
1865 5556 2069 5609 clarita-

485 5630 594 5676 tem
627 5622 957 5691 impcrtiens,
985 5621 1052 5675 de
1078 5622 1260 5677 multis
1277 5638 1437 5676 unum
1466 5622 1639 5686 faciat,
1663 5633 1858 5678 etcum
1888 5626 2067 5681 multis

483 5694 574 5746 “ani
596 5691 867 5745 adhaereat
883 5708 898 5756 ;
914 5703 969 5745 ut
982 5692 1091 5761 jam
1108 5693 1284 5746 omnia
1308 5710 1409 5747 non
1432 5694 1538 5748 sint
1561 5693 1743 5756 multa,
1766 5694 1859 5749 sed
1877 5711 2060 5751 unum.

483 5760 731 5817 Charitas
770 5771 944 5815 autem
974 5760 1029 5815 in
1054 5764 1160 5816 duo
1189 5763 1459 5829 dividitur,
1491 5764 1544 5818 in
1591 5763 1683 5817 Dei
1716 5763 1959 5820 videlicet
1988 5767 2067 5820 di-

507 5831 771 5903 ectionetn
802 5840 857 5884 et
882 5832 1126 5903 proximi.
1155 5833 1321 5903 Porro
1347 5834 1561 5888 dilectio
1590 5834 1815 5903 proximi
1859 5836 1914 5890 in
1960 5836 2066 5892 duo

491 5898 861 5967 subdividitur,
884 5898 944 5953 in
972 5901 1325 5956 innocentiam
1347 5913 1399 5956 et
1425 5898 1845 5972 beneficentiam,
1875 5905 2065 5973 videli-

1987 434 2345 494 APPENDIX.

3632 440 3771 501 1464

2197 562 2294 626 cet»
2324 559 2385 607 ut
2421 550 2551 607 nulli
2600 564 2793 626 noceas
2829 592 2844 619 ,
2866 550 3190 626 _benefacias
3232 552 3428 625 quibus
3480 555 3721 626 potueris
3751 571 3766 610 :

2196 624 2455 693 scriptum
2486 630 2570 677 est
2595 622 2808 693 quippe,
2849 623 2998 689 Quod
3023 625 3109 678 tibi
3131 641 3232 680 non
3251 622 3332 679 vn
3354 622 3498 693 ﬁeri,
3540 625 3693 680 alteri
3716 642 3775 681 tte

2196 692 2372 776 [aegris
2395 692 2544 776 (To_b_.
2571 692 2650 776 tv,
2675 694 2767 776 I6)
2792 711 2805 747 :
2833 703 2888 776 et
2912 695 3025 776 haec
3048 692 3367 750 innocentia.
3400 696 3469 751 Et
3504 696 3765 776 Dominus

2196 763 2250 818 in
2271 763 2579 835 Evangelio,
2607 763 2811 831 Omnia,
2840 764 3027 834 inquit,
3065 782 3390 835 quiscumque
3428 766 3584 822 vultis
3606 776 3663 821 ut
3690 766 3769 834 [a-

2194 836 2328 910 eianl
2356 834 2492 910 vobis
2514 834 2762 910 homines,
2789 844 2833 910 et
2857 849 2944 890 vos
2972 834 3119 906 facile
3144 835 3247 910 illis
3267 834 3485 910 (licuit.
3510 852 3585 893 vn
3626 835 3765 910 42):

2198 904 2316 960 haec
2364 904 2732 978 beneficentia.
2788 904 3055 978 Quantum
3091 906 3164 978 ad
3202 915 3254 961 te
3293 907 3402 961 duo
3450 908 3550 978 ista
3606 904 3767 978 perti-

2194 983 2380 1041 neant,
2423 975 2703 1044 diligenter
2749 976 2984 1031 adverte.
3015 976 3251 1032 Primum
3281 986 3345 1031 ut-
3369 977 3503 1032 nulli
3536 975 3762 1042 noceas;

2192 1045 2384 1101 deinde
2406 1057 2462 1101 ut
2491 1047 2618 1101 nulli
2639 1046 2768 1101 velis
2792 1062 3005 1102 nocere.
3031 1048 3264 1102 Primum
3292 1047 3424 1102 illud
3457 1048 3613 1105 facile
3652 1049 3758 1111 tibi,

2193 1130 2443 1188 cuminec
2471 1115 2521 1188 id
2558 1116 2727 1188 possis
2763 1117 2863 1172 nisi
2891 1115 3027 1188 forte
3049 1117 3233 1188 lingua
3274 1120 3650 1188 percusseris:
3685 1133 3761 1173 sec

2191 1187 2422 1259 cundum
2465 1187 2614 1259 illud,
2645 1202 2752 1259 non
2777 1188 2879 1243 erit
2907 1187 3152 1253 difficile,
3168 1188 3214 1242 si
3244 1187 3571 1259 propositum
3597 1199 3762 1244 atten-

2191 1255 2286 1327 das
2313 1265 2494 1322 tuum;
2515 1257 2867 1327 siprofessam
2888 1259 3137 1314 dilexeris
3159 1255 3470 1314 nuditatem.
3487 1258 3604 1316 Non
3626 1258 3758 1314 enim

2192 1326 2285 1381 tibi
2312 1328 2506 1397 poterit
2531 1326 2655 1398 erga
2683 1328 2909 1397 aliquam
2937 1344 3058 1384 esse
3086 1329 3240 1384 malae
3268 1329 3556 1386 voluntatis
3595 1342 3756 1384 maleo

2190 1400 2289 1471 ria,
2323 1398 2408 1471 ubi
2436 1398 2695 1471 cupiditas
2724 1398 2889 1471 nulla,
2922 1399 3011 1453 ubi
3031 1399 3160 1471 nihil
3183 1398 3448 1471 diligitur,
3477 1399 3617 1471 quod
3644 1415 3758 1470 pos.

2190 1470 2259 1540 sit
2285 1466 2519 1540 auferri;
2542 1469 2673 1522 nihil
2698 1469 2919 1535 tollitur,
2945 1469 3086 1540 quod
3113 1466 3307 1525 debeat
3327 1466 3511 1540 amari:
3539 1466 3750 1526 Detnum

2188 1537 2325 1611 bene
2348 1539 2478 1593 velis
2498 1540 2764 1611 omnibus,
2793 1537 2980 1611 prosis'
3001 1540 3192 1611 quibus
3216 1539 3411 1611 possis.
3450 1541 3504 1596 In
3531 1556 3651 1611 quo,
3673 1540 3748 1595 in-

2188 1608 2340 1683 quis;
2371 1624 2490 1683 cum
2521 1609 2652 1664 mihi
2680 1624 2782 1683 non
2797 1610 2967 1683 liceat
2997 1608 3082 1667 vel
3109 1608 3401 1679 modicum,
3428 1608 3569 1683 quod
3593 1626 3745 1681 egea-

2189 1678 2602 1750 tjbustribuatn,
2633 1680 2937 1750 possidere?

2186 1746 2411 1805 CAPUT
2686 1749 2759 1805 De
2786 1751 3012 1821 exemplo
3048 1750 3229 1806 Mat-ite
3264 1760 3312 1806 et
3336 1749 3579 1819 Martlue,
3607 1750 3745 1823 deque

2607 1822 2708 1893 vita
2724 1823 2885 1893 activa
2899 1832 2946 1876 et
2967 1823 3372 1893 contemplativa.

2257 1891 2501 1962 Agnosce
2547 1891 2903 1947 conditionem
2949 1902 3117 1955 tuam,
3163 1891 3495 1950 charissima.
3536 1893 3750 1948 Παιδο-

2186 1975 2337 2016 rores
2362 1970 2515 2016 erant
2545 1962 2748 2017 Martha
2776 1972 2833 2018 et
2863 1963 3023 2017 Maria
3060 1981 3073 2017 :
3109 1963 3383 2019 laborabat
3409 1965 3518 2027 illa,
3548 1962 3751 2019 vacabat

2185 2030 2311 2096 ista;
2346 2033 2432 2087 illa
2454 2033 2725 2103 erogabat,
2763 2033 2861 2089 ista
2898 2033 3139 2101 petebat;
3170 2032 3256 2088 illa
3295 2035 3579 2103 praestabat
3607 2034 3746 2090 obse-

2183 2103 2386 2174 quium,
2413 2103 2511 2174 ista
2547 2103 2819 2174 nutriebat-
2846 2103 3110 2159 affectum.
3155 2104 3391 2174 Denique
3428 2121 3534 2160 non
3580 2106 3750 2160 ambu-

2185 2171 2322 2245 lans,
2351 2173 2433 2245 vel
2462 2173 2764 2245 discurrens
2792 2173 2895 2229 huc
2914 2184 3070 2245 atque
3099 2175 3242 2239 illuc,
3264 2171 3369 2231 non
3390 2175 3456 2231 de
3471 2176 3747 2245 suscipiat:

2183 2241 2266 2296 dis
2283 2243 2579 2314 hospitibus
2597 2244 2842 2310 sollicita,
2861 2260 2966 2299 non
2985 2241 3112 2299 cura
3129 2246 3205 2301 rei
3223 2246 3493 2301 familiaris
3509 2241 3745 2308 distenta,

2183 2329 2289 2387 non
2329 2330 2618 2387 pauperum
2663 2315 2986 2370 clamoribus
3015 2316 3213 2387 intenta
3245 2317 3468 2373 sedebat
3508 2316 3573 2372 ad
3601 2315 3746 2387 pedes

2180 2382 2411 2450 Jesu,'et
2434 2382 2684 2440 audiebat
2703 2387 2920 2441 verbum
2951 2386 3109 2440 illius.
3165 2386 3290 2441 Haec
3334 2402 3454 2455 pars
3482 2382 3743 2448 tuafcha-

2180 2455 2410 2527 rissitna,
2442 2471 2559 2527 quae
2581 2456 2777 2510 saecqu
2804 2465 3011 2510 mortua
3038 2466 3196 2526 atque
3225 2458 3452 2527 sepulta,
3480 2456 3637 2513 surda
3662 2458 3741 2527 de:

2180 2524 2276 2595 bes
2302 2540 2421 2580 esse
2450 2526 2515 2579 ad
2564 2527 2740 2580 omnia
2770 2526 2949 2581 saeculi
2980 2524 3342 2582 blandimenta
3370 2526 3646 2595 audienda,
3683 2525 3742 2582 ad

2180 2594 2499 2663 loquendum
2527 2604 2669 2650 muta
2702 2614 2714 2650 :
2757 2612 2856 2651 nec
2883 2597 3044 2653 debes
3086 2597 3338 2663 distendi,
3377 2599 3470 2654 sed
3507 2597 3734 2663 extendi;

2180 2665 2409 2738 impleri,
2458 2682 2567 2720 non
2613 2665 2905 2738 exhauriri.
2979 2669 3311 2738 Exsequatur
3364 2679 3562 2738 partem
3602 2682 3737 2724 suam

2177 2735 2381 2808 Martha
2416 2754 2431 2791 :
2468 2753 2585 2806 qua:
2615 2737 2738 2792 licet
2780 2753 2885 2792 non
2914 2735 3148 2808 negetur
3181 2740 3337 2805 bona,
3366 2735 3541 2794 'Maria
3580 2750 3739 2793 tamen

2177 2806 2368 2879 melior
2393 2807 2729 2879 praedicatur.
2756 2806 3022 2879 Numquid
3066 2809 3250 2863 invidit
3298 2809 3518 2865 Marthae
3559 2808 3737 2865 Maria?

2177 2875 2266 2930 illa
2297 2878 2469 2950 potius
2498 2877 2605 2932 isti.
2637 2879 2712 2933 Ita
2739 2875 3165 2950 etiam-quaequa:
3193 2881 3410 2950 optima:
3435 2880 3672 2936 videntur
3691 2879 3739 2950 in

2176 2948 2392 3013 smculo,
2424 2958 2565 3001 tuam
2594 2950 2756 3003 vitam
2795 2947 3132 3016 tetnulcultir,
3178 2947 3283 3005 non
3331 2951 3531 3006 illarum
3564 2961 3639 3004 ιιι.
3665 2947 3737 3003 Ad

2176 3016 2295 3072 illos
2323 3027 2529 3088 spectat
2554 3019 3014 3091 eleetnosynarum
3042 3021 3269 3090 largitio,
3295 3037 3516 3091 quorum
3540 3030 3623 3076 est
3641 3030 3736 3074 ter-

2176 3102 2319 3161 rena
2347 3089 2633 3161 possessio,
2666 3091 2747 3145 vel
2773 3089 2965 3161 quibus
3009 3089 3212 3148 credita
3251 3089 3335 3148 est
3382 3107 3553 3147 rerum
3573 3091 3736 3148 eccle-

2175 3157 2508 3213 siasticarum
2538 3157 2885 3230 dispensatio.

2174 3252 2400 3309 CAPUT
2437 3252 2596 3308 XLII.
2627 3284 2700 3295 —
2725 3253 2805 3309 De
2828 3271 2994 3310 rerum
3021 3255 3468 3311 ecclesiasticarum
3488 3253 3725 3324 dispensa-

2884 3328 3035 3381 tione.

2244 3394 2374 3462 Qua:
2402 3394 2543 3449 enim
2570 3398 2923 3452 sacrosanctis
2962 3397 3201 3452 ecclesiis
3240 3411 3269 3450 a
3300 3396 3541 3452 fidelibus
3563 3395 3727 3452 collata

2176 3475 2320 3531 sunt,
2361 3466 2615 3536 episcopi,
2644 3467 2946 3523 sacerdotes
2973 3477 3027 3523 et
3052 3467 3231 3523 clerici
3259 3467 3601 3538 dispensanda
3630 3478 3729 3538 sus:

2176 3535 2405 3609 cipiunt,
2454 3544 2519 3609 et_
2559 3552 2662 3609 non
2712 3539 3083 3609 recondenda;
3143 3554 3247 3592 non
3288 3535 3612 3609 possidenda,
3648 3535 3727 3591 sed

2175 3606 2462 3679 eroganda.
2491 3605 2758 3677 Quidquid
2792 3609 3007 3674 habent,
3031 3605 3325 3679 pauperum
3353 3621 3456 3672 est,
3485 3608 3726 3679 viduarum

2177 3686 2232 3749 ct
2251 3676 2631 3749 o’rpltanorum,
2654 3676 2711 3749 ct
2735 3694 2916 3734 eorum
2944 3676 3047 3749 qui
3073 3676 3223 3734 altari
3252 3680 3650 3749 deserviunt,_ut
3668 3676 3724 3749 de

2176 3746 2325 3802 altari
2359 3749 2552 3802 vivant.
2600 3747 2705 3820 Sed
2752 3764 2815 3805 ea
2859 3746 2977 3820 quat
3026 3751 3077 3805 in
3110 3764 3233 3805 usus
3262 3766 3532 3806 servorum
3558 3746 3723 3820 Christi

2178 3820 2516 3873 monasteriis
2538 3816 2898 3886 conferuntur,
2926 3836 2956 3875 a
2990 3821 3151 3877 certis
3196 3823 3442 3891 personis
3465 3816 3721 3891 dispensari

2177 3898 2406 3960 oportet,
2437 3901 2490 3943 ut
2510 3891 2651 3960 quod
2676 3890 3075 3946 necessitatibus
3104 3901 3351 3960 superest
3384 3893 3607 3957 fratrum,
3630 3902 3720 3943 non

2176 3958 2478 4033 includatur
2498 3958 2777 4030 marsupiis
2796 3978 2810 4026 ;
2833 3964 2928 4017 sed
2945 3958 3261 4032 hospitibus,
3285 3962 3569 4033 peregrinis
3584 3970 3719 4031 atque

2175 4031 2496 4101 pauperibus
2510 4039 2784 4101 ferogetur.

2176 4099 2402 4156 CAPUT
2454 4099 2636 4156 XLIII.
2664 4130 2735 4140 —
2763 4100 3066 4157 Claustrales
3108 4119 3209 4157 non
3250 4102 3426 4158 debent
3480 4115 3715 4172 pauperat!

2598 4180 2642 4225 et
2662 4174 2913 4243 hospitum
2933 4190 3055 4227 cura
3074 4173 3309 4229 distendi.

2246 4241 2312 4295 Et
2356 4241 2459 4314 hoc
2502 4241 2708 4296 illorum
2756 4240 3002 4308 interest,
3043 4244 3237 4313 quibus
3269 4259 3391 4314 pars
3417 4252 3493 4298 est
3528 4240 3712 4314 Marthae

2175 4311 2479 4382 commissa,
2512 4329 2614 4366 nou
2646 4313 2733 4382 qui
2783 4314 2998 4368 salutari
3049 4311 3161 4369 utio
3202 4311 3397 4370 vacant
3421 4330 3527 4369 cum
3555 4311 3708 4382 Maria.

2176 4381 2257 4457 _I_ta_
2282 4382 2650 4457 claustralibus
2667 4381 2816 4457 nulla
2845 4384 3005 4457 debet
3031 4399 3150 4439 esse
3181 4401 3277 4457 pro
3303 4384 3592 4457 pauperibus
3614 4381 3708 4457 sol-

2174 4452 2408 4516 licitudo,
2442 4453 2585 4506 nulla
2618 4468 2713 4522 pro
2755 4452 3050 4522 hospitibus
3081 4452 3432 4523 suscipiendis
3467 4452 3702 4523 distentio;

2174 4523 2370 4592 quippe
2399 4524 2591 4592 quibus
2617 4520 2758 4578 nulla
2782 4520 2938 4579 debet
2961 4540 3080 4580 esse
3094 4526 3162 4580 de
3185 4520 3421 4581 crastino
3438 4539 3557 4585 cura.
3578 4520 3703 4575 nulla

2172 4595 2276 4668 cibi
2304 4594 2384 4647 vel
2402 4665 2410 4668 _
2428 4602 2590 4668 putus
2602 4595 2936 4668 providentia
2971 4614 2983 4649 :
3017 4598 3321 4651 nutriantur
3350 4598 3508 4668 potius
3529 4593 3580 4668 in
3594 4604 3700 4647 cro-

2173 4666 2303 4729 ceis,
2334 4664 2695 4733 spiritualihus
2722 4676 3023 4733 pascantur.
3045 4668 3215 4721 Altius
3239 4663 3417 4723 autem
3442 4666 3489 4721 hi
3510 4663 3708 4734 quicun-

2173 4742 2279 4789 tem
2287 4736 2494 4806 ptibiles
2507 4744 2629 4789 sunt
2644 4736 2912 4790 constituti
2932 4736 2997 4790 ad
3010 4736 3378 4806 judicandum,
3392 4737 3708 4804 amplexantur

2172 4813 2429 4880 stercora.
2460 4805 2560 4880 Ipsi
2590 4807 2785 4876 quippe
2810 4814 2934 4861 sunt
2975 4808 3158 4877 boves,
3186 4805 3412 4880 quorum
3446 4808 3569 4878 piger
3592 4811 3710 4858 ster-

2171 4876 2384 4931 eoribus
2403 4875 2682 4944 Iapidatur.

2170 4967 2395 5024 CAPUT
2420 4965 2755 5042 _XI.lV.__-;—
2799 4968 3177 5042 Administratio
3220 4970 3551 5042 temporalium
3585 4966 3703 5019 haud

2226 5039 2450 5093 convenit
2474 5038 2748 5105 cantabitis,
2784 5040 3038 5110 multoque
3070 5042 3235 5096 minus
3259 5037 3439 5115 virgini
3458 5037 3651 5096 reclusa.

2241 5127 2375 5202 sunt
2400 5130 2540 5184 enim
2578 5129 2813 5202 quidam,
2846 5131 2935 5201 qui
2964 5132 3104 5186 circa
3132 5132 3425 5202 spiritualia
3446 5125 3628 5202 desides
3658 5134 3701 5181 et

2173 5200 2312 5271 pigri
2345 5200 2522 5272 instar,
2554 5197 2734 5272 populi
2772 5197 3082 5271 peccatoris,
3131 5197 3292 5272 super
3316 5217 3499 5259 manna
3522 5197 3701 5253 caeleste

2171 5279 2451 5344 nauseant,
2479 5271 2823 5344 videntesquc
2862 5273 2993 5327 alios
3020 5275 3157 5328 circa
3185 5271 3485 5344 temporalia
3509 5281 3699 5336 occupa-

2173 5351 2276 5414 tos,
2302 5340 2559 5414 invident,
2600 5340 2905 5414 detrahunt,
2949 5340 3314 5410 murmurant,
3335 5353 3391 5400 et
3433 5356 3515 5414 pro
3535 5348 3700 5414 sterco-

2173 5413 2342 5478 ribus,
2391 5412 2584 5481 quibus
2628 5413 2724 5481 ipsi
2770 5412 3053 5479 foedantur,
3096 5414 3194 5469 zeli
3236 5408 3298 5469 et
3343 5408 3700 5470 amaritudinum

2173 5482 2415 5557 stimulos
2438 5482 2612 5557 ferunt
2641 5500 2654 5535 :
2686 5484 2752 5538 de
2780 5483 2969 5557 quibus
2992 5485 3036 5539 si
3063 5483 3200 5557 forte
3224 5484 3457 5557 aliquam
3476 5492 3699 5557 tempora:

2173 5554 2298 5608 lium
2324 5551 2772 5626 dispensationem
2800 5547 2997 5609 fuerint
3018 5555 3219 5626 adepti,
3243 5547 3596 5611 convenienter
3618 5547 3703 5602 dici

2173 5632 2346 5697 potest
2345 5641 2387 5697 _:
2401 5623 2513 5697 Qui
2531 5625 2707 5697 nutriti
2724 5635 2863 5697 erant
2886 5626 2937 5679 in
2953 5623 3159 5691 croceis,
3186 5626 3456 5697 amplexati
3476 5627 3580 5697 sum
3599 5629 3704 5672 8m-

2173 5692 2292 5771 cortt
2320 5692 2635 5771 (Thren._tv,
2665 5696 2739 5771 5).
2764 5696 3076 5771 Cumigitur
3098 5711 3198 5751 nec
3232 5692 3356 5764 illis,
3383 5698 3466 5769 qui
3491 5696 3540 5749 in
3555 5702 3707 5771 ρωηρο

2173 5766 2274 5839 biis
2298 5765 2440 5839 sunt,
2457 5765 2658 5839 quibus
2685 5765 2736 5820 in
2769 5765 2971 5821 Martha
3003 5784 3105 5839 non
3130 5782 3287 5836 parva
3314 5765 3702 5839 οοὼηιωιίοςβς.

2173 5836 2311 5890 circa
2334 5827 2556 5904 plurima
2582 5839 2826 5910 occupari
2847 5827 3156 5910 conceditur
3171 5856 3185 5900 ;
3203 5850 3401 5910 quanto
3421 5838 3586 5894 minus
3608 5827 3704 5910 libi.

2173 5921 2292 5989 qute
2336 5898 2395 5960 ἰθ
2452 5914 2612 5971 totam
2660 5898 2732 5967 de
2771 5908 2965 5965 sarculo
3019 5898 3237 5981 emisti;
3289 5911 3373 5976 cui
3419 5921 3520 5976 non
3560 5898 3703 5967 δοιιιιη
