3888 6426
519 493 649 556 Im

516 611 750 680 “etiam,
779 621 834 670 et
857 614 1060 671 tristem
1089 623 1195 671 tam
1221 613 1359 671 dulci
1387 613 1756 683 respicientem
1777 614 1953 676 oculo.
1975 622 2081 670 tam

517 684 665 740 suavi
689 699 820 740 voce
849 685 1132 750 dicentem.
1166 685 1350 740 Maria.
1387 685 1522 753 Quid
1555 687 1652 740 hac
1694 700 1826 738 voce
1853 685 2080 751 dulcius,

517 753 642 826 quid
669 755 901 820 suavius,
934 756 1059 826 quid
1091 756 1396 826 jucundius,
1433 753 2082 826 Mariafliumpttntut‘rad

518 823 652 896 hanc
677 840 857 881 vocem
873 823 1060 881 omnes
1083 823 1269 896 capitis
1287 834 1582 890 cataractre,
1605 825 1672 880 ab
1687 823 1817 895 ipsis
1839 824 2082 896 medullis

1513 911 1579 951 ue
1613 895 1838 966 suspiria
1867 895 2082 966 abimis

517 893 798 968 eliciuntur
837 896 1106 968 lacrytnze,
1133 893 1396 968 singultus

1557 970 1671 1020 ata‘.
1705 963 1828 1036 quid
1865 963 1955 1018 tibi
1986 979 2082 1033 pro

1421 912 1447 949 τι

515 964 798 1020 trahuntur
839 964 1149 1023 visceribus.
1193 965 1381 1021 Maria.
1409 965 1455 1022 0

517 1036 719 1090 meritis
747 1034 866 1102 fuit,
897 1036 1020 1106 quid
1053 1036 1237 1103 animi,
1263 1052 1384 1092 cum
1414 1037 1480 1092 ad
1510 1035 1648 1091 hanc
1673 1034 1854 1090 vacem
1885 1044 1936 1090 te
1957 1049 2081 1105 pro-

515 1113 800 1172 sterneres,
839 1117 890 1162 et
937 1107 1167 1163 reddens
1214 1122 1400 1163 vocem
1449 1107 1695 1162 salutanti
1746 1106 2078 1172 inclamares,

519 1174 784 1249 Rabboni?
810 1177 945 1249 Quo,
982 1193 1130 1249 rogo,
1155 1177 1510 1249 affec_tu,gqu9_
1524 1175 1806 1249 desiderio,
1823 1176 2081 1249 __mcnt_is-

515 1259 620 1313 que
647 1246 838 1302 ardore
871 1245 1134 1314 clamasti,
1160 1245 1429 1303 Rabboni?
1466 1246 1596 1300 Nam
1626 1247 1773 1315 plura
1803 1245 1981 1315 dicere
2001 1247 2080 1299 la-

514 1329 710 1384 crymae
760 1315 1078 1386 prohibent,
1133 1333 1254 1373 cum
1305 1331 1491 1371 vocem
1539 1314 1779 1371 occludat
1827 1314 2074 1386 allectus,

513 1385 806 1457 omnesque
849 1385 1410 1457 animzecorporisque
1449 1402 1657 1449 sensus,
1693 1386 1885 1457 nimius
1921 1385 2082 1457 ardor

510 1454 809 1512 absorbeat.
839 1454 967 1520 Sed.
1000 1473 1032 1511 ο
1060 1454 1232 1513 dulcis
1259 1454 1404 1520 Iesu,
1441 1470 1537 1510 cur
1560 1471 1589 1508 a
1617 1455 1990 1511 sacratissimis
2015 1471 2079 1512 ac

511 1523 971 1598 desideratissimis
1009 1527 1230 1598 pedibus
1267 1526 1371 1598 tuis
1406 1526 1484 1580 sic
1519 1541 1666 1580 arces
1707 1525 2011 1598 amantem?
2034 1526 2078 1582 Ο

510 1596 727 1669 verbum
761 1597 983 1669 dpruml
1011 1594 1175 1669 '_Noli.
1221 1597 1406 1669 inquit,
1443 1613 1522 1650 me
1546 1606 1746 1666 tangere
1775 1594 2074 1669 (Joan._xx,

515 1665 602 1733 l6,
637 1665 746 1738 l7).
772 1665 991 1737 thuid,
1020 1667 1280 1722 Domine?
1301 1668 1474 1738 Quare
1494 1681 1597 1721 non
1625 1665 1833 1738 tangam
1862 1665 2076 1738 deside-

510 1745 622 1790 rata
653 1734 739 1790 illa
767 1734 988 1807 vestigia
1017 1745 1102 1791 tua
1133 1752 1227 1807 pro
1253 1752 1338 1792 me
1359 1735 1617 1806 perforata
1649 1734 1831 1807 clavis,
1867 1734 2076 1807 perfusa

510 1805 796 1876 sanguine?
810 1804 928 1862 Non
948 1804 1175 1874 tangam,
1194 1822 1298 1862 non
1320 1804 1698 1861 deosculabor?
1717 1807 1794 1860 An
1818 1804 2077 1860 inimicior

510 1891 566 1928 es
590 1891 681 1948 eo,
710 1876 829 1946 quia
855 1876 1165 1948 gloriosior?
1195 1876 1352 1942 Ecce,
1369 1891 1475 1948 non
1493 1876 1752 1930 dimittam
1777 1884 1847 1948 te,
1865 1890 2078 1948 nonre-

510 1943 759 2018 cedamua
783 1943 988 2012 tefnon
1018 1961 1229 2018 parcam
1268 1947 1530 2018 lacrymis,
1564 1955 1742 2018 pectus
1762 1946 2076 2018 singultibus

511 2015 858 2087 suspiriisque
882 2015 1172 2086 rumpetur,
1202 2017 1302 2072 nisi
1333 2015 1573 2087 tangam.
1595 2017 1658 2070 Et
1685 2017 1772 2070 ille
1802 2034 1813 2069 :
1849 2015 1971 2087 Noli
1998 2031 2076 2070 me

509 2095 730 2152 tangere.
760 2085 878 2143 Noli
932 2085 1146 2152 timere;
1179 2103 1284 2142 non
1316 2085 1550 2142 aufertur
1585 2087 1674 2140 tibi
1720 2087 1911 2141 bonum
1952 2085 2070 2150 hoc,

508 2154 613 2210 sed
637 2154 876 2213 dill‘ertur
909 2175 926 2214 :
971 2158 1102 2212 vade
1144 2165 1341 2224 tamen,
1375 2166 1429 2211 et
1456 2157 1634 2211 nuntia
1663 2155 1910 2211 fratribus
1942 2157 2074 2211 meis

508 2226 629 2295 quia
675 2228 899 2282 surrexi.
943 2227 1118 2282 Currit
1153 2229 1258 2283 cito
1295 2225 1477 2282 volens
1525 2227 1715 2281 redire.
1763 2225 1915 2280 Redit
1952 2243 2074 2282 cum

508 2296 624 2366 aliis
652 2295 979 2353 mulieribus.
1007 2298 1206 2366 Quibus
1233 2298 1383 2352 Iesus
1413 2312 1697 2351 occurrens
1717 2297 1900 2350 blanda
1930 2297 2072 2351 salu-

507 2365 726 2437 t_atione,
747 2366 980 2436 deiectas
1000 2365 1076 2422 sic
1090 2369 1263 2437 erigit,
1285 2369 1460 2423 tristes
1475 2367 1796 2421 consolatur.
1817 2367 2069 2422 Adverte.

507 2434 655 2509 Tunc
680 2445 762 2492 est
784 2434 984 2504 datum,
1014 2439 1152 2509 quod
1173 2434 1304 2494 ante
1333 2438 1429 2509 luit
1452 2438 2074 2509 dilatumtpAecesscrunt

504 2507 648 2562 enim
663 2517 718 2564 et
742 2506 1200 2578 tenueruntpedes
1227 2509 1358 2578 ejus.
1380 2508 1474 2562 Hie
1501 2506 1748 2577 quamdiu
1771 2516 1939 2576 putes,
1969 2508 2073 2578 vir-

503 2591 593 2647 go,
621 2592 847 2634 morare.
874 2577 988 2633 Non
1016 2578 1110 2633 has
1133 2577 1347 2634 delicias
1379 2591 1493 2632 tuas
1525 2592 1742 2633 somnus
1766 2577 2067 2647 interpolet,

507 2646 684 2718 nullus
702 2650 935 2718 exterior
961 2650 1215 2704 tumultus
1241 2649 1507 2718 impediat.

505 2714 730 2774 CAPUT
770 2717 951 2774 LXVI.
994 2749 1065 2760 -——
1102 2719 1174 2774 De
1216 2714 1390 2773 mundi
1435 2728 1481 2772 et
1537 2734 1704 2772 rerum
1753 2719 2071 2788 prwsentium

1133 2801 1323 2844 contem
1330 2800 1434 2844 Diu.

1133 2809 1434 2859 contemptu.

576 2855 773 2914 Verum
802 2861 922 2931 quia
953 2861 1002 2915 in
1035 2860 1132 2916 hac
1171 2861 1364 2915 misera
1394 2861 1494 2931 vita
1539 2860 1671 2914 nihil
1697 2858 1906 2921 stabile,
1938 2859 2070 2914 nihil

505 2937 761 3002 aeternum
808 2930 920 2998 est,
972 2947 1234 3002 nunquam
1283 2932 1334 3002 in
1378 2930 1567 2985 eodem
1615 2939 1751 3002 statu
1799 2938 2072 3002 permanet

505 2997 700 3065 homo;
736 2997 951 3056 necesSe
979 2997 1184 3066 est,'ut
1227 3001 1401 3056 anima
1433 3009 1630 3065 nostra,
1670 2997 1811 3054 dumi
1827 3000 2066 3066 vivimus,

503 3068 728 3142 quadam
760 3073 1011 3128 varietate
1037 3082 1300 3142 pascatur.
1335 3071 1484 3127 Unde
1514 3088 1542 3124 a
1576 3071 1955 3138 praeteritorum
1983 3086 2070 3124 re-

503 3140 809 3212 cordatione
835 3141 899 3195 ad
935 3140 1312 3212 experientiam
1341 3142 1675 3211 praesentium
1717 3149 2066 3212 transeamus,

503 3218 562 3263 ut
583 3224 646 3264 ex
674 3211 755 3284 his
779 3227 986 3281 quoque
1006 3210 1258 3284 quantum
1277 3210 1481 3284 anubis
1507 3213 1732 3284 sitDeus
1753 3210 2068 3284 diligendus,

504 3295 690 3354 omnes
707 3281 996 3354 intelligere
1012 3281 1296 3339 valeamus.
1314 3283 1434 3337 Hme
1449 3283 1623 3354 omnia
1641 3285 1851 3354 revolvo
1869 3281 2068 3354 animo,

503 3357 563 3404 ut
591 3351 642 3404 in
667 3366 788 3406 eum
825 3350 965 3407 totus
993 3362 1113 3408 tuus
1140 3354 1434 3408 resolvatur
1458 3351 1694 3407 allectus.
1729 3351 1950 3404 Vilescat
1979 3350 2071 3404 tibi

505 3421 750 3482 mundus,
787 3424 958 3476 omnis
993 3439 1142 3477 amor
1180 3424 1405 3478 carnalis
1450 3422 1739 3478 Sordescat.
1775 3421 1986 3475 Nescias
2021 3430 2072 3475 te

505 3503 626 3562 esse
647 3489 697 3562 in
730 3490 829 3544 hoc
857 3491 1075 3559 mundo,
1104 3509 1221 3562 qute
1245 3494 1309 3545 ad
1342 3491 1479 3556 illus,
1501 3492 1660 3562 quiin
1700 3491 1849 3562 cteIis
1873 3503 1996 3562 sunt
2019 3499 2072 3544 et

505 3557 616 3615 Deo
645 3560 843 3628 vivunt,
892 3571 1034 3616 tuum
1063 3557 1310 3617 amorem
1343 3557 1671 3617 transtulisti.
1707 3560 1804 3617 Ubi
1834 3570 1914 3615 est
1951 3561 2070 3615 the-

504 3639 861 3702 saurustuus,
897 3632 966 3686 ibi
1004 3643 1056 3687 et
1083 3648 1176 3688 eor
1205 3644 1372 3687 tuum.
1411 3633 1521 3687 Noli
1549 3648 1670 3687 cum
1707 3632 1968 3702 argenteis
1993 3631 2068 3685 si-

507 3699 756 3755 mulacris
782 3700 869 3756 vili
910 3705 1176 3772 marsupio
1203 3713 1346 3757 tuum
1389 3703 1656 3757 includere
1694 3699 1948 3765 animum,
1981 3702 2069 3770 qui

504 3784 771 3843 nunquam
789 3787 909 3826 cum
931 3789 1264 3828 nummorum
1286 3773 1520 3843 pondere
1538 3773 1729 3841 poterit
1750 3772 2072 3843 transvolare

503 3838 569 3895 ad
599 3838 792 3913 ctnlnm
815 3860 826 3894 :
848 3855 968 3912 puta
994 3854 1044 3898 te
1069 3838 1304 3913 quotidie
1328 3838 1654 3905 morituram,
1677 3841 1815 3913 etde
1840 3842 2071 3897 crastino

503 3925 609 3966 non
626 3912 896 3984 cogitabis.
925 3912 1040 3968 Non
1059 3912 1108 3969 te
1131 3913 1287 3968 futuri
1309 3913 1558 3984 temporis
1581 3912 1832 3984 sterilitas
1855 3921 2067 3984 terreat,

503 3996 608 4052 non
640 3981 827 4038 futura:
850 3983 1000 4039 famis
1027 3987 1183 4039 timor
1210 3992 1350 4038 tuam
1375 3981 1601 4039 urentem
1622 3983 1851 4052 dejiciat.
1878 3982 1982 4037 Sed
2005 3999 2071 4037 ex

504 4051 618 4120 ipso
649 4061 756 4124 tota
787 4053 973 4109 liducia
1017 4065 1102 4109 tua
1135 4055 1378 4124 pendeat,
1415 4054 1502 4124 qui
1530 4069 1654 4108 aves
1689 4051 1854 4121 pascit
1880 4063 1932 4107 et
1967 4053 2071 4108 lilia

504 4123 678 4177 vestit.
714 4123 828 4193 Ipse
867 4125 935 4179 sit
975 4123 1224 4180 horreum
1275 4123 1447 4188 tuum,
1492 4125 1604 4194 ipse
1644 4123 1919 4192 apotheca,
1960 4123 2072 4192 ipse

502 4196 850 4265 marsupium,
881 4197 992 4265 ipse
1016 4195 1213 4250 divitia:
1233 4205 1353 4260 tuae,
1380 4196 1490 4264 ipse
1514 4193 1664 4248 solus
1684 4194 1751 4247 sit
1777 4194 2070 4265 tibipomnia

501 4262 556 4318 in
573 4262 837 4335 omnibus.
866 4262 929 4320 Et
952 4267 1065 4322 ha-e
1095 4266 1302 4320 interim
1326 4262 1766 4335 deprzesentibns
1787 4263 1914 4317 satis
1943 4264 2067 4317 sint.

607 4333 831 4391 CAPUT
870 4335 1072 4391 LXVII.
1095 4366 1165 4376 —
1187 4335 1327 4389 Mors
1347 4353 1378 4389 a
1415 4333 1600 4390 sanctis
1625 4334 1959 4387 desideratur.

572 4404 670 4472 Qui
709 4416 886 4460 autem
927 4415 1067 4461 tanta
1108 4407 1217 4460 suis
1243 4415 1458 4476 prasstat
1500 4408 1550 4476 in
1583 4405 1846 4474 prteseuti,
1876 4413 2071 4476 quanta

503 4473 606 4528 illis
629 4485 803 4531 servat
835 4478 886 4530 in
920 4476 1133 4532 futuro?
1159 4473 1474 4545 Principium
1514 4473 1826 4538 futuroruu'i,
1869 4474 2072 4545 etlinis

505 4547 841 4625 praesentium
867 4562 1029 4625 mors.
1061 4548 1206 4625 Hanc
1225 4543 1583 4625 cujuscnatura
1615 4543 2074 4625 non‘horretieu-

500 4615 587 4686 jus
617 4631 721 4670 non
747 4618 1048 4686 expavescit
1071 4617 1324 4673 allectus?
1347 4617 1478 4671 Nam
1505 4616 1686 4672 bestiae
1712 4616 1852 4685 fuga,
1883 4615 2072 4669 latibul-

505 4684 590 4748 lis,
614 4694 667 4739 et
702 4684 830 4742 aliis
849 4688 994 4743 mille
1029 4689 1200 4742 modis
1235 4696 1458 4742 mortem
1485 4694 1690 4751 cavent,
1732 4684 1784 4740 et
1810 4688 1967 4740 vitam
1997 4695 2074 4741 lo-

506 4755 796 4828 nentJam
834 4773 972 4813 nunc
1000 4759 1278 4828 diligenter
1319 4757 1552 4818 attende,
1594 4756 1719 4828 quid
1751 4766 1834 4810 tua
1865 4755 1959 4809 tibi
1988 4771 2071 4809 re-

505 4824 761 4893 spondeat
801 4824 1142 4893 eonscientia,
1171 4827 1294 4896 quid
1327 4824 1625 4897 praesumat
1649 4826 1778 4882 fides
1810 4837 1915 4887 tua,
1944 4828 2071 4897 quid

505 4909 626 4964 spes
639 4897 930 4967 promittat,
955 4899 1076 4967 quid
1099 4896 1368 4967 exspectet
1387 4897 1626 4952 allectus.
1651 4899 1705 4952 Si
1733 4898 1834 4949 vita
1865 4905 1952 4967 tua
1980 4896 2072 4952 tibi

502 4965 652 5036 oneri
681 4973 781 5028 est,
809 4966 853 5020 si
879 4965 1103 5022 mundus
1134 4965 1363 5036 fastidio,
1390 4970 1433 5022 si
1460 4984 1585 5022 caro
1608 4967 1811 5031 dolori;
1837 4966 2071 5034 profecto

501 5034 766 5092 desiderio
790 5051 938 5108 mors
974 5049 1056 5091 est
1083 5039 1196 5103 tibi,
1225 5034 1354 5107 quae
1368 5037 1548 5108 jugum
1591 5037 1743 5107 hujus
1772 5036 1947 5108 oneris
1972 5037 2070 5092 de-

577 5108 672 5171 nit,
729 5107 866 5177 tollit
908 5106 1196 5173 fastidium,
1239 5106 1526 5177 corporims
1563 5106 1774 5163 doleres
1818 5107 2068 5162 absumit.

550 5192 614 5232 0c
644 5193 804 5248 unum
831 5176 951 5232 dico
978 5179 1222 5232 omnibus
1251 5176 1433 5232 mundi
1472 5179 1626 5248 hujus
1659 5186 1911 5246 prarslarc
1939 5178 2070 5233 deli-

501 5247 618 5311 ciis,
644 5247 933 5303 honoribus
955 5257 1115 5314 atque
1141 5248 1354 5310 divitiis,
1394 5249 1437 5302 si
1465 5248 1535 5301 ob
1561 5249 1901 5304 conscientia:
1926 5262 2073 5303 sere-

503 5317 739 5381 nitatem.
773 5318 891 5374 fidei
923 5319 1245 5384 firmitatem,
1289 5319 1403 5386 spei
1427 5319 1816 5383 certitudinem,
1846 5327 2070 5373 mortem

503 5403 608 5444 non
649 5389 853 5444 timeas.
882 5389 1033 5457 Quod
1073 5390 1161 5444 ille
1204 5388 1432 5444 maxime
1463 5391 1654 5458 poterit
1692 5388 1940 5457 experiri,
1981 5389 2070 5457 qui

501 5459 692 5543 pilique.
725 5467 965 5543 tempore
1005 5461 1106 5543 sub
1148 5461 1247 5514 hac
1285 5460 1536 5542 servitute
1566 5459 1971 5543 .8-u8pirans,‘in
2008 5461 2073 5513 li-

501 5527 724 5586 berioris
763 5527 1099 5585 conscientia:
1145 5546 1298 5586 auras
1336 5531 1521 5585 evasit.
1563 5529 1686 5584 Haec
1728 5539 1848 5582 sunt
1883 5527 2072 5583 futurae

501 5599 838 5656 beatitudinis
868 5609 969 5655 tuae
997 5601 1239 5671 primitiae
1277 5600 1556 5665 salutares,
1600 5611 1654 5652 ut
1686 5609 1855 5652 morte
1883 5615 2070 5668 supcr-

501 5673 743 5727 veniente
765 5671 1354 5736 naturalemliorrorem
1384 5671 1513 5724 fides
1536 5677 1767 5740 superet,
1796 5683 1914 5739 spes
1937 5678 2072 5724 tem-

503 5740 1232 5812 peretteopscientia‘secura
1260 5741 1496 5812 repellat.

574 5810 800 5867 CAPUT
839 5809 1065 5868 LXVIII.
1088 5842 1159 5852 —
1183 5808 1334 5867 Mors
1351 5813 1491 5883 justo
1529 5809 1779 5882 felicitatis
1812 5808 2002 5882 princi-

1203 5883 1300 5938 ium
1325 5891 1413 5938 est.

576 5947 645 6016 Et
667 5948 786 6009 vide
812 5950 1076 6028 quomodo
1099 5899 1606 6019 magnfigiitudinis
1635 5951 1950 6034 principium
1969 5961 2071 6025 est.

1565 498 1926 556 APPENDIX.
1967 498 2056 556 DE
2091 497 2252 555 VITA
2292 495 2647 555 ERlMlTICA.

3624 501 3744 558 ηπ

2189 614 2424 670 laborum
2450 623 2610 685 meta,
2643 617 2992 685 peremptoria
3025 617 3290 672 vitiorum.
3331 617 3422 674 Sic
3450 619 3591 675 enim
3620 623 3745 677 scri-

2189 694 2349 757 ptum
2379 694 2462 739 est
2478 703 2501 757 Δε
2532 683 2676 757 Beati
2713 683 2915 757 mortui,
2964 689 3049 757 qui
3088 689 3142 741 in
3187 686 3410 742 Domino
3453 691 3744 747 moriuntur.

2188 755 2380 826 Amodo
2407 755 2538 826 enim
2558 756 2671 825 jam
2695 755 2815 808 dicit
2836 755 3077 826 Spiritus,
3099 766 3152 812 ut
3187 759 3501 826 requiescant
3520 776 3550 813 a
3576 761 3747 817 laboric

2188 825 2279 900 bus
2311 827 2414 900 suis
2443 824 2624 895 (Apoc.
2654 841 2763 888 xiv.
2795 824 2906 900 l5).
2937 825 3088 882 Unde
3117 824 3372 900 prgphets
3407 833 3744 900 reproborutn

2187 895 2256 974 ab
2289 891 2590 974 electorum.
2619 905 2787 974 morte
2807 891 3136 974 discernens,
3166 891 3373 964 05mm,
3403 891 3587 974 inquit,
3616 918 3741 974 reges

2188 965 2433 1041 dormiant
2456 965 2510 1019 in
2537 965 2699 1036 gloria
2728 967 2781 1020 in
2805 966 2954 1041 domo
2985 985 3078 1041 sua
3099 982 3119 1021 :
3139 977 3200 1041 tu
3219 979 3389 1041 autern
3421 965 3743 1041 projectus'es

2187 1035 2252 1110 de
2277 1037 2506 1110 sepulcro
2533 1045 2639 1103 tuo,
2664 1037 2996 1110 stirps
3030 1038 3244 1107 inutilis,
3273 1035 3577 1110 pollutus'et
3601 1045 3738 1098 olivo.

2188 1104 2494 1176 lutusllsai.
2510 1121 2626 1176 xlv,
2655 1106 2760 1176 {8.7
2775 1108 2887 1176 l9).

2185 1173 2410 1232 CAPUT
2434 1174 2618 1231 LXIX.
2640 1175 2806 1232 —De
2834 1173 3017 1233 anima:
3040 1195 3068 1231 ε
3091 1195 3303 1250 corpore
3341 1183 3564 1238 mantis
3586 1185 3736 1255 requie

2779 1248 2855 1302 vel
2879 1249 3146 1302 supplicio.

2779 1251 2855 1302 uel
2879 1251 3146 1304 supplicio.

2779 1265 2853 1302 vet
2879 1265 3146 1318 supplicio.

2255 1315 2534 1399 Dormitint
2569 1317 2763 1399 quippe
2799 1318 2851 1399 in
2893 1321 3326 1399 gloria-quorum
3353 1332 3573 1399 mortem
3609 1324 3729 1390 bona

2185 1385 3168 1460 commepdat‘conscientia.'Quoniain
3192 1393 3423 1460 pretiosa
3447 1385 3598 1448 estin
3617 1385 3731 1450 con-

2184 1465 2367 1578 specta
2395 1456 2603 1512 Domini
2645 1473 2787 1512 mors
2814 1469 3114 1514 sanctorum
3138 1456 3273 1530 ejus.
3309 1462 3506 1518 Dormit
3537 1478 3654 1519 sane
3675 1467 3726 1520 in

2184 1541 2216 1578 α
2239 1526 2372 1578 oria.
2412 1529 2563 1578 cuius
2589 1526 2891 1578 dormilimii
2929 1530 3183 1578 assistunt
3213 1533 3421 1578 Annali-
3467 1543 3721 1578 mserum

2182 1526 2372 1602 gloria,
2412 1529 2563 1595 cujus
2589 1526 2892 1602 dormitioni
2929 1526 3183 1602 assistunt
3210 1533 3424 1602 Angeli,
3467 1543 3723 1591 occurrunt

2183 1598 2351 1668 sancti
2381 1605 2433 1650 et
2459 1597 2725 1661 concives,
2755 1614 2907 1654 suum
2949 1600 3243 1668 praebentes
3271 1597 3539 1662 auxilium.
3566 1613 3614 1658 et
3636 1605 3722 1658 im-

2184 1666 2474 1741 pertientes
2490 1668 2756 1741 solatium,
2781 1666 3018 1724 hostibus
3045 1685 3102 1725 se
3117 1682 3411 1741 opponunt,
3432 1674 3722 1730 obsistentes

2182 1736 2462 1813 repellunt,
2483 1737 2757 1813 refellunt
2788 1750 3099 1813 accusantes
3126 1736 3234 1813 {et
3264 1744 3343 1798 sic
3371 1736 3538 1813 usque
3573 1744 3631 1798 ad
3661 1747 3721 1800 si-

2181 1821 2307 1883 n_um
2337 1807 2562 1883 Abrahae
2589 1811 2823 1883 sanctam
2848 1810 3074 1883 animam
3092 1812 3416 1883 comitantes
3439 1807 3492 1867 in
3518 1815 3627 1869 loco
3648 1830 3721 1883 pa-

2181 1876 2258 1930 cis
2283 1877 2557 1954 collneant
2579 1880 2864 1954 etAquietis.
2909 1880 3020 1954 Non
3057 1881 3137 1935 sic
3166 1883 3332 1952 impii,
3363 1899 3497 1954 quos
3523 1885 3589 1939 de
3617 1876 3721 1940 cor-

2181 1961 2330 2027 pore,
2355 1948 2513 2027 quasi
2527 1949 2604 2027 de_
2624 1948 3111 2027 ftptentisepulcro,
3124 1948 3356 2027 pessimi
3379 1948 3597 2027 spiritus
3617 1970 3719 2027 cum

2180 2019 2546 2092 iiistruitientis
2593 2019 2934 2092 infernalibus
2971 2019 3310 2092 extrahentes
3356 2019 3579 2092 pollutos
3616 2025 3718 2078 libi-

2179 2084 2323 2162 dine,
2352 2087 2634 2162 obvolutus
2661 2088 2964 2162 cupiditate,
3004 2091 3243 2162 injiciunt
3282 2084 3487 2162 ignibus
3513 2109 3717 2149 exuren-

2179 2156 2292 2228 dos,
2325 2157 2538 2212 tradunt
2563 2156 2827 2214 vermibus
2862 2156 3187 2228 lacerandos,
3231 2156 3444 2218 tctiérnis
3472 2163 3719 2218 timoribus

2178 2225 2431 2304 deputant
2457 2228 2808 2304 sull‘ocandos.
2841 2228 2976 2285 Vere
3011 2225 3313 2304 esspeétuio
3329 2235 3582 2304 justorurn
3605 2235 3718 2288 hsti-

2179 2297 2249 2374 tja
2266 2309 2608 2374 L§p_e_s_a_ttt_em
2634 2297 3109 2374 impioruntperibit
3129 2301 3309 2373 (Prov.
3329 2297 3392 2370 ἰ,
3417 2303 3529 2374 28).

2179 2318 2284 2361 ua;
2309 2318 2422 2422 ipes
2443 2318 2608 2352 autent
2634 2318 3101 2423 tmgtoruinyerwu
3129 2318 3309 2373 (Prov.
3337 2319 3392 2370 ι,
3417 2318 3529 2374 ιδ).

2179 2366 2307 2444 (ΞΑΑΡ
2361 2369 2400 2422 Τ
2427 2368 2584 2444 LXX.
2604 2399 2671 2444 —_-
2719 2387 2944 2444 pereunte
2964 2383 3152 2444 interna
3178 2384 3228 2428 et
3247 2375 3412 2444 gloria
3435 2384 3712 2428 sanctorum.

2247 2437 2386 2513 sane
2414 2439 2583 2513 qualis
2609 2440 2676 2513 sit
2716 2440 2807 2513 illa
2830 2442 3058 2513 requies,
3093 2458 3213 2513 qua:
3245 2437 3344 2508 pax
3375 2445 3479 2507 illa,
3509 2447 3712 2513 quzeju-

2176 2509 2416 2583 cundiias
2466 2509 2533 2563 de
2580 2511 2698 2563 sinu
2747 2509 2993 2574 Abralim,
3041 2509 3157 2582 qua:
3201 2513 3306 2568 illic
3351 2509 3716 2583 quiescentibus

2178 2580 2519 2652 promittitur,
2546 2590 2598 2632 et
2614 2590 2977 2652 exspectatur,
3004 2580 3121 2652 quia
3151 2580 3478 2652 experientia
3518 2601 3610 2638 non
3631 2584 3712 2639 do-

2176 2648 2303 2722 cuit,
2333 2648 2771 2722 stilusexplicare
2805 2667 2908 2705 non
2939 2648 3151 2722 poterit.
3192 2648 3508 2721 ExSpectant
3532 2655 3706 2718 felices,

2175 2717 2346 2772 donec
2374 2717 2653 2788 impleatur
2688 2717 3178 2776 numerus'lratrum
3210 2717 3454 2788 suorum;
3491 2735 3545 2779 ut
3568 2724 3614 2778 in
3635 2717 3710 2777 die

2177 2790 2579 2865 resurrectionis
2607 2791 2802 2865 duplici
2824 2793 2958 2865 stola
2986 2793 3171 2857 induti,
3202 2796 3442 2864 corporis
3465 2795 3644 2865 pariter
3665 2803 3712 2848 et

2176 2859 2365 2913 animae
2382 2869 2640 2928 perpetua
2669 2859 2914 2916 felicitate
2939 2862 3192 2917 fruantur.

2365 2927 2588 3001 CAPUT
2621 2930 2800 2985 LXXI.
2822 2940 2897 2971 —-'
2918 2931 2994 2985 De
3010 2932 3217 2987 extremi
3231 2932 3420 3001 judicii
3445 2936 3540 2989 die.

2245 2999 2361 3054 Jam
2399 3015 2537 3072 nunc
2567 3000 2771 3055 intuere
2794 3001 2898 3056 diei
2937 3003 3078 3057 illius
3105 2999 3385 3067 terrorem,
3408 3003 3607 3072 quando
3624 3003 3715 3058 vir-

2177 3078 2315 3144 tutes
2355 3070 2622 3144 C(Bltil'lllll_
2663 3072 3029 3144 movebuntur,
3077 3074 3352 3128 elementa-
3383 3070 3518 3144 ignis
3560 3073 3713 3130 calum

2176 3140 2464 3202 solventur,
2489 3141 2739 3209 patebunt
2759 3141 2931 3202 inferi,
2956 3144 3160 3197 occulta
3183 3144 3363 3198 omnia
3385 3140 3710 3200 iiudabuntur.

2178 3209 2364 3266 Veniet
2389 3210 2616 3279 desuper
2634 3210 2793 3285 judex
2825 3212 3010 3278 iratus,
3036 3213 3230 3285 ardens
3253 3213 3404 3269 furor
3425 3215 3556 3285 ejus,
3601 3223 3712 3268 etut

2178 3289 2469 3349 tempestas
2503 3295 2690 3334 currus
2717 3281 2852 3350 ejus,
2887 3291 2943 3336 ut
2969 3283 3154 3338 reddat
3193 3283 3247 3338 in
3277 3285 3353 3338 ira
3381 3281 3643 3340 vindictam
3667 3292 3713 3338 et

2176 3351 2603 3424 vastationemin
2629 3350 2843 3424 ilaniina
2884 3355 3034 3424 ignis.
3079 3354 3275 3424 Beatus
3305 3360 3398 3424 qui
3429 3367 3627 3424 paratus
3644 3362 3714 3408 est

2177 3435 2454 3492 occurrere
2492 3421 2590 3492 illi.
2617 3420 2752 3486 Quid
2783 3420 2924 3478 tunc'
2950 3423 3155 3478 miseris
3193 3420 3386 3479 animis
3417 3420 3552 3482 erit?
3577 3439 3714 3492 quam

2179 3499 2301 3562 tunc
2330 3488 2506 3545 miseri
2533 3501 2706 3562 erunt,
2734 3507 2867 3561 quos
2913 3508 3050 3548 nunc
3077 3494 3280 3548 luxuria
3320 3495 3503 3562 foedat,
3525 3488 3713 3549 avaritia

2176 3561 2640 3634 dissipat,exto_llit
2664 3563 2936 3634 superbia!
2973 3564 3197 3618 Exibunt
3221 3565 3428 3634 Angeli.
3457 3561 3509 3620 et
3530 3578 3717 3634 separa-

2177 3631 2306 3685 bunt
2337 3632 2503 3686 malos
2529 3631 2595 3685 de
2621 3634 2793 3686 medio
2816 3632 3099 3700 justorum,
3139 3634 3270 3689 istos
3298 3631 3330 3687 ᾖ
3363 3631 3715 3698 (Ιεχιι-ἱδίειὶοε

2177 3716 2209 3754 a
2233 3702 2458 3755 sinistris
2478 3711 2783 3757 statuentes.
2811 3701 2992 3771 Cogita
3019 3720 3159 3759 nunc
3185 3715 3236 3758 te
3262 3715 3387 3762 ante
3414 3705 3626 3760 tribunal
3651 3706 3715 3756 in-

2179 3781 2260 3826 ter
2291 3783 2567 3841 utramque
2605 3772 2739 3826 hanc
2775 3774 3080 3829 societatem
3116 3775 3387 3840 assistere,
3429 3787 3483 3830 et
3519 3775 3715 3829 necdum

2178 3841 2228 3895 in
2254 3852 2452 3910 partem
2481 3844 2697 3896 alteram
2719 3855 3033 3912 separatam.
3062 3845 3290 3900 Deflecte
3318 3861 3453 3900 nunc
3475 3847 3640 3900 octilos
3657 3842 3711 3900 ad

2177 3912 2446 3966 sinistram
2494 3912 2711 3978 iudicis,
2763 3923 2816 3968 et
2863 3915 3110 3970 miseram
3160 3915 3305 3970 illam
3358 3915 3712 3971 multitudinem

2178 3992 2376 4051 specta.

2214 4052 2433 4125 CAPUT
2455 4051 2672 4125 LXXII.
2694 4083 2765 4125 --ς
2787 4051 3176 4125 De‘confusione
3199 4063 3246 4110 et
3275 4071 3419 4125 paena
3443 4057 3679 4125 malorum.

2250 4123 2430 4196 Qu:I_Iis
2451 4124 2517 4176 ibi
2543 4123 2769 4196 horror?
2794 4123 2913 4193 quis
2942 4127 3132 4179 timor?
3157 4123 3282 4196 quis
3299 4126 3482 4180 [αξιονῖ
3505 4127 3610 4196 quis
3629 4124 3710 4178 do-

2179 4193 2296 4246 lor?
2341 4192 2495 4247 Stant
2542 4193 2741 4258 miseri,
2782 4204 2836 4248 et
2879 4195 3111 4249 infelices
3147 4192 3429 4252 stridentes
3469 4192 3705 4258 dentibus,

2181 4263 2320 4334 nudo
2344 4263 2505 4334 latere
2536 4263 2867 4332 palpitantes,
2900 4275 3117 4334 aSpectu
3151 4265 3449 4333 horribiles,
3479 4265 3608 4320 vultu
3632 4262 3710 4318 de-

2180 4333 2392 4404 formes,
2412 4333 2601 4401 dejecti
2634 4348 2742 4402 prae
2768 4333 2998 4402 pudore;
3030 4351 3135 4401 prae
3162 4339 3401 4404 corporis
3424 4335 3710 4404 turpitudine

2179 4412 2234 4457 et
2263 4403 2494 4456 nuditate
2535 4405 2737 4457 confusi
2779 4405 2943 4458 latere
2972 4406 3174 4468 volunt,
3214 4403 3270 4461 et
3311 4423 3414 4460 nun
3441 4403 3606 4467 datur;
3635 4403 3706 4456 fu-

2178 4489 2302 4542 gere
2335 4482 2554 4534 tentant,
2597 4481 2650 4527 et
2688 4489 2789 4527 non
2818 4475 3211 4541 permittuntur.
3245 4477 3302 4530 Si
3346 4477 3508 4530 levant
3529 4475 3702 4537 oculos,

2178 4544 2407 4614 desuper
2422 4542 2615 4614 judicis
2649 4544 2881 4597 imminet
2913 4543 3090 4608 furor;
3123 4545 3166 4599 si
3195 4547 3476 4614 deponunt,
3503 4545 3704 4598 inferna-

2180 4613 2244 4668 lis
2267 4613 2411 4686 putei
2434 4613 2512 4667 eis
2547 4613 3184 4686 ingeriturrhorror.Non
3211 4613 3442 4686 suppetit
3461 4614 3705 4670 criminum

2178 4683 2470 4764 excusatio,
2514 4697 2612 4738 nec
2640 4684 2720 4766 de.
2744 4684 3147 4766 iniquo_judieio
3185 4683 3360 4766 aliqua
3401 4687 3575 4766 poterit
3606 4698 3710 4737 esse

2179 4754 2415 4825 causatio
2445 4771 2456 4803 :
2486 4768 2606 4806 cum
2635 4753 2886 4823 quidquid
2914 4753 3182 4810 decretum
3207 4753 3585 4825 fuérit,justum
3609 4766 3710 4806 esse

2179 4823 2345 4882 ipsam
2377 4837 2558 4878 eorum
2588 4825 2962 4878 conscientiam
2992 4841 3092 4881 non
3122 4827 3324 4882 latebit.

2224 4892 2404 4948 APUT
2443 4892 2672 4948 LXXIII.
2695 4923 2766 4966 5—-
2784 4893 2940 4966 Amor
2967 4895 3074 4950 Deo
3112 4897 3456 4966 rependendus
3489 4910 3572 4964 pro
3599 4908 3711 4963 pra-

2681 4965 3027 5037 destinationis
3053 4965 3235 5037 gratia.

2249 5033 2420 5088 Cerne
2451 5049 2588 5107 nunc
2619 5032 3071 5107 quamamandus
3111 5039 3200 5102 sit,
3243 5038 3332 5107 qui
3366 5047 3414 5092 te
3436 5035 3496 5090 ab
3519 5033 3610 5107 hac
3633 5032 3709 5086 da-

2180 5114 2356 5157 mnata
2387 5103 2645 5158 societate
2666 5105 3087 5174 przedestinando
3108 5103 3380 5174 discernit,
3409 5103 3710 5174 vocandose-

2180 5175 2401 5243 paravit,
2426 5170 2761 5240 jnstilicandn
2789 5177 3042 5244 purgavit.
3070 5177 3337 5246 RelOrque
3366 5170 3493 5230 nunc
3514 5171 3575 5226 ad
3595 5170 3709 5226 dex-

2180 5245 2576 5370 ttéramwoculos,
2609 5254 2662 5300 et
2683 5245 2874 5316 quibus
2901 5256 2952 5301 te
2969 5245 3314 5316 gloriﬁeando
3337 5247 3406 5303 sit
3432 5248 3706 5305 insertat-us,

2180 5329 2208 5368 a
2250 5329 2338 5370 ver
2398 5352 2412 5366 .

2179 5323 2412 5370 adverte.

2390 5383 2614 5458 CAPUT
2637 5383 2962 5458 LXXIV.‘-—
2984 5384 3062 5458 De.
3087 5386 3519 5458 gloriarbonormn.

2250 5455 2380 5521 Quis
2397 5456 2477 5528 ibi
2493 5454 2698 5528 decor?
2723 5458 2839 5526 quis
2867 5455 3070 5528 honor?
3089 5454 3215 5528 qua:
3242 5457 3493 5528 felicitas?
3504 5467 3614 5528 qua!
3635 5466 3708 5505 se—

2181 5526 2414 5581 curitas?
2443 5527 2542 5580 Alii
2573 5527 2658 5580 die
2683 5527 2959 5594 judiciaria
2981 5526 3412 5594 sede'sublimes,
3438 5526 3515 5581 alii
3540 5530 3711 5594 marti-

2183 5536 2414 5608 curitas‘!
2443 5536 2542 5580 Atii
2573 5536 2658 5580 die
2683 5536 3107 5610 judiciariasede
3133 5536 3412 5610 sublimes,
3438 5536 3515 5581 alii
3540 5536 3708 5646 map?-

2183 5611 2474 5672 rii_corona
2511 5597 2868 5672 Splendentes,
2907 5599 2993 5672 alii
3020 5607 3329 5672 virginitatis
3353 5597 3478 5672 llore
3505 5591 3647 5672 ςειιά,
3676 5607 3708 5654 ι.

2182 5667 2270 5722 alii
2307 5663 2762 5738 eleemosynarum
2805 5668 3078 5738 largitione
3100 5663 3348 5732 fecundi,
3387 5667 3471 5723 alii
3499 5663 3710 5738 doctrina

2183 5746 2238 5793 et
2265 5731 2962 5814 eruditionepraclari,_uho
2986 5738 3256 5814 charitatis
3284 5731 3711 5814 ftedereclipulan;

2185 5818 2289 5864 tur.
2323 5808 2486 5862 Lucet
2524 5796 2601 5863 eis
2625 5810 2799 5864 vultus
2824 5796 2957 5865 'Jesu
2994 5807 3187 5863 Christi
3221 5825 3325 5864 non
3363 5796 3598 5865 terribilis,
3625 5796 3707 5865 sed

2183 5878 2460 6014 ἓξὲξιᾶἒὲἓέ
2488 5895 2592 5935 non
2622 5864 2853 5951 amarus,
2898 5877 2992 5942 sed
3024 5879 3225 5945 dulcis;
3258 5895 3364 5938 non
3399 5864 3597 5938 iamsi
3625 5864 3708 5930 ⁵οά

2292 5968 2303 6004 |
2465 5989 2478 6008 ο

2239 5963 2478 6008 sumens.
