2027 3144
766 253 1167 314 PBfEFATlO.

173 410 178 415 .
201 389 237 416 IN
260 389 334 421 QUA
354 384 395 416 DE
414 388 585 416 PLURIBUS
607 387 716 415 REBUS
736 387 783 414 Al)
802 386 1003 414 DOCTRINAM
1024 387 1052 414 S.
1073 387 1197 415 BASlLll
1217 388 1488 419 PERTINENTIBUS
1508 393 1723 422 DISSERITUR.

145 570 205 596 Hoc
227 566 382 594 volumine
404 566 593 593 continentur
618 563 848 600 praeclarissima
867 562 940 590 anti-
958 563 982 589 Δ
997 563 1193 598 pendendum
1208 565 1304 601 fuerit,
1321 574 1382 595 non
1397 569 1521 604 quidem
1536 569 1567 597 in
1582 570 1756 600 evolvendis
1771 581 1819 601 co-

106 612 233 647 quitatis
258 613 465 642 monumenta,
489 611 518 638 S.
540 609 638 637 Basilii
661 609 736 636 liber
759 609 803 636 De
822 608 940 642 Spiritu

70 668 80 677 ι
106 659 224 688 sancto,
241 656 368 691 ejusque
390 655 543 689 Epistulae.
560 655 667 689 Magna
685 660 758 681 sane
782 651 942 688 cujuslibet

106 708 209 736 operis
238 699 475 733 commendatio,
503 706 616 726 nomen
645 699 673 726 S.
701 697 815 730 Basilii;
842 703 940 732 neque

107 745 190 772 enim
206 744 378 780 quidquam
400 745 440 771 ab
461 743 511 771 illo
527 743 649 778 ingenio
664 742 841 779 profectum,
857 740 940 777 quod

109 788 248 817 medium
271 791 300 815 et
323 787 475 816 tolerabile
496 787 589 815 videri
605 786 710 823 possit.
727 786 784 814 Sed
808 786 875 814 libri
898 786 941 814 De

110 834 231 868 Spiritu
247 835 352 860 sancto
368 839 403 860 eo
418 831 519 867 majus
542 831 683 867 pretium,
698 830 783 866 quod
804 838 873 858 eum
890 831 941 857 Ba-

110 879 198 905 silius
223 879 254 904 et
277 877 369 912 longo
385 885 442 904 usu
458 876 488 904 in
505 876 669 904 bieresihus
688 875 846 903 vincendis
861 882 942 902 exer-

82 950 98 958 ,,
113 923 222 950 citatus
245 921 391 957 suscepit,
408 924 436 949 et
452 929 573 948 summo
588 920 698 954 studio,
713 922 746 948 ut
760 921 790 948 in
806 923 942 956 tempore

116 967 238 999 magnis
253 966 398 994 doctrinae
413 965 562 1001 prasidiis
578 964 742 1000 indigente,
757 964 869 992 invicta
881 965 944 992 aui-

113 1011 156 1038 mi
179 1010 365 1042 fortitudine,
388 1012 419 1038 ut
442 1012 588 1037 adversus
613 1012 749 1045 potentes
775 1008 942 1042 haereticos,

113 1055 314 1083 elucubravit.
327 1057 358 1082 tn
371 1055 516 1088 Epistolis
529 1055 554 1082 S.
575 1053 673 1081 Basilii
687 1056 773 1082 vetus
784 1053 944 1089 disciplina

113 1100 268 1136 praeclaris
281 1099 424 1128 institutis
440 1102 468 1127 et
481 1098 652 1127 canonibus
666 1098 843 1132 illustratur,
854 1097 944 1126 histo-

112 1145 158 1172 ria
177 1143 383 1172 ecclesiastica
404 1143 515 1171 ditatur
539 1143 623 1171 uberi
648 1145 676 1170 et
699 1142 823 1178 copiosa
843 1150 944 1170 rerum

115 1192 270 1223 gestarum
292 1190 404 1223 segete,
420 1188 590 1216 formantur
611 1195 712 1215 mores
731 1186 853 1223 optimis
867 1194 944 1222 prte-

116 1234 223 1269 ceptis,
240 1236 277 1266 et,
294 1232 377 1269 quod
401 1235 552 1268 praecepta
565 1232 655 1266 longe
672 1234 803 1267 superat,
819 1231 945 1267 depictis
965 1237 985 1264 Β

118 1279 182 1306 sine
211 1280 275 1306 arte
301 1277 418 1305 eximiis
453 1278 480 1305 S.
516 1276 612 1304 Basilii
645 1276 815 1304 virtutibus.
844 1277 945 1311 Neque

116 1323 208 1350 etiam
237 1321 406 1357 spernenda
430 1329 498 1357 quae
524 1322 554 1348 in
582 1320 782 1357 appendicem
809 1321 945 1355 conjecta

120 1373 201 1398 sunt,
216 1365 319 1400 viginti
338 1369 465 1402 quatuor
489 1366 640 1393 orationes
655 1374 673 1394 ει
688 1365 827 1394 Simeone
853 1366 944 1399 Logo-

115 1411 198 1438 theta
212 1418 249 1438 ex
264 1411 291 1438 S.
308 1410 404 1438 Basilii
421 1410 522 1438 verbis
538 1412 566 1438 et
582 1409 737 1437 sententiis
752 1411 942 1441 constructae,

115 1458 142 1483 et
164 1455 241 1483 liber
260 1456 301 1483 De
322 1456 498 1490 virginitate
519 1457 672 1483 auctorem
694 1454 810 1482 habens
831 1454 943 1489 episco-

115 1507 187 1536 pum
205 1502 233 1527 S.
250 1500 358 1528 Basilio
373 1499 523 1535 aequalem
539 1499 585 1527 vel
600 1502 677 1526 certe
693 1506 866 1534 supparem.

151 1545 209 1572 Sed
223 1553 286 1580 quo
298 1544 394 1580 pluris
409 1544 486 1572 ﬁunt
500 1544 564 1572 haec
577 1546 786 1576 monumenta,
797 1551 833 1571 eo
845 1543 943 1577 magis

114 1589 282 1617 verendum
297 1597 335 1616 ne
348 1589 466 1624 longior
485 1597 571 1617 mora
586 1589 724 1624 pluribus
740 1587 940 1623 displicuerit;

113 1637 140 1662 et
156 1635 230 1670 quia
242 1637 312 1662 octo
330 1642 481 1662 annorum
501 1633 659 1662 intervallo
670 1633 769 1669 prodit
783 1633 841 1661 hoc
854 1633 942 1661 volu-

113 1688 194 1711 men,
208 1680 310 1707 minus
324 1687 405 1708 curae
420 1679 562 1707 habuisse
576 1678 732 1715 publicum
746 1678 942 1705 commodum

113 1724 282 1752 videamur.
299 1725 363 1752 Non
376 1726 478 1751 tamen
491 1723 684 1758 negligentia,
698 1722 751 1750 sed
766 1722 942 1750 necessarias

111 1776 216 1796 causa:
240 1776 344 1796 moras
366 1767 541 1796 attulerunt.
561 1769 636 1795 Nam
659 1766 794 1794 eruditus
819 1766 941 1801 sodalis,

111 1814 165 1849 qui
180 1812 371 1840 edendorum
386 1812 482 1840 sancti
506 1811 604 1840 Basilii
618 1819 746 1847 operum
770 1818 875 1838 curam
891 1819 942 1838 su-

111 1857 222 1894 scepit,
236 1857 302 1892 jam
319 1857 405 1892 gravi
426 1856 605 1892 aegritudine
619 1858 775 1892 correptus
795 1858 859 1884 erat
872 1863 942 1883 cum

996 607 1114 636 dicibus
1126 617 1200 637 mss.
1214 610 1324 646 (collati
1336 612 1417 640 enim
1430 620 1498 641 cum
1515 614 1601 642 editis
1620 615 1737 644 fuerant
1751 617 1819 645 dili-

995 652 1076 686 genti
1101 660 1204 687 manu,
1218 658 1343 691 excepto
1365 658 1467 684 tamen
1489 657 1655 691 Harlaiano,
1673 660 1725 695 qui
1748 668 1818 689 cum

994 695 1134 725 Mediceeo
1153 700 1181 725 et
1200 698 1380 728 Coisliniano
1401 701 1569 730 maximum
1588 704 1700 732 exstitit
1720 706 1821 740 praesi-

994 740 1100 777 dium),
1115 742 1168 770 sed
1182 743 1213 771 in
1229 743 1294 771 aliis
1306 744 1409 780 rebus,
1424 753 1493 782 quin
1507 746 1547 774 ad
1570 750 1745 777 accuratam
1760 750 1821 778 edi-

996 785 1107 830 tionem
1126 789 1303 816 necessarias
1323 791 1403 823 sunt,
1419 791 1584 826 praesertim
1604 793 1636 820 in
1655 793 1819 830 disponen—

995 829 1042 857 dis
1057 831 1162 859 ordine
1176 832 1390 868 chronologico
1404 835 1548 871 epistolis,
1565 837 1596 864 in
1609 838 1822 867 concinnanda

996 874 1027 901 S.
1044 875 1155 903 Basilii
1174 877 1251 912 Vita,
1267 877 1393 914 ejusque
1412 878 1606 914 explananda
1627 881 1774 914 doctrina,
1789 883 1822 910 id

996 918 1080 963 quod
1098 919 1163 954 jam
1187 921 1286 956 nobis,
1302 922 1395 951 misso
1418 922 1547 958 longiori
1562 925 1698 960 exordio,
1714 934 1820 963 aggre-

997 962 1142 992 diendum
1156 968 1211 993 est.

1383 1013 1437 1046 §I.

1000 1058 1019 1084 Ι.
1041 1057 1071 1085 S.
1086 1057 1221 1098 Basilius
1235 1059 1334 1087 minus
1348 1062 1499 1098 commode
1513 1063 1733 1098 interpretatur
1744 1066 1825 1093 illud

1034 1094 1148 1136 syngdi
1161 1094 1300 1136 Nic-senm,
1316 1103 1353 1124 ex
1368 1096 1428 1136 alia
1442 1098 1575 1136 essentia
1588 1094 1640 1136 aut
1655 1100 1822 1136 hypostasi.

1036 1130 1068 1171 l_l.
1089 1128 1148 1171 Sed
1168 1131 1273 1171 merito
1293 1128 1394 1171 negat.
1408 1140 1500 1171 una_m
1522 1135 1553 1162 in
1573 1128 1823 1170 tribus'ﬁersonis

1036 1164 1218 1205 lzypostqsim
1250 1174 1268 1193 a
1294 1164 1417 1205 synodo,
1437 1169 1608 1198 admissam.
1638 1164 1702 1205 Ipsi
1735 1173 1823 1200 etiam

1036 1201 1126 1227 trium
1143 1201 1348 1241 hypostasium
1363 1204 1534 1238 defensores
1548 1213 1625 1240 saepe
1640 1201 1823 1241 Iiyposlasim

1032 1243 1089 1278 pro
1103 1239 1387 1278 essen_tia_sum_unt.
1408 1241 1453 1267 ill.
1473 1239 1598 1278 Novitas
1619 1239 1706 1270 unius
1731 1244 1825 1278 hypo-

1034 1274 1131 1299 stasis.
1154 1274 1196 1300 lV.
1220 1274 1289 1312 I_'res
1306 1274 1478 1312 hypostases
1493 1277 1577 1311 apud
1594 1274 1825 1312 scriptores'Ni-

1035 1315 1118 1335 cana
1137 1309 1251 1349 synodo
1267 1311 1461 1373 antiguiores.
1479 1309 1518 1338 νς
1533 1313 1610 1345 Quid
1625 1309 1757 1348 synodus
1771 1315 1824 1342 Ni-

1035 1350 1118 1371 cama
1132 1347 1256 1372 senserit
1273 1353 1309 1373 ex
1348 1367 1353 1372 .
1369 1347 1547 1373 Alexandro
1567 1352 1594 1373 et
1608 1349 1637 1373 S.
1655 1350 1824 1373 Atii/inlisit)

1035 1350 1118 1371 cazna
1132 1347 1256 1372 senserit
1273 1353 1309 1373 ex
1323 1347 1353 1373 S.
1369 1347 1547 1375 Alexandro
1567 1352 1594 1376 et
1608 1347 1824 1378 SJAtlzanasio

1033 1381 1197 1421 spectata):
1219 1381 1262 1407 Vl.
1285 1381 1525 1421 Occidentalium
1546 1386 1694 1412 sententia
1714 1386 1750 1413 de
1772 1386 1824 1421 hy-

1033 1415 1155 1455 postgsi.
1172 1415 1336 1455 Quosensu
1362 1418 1464 1446 eadem
1485 1426 1543 1447 υοτ
1564 1423 1712 1455 usurpata
1729 1422 1759 1449 in
1774 1415 1824 1449 δὲ·

1034 1449 1149 1477 laribus
1163 1451 1284 1478 scholis.

1033 1500 1054 1526 l.
1075 1499 1201 1527 Sanctus
1215 1500 1353 1534 Basilius,
1366 1504 1399 1530 ut
1414 1505 1477 1530 erat
1489 1504 1654 1532 acerrimus
1667 1505 1754 1533 trium
1770 1506 1825 1542 by—

998 1544 1165 1579 postasium
1182 1544 1331 1580 defensor,
1348 1546 1420 1574 dare
1436 1548 1531 1576 noluit
1554 1548 1735 1577 adversariis
1751 1551 1823 1584 suis,

997 1596 1102 1616 vocem
1123 1589 1298 1625 hypostasis
1321 1591 1430 1620 eodem
1455 1601 1545 1620 sensu
1569 1592 1604 1621 ac
1627 1595 1789 1623 essentiam
1805 1604 1824 1623 a

998 1633 1116 1668 synodo
1141 1634 1259 1662 Nicaana
1281 1638 1460 1672 usurpatam
1480 1637 1580 1665 fuisse.
1598 1639 1711 1667 Befellit
1727 1640 1823 1668 Basilii

997 1677 1272 1714 interpretationem
1296 1681 1430 1709 Petavius
1447 1682 1496 1717 (l),
1511 1691 1639 1720 eamque
1660 1684 1718 1712 hoc
1734 1693 1822 1721 argu—

996 1724 1099 1750 mento
1113 1722 1282 1759 impugnat,
1296 1725 1377 1760 quod
1389 1727 1441 1761 qui
1462 1728 1512 1754 isti
1530 1729 1643 1762 synodo
1658 1729 1823 1765 interfuere

995 1768 1103 1796 Patres
1125 1768 1230 1804 aliqui,
1251 1772 1306 1797 aut
1319 1771 1413 1804 paulo
1428 1775 1507 1800 certe
1523 1776 1627 1807 postea
1639 1774 1820 1808 ﬂoruerunt,

996 1815 1059 1839 tum
1075 1813 1195 1840 collecti
1208 1813 1276 1841 aliis
1291 1815 1324 1842 in
1341 1816 1475 1850 synodis,
1491 1819 1554 1844 tum
1572 1819 1694 1846 seat-sim
1708 1819 1824 1854 singuli

997 1857 1143 1883 ὑπόστασιν
1161 1866 1217 1893 pro
1241 1859 1320 1895 οὐσίᾳ
1342 1865 1557 1895 sumpserunt:
1572 1863 1652 1897 quod
1666 1871 1821 1900 nunquam

111 1902 285 1931 secundum
303 1902 445 1930 volumen
466 1902 498 1929 in
517 1901 616 1929 lucem
641 1900 742 1928 edidit.
764 1900 942 1928 Defunctum
961 1911 983 1939 ο
994 1902 1144 1938 fecissent,
1161 1904 1187 1931 si
1202 1905 1390 1933 contrarium
1410 1907 1493 1941 apud
1504 1907 1636 1935 Nicaeam
1652 1912 1723 1937 ante
1734 1909 1822 1944 fecis-

110 1947 172 1976 hoc
195 1947 300 1975 labore
321 1946 472 1982 cupiditas
493 1945 572 1974 bene
593 1946 631 1974 de
648 1953 680 1974 re
699 1945 900 1974 ecclesiastica
914 1947 943 1973 et

109 1991 258 2021 litteraria
281 1991 417 2019 metendi
441 1990 593 2026 incitavit,
619 1993 652 2019 ut
676 1991 796 2019 tertium
825 1993 942 2018 tomum

109 2038 303 2072 repugnante
330 2035 504 2064 valetudine
533 2037 663 2071 pararet.
695 2036 752 2064 Sed
781 2034 942 2070 languidos

109 2084 243 2109 conatus
267 2080 482 2116 ingravescens
510 2080 636 2108 morbus
665 2080 802 2116 abrupit,
831 2080 941 2116 vixque

109 2125 275 2154 dimidium
294 2124 550 2161 interpretationis
573 2133 636 2152 sum
654 2127 876 2158 retractaverat,
892 2132 943 2160 ap-

111 2170 220 2207 positis
243 2178 258 2198 e
278 2169 466 2198 Tillemontio
487 2169 635 2198 historicis
653 2169 742 2205 notis,
758 2177 846 2206 quas,
861 2169 942 2204 abje-

110 2218 161 2243 cto
185 2214 353 2243 scribenda:
377 2215 410 2243 S.
425 2214 536 2242 Basilii
560 2215 633 2242 Vitae
654 2214 792 2246 consilio,
807 2222 943 2242 necessa-

111 2260 175 2288 rias
194 2259 345 2293 ducebat;
361 2259 421 2293 vix,
440 2259 579 2295 inquam,
595 2259 659 2286 haec
671 2261 857 2292 narraverat,
872 2266 942 2286 cum

112 2304 190 2332 vires
205 2304 327 2340 penitus
341 2303 523 2339 defecerunt,
539 2311 574 2331 ac
597 2303 720 2332 tandem
735 2303 818 2339 piam
834 2306 862 2331 et
881 2303 944 2331 lau-

112 2348 251 2377 dabilem
260 2348 353 2377 vitam
363 2347 495 2384 pretiOsa
505 2348 535 2375 in
546 2350 710 2384 conspectu
722 2347 838 2376 Domini
848 2350 943 2376 morte

115 2392 265 2422 conclusit
286 2401 368 2421 anno
393 2394 472 2428 1725,
486 2393 534 2420 die
549 2395 564 2420 3
578 2393 667 2421 Junii.
685 2392 729 2420 Ad
748 2392 942 2426 desiderium,

113 2437 200 2475 quod
214 2437 295 2465 illius
308 2437 450 2465 virtutum
464 2440 643 2465 ornamenta
655 2437 792 2465 omnium
808 2439 944 2465 nostrum

111 2483 227 2511 animis
250 2481 456 2517 incusserunt,
475 2481 551 2510 illud
573 2482 702 2510 accessit
726 2482 886 2517 molestiae,
913 2484 944 2510 ut

111 2536 191 2564 opus
205 2527 248 2555 ab
261 2526 387 2554 eruditis
401 2529 620 2563 exspectatum,
632 2526 776 2562 quodque
788 2526 874 2555 multi
887 2535 944 2554 aere

112 2580 170 2601 suo
182 2571 371 2608 jamdudum
392 2574 538 2605 emerant,
552 2580 614 2600 non
635 2574 737 2600 tamen
758 2571 817 2599 cito
838 2579 943 2599 eorum

103 2617 259 2646 .manibus
280 2618 309 2644 et
331 2615 452 2651 judiciis
474 2617 621 2645 committi
642 2618 755 2652 posset.
774 2617 840 2644 lam
865 2617 943 2644 enim

113 2663 245 2699 quisque
266 2660 404 2695 intelligit
425 2663 572 2697 quantum
596 2661 710 2690 laboris
726 2669 762 2689 ex
778 2669 868 2697 opere
892 2661 945 2690 iui-

86 2743 93 2747 -
150 2727 188 2761 (t)
210 2723 274 2752 Lib.
289 2731 328 2757 iv,
344 2723 386 2751 De
403 2723 497 2757 Trin.,
514 2731 581 2760 cap.
598 2726 620 2752 l.

263 2773 383 2800 ΡΑτιιοι..
406 2773 454 2800 Gn.
477 2773 575 2801 XXXII.

367 2923 605 3029 ita,

559 3061 595 3112 it

996 1950 1070 1975 sent.
1088 1949 1152 1975 Duo
1166 1948 1358 1977 continentur
1377 1949 1435 1978 hac
1454 1951 1564 1979 Petavii
1583 1953 1738 1989 sententia,
1753 1961 1821 1990 qua:

995 1991 1084 2019 nobis
1098 1991 1313 2027 distinguenda
1325 1996 1405 2026 sunt,
1416 1995 1557 2030 quamvis
1568 1996 1633 2032 ipse
1646 2005 1707 2025 non
1720 1997 1822 2026 distiu-

995 2039 1086 2071 guat:
1103 2044 1175 2064 nam
1195 2045 1257 2065 non
1281 2037 1379 2066 solum
1403 2039 1549 2066 ὑπόστασιν
1566 2048 1622 2076 pro
1646 2041 1724 2078 οὐσίᾳ
1739 2051 1821 2070 sum-

995 2083 1079 2117 ptam
1100 2089 1119 2109 a
1145 2081 1270 2109 Nicaanis
1295 2083 1430 2111 Patribus
1455 2084 1514 2112 hoc
1540 2084 1607 2113 loco
1634 2086 1742 2120 fuisse,
1768 2087 1822 2115 sed

995 2125 1087 2153 etiam
1101 2133 1194 2153 unam
1210 2126 1240 2153 in
1256 2126 1351 2154 tribus
1363 2128 1500 2163 personis
1512 2129 1702 2165 hypostasim
1713 2131 1752 2159 ab
1765 2131 1823 2160 hac

995 2170 1115 2205 synodo
1130 2172 1157 2198 et
1171 2170 1210 2198 ab
1230 2170 1297 2198 aliis
1317 2179 1395 2207 quos
1411 2172 1481 2201 citat
1496 2174 1632 2202 Patribus
1654 2175 1822 2204 admissam

996 2214 1160 2244 contendit.
1178 2215 1421 2244 Examinandum
1444 2225 1515 2253 ergo
1530 2218 1618 2246 nobis
1633 2221 1679 2247 est
1693 2227 1731 2247 an
1745 2220 1822 2248 Basi-

995 2259 1052 2287 lius
1067 2259 1098 2286 in
1110 2261 1237 2295 utroque
1250 2259 1518 2295 reprehendendus
1532 2262 1580 2295 sit,
1592 2265 1620 2290 et
1633 2263 1717 2299 quod
1728 2264 1824 2300 hypo-

997 2305 1101 2332 stasim
1117 2304 1148 2332 in
1162 2303 1221 2332 ﬁde
1237 2304 1358 2333 Nicena
1372 2305 1453 2333 idem
1476 2306 1573 2335 valere
1589 2315 1624 2335 ac
1649 2309 1822 2343 essentiam,

996 2350 1025 2377 et
1048 2349 1129 2385 quod
1155 2356 1249 2377 unam
1274 2349 1304 2377 in
1332 2349 1424 2377 tribus
1442 2352 1580 2386 personis
1600 2351 1790 2388 bypostasim
1805 2362 1824 2382 ιι

997 2394 1114 2430 synodo
1130 2393 1299 2422 admissam
1315 2393 1405 2422 fuisse
1419 2396 1583 2430 negaverit.

1034 2440 1128 2467 Locus
1143 2446 1180 2466 ex
1200 2446 1262 2474 quo
1284 2438 1460 2473 ambigendi
1475 2442 1546 2468 nata
1565 2441 1701 2476 materia,
1717 2442 1825 2478 legitur

997 2483 1026 2511 in
1042 2483 1112 2511 ﬁdei
1127 2483 1257 2511 formula
1280 2483 1320 2511 ab
1335 2484 1499 2517 Eustathio,
1516 2485 1687 2520 postulante
1704 2486 1823 2522 Basilio,

998 2527 1181 2563 subscripta,
1207 2535 1275 2563 quae
1300 2530 1345 2556 est
1368 2528 1495 2564 epistola
1520 2531 1580 2564 125,
1597 2530 1669 2558 olim
1691 2533 1725 2558 78
1749 2531 1825 2559 inter

960 2587 983 2615 ι)
1000 2572 1174 2600 Basilianas.
1191 2572 1234 2600 lbi
1250 2572 1412 2615 Sabelliani
1434 2573 1480 2601 his
1500 2575 1610 2610 synodi
1629 2575 1728 2603 verbis
1743 2576 1826 2604 abuti

999 2617 1158 2645 dicuntur:
1195 2617 1252 2642 Ἐὰν
1287 2614 1316 2642 δέ
1347 2627 1384 2647 τις
1417 2619 1477 2653 λέγῃ
1513 2617 1540 2649 ἐξ
1573 2619 1657 2655 ἐτέρας
1686 2619 1779 2650 οὐσίας
1808 2621 1824 2649 ἡ

1000 2662 1167 2691 ὑποστάσεως
1200 2662 1244 2687 τὸν
1274 2662 1332 2687 Υὶόν
1360 2661 1543 2698 ὰναθεματίζει
1574 2665 1587 2692 ἠ
1623 2663 1746 2693 καθολική
1781 2667 1825 2692 καὶ

1670 2780 1681 2806 ί

815 2988 881 3020 SEP
902 2989 936 3045 i5
950 2990 1011 3018 ISOS
1022 2967 1292 3024 206615
