2027 3144
238 147 248 173 1
257 147 268 172 1
993 133 1056 162 PRA

1113 133 1184 162 .TlO.
1912 142 1942 168 ,2

235 206 394 235 ἀποστολικὴ
413 205 571 234 Ἐκκλησίαὶ
587 203 620 232 Si
641 210 709 232 vero
730 200 880 238 quispiam
895 197 1007 228 dixerit
1022 203 1056 225 ea:

1115 195 1202 232 dum,
1218 199 1274 226 etsi
1289 199 1479 236 hypostasim
1495 207 1551 236 pro
1566 200 1698 229 essentia
1711 200 1769 229 hoc
1783 201 1850 229 loco
1866 209 1946 229 sum-

234 252 299 280 alia
313 250 439 280 essentia
454 252 506 278 aut
522 249 678 284 hypostasi
690 248 804 276 Filium
819 253 887 280 esse,
907 251 973 273 eum
988 249 1061 270 ana-

235 296 364 325 themate
389 295 462 331 ferit
489 294 641 323 catholica
669 296 696 321 et
723 291 889 327 apostolica
913 287 1059 316 Ecclesia.

235 340 346 369 Deinde
361 339 500 368 additur:
517 339 555 365 Οὐ
574 340 624 375 γὰρ
644 338 735 363 ταυτὸν
751 335 820 362 εἶπον
843 334 893 360 ἐκεῖ
914 333 1004 359 οὐσίαν
1018 332 1061 357 καὶ

236 387 393 414 ὑπόστασιν.
407 385 436 412 Εἰ
458 385 510 420 γὰρ
531 386 592 420 μίαν
616 385 661 408 καὶ
679 383 725 410 τὴν
743 380 825 409 αὐτὴν
841 377 949 408 ἐδήλουν
964 379 1060 403 ἔννοιαν

235 432 262 457 αἱ
282 433 373 467 φωναὶ,
389 432 428 461 τίς
447 431 527 465 χρεία
551 426 581 457 ἧν
604 427 748 463 ἐκατέρων;
766 424 842 451 Ἀλλὰ
862 421 940 452 δῆλον
959 422 1009 456 ὅτι,
1025 421 1060 450 ὡς

234 480 284 502 τῶν
303 476 348 511 μὶν
368 474 527 511 ἀρνουμένων
540 473 569 498 τὸ
589 471 617 497 ἐκ
636 475 684 501 τῆς
699 470 792 500 οὐσίας
804 467 868 494 εἶναι
887 470 932 493 τοῦ
949 467 1059 502 Πατρός,

234 524 284 546 τῶν
303 509 336 546 3";
360 509 494 554 λὴόντων,
521 517 579 542 οὔτε
603 515 630 541 ἐκ
653 518 698 544 τῆς
725 513 825 546 οὐσίας,
848 511 911 538 ἀλλ’·
928 510 954 542 ἐξ
980 509 1060 539 ἄλλης

234 566 304 595 τινὸς
325 564 504 596 ὑποστάσεως,
527 561 610 591 οὕτως
637 559 781 596 ἀμφότερα,
805 559 841 588 ὡς
870 556 991 592 ἀλλότρια
1013 557 1059 580 τοῦ

232 609 454 638 ἐκχλησιαστικοῦ
475 608 650 643 φρονήματος,
671 603 853 642 ἀπηγόρευσαν
865 612 871 618 ·
891 600 945 627 insi
965 600 1060 634 ὄπου-γε

231 656 260 682 τὸ
286 654 380 680 ἑαυτῶν
403 650 513 681 ἐδήλουν
533 652 662 687 φρόνημα,
683 649 754 675 εἶπον
776 647 804 674 ἐκ
827 651 872 677 τῆς
899 645 990 674 οὐσίας
1012 647 1058 670 τοῦ

232 700 335 735 Πατρός
358 699 402 724 τὸν
428 697 506 724 Υἱόν·
532 695 618 722 autin
641 695 795 732 προσθέντες
821 694 866 718 καὶ
893 692 933 723 τὸ,
955 699 983 716 εκ
1011 693 1059 719 τῆς

231 743 409 773 ὑποστάσεως.
425 742 493 770 Non
516 740 594 769 enim
615 739 693 768 idem
716 738 860 767 dixerunt
879 736 944 764 illic
963 741 1058 763 essen-

231 789 305 817 tiam
329 791 357 816 et
383 786 577 822 hypostasim.
605 785 726 813 Etenim
753 783 781 811 si
804 789 867 810 una
900 784 926 809 et
956 780 1058 808 eadem

229 834 311 862 notio
329 833 465 868 subjecta
483 830 613 864 vocibus,
630 829 704 865 quid
722 835 796 863 opus
817 829 883 855 erat
906 826 1059 861 utraque?

1115 242 1184 277 psit,
1197 251 1258 271 non
1268 243 1382 272 idcirco
1394 252 1486 272 unam
1500 245 1531 272 in
1546 245 1642 273 tribus
1653 245 1790 281 personis
1800 245 1946 282 hyposta~

1116 287 1172 314 sim
1190 288 1369 316 admisisse:
1387 290 1446 316 tres
1466 290 1566 317 autem
1581 289 1765 326 hypostases
1781 298 1901 326 semper
1915 290 1944 318 in

1116 331 1242 367 Oriente,
1258 332 1364 360 saltem
1380 341 1398 361 a
1410 333 1493 361 Νοθιὶ
1516 334 1714 369 temporibus,
1729 342 1849 362 summo
1873 342 1942 362 con-

1114 383 1206 403 sensu
1214 376 1354 411 viguisse.
1364 377 1483 405 Petavio
1491 378 1695 406 assentiuntur
1708 378 1757 406 alii
1764 378 1906 414 theologi,
1913 379 1942 407 in

1113 420 1220 456 primis
1231 422 1444 450 Thomassinus
1455 422 1509 458 qui
1520 422 1551 450 in
1560 422 1638 450 libro
1649 423 1735 450 tertio
1745 424 1789 451 Ds
1798 424 1942 452 incarna-

1115 465 1193 493 tione
1212 466 1307 500 Verbi,
1321 474 1387 502 cap.
1404 469 1427 501 t,
1444 467 1607 498 contendit,
1623 475 1682 494 non
1698 467 1757 495 nisi
1775 471 1943 496 senescente

1114 513 1223 545 quarto
1232 510 1373 538 Ecclesia
1389 512 1498 539 saeculo
1514 511 1682 546 hypostasis
1699 519 1806 540 nomen
1821 512 1858 540 ab
1876 514 1942 542 usia

1113 562 1164 582 seu
1171 555 1295 583 essentia
1303 555 1544 584 discriminatum
1551 564 1622 590 esse,
1628 555 1719 592 idque
1725 556 1823 584 allatis
1833 557 1944 592 synodi

1113 599 1240 627 Nicaeum
1253 601 1282 627 et
1301 599 1454 628 Athanasii
1477 600 1654 628 testimoniis
1674 600 1791 628 efﬁcere
1806 603 1941 629 conatur.

1150 645 1182 671 ll.
1204 645 1314 672 Fucum
1330 644 1511 672 doctissimis
1522 645 1592 672 viris
1607 645 1675 673 fecit
1685 645 1861 681 hypostasis
1875 645 1944 673 voci

1113 688 1253 723 subjecta
1264 688 1415 716 interdum
1428 689 1564 716 essentiae
1580 689 1775 723 signiﬁcatio;
1787 692 1814 717 et
1824 689 1944 725 quoties

1112 733 1214 761 vident
1235 733 1316 769 apud
1341 733 1481 768 antiquos
1502 734 1662 770 scriptores
1677 733 1871 770 hypostasim
1885 734 1944 762 hoc

1113 785 1203 806 sensu
1214 778 1362 813 usurpari,
1375 777 1445 805 inde
1458 778 1642 806 concludunt
1653 787 1746 806 unam
1759 779 1805 806 his
1819 778 1942 814 scripto—

1112 822 1196 850 ribus
1207 822 1397 858 hypostasim
1409 822 1537 858 placere.
1545 826 1580 851 At
1591 823 1755 858 plurimum
1763 825 1868 859 peccat
1876 823 1942 851 haec

228 878 288 907 Sed
311 877 505 913 perspicuum
530 877 588 909 est,
613 873 683 902 aliis
711 872 830 908 quidem
857 869 992 905 (Filium)
1021 875 1058 897 ea:
1077 867 1237 898 Brationis
1247 867 1411 894 conclusio.
1425 869 1498 895 Nam
1511 867 1600 895 trium
1612 867 1823 904 hypostasium
1833 868 1942 896 acerri-

228 923 332 952 Patris
352 921 480 950 essentia
502 927 564 949 esse
585 918 777 954 negantibus,
792 916 862 944 aliis
877 923 946 944 vero
965 921 1060 950 neque

229 975 267 996 ex
293 967 421 996 essentia
449 972 527 1000 esse,
551 963 603 993 sed
630 970 668 991 ex
696 962 802 997 aliqua
830 959 985 995 hypostasi
1016 958 1059 986 di-

229 1012 374 1046 centibus,
397 1011 467 1039 illos
495 1010 538 1038 ita
562 1009 680 1037 demum
707 1009 867 1042 utramque
890 1003 1058 1039 opinionem

228 1061 374 1094 tanquam
395 1063 414 1085 a
434 1055 583 1084 sententia
604 1052 806 1082 ecclesiastica
829 1051 961 1079 alienam
983 1048 1057 1083 reje-

228 1105 312 1132 cisse.
332 1102 410 1130 Nam
435 1100 487 1128 ubi
504 1106 590 1127 suam
614 1098 749 1132 ipsorum
772 1094 973 1124 declarabant
996 1100 1059 1120 sen-

228 1148 363 1182 tentiam,
383 1146 528 1174 dixerunt
548 1151 585 1172 ea:
607 1142 733 1171 essentia
748 1140 851 1169 Patris
865 1139 978 1167 Filium
997 1144 1057 1165 non

228 1192 359 1228 amplius
374 1189 552 1225 adjicientes
567 1187 658 1220 illud,
675 1194 712 1215 ea:
728 1185 895 1220 hypostasi.

264 1226 328 1266 Non
346 1235 433 1264 facile
447 1236 491 1262 est
513 1235 642 1262 statuere
667 1238 818 1268 quosnam
833 1228 989 1257 haereticos
1001 1226 1057 1254 Ba-

228 1283 322 1316 silius,
334 1281 374 1309 ob
392 1279 452 1309 Filii
466 1278 613 1314 originem
627 1284 663 1304 ex
679 1275 738 1304 alia
749 1282 843 1311 quam
856 1272 950 1301 Patris
962 1272 1058 1307 hypo-

229 1327 303 1357 stasi
317 1325 490 1359 deductam,
507 1330 526 1352 a
545 1321 664 1358 synodo
684 1321 804 1348 notatos
826 1318 916 1346 dicat.
937 1316 1058 1344 Videtur

227 1372 276 1401 vel
298 1369 522 1400 Valentinianos
547 1367 657 1400 dicere,
680 1366 714 1393 ut
733 1363 885 1392 existimat
905 1360 1056 1395 Petavius,

227 1417 281 1454 qui
295 1424 333 1444 ex
344 1413 486 1444 collatitia
500 1411 582 1440 velut
597 1410 672 1447 stipe
687 1409 726 1438 ab
740 1407 877 1437 monibus
892 1406 1056 1435 conﬂatum

228 1450 293 1490 esse
313 1462 414 1489 Iesum
436 1456 628 1489 asserebant;
644 1454 692 1483 vel
709 1452 874 1489 generatim
890 1450 1056 1484 Gnosticos,

228 1506 281 1544 qui
296 1505 448 1534 Christum
462 1510 525 1531 non
538 1499 644 1529 mundi
659 1498 812 1532 creatoris,
829 1496 882 1525 sed
896 1494 989 1530 ignoti
1005 1502 1055 1522 cu-

1113 920 1182 940 mus
1197 911 1338 940 defensor
1350 911 1473 939 Basilius
1487 920 1568 948 saepe
1579 912 1772 948 hypostasim
1781 912 1839 940 hoc
1849 920 1941 941 sensu

1113 956 1232 992 accipit.
1248 956 1294 984 Ait
1316 956 1346 984 in
1370 955 1447 984 libro
1469 957 1510 984 De
1533 956 1649 992 Spiritu
1670 960 1786 990 sancto,
1802 965 1869 992 cap.
1896 959 1939 989 16,

1112 1008 1145 1037 p.
1160 1002 1205 1034 33,
1221 999 1361 1036 Spiritum
1385 1002 1524 1028 sanctum
1548 1001 1676 1035 gratiam
1701 1009 1788 1029 suam
1803 1000 1940 1028 conferre

1112 1045 1239 1080 angelis,
1257 1045 1300 1075 Εἰς
1313 1046 1356 1070 τὸν
1372 1045 1538 1081 ἁπαρτίσμόν
1551 1047 1595 1071 καὶ
1612 1045 1800 1081 συμπλήρωσιν
1815 1049 1861 1075 τῆς
1876 1045 1940 1071 ὑπο-

1114 1091 1228 1119 στάσεως
1239 1089 1332 1125 αὐτῶν,
1346 1090 1381 1118 In
1393 1090 1447 1118 hoc
1459 1093 1491 1117 ut
1501 1090 1680 1124 perﬁciatur
1694 1090 1942 1125 compleaturque

1111 1135 1235 1162 illorum
1250 1134 1430 1162 substantia-
1447 1135 1511 1162 Non
1527 1136 1624 1169 potest
1639 1134 1697 1162 hoc
1711 1133 1779 1162 loco
1791 1135 1940 1164 ὑπόστασις

1112 1178 1196 1207 aliter
1209 1178 1304 1214 accipi
1324 1186 1360 1206 ac
1379 1178 1467 1206 οὐσία.
1480 1178 1552 1206 Hinc
1565 1178 1596 1205 in
1609 1178 1716 1206 eodem
1731 1178 1839 1215 capite,
1851 1186 1881 1214 p.
1893 1180 1939 1212 32,

1111 1223 1255 1251 sanctitas
1278 1222 1386 1250 dicitur
1407 1230 1472 1250 esse
1488 1226 1576 1251 extra
1598 1223 1798 1252 substantiam
1814 1222 1941 1258 angelo-

1110 1275 1178 1297 rum
1194 1267 1283 1298 ἔξωθεν
1308 1271 1352 1298 τῆς
1377 1267 1479 1300 οὐσίας,
1494 1268 1567 1304 quia
1582 1268 1772 1296 sanctitatem
1786 1267 1942 1303 accipiunt

1111 1321 1130 1341 a
1145 1312 1254 1348 Spiritu
1269 1314 1383 1346 sancto,
1400 1320 1455 1340 nec
1468 1320 1536 1340 eam
1552 1320 1570 1340 a
1585 1320 1639 1340 sua
1653 1313 1788 1348 ipsorum
1809 1310 1939 1339 essentia

1110 1357 1235 1385 habent.
1254 1356 1370 1385 Similer
1390 1357 1442 1385 lib.
1460 1366 1477 1385 ν
1501 1357 1646 1386 adversus
1669 1357 1808 1390 Eunom.,
1829 1362 1860 1390 p.
1874 1356 1941 1390 32l,

1111 1402 1211 1431 omnis
1233 1401 1403 1430 substantia
1420 1402 1572 1437 justorum
1588 1409 1606 1428 a
1626 1401 1735 1436 Spiritu
1756 1399 1939 1428 sanctiﬁcari

1110 1446 1233 1475 dicitur:
1247 1449 1324 1472 Πᾶσα
1338 1447 1485 1476 ὑπόστασις
1497 1444 1615 1472 δικαίων.
1624 1465 1630 1471 .
1642 1465 1648 1471 .
1668 1445 1805 1479 ἡγίασται.
1818 1445 1850 1471 1n
1860 1443 1940 1472 libro

1111 1490 1256 1523 secundo,
1271 1498 1302 1526 p.
1319 1492 1381 1523 252,
1395 1492 1489 1517 totam
1504 1489 1596 1518 Patris
1611 1490 1752 1516 naturam
1765 1488 1805 1516 ait
1818 1488 1850 1516 in
1866 1488 1940 1516 Filio

371 1548 420 1576 dei
434 1547 530 1574 ﬁlium
545 1551 610 1573 esse
631 1542 796 1578 ﬁngebant.
814 1539 987 1575 Legendum
1001 1545 1056 1587 pu-
1076 1547 1097 1574 ρ
1110 1534 1245 1587 imprimi
1263 1533 1344 1562 velut
1362 1534 1393 1561 in
1413 1533 1528 1568 sigillo:
1545 1535 1597 1561 aut
1610 1533 1872 1569 quemadmodum
1887 1540 1939 1561 ar~

229 1581 273 1623 tat
292 1591 501 1622 Combeﬁsius.
514 1591 548 1617 ut
561 1590 606 1617 est
623 1588 654 1615 in
668 1594 731 1615 uno
752 1586 855 1614 codice
875 1591 951 1612 mss.
972 1584 1012 1609 ὅτι
1031 1581 1057 1613 ἐξ

230 1639 332 1672 οὐσίας,
349 1637 419 1666 aliis
436 1643 475 1664 ex
489 1634 616 1663 essentia
634 1633 720 1660 illum
737 1631 855 1666 quidem
871 1636 941 1661 esse,
956 1628 1008 1655 sed
1020 1635 1057 1655 ea:

230 1684 294 1712 alia
309 1681 465 1718 hypostasi
476 1678 651 1708 dicentibus.
664 1676 722 1705 Sed
735 1675 801 1703 haec
815 1672 998 1702 emendandi
1011 1680 1057 1700 ra-

229 1728 271 1757 tio
281 1716 340 1756 nec
347 1716 446 1754 lucem
457 1723 552 1754 affert,
561 1730 617 1750 nec
627 1720 834 1749 difﬁcultatem
844 1718 960 1746 minuit.
972 1716 1058 1753 Equi-

231 1773 301 1801 dem
320 1778 383 1799 non
396 1769 506 1798 invitus
522 1766 688 1796 concedam
701 1764 822 1793 Petavio
836 1762 912 1791 nihil
932 1761 1057 1790 omnino

231 1818 270 1846 de
280 1814 428 1852 ejusmodi
440 1812 586 1841 haereticis
600 1809 813 1847 pronuntiasse
826 1807 990 1843 synodum,
1002 1812 1057 1833 nec

231 1849 303 1891 aiis
318 1861 406 1888 ﬁrmo
416 1858 595 1893 argumento
608 1854 748 1884 Basilium
762 1853 825 1885 niti,
838 1852 911 1880 dum
922 1851 970 1878 his
979 1849 1057 1878 voci-

230 1907 344 1941 bus,e.7:
355 1905 419 1933 alia
431 1902 556 1932 essentia
571 1903 625 1929 aut
638 1896 889 1941 hypostasi,duas
903 1903 952 1924 res
967 1894 1057 1930 signi-

229 1951 315 1980 ﬁcari
328 1947 487 1986 pertendit.
502 1945 579 1974 Nihil
593 1944 675 1973 enim
689 1944 768 1971 vetat
782 1940 922 1970 eamdem
937 1941 1056 1967 senten-

230 1997 303 2025 tiam
313 1985 439 2023 diversis
448 1991 546 2020 verbis
557 1988 729 2018 conﬁrmari
737 1996 743 2015 :
752 1994 850 2022 neque
860 1986 926 2014 haec
935 1985 966 2013 in
976 1992 1056 2021 sym-

229 2040 301 2070 bolo
311 2039 430 2068 Nicaeno
441 2037 587 2065 damnata
598 2032 774 2070 propositio,
785 2031 862 2059 Erat
877 2029 1054 2066 aliquando,

229 2084 350 2122 quando
365 2091 427 2111 non
443 2084 519 2114 erat,
531 2078 684 2108 disaimilis
696 2079 741 2105 est
750 2075 899 2112 sequenti,
909 2075 977 2103 Non
989 2077 1055 2103 erat

229 2119 390 2165 antequam
402 2127 587 2156 nasceretur.
603 2123 724 2151 Videtur
735 2129 807 2156 ergo
822 2120 904 2148 idem
918 2119 1055 2147 evenisse

228 2175 352 2206 Basilio,
362 2171 446 2210 quod
459 2169 610 2199 interdum
623 2167 770 2204 optimam
783 2165 963 2194 sententiam
973 2167 1056 2192 tuen-

228 2220 310 2248 tibus
332 2208 442 2248 evenit,
462 2217 495 2244 ut
517 2215 549 2243 in
568 2214 604 2242 iis
625 2211 779 2241 solvendis
800 2217 869 2247 quas
893 2208 1055 2238 adversarii
1069 2222 1092 2251 ι)

227 2265 390 2300 objiciunt,
419 2261 520 2290 minus
550 2257 709 2287 commode
734 2258 902 2285 versentur.
934 2253 1055 2282 Diﬁicile

227 2299 310 2338 enim
325 2310 369 2336 est
382 2314 445 2336 non
459 2304 544 2334 fateri
564 2304 611 2332 his
624 2302 736 2337 verbis,
752 2309 789 2330 ea;
809 2301 874 2329 alia
890 2299 1054 2335 hypostasi,

228 2354 391 2383 essentiam
417 2349 579 2386 designari.
605 2347 663 2376 Sed
686 2346 857 2378 levissimus
880 2345 928 2373 hic
958 2343 1056 2372 Basilii

226 2406 331 2428 naevus
347 2399 401 2429 est,
418 2403 474 2424 nec
487 2402 587 2423 causa;
602 2399 756 2420 summam
768 2390 896 2425 attingit,
911 2398 980 2426 quas
994 2391 1056 2418 tota

226 2442 398 2471 vertebatur
419 2441 478 2468 hoc
500 2438 632 2470 cardine,
652 2439 753 2465 utrum
775 2435 911 2473 synodus
935 2435 1056 2462 Nictnna

227 2495 319 2516 unam
343 2486 372 2514 in
397 2484 493 2514 tribus
516 2481 655 2519 personis
669 2480 857 2517 hypostasim
872 2479 1053 2508 admisisset.

228 2531 350 2561 Etiamsi
374 2529 502 2558 Basilius
525 2527 614 2556 unius
635 2525 798 2555 testimonii
822 2524 1053 2561 explicationem

226 2577 345 2612 longius
358 2575 483 2610 repetat,
497 2572 615 2601 etiamsi
629 2570 794 2600 concedere
807 2569 985 2598 adversariis
1001 2576 1054 2596 no-

225 2622 267 2656 lit,
279 2620 362 2657 quod
372 2618 516 2647 incolumi
527 2625 581 2646 sua
592 2624 684 2646 causa
699 2615 864 2644 concedere
879 2614 1008 2650 poterat;
1023 2613 1054 2640 in

227 2675 263 2696 eo
283 2668 359 2694 certe
377 2664 488 2701 synodi
502 2666 634 2692 mentem
650 2659 873 2690 accuratissime
888 2657 1052 2694 perspexit,

226 2710 311 2749 quod
334 2713 394 2740 tres
415 2709 595 2746 hypostases
610 2707 650 2736 ab
672 2715 708 2734 ea
730 2702 1052 2749 sublatasrnegaverit.

226 2747 322 2793 Atque
335 2755 367 2783 id
382 2754 506 2792 quidem
527 2752 616 2781 nobis
638 2750 730 2788 paulo
751 2748 920 2778 accuratius
943 2747 1054 2775 exami-

226 2800 364 2831 nandum
379 2801 436 2834 est,
449 2806 485 2828 ac
503 2794 775 2827 demonstrandum
795 2793 947 2822 Nicasnam
960 2799 1052 2830 syno-

1111 1579 1186 1608 tium
1202 1578 1371 1606 substantia
1385 1585 1422 1605 ex
1444 1577 1623 1606 docentibus
1643 1577 1674 1605 in
1693 1577 1859 1613 discipulos
1874 1579 1939 1605 tota

1111 1623 1226 1659 transit,
1248 1624 1324 1649 ὁποία
1347 1627 1396 1649 τῶν
1420 1626 1518 1658 τεχνῶν
1534 1623 1548 1651 ή
1566 1623 1712 1653 ὑπόστασις
1734 1622 1761 1648 ἐκ
1782 1626 1830 1648 τῶν
1855 1620 1938 1648 διδα-

1113 1671 1225 1695 σκόντων
1238 1668 1283 1697 ὅλη
1299 1671 1354 1698 τοῖς
1368 1668 1587 1704 μαθητευομένοις
1600 1667 1761 1703 ἐγγινομένη.

1147 1713 1305 1748 Gregorius
1331 1712 1542 1743 Nazianzenus,
1567 1711 1653 1747 cujus
1680 1718 1802 1739 summa
1828 1711 1939 1739 exstitit

1112 1765 1181 1786 cum
1203 1757 1311 1786 Basilio
1332 1757 1363 1785 in
1385 1756 1480 1784 tribus
1504 1755 1720 1793 hypostasibus
1739 1755 1939 1784 defendendis

1111 1802 1282 1838 consensio,
1298 1802 1433 1830 divinam
1452 1802 1614 1830 essentiam
1629 1801 1800 1837 hypostasis
1813 1801 1938 1830 nomine

1111 1848 1250 1882 designat
1270 1847 1301 1875 in
1321 1849 1398 1875 orat.
1413 1848 1458 1880 34,
1472 1854 1503 1883 p.
1520 1848 1582 1882 542,
1596 1846 1648 1874 ubi
1663 1846 1699 1873 de
1719 1847 1778 1874 Deo
1793 1847 1821 1873 et
1842 1845 1880 1874 de
1899 1845 1937 1873 iis

1110 1900 1178 1929 quae
1187 1892 1269 1920 circa
1283 1893 1377 1920 Deum
1391 1891 1607 1928 praedicantur,
1619 1890 1662 1918 sic
1676 1890 1825 1927 loquitur:
1840 1893 1872 1917 Τί
1883 1891 1937 1926 γὰρ

1111 1939 1165 1964 ὄντι
1180 1937 1249 1972 αὐτῷ
1271 1938 1339 1963 κατὰ
1352 1939 1400 1965 τήν
1424 1937 1502 1972 φύσιν
1517 1937 1562 1961 καὶ
1585 1937 1632 1964 τὴν
1647 1936 1803 1969 ὑπόστασιν,
1820 1935 1937 1971 ὑπάρχει

1109 1984 1137 2009 τὸ
1152 1984 1188 2019 μὴ
1206 1981 1293 2020 ἀρχὴν
1309 1983 1379 2017 ἔχειν
1394 1979 1463 2017 μηδὲ
1478 1980 1643 2014 ἐξίστασθαι,
1657 1978 1727 2016 μηδὲ
1746 1980 1936 2018 περατοῦσοαι,

1110 2027 1174 2054 ἀλλὰ
1183 2027 1238 2053 ὅλον
1250 2028 1279 2053 τὸ
1290 2025 1354 2053 εἶναι
1368 2025 1577 2063 περιλαμϐάνειν,
1590 2025 1704 2052 λείπεται
1718 2024 1937 2062 προσφιλοσοφεῖν

1108 2083 1134 2100 τε
1148 2075 1193 2099 καὶ
1207 2071 1406 2109 προσεξστάξειν
1416 2081 1422 2088 υ
1440 2071 1497 2105 Qui
1517 2071 1595 2099 enim
1615 2071 1777 2099 secundum
1792 2072 1937 2099 naturam

1109 2122 1137 2147 et
1161 2117 1344 2153 hypostasim
1369 2117 1535 2150 exsistenti,
1551 2116 1708 2144 conveniat
1731 2116 1759 2144 ei
1776 2122 1830 2143 nec
1851 2115 1938 2150 prin-

1109 2163 1219 2198 cipium
1235 2162 1355 2197 habere,
1371 2169 1424 2189 nec
1445 2168 1465 2190 a
1488 2168 1519 2189 se
1537 2167 1670 2196 unquam
1694 2160 1867 2194 desciscere,
1883 2167 1939 2189 nec

1107 2209 1168 2245 ﬁne
1184 2208 1249 2236 ullo
1274 2206 1435 2236 terminari
1454 2206 1506 2234 sed
1525 2208 1618 2234 totum
1641 2212 1702 2234 esse
1723 2205 1891 2240 complecti,
1906 2205 1940 2233 id

1107 2255 1255 2288 praterea
1273 2250 1550 2287 philosophandum
1571 2253 1599 2278 et
1619 2249 1831 2286 inquirendum
1846 2250 1939 2278 reltn~

1109 2299 1222 2335 quitur.

1146 2342 1272 2378 Cyrillus
1287 2340 1588 2377 Hierosolymitanus,
1599 2347 1691 2375 quem
1704 2347 1773 2367 cum
1785 2339 1813 2367 S.
1824 2338 1940 2367 Meletio

1110 2389 1138 2416 et
1160 2387 1226 2416 aliis
1240 2387 1331 2415 trium
1352 2384 1565 2422 hypostasium
1586 2384 1798 2412 defensoribus
1812 2384 1940 2419 conjun-

1108 2432 1259 2460 tissimum
1274 2431 1365 2459 fuisse
1378 2431 1508 2463 constat,
1524 2428 1676 2456 interdum
1690 2428 1867 2464 hypostasis
1885 2435 1938 2456 no-

1108 2478 1190 2505 mine
1212 2475 1413 2504 substantiam
1427 2473 1573 2508 intelligit.
1591 2472 1638 2501 Sic
1659 2473 1741 2501 enim
1762 2473 1896 2509 loquitur
1907 2473 1938 2500 in

1108 2524 1165 2550 cat.
1181 2523 1206 2556 6,
1220 2529 1251 2548 n.
1264 2523 1279 2547 5
1293 2528 1300 2547 :
1315 2519 1510 2549 Ἀκατάληπτός
1535 2517 1605 2543 ἐστιν
1625 2518 1639 2546 ἠ
1665 2518 1812 2548 ὑπόστασις
1827 2517 1842 2546 ἠ
1861 2518 1918 2544 θεία
1929 2527 1935 2534 ·

1108 2565 1328 2601 Comprehendi
1355 2572 1416 2592 non
1444 2564 1540 2598 potest
1565 2562 1736 2591 substantia
1763 2562 1888 2598 divina;
1909 2564 1938 2591 et

1108 2613 1165 2639 cat.
1189 2612 1232 2645 t6,
1245 2610 1282 2638 de
1302 2608 1412 2645 Spiritu
1425 2607 1553 2644 loquens
1574 2608 1632 2636 ait:
1650 2609 1730 2634 Φύσιν
1744 2605 1773 2634 δὴ
1787 2607 1802 2637 ἢ
1820 2607 1936 2634 ὑπόστα-

1109 2665 1150 2682 σιν
1171 2657 1207 2692 μὴ
1230 2654 1461 2690 πολυπραγμόνει·
1486 2652 1639 2681 Naturam
1658 2655 1712 2682 aut
1733 2651 1934 2681 substantiam

1107 2708 1144 2730 ne
1157 2700 1272 2729 curiose
1283 2699 1452 2734 investiges.

1144 2746 1190 2774 Sic
1212 2745 1304 2773 etiam
1325 2743 1511 2780 Epiphanius
1532 2742 1685 2772 interdum
1708 2742 1856 2768 ὑπόστασιν
1879 2749 1935 2778 pro

1108 2791 1186 2828 οὐσίᾳ
1201 2790 1304 2827 sumit,
1316 2789 1399 2819 velut
1411 2797 1481 2818 cum
1500 2788 1541 2817 ait
1559 2787 1666 2816 haeres.
1683 2795 1772 2822 mw,
1789 2794 1819 2815 n.
1835 2788 1863 2823 4,
1880 2789 1934 2815 Μία
