2027 3144
102 123 133 150 13
839 105 1035 145 ριιλΕιτΑτιο.
1753 123 1786 150 u

90 185 171 214 θεότης
203 186 250 212 τῆς
282 181 365 212 αὐτῆς
396 180 531 218 δυνάμεως
547 202 554 215 ,
593 184 641 212 τῆς
678 180 758 210 αὐτῆς
791 178 942 206 ὕπατοί-Δ
961 176 991 204 δὲ
1010 179 1055 205 καὶ
1074 179 1146 217 παρὰ
1168 183 1224 211 τοῖς
1243 180 1350 212 Ἰταλοῖς
1373 181 1476 218 ὁμοίως,
1501 181 1554 208 ἀλλ’
1579 182 1609 209 οὐ
1633 181 1787 220 δυναμένοις

90 237 153 258 σεως·
184 227 248 255 Una
271 227 425 262 divinitas,
460 226 591 262 ejusdem
613 226 744 259 virtutis,
774 223 905 259 ejusdem

88 272 256 307 hypostasis.
271 271 354 299 Idem
374 273 476 299 tamen
500 271 659 304 sentiebat,
682 273 749 307 τρεῖς
769 268 907 305 ἀναγκαῖον

87 315 147 342 εἶναι
172 317 216 347 τὰς
243 316 413 348 ὑποστάσεις,
444 314 592 351 ὁμολογεῖν,
619 321 735 343 necesse
764 320 825 342 esse
849 315 908 340 tres

86 361 251 396 hypostases
261 360 407 394 conﬁteri,
425 360 516 396 idque
533 359 687 395 conceptis
708 357 809 386 verbis
831 356 908 385 Basi-

84 405 122 433 lio
135 405 300 441 scripserat,
317 404 369 441 qui
379 404 459 432 hanc
469 404 549 432 illius
564 404 733 432 doctrinam
743 402 909 439 plurimum

84 449 183 478 laudat
200 450 230 477 in
249 449 335 485 epist.
357 451 422 477 258.
451 450 548 481 Quare
570 449 640 477 vitio
664 455 726 476 non
742 449 823 476 caret
842 445 909 482 Epi-

85 494 184 531 phanii
206 496 362 522 contextus
386 494 416 522 in
440 495 605 528 Ancorato,
621 501 652 521 n.
669 495 695 527 6,
712 492 764 521 ubi
784 492 826 520 sic
840 491 911 525 legi-

85 541 147 567 tur:
173 539 228 565 Ἐὰν
251 540 302 575 γὰρ
330 540 405 575 εἴπῃς
428 540 458 564 τὸ
477 539 627 574 ὀμοούσιον,
648 538 744 568 ἵλυσας
772 535 909 565 Σαϐελλίου

85 586 128 612 τὴν
151 583 268 620 δύναμιν·
294 584 359 609 ὅπου
384 584 435 620 γὰρ
463 583 614 619 ὀμοούσιον,
644 585 707 619 μιᾶς
738 581 910 608 ﬁxos-ratam;

85 627 137 654 ἐστι
151 626 303 657 δηλωτικόν.
324 627 504 655 Addendam
521 635 586 655 esse
605 626 799 662 negationem
822 633 858 654 ac
872 624 912 652 le‘

83 672 209 708 gendum
225 673 255 699 οὗ
271 676 331 709 μιᾶς
345 672 422 700 vidit
436 673 500 708 ipse
515 671 667 703 Petavius,
683 671 736 707 qui
755 671 797 698 sic
819 670 912 698 inter-

82 719 231 753 pretatur:
260 717 442 752 Usurpando
467 716 735 745 consubstantialis
760 715 909 743 vocabulo

81 762 205 790 Sabellii
214 762 308 790 robur
321 762 489 797 infringis:
504 769 565 790 non
580 762 659 789 enim
672 760 911 789 consubstantia-

83 807 118 834 lis
130 815 186 835 vos:
196 807 385 843 singularem
401 807 587 842 hypostasim
601 806 764 842 signiﬁcat.

961 221 1009 249 διὰ
1038 225 1177 253 στενότητα
1200 228 1249 255 τῆς
1265 225 1329 262 παρ’
1356 225 1445 257 αὐτοῖς
1471 226 1590 262 ’γλώττης
1616 229 1660 254 καὶ
1691 227 1787 264 ὀνομάο

960 277 1010 294 των
1036 270 1135 304 πενίαν,
1165 267 1257 295 δειλώ
1283 269 1333 297 ἀπὸ
1357 274 1405 302 τῆς
1433 271 1525 303 οὐσίας
1553 274 1600 301 τὴν
1626 272 1784 307 incusans,

961 314 1006 338 καὶ
1031 310 1078 339 διὰ
1100 317 1176 339 τοῦτο
1204 313 1408 350 ἁντεισαγούσης
1432 315 1503 353 [ἰεθ.
1533 316 1730 354 ἀντεισάγουσι]
1753 319 1787 344 τὰ

961 359 1100 395 πρόσωπα·
1116 358 1157 385 ἱνα
1171 360 1206 394 μὴ
1223 362 1289 395 τρεῖς
1303 358 1392 386 οὐσίαι
1405 359 1621 398 παραδειχθῶσι,
1636 364 1663 388 τί
1675 365 1784 398 γίνεται;

964 403 1008 434 Ὠς
1022 402 1076 429 λίαν
1095 403 1193 439 γελοῖον
1219 404 1234 434 ἦ
1257 403 1372 431 ἐλεεινόν·
1396 407 1508 437 πίστεως
1532 405 1604 438 ἔδοξε
1623 405 1747 445 διαφορά,
1768 409 1784 437 ἡ

963 450 1021 485 περὶ
1040 450 1083 474 τὸν
1105 447 1174 485 ἧχον
1197 449 1363 487 μικρολογία.
1387 451 1467 479 Nam
1488 458 1555 479 cum
1574 453 1702 482 essentia
1723 461 1786 482 una

964 495 992 520 et
1011 495 1070 520 tres
1091 493 1261 529 hypostases
1282 502 1301 522 a
1325 494 1412 523 nobis
1431 495 1482 530 pie
1503 496 1677 525 dicerentur
1694 498 1788 534 (quod

963 538 1095 565 alterum
1113 538 1284 567 divinitatis
1301 542 1456 574 naturam,
1472 540 1600 569 alterum
1615 541 1707 570 trium
1717 550 1787 578 per-

963 589 1107 611 sonarum
1119 584 1321 618 proprietates
1334 584 1489 618 declaret),
1504 588 1594 622 atque
1609 587 1710 615 eodem
1724 588 1787 623 qui-

965 627 1029 655 dem
1040 628 1127 655 modo
1138 629 1222 663 apud
1230 629 1379 658 Romanos
1388 630 1641 666 intelligerentur,
1650 635 1788 661 ceterum

965 671 1000 700 ob
1016 672 1128 707 lingua
1145 673 1230 701 illius
1243 674 1415 709 angustiam
1431 677 1458 703 et
1472 675 1629 704 uerborum
1644 677 1788 712 inopiam,

966 715 1150 751 hypostasim
1158 717 1195 745 ab
1205 718 1332 747 essentia
1342 718 1528 755 distinguere
1539 728 1600 748 non
1609 724 1740 756 possent,
1745 728 1790 749 eo-

964 768 1022 796 que
1031 761 1148 795 factum
1164 766 1246 797 esset,
1262 766 1294 790 ut
1310 771 1347 792 ne
1360 766 1421 792 tres
1435 764 1619 794 substantias
1631 766 1789 795 admittere

964 805 1154 839 viderentur,
1176 814 1374 842 personarum
1394 809 1574 838 vocabulum
1599 811 1788 846 inducerent,

115 853 211 880 Ruunt
236 860 310 887 ergo
338 854 520 887 argumenta
545 851 668 885 Petavii,
697 853 726 879 et
750 858 787 879 ex
812 849 909 878 allatis
924 856 945 884 Β
963 850 1037 886 quid
1047 851 1167 879 tandem
1179 852 1324 887 contigit?
1333 853 1389 882 Res
1397 854 1728 888 profectoridiculavel
1738 864 1790 891 po-

82 897 219 933 exemplis
225 896 604 933 perspiciturhypostasim
612 896 763 924 interdum
771 903 826 932 pro
831 895 910 931 οὐσιᾳ

82 941 155 969 sumi
166 950 269 978 posse,
284 941 425 977 quamvis
435 943 496 969 tres
505 941 687 978 hypostases
699 941 908 974 admittuntur,

84 994 115 1014 ac
122 986 249 1022 proinde
258 986 394 1014 Nicenos
405 988 515 1020 Patres,
528 986 645 1015 etiamsi
653 986 843 1022 bypostasim
853 993 909 1021 pro

82 1031 155 1067 οὐσίᾳ
168 1031 367 1067 sumpserint,
383 1039 445 1059 non
460 1031 572 1059 idcirco
585 1039 679 1059 unam
693 1031 724 1058 in
739 1030 835 1058 tribus
845 1037 909 1066 per-

83 1075 160 1103 sonis
168 1075 361 1112 hypostasim
372 1075 551 1104 decrevisse.
559 1076 661 1111 Neque
669 1075 760 1110 hujus
768 1075 810 1102 rei
820 1074 910 1109 longe

83 1120 206 1156 petenda
219 1120 392 1157 explicatio.
409 1120 554 1153 Quamvis
569 1120 651 1152 enim
673 1119 806 1147 essentia
821 1119 858 1147 sit
878 1118 910 1147 id

86 1165 161 1201 quod
169 1173 332 1194 commune
341 1167 385 1193 est
394 1165 491 1193 tribus
497 1165 645 1201 personis,
655 1164 828 1201 hypostasis
837 1171 910 1192 vero

88 1209 116 1237 id
127 1211 204 1246 quod
218 1210 380 1248 proprium
393 1219 400 1244 ;
418 1218 500 1246 sepe
519 1212 620 1238 tamen
636 1209 774 1238 essentia;
786 1209 911 1237 nomine

89 1254 254 1291 hypostasis
276 1255 554 1291 comprehenditur,
578 1263 614 1283 ac
627 1254 759 1283 vicissim
779 1254 846 1290 ipsa
857 1254 912 1290 hy-

88 1300 210 1334 postasis
218 1299 381 1328 essentiam
389 1299 630 1336 comprehendit.
637 1301 714 1327 Dum
723 1299 803 1327 enim
814 1306 912 1327 essen-

91 1342 128 1370 tia
142 1343 199 1371 sive
212 1346 321 1372 natura.
337 1343 557 1378 consideratur,
574 1345 725 1380 quatenus
747 1343 911 1378 conjuncta

85 1389 127 1416 est
140 1395 206 1416 cum
217 1388 433 1425 personalibus
443 1388 689 1425 proprietatibus,
704 1388 766 1416 sive
777 1395 846 1415 cum
856 1387 911 1423 hy-

81 1433 202 1468 postasi,
215 1436 290 1461 tunc
313 1433 421 1461 eodem
442 1441 535 1460 sensu
550 1435 714 1469 usurpatur
727 1441 763 1461 ac
780 1440 910 1469 persona

80 1477 140 1505 sive
154 1477 332 1514 hypostasis
345 1485 352 1505 :
368 1477 449 1505 unde
459 1478 487 1506 S.
496 1477 669 1505 Alexander
681 1476 908 1510 Alexandrinus,

965 895 1023 923 tius
1038 896 1211 924 miseranda
1221 904 1233 925 .·
1248 897 1374 926 diversae
1383 898 1456 933 ﬁdei
1468 900 1592 934 speciem
1604 901 1734 934 praebuit
1750 901 1789 929 le-

965 941 1007 967 vis
1020 939 1076 967 illa
1091 941 1235 975 etjejuna
1244 941 1280 969 de
1293 949 1396 970 vocum
1407 950 1478 970 sono
1492 943 1665 972 altercatio.

1000 984 1152 1013 Habemus
1171 993 1244 1021 ergo
1266 986 1358 1014 totius
1376 987 1572 1016 dissensionis
1588 989 1746 1024 originem,
1762 992 1791 1018 et

964 1028 1082 1057 initium
1096 1029 1185 1058 unius
1199 1030 1384 1067 hypostasis.
1395 1033 1565 1068 Antequam
1577 1034 1686 1062 Latinis
1700 1034 1730 1062 in
1744 1034 1791 1063 in-

964 1074 1158 1110 terpretanda
1172 1074 1343 1111 hypostasis
1361 1083 1432 1105 voce
1447 1076 1618 1107 molestiam
1632 1078 1793 1108 facesseret

964 1118 1075 1154 linguae
1095 1119 1208 1156 inopia,
1226 1120 1310 1148 nulla
1333 1124 1397 1150 erat
1420 1122 1502 1158 apud
1517 1123 1634 1151 Graecos
1649 1131 1685 1152 ea
1708 1124 1746 1153 de
1758 1131 1792 1152 re

964 1164 1177 1197 controversia,
1191 1165 1275 1194 nulla
1285 1166 1427 1201 varietas;
1439 1175 1475 1195 ac
1484 1167 1612 1203 proinde
1620 1176 1682 1196 non
1693 1169 1793 1197 solum

965 1208 1075 1236 Nicaeui
1086 1210 1196 1245 Patres,
1204 1209 1258 1238 sed
1268 1212 1454 1247 etquotquot
1463 1212 1635 1248 hypostasis
1644 1213 1793 1242 vocabulo

966 1253 1006 1282 ad
1020 1254 1207 1282 cﬁerendum
1222 1255 1336 1291 dogma
1352 1256 1400 1284 usi
1412 1259 1492 1291 sunt,
1513 1265 1575 1286 non
1589 1266 1683 1287 unam
1697 1259 1794 1295 hypo-

965 1298 1082 1332 stasim,
1097 1299 1150 1326 sed
1164 1301 1225 1327 tres
1236 1300 1418 1337 hypostases
1429 1301 1578 1330 dixerunt.
1593 1303 1723 1339 Gregorii
1737 1306 1794 1332 tes-

965 1342 1126 1371 timonium
1142 1344 1302 1373 conﬁrmat
1316 1345 1443 1374 Acacius
1455 1348 1626 1381 Berzeensis,
1637 1349 1690 1384 qui
1698 1349 1741 1376 sic
1752 1348 1795 1377 lo-

965 1387 1068 1423 quitur
1077 1387 1160 1423 apud
1168 1388 1312 1424 Cyrillum
1321 1389 1569 1427 Alexandrinum,
1576 1393 1664 1429 epist.
1674 1395 1716 1421 {3:
1727 1393 1794 1422 Bea-

966 1435 1014 1460 tus
1028 1432 1185 1467 Paulinus,
1198 1433 1305 1469 inquit,
1321 1436 1381 1462 tres
1394 1435 1570 1470 hypastases
1580 1440 1685 1471 aperte
1696 1438 1795 1466 dicere

966 1477 1135 1513 recusabat,
1147 1478 1283 1513 quamvis
1296 1479 1398 1506 eadem
1411 1480 1523 1508 virtute
1532 1483 1560 1508 et
1570 1482 1697 1510 veritate
1706 1483 1795 1510 senti-

78 1522 163 1558 cujus
176 1522 272 1550 verba
282 1530 354 1550 mox
363 1522 538 1555 referemus,
549 1524 665 1550 Patrem
678 1524 707 1550 et
718 1522 823 1550 Filium
834 1522 910 1550 duas
925 1534 946 1562 ρ
965 1523 1011 1550 ret
1026 1529 1061 1550 ac
1073 1521 1266 1556 praedicaret.
1279 1523 1407 1551 Secutus
1417 1527 1458 1552 est
1469 1528 1568 1553 autem
1582 1526 1730 1560 piissimos
1740 1527 1792 1555 0c-

79 1567 235 1601 hypostasi
243 1570 375 1596 naturas
385 1570 481 1595 vocat.
492 1566 539 1596 Sic
549 1566 639 1598 etiam
649 1566 910 1602 hypostasis,dnm

78 1611 290 1640 consideratur
297 1613 449 1648 quatenus
458 1620 527 1640 cum
536 1611 667 1640 essentia
679 1611 848 1647 conjuncta
855 1612 909 1646 est,

77 1657 230 1685 interdum
251 1665 309 1693 pro
332 1657 463 1685 essentia
483 1657 620 1685 sumitur.
645 1655 911 1689 Quemadmodum

77 1709 151 1737 ergo
175 1702 274 1730 sancti
297 1703 409 1733 Patres,
429 1701 483 1729 etsi
504 1701 657 1729 interdum
683 1700 847 1728 essentiam
863 1708 910 1728 su-

78 1748 166 1774 munt
179 1754 237 1782 pro
247 1746 418 1782 hypostasi,
431 1746 493 1774 sive
504 1753 644 1782 persona,
656 1753 718 1774 non
728 1745 841 1773 idcirco
851 1747 911 1773 tres

76 1791 225 1819 essentias
248 1791 430 1825 admittunt;
457 1791 499 1819 ita
513 1798 550 1818 ex
565 1798 600 1818 eo
623 1790 708 1827 quod
722 1789 912 1826 bypostasim

75 1843 305 1872 nonnunquam
323 1837 444 1864 sumant
465 1843 521 1871 pro
542 1835 674 1863 essentia
692 1842 755 1863 non
777 1834 912 1870 sequitur

74 1888 174 1909 unam
188 1880 229 1908 ab
241 1880 301 1908 illis
316 1880 508 1916 hypostasim
524 1879 653 1908 admitti.

113 1926 161 1953 III.
184 1925 243 1953 Sed
257 1925 322 1960 jam
335 1925 457 1960 longius
472 1924 560 1953 nobis
580 1924 791 1960 promovenda
815 1923 912 1951 Basilii

74 1970 226 1998 defensio:
233 1970 382 1998 hactenus
391 1970 469 1998 enim
476 1969 802 2006 probatum,immerito
808 1968 879 1997 aﬁin
883 1969 912 2004 gi

76 2015 202 2052 synodo
218 2015 346 2044 Nicena
357 2022 451 2043 unam
466 2015 672 2051 hypostasim:
688 2022 770 2042 nunc
782 2013 913 2050 proban-

73 2060 153 2088 dum
170 2062 233 2088 tres
245 2059 429 2096 hypostases
443 2067 562 2096 semper
573 2059 604 2087 in
620 2059 738 2087 Oriente
749 2060 913 2095 usurpatas

74 2112 203 2134 summo
218 2112 373 2133 consensu
387 2105 489 2137 fuisse,
503 2103 611 2132 saltem
625 2112 644 2132 a
655 2103 777 2132 Sabellii
791 2106 819 2132 et
830 2103 913 2132 Nocti

72 2152 227 2186 tempore;
235 2156 291 2177 nec
297 2149 374 2177 ullos
382 2149 526 2177 habuisse
537 2148 851 2184 adversarios,praster
858 2150 915 2176 An-

73 2195 238 2225 tiochenos
245 2194 423 2229 nonnullos,
430 2201 507 2230 quos
515 2193 672 2222 Latinihac
678 2201 752 2221 voce
758 2193 797 2221 ob
803 2192 914 2228 linguas

74 2249 138 2269 sum
149 2240 294 2276 inopiam
304 2239 411 2268 offensi
421 2239 452 2267 in
459 2239 640 2267 sententiam
650 2246 738 2267 suam
750 2240 913 2266 traxerunt.

110 2287 186 2323 Ipsa
214 2285 267 2314 illa
290 2285 508 2319 controversia,
536 2293 604 2321 quae
632 2284 669 2312 de
696 2283 914 2320 hypostasibus

71 2334 185 2361 exorta
210 2332 268 2364 est,
294 2330 406 2358 eximio
430 2329 520 2358 nobis
535 2331 715 2364 argumento
737 2330 915 2365 perpetuam

71 2375 210 2405 Orientis
223 2375 395 2403 doctrinam
411 2375 609 2403 demonstrat.
622 2373 769 2402 Discimus
783 2373 864 2401 enim
879 2381 916 2401 ex

71 2419 227 2456 Gregorio
252 2419 435 2447 Nazianzeno
461 2421 520 2447 tres
544 2419 736 2455 hypostases,
751 2419 916 2454 antequam

69 2466 139 2496 haec
162 2463 304 2502 prodiret
326 2464 485 2496 dissensio,
512 2463 649 2492 Ecclesiae
672 2462 829 2492 Orientalis
848 2471 914 2498 usu,

69 2510 202 2540 nemine
234 2511 434 2545 repugnante,
459 2508 604 2536 contritas
627 2504 731 2535 fuisse.
762 2507 808 2535 Sic
833 2506 915 2535 enim

67 2555 216 2593 loquitur
231 2555 259 2582 S.
276 2554 436 2588 Gregorius
451 2553 482 2582 in
496 2555 572 2582 orat.
589 2555 633 2587 2t,
649 2561 680 2589 p.
694 2555 764 2581 395:
787 2555 841 2582 Τῆς
863 2551 914 2590 γὰρ

69 2604 138 2637 μιᾶς
168 2598 277 2633 οὐσίας,
307 2601 352 2624 καὶ
383 2602 433 2624 τῶν
461 2602 540 2635 τριῶν
564 2598 742 2624 ,ὑποστάσεων
775 2597 915 2632 λεγομένων

69 2646 118 2682 μὶν
136 2643 184 2681 ὑφ’
201 2644 277 2680 ἡμῶν
293 2642 417 2673 εὐσεϐῶς·
432 2644 461 2668 τὸ
547 2643 597 2678 γὰρ
618 2644 665 2671 τήν
681 2643 758 2678 φύσιν
775 2639 853 2670 δηλοῖ
870 2645 916 2671 τῆς

71 2692 216 2724 θεότητος,
242 2690 272 2715 τὸ
300 2687 329 2715 δέ
352 2689 399 2720 τὰς
422 2692 472 2714 τῶν
500 2692 578 2725 τριῶν
605 2686 752 2719 ἰδιότητας,
774 2688 916 2723 νοουμένων

107 2790 153 2827 (2)
174 2787 329 2818 Athenas.
348 2785 435 2824 epist.
452 2786 493 2816 ad
513 2785 738 2815 Antiochenses.

965 1566 1092 1594 cidentis
1103 1567 1254 1601 episcopos
1260 1570 1422 1602 propterea
1430 1569 1510 1604 quod
1520 1571 1679 1605 angustior
1688 1574 1731 1599 est
1740 1572 1795 1600 lin-

965 1618 1027 1646 gua
1036 1611 1183 1644 Romana,
1194 1618 1286 1646 quam
1298 1615 1333 1640 ut
1342 1613 1505 1642 secundum
1515 1614 1649 1643 Graecam
1660 1619 1794 1645 nostram

962 1655 1101 1689 phrasim
1116 1657 1176 1683 tres
1192 1655 1366 1692 hypostases
1379 1657 1478 1686 dicere
1492 1662 1592 1694 queat.

1002 1699 1078 1727 Illud
1091 1699 1182 1727 etiam
1196 1700 1361 1729 novitatem
1375 1702 1465 1730 unius
1477 1702 1654 1739 hypOstasis
1666 1705 1793 1734 demon-

966 1745 1059 1772 strare
1074 1744 1178 1780 possit,
1196 1744 1280 1780 quod
1299 1753 1368 1773 cum
1386 1746 1518 1782 epistolas
1534 1749 1719 1777 Sardicensis
1743 1759 1793 1787 sy-

966 1788 1038 1816 nodi
1054 1788 1199 1823 adjuncta
1213 1797 1231 1817 a
1253 1790 1408 1818 nonnullis
1431 1791 1535 1820 fuisset
1557 1794 1701 1829 quaedam
1722 1794 1793 1823 ﬁdei

965 1832 1125 1864 confessio,
1136 1832 1167 1861 in
1177 1841 1239 1869 qua
1251 1841 1313 1862 una
1325 1834 1510 1870 hypostasis,
1521 1839 1554 1864 ut
1565 1838 1731 1873 apostolica
1740 1839 1794 1867 do-

966 1877 1071 1909 ctrina,
1081 1877 1266 1912 tradebatur,
1274 1877 1352 1906 hanc
1360 1879 1430 1907 ﬁdei
1441 1880 1662 1910 confessionem
1670 1883 1792 1911 Alexan-

965 1921 1054 1950 drina
1067 1921 1206 1957 synodus
1222 1924 1255 1950 ut
1266 1923 1401 1959 spuriam
1414 1924 1524 1959 rejecit,
1542 1933 1577 1953 ac
1590 1927 1793 1956 Antiochenos

965 1967 1085 1995 hortata
1099 1969 1147 1995 est
1159 1967 1207 2003 (2),
1223 1969 1257 1995 ut
1277 1975 1345 1997 eam
1364 1976 1420 1997 nec
1432 1969 1490 2004 legi
1503 1977 1559 1998 nec
1572 1972 1698 2007 proferri
1712 1975 1794 2009 pate-

965 2014 1078 2040 rentur.
1094 2011 1241 2040 Eusebius
1251 2013 1444 2041 Vercellensis
1453 2014 1484 2042 in
1495 2015 1714 2045 subscribendo
1724 2025 1792 2046 eam

966 2064 1004 2085 ne
1019 2056 1233 2092 proferendam
1246 2057 1370 2093 quidem
1386 2065 1453 2087 esse
1465 2061 1649 2095 pronuntiat.

1002 2102 1046 2129 IV.
1059 2101 1117 2130 Sed
1127 2101 1314 2138 pracipuum
1324 2102 1413 2130 nobis
1424 2107 1637 2138 argumentum
1653 2106 1794 2142 suppedi-

966 2147 1031 2174 tant
1045 2145 1225 2181 scriptorurn
1245 2146 1518 2176 ecclesiasticorum
1532 2149 1711 2184 testimonia,
1728 2152 1793 2179 tum

967 2198 1073 2219 eorum
1081 2189 1134 2226 qui
1141 2191 1211 2218 ante
1219 2190 1380 2219 concilium
1389 2191 1542 2220 Nicaenum
1550 2193 1794 2228 ﬂoruerunt,tum

968 2243 1075 2264 eorum
1089 2234 1142 2270 qui
1155 2234 1273 2270 synodo
1288 2235 1495 2273 interfuerunt,
1508 2239 1560 2265 aut
1572 2240 1640 2273 post
1650 2246 1717 2267 eam
1726 2239 1795 2267 scri-

968 2287 1065 2317 psere.
1082 2279 1184 2308 Nullus
1197 2287 1270 2308 sane
1277 2280 1405 2316 proferri
1416 2284 1522 2317 potest,
1534 2283 1586 2318 qui
1599 2290 1692 2311 unam
1702 2284 1733 2312 in
1743 2284 1796 2312 tri-

968 2325 1027 2353 bus
1036 2324 1174 2361 personis
1187 2325 1377 2360 hypostasim
1388 2325 1495 2354 dixerit
1508 2335 1514 2354 :
1530 2329 1680 2363 quotquot
1694 2331 1795 2357 autem

969 2370 1000 2399 in
1006 2369 1185 2406 explicando
1191 2369 1339 2398 Trinitatis
1345 2371 1488 2407 mysterio
1493 2373 1665 2408 hypostasis
1670 2381 1744 2402 voce
1750 2374 1797 2402 usi

970 2417 1052 2447 sunt,
1066 2416 1124 2443 tres
1134 2415 1316 2450 hypostases
1328 2423 1450 2444 summo
1465 2424 1615 2445 consensu
1625 2421 1796 2447 numerant.

1006 2459 1149 2495 Origenes
1165 2461 1238 2487 tom.
1254 2467 1275 2487 11
1294 2461 1326 2488 in
1344 2461 1502 2496 Joannem,
1520 2469 1549 2498 p.
1568 2465 1610 2497 56,
1633 2463 1675 2491 sic
1694 2466 1799 2492 contra

970 2504 1155 2534 Sabellianos
1174 2505 1369 2540 pronuntiat:
1398 2505 1486 2542 Ἡμεῖς
1505 2509 1623 2543 μέντοιγε
1644 2512 1713 2545 τρεῖς
1736 2509 1798 2535 ὑπο·

971 2551 1076 2581 στάσεις
1099 2550 1246 2586 πυθόμενοι
1271 2551 1435 2586 τυγχάνειν,
1470 2553 1513 2577 τὸν
1547 2554 1651 2590 Πατέρα
1683 2556 1727 2579 καὶ
1754 2554 1799 2579 τόν

970 2596 1029 2622 Υἱὸν
1050 2596 1095 2621 καὶ
1123 2596 1152 2620 τὸ
1174 2594 1248 2630 ἅγιον
1274 2598 1388 2632 Πνεῦμα·
1413 2596 1476 2624 Nos
1499 2599 1599 2624 autem
1621 2604 1801 2632 persuasum

971 2639 1113 2668 habemus
1128 2641 1188 2667 tres
1207 2647 1268 2668 esse
1287 2640 1469 2675 hypostases,
1485 2641 1603 2670 Patrem
1615 2643 1642 2669 et
1649 2642 1762 2671 Filium
1772 2644 1802 2671 et

970 2684 1119 2720 Spiritum
1133 2687 1283 2713 sanctum.
1299 2684 1414 2714 Refellit
1425 2685 1456 2714 in
1471 2684 1548 2715 libro
1565 2694 1600 2715 vu
1616 2689 1724 2716 contra
1737 2686 1802 2716 Cel-
