2027 3144
235 126 267 152 15
993 120 1186 148 ΡΒᾸΞΡΑΤΙΟ.
1909 127 1937 152 ιθ

232 193 308 220 sum,
323 192 393 221 pag.
410 187 473 221 386,
499 185 623 213 eosdem
647 185 812 219 hareticos,
831 185 885 221 qui
899 186 1016 213 Patrem
1032 185 1060 210 et
1075 184 1098 209 A
1113 182 1192 210 libus
1207 184 1440 220 proprietatibus
1451 186 1482 213 in
1497 193 1681 222 unaquaque
1696 193 1829 222 persona
1843 187 1938 214 consi-

232 230 339 258 Filium
354 230 432 258 duas
447 238 513 258 esse
526 230 710 266 hypostases
724 231 878 265 negabant
891 239 898 263 -,
914 230 978 265 ipse
989 235 1060 256 vero

232 274 309 302 duas
324 274 479 310 hypostasi
493 282 540 303 res
555 282 616 303 esse
630 276 793 308 asseverat,
805 277 867 300 ὄντα
883 273 931 300 δυό
946 277 976 309 τῇ
994 274 1060 299 imo-

234 320 327 345 στάσει
339 320 493 355 πράγματα.

267 364 296 391 S.
321 364 446 392 Basilius
469 365 499 392 in
521 363 600 391 libro
621 364 665 391 De
677 364 794 398 Spiritu
813 366 918 392 sancto
933 371 1000 399 cap.
1015 364 1059 394 29,

232 415 264 436 n.
278 410 323 440 72,
339 416 370 444 p.
382 411 426 442 61,
439 409 511 436 citat
525 408 598 436 illud
611 408 743 444 Dionysii
756 408 950 436 Alexandrini
963 417 968 435 :
983 407 1013 434 Ei
1026 411 1061 442 τῷ

232 456 301 489 τρεῖς
316 452 379 479 εἶναι
394 454 438 483 τὰς
462 454 630 485 ὑποστάσεις,
652 456 842 489 μεμερισμένας
867 452 930 479 εἶναι
954 452 1061 487 λέγουσι

231 500 301 534 τρεῖς
314 497 366 522 εἱσι
379 496 427 522 κᾶν
442 499 477 532 μὴ
495 496 611 522 Θέλιιιδσιν⁸
629 497 643 525 ἣ
660 499 707 526 τὴν
724 498 793 523 θείαν
814 495 918 534 Τριάόα
933 496 1061 526 παντελῶς

233 541 401 568 ἀνςλὶτωσαν-
429 542 462 569 Si
476 549 508 570 eo
523 542 603 577 quod
624 545 682 570 tres
703 546 774 570 sunt
789 543 972 578 hypostcscs,
989 542 1060 569 divi-

231 594 278 614 sas
293 594 353 614 esse
369 587 486 620 dicunt,
502 591 562 614 tres
576 590 647 614 sunt
666 587 784 614 etiamsi
802 588 921 621 nolint;
945 590 998 614 aut
1014 587 1061 613 di-

232 630 318 658 vinas
334 630 472 658 Triadem
490 638 616 664 prorsus
634 631 755 659 tollant.
774 632 843 659 Tres
859 638 930 665 ergo
952 630 1063 666 hypos-

231 677 313 702 tales
327 674 458 703 admittit
472 675 635 711 Dionysius
644 675 875 710 Alexandrinus,
888 675 944 702 sed
956 682 1007 702 eos
1018 682 1062 702 re-

231 719 313 752 fellit,
329 719 382 756 qui
393 728 430 748 ex
454 727 490 748 eo
510 719 594 756 quod
610 722 668 747 tres
685 720 753 753 sint,
770 720 883 747 divisas
902 727 967 747 esse
990 727 1061 747 con-

229 763 406 799 tendebant,
421 764 509 800 quasi
520 772 581 792 non
596 771 659 792 una
672 766 752 792 esset
766 764 797 792 in
812 764 907 791 tribus
922 764 1060 791 essentia.

231 810 327 845 Atque
342 808 372 836 id
390 809 515 845 quidem
536 811 674 836 accurate
689 809 927 842 observandum,
943 811 976 836 ut
996 816 1061 844 per-

1114 227 1250 256 derabat.

1150 273 1213 300 Non
1227 273 1353 301 discedit
1377 274 1416 301 ab
1437 275 1543 310 optimi
1564 275 1732 302 decessoris
1757 276 1785 302 et
1807 275 1938 309 magistri

1114 317 1247 351 vestigiis
1258 318 1450 352 Athanasius,
1466 319 1517 355 qui
1531 319 1588 346 sub
1603 320 1694 346 tinem
1710 319 1777 346 libri
1790 327 1882 355 quem
1904 319 1938 347 de

1114 361 1213 389 verbis
1228 362 1345 390 Domini
1361 362 1486 399 scripsit,
1501 364 1607 391 Omnia
1622 363 1698 391 mihi
1713 363 1827 391 tradita
1837 367 1907 392 sunt
1917 366 1936 397 ³,

1114 408 1182 439 etc.,
1199 406 1241 433 sic
1251 406 1383 442 loquitur
1394 409 1475 443 (pag.
1495 409 1566 443 {08):
1587 410 1622 434 Τὸ
1636 409 1686 444 γὰρ
1705 410 1791 445 τρίτον
1815 409 1847 434 τὰ
1866 411 1938 444 τίμια

1116 452 1171 481 ζῶα
1181 455 1264 477 ταῦτα
1274 455 1425 489 προσφέρειν
1439 455 1486 481 τὴν
1498 451 1762 488 ὃοξολογίαν,”Λ-γιος,
1771 453 1851 488 ἅγιος,
1859 452 1938 488 ἅγιος,

1115 496 1230 531 λέγοντα,
1252 497 1296 526 τὰς
1315 501 1383 533 τρεῖς
1402 498 1562 527 ὑποστάσεις
1585 497 1680 527 τελείας
1701 495 1836 523 δεικνύντα
1860 497 1938 523 ἐστίν·

1116 541 1193 568 Dum
1207 544 1252 568 ter
1267 542 1439 569 veneranda
1460 542 1516 569 illa
1531 543 1678 569 animalia
1693 542 1941 577 glori/irationem

1115 585 1287 619 proferunt,
1305 597 1318 610 ιι
1329 587 1466 617 Sanctus,
1480 590 1613 619 sanctus,
1629 589 1751 614 sanctus
1762 589 1801 620 ³,»
1818 590 1877 614 tres
1890 587 1940 622 hy-

1114 633 1247 664 postases
1264 631 1414 665 perfectas
1437 631 1598 658 ostendunt
1614 632 1646 658 Et
1668 632 1697 658 in
1718 631 1794 659 libro
1814 634 1875 667 Περὶ
1896 636 1942 662 τῆς

1116 674 1242 710 ἐνσάρκου
1262 674 1406 710 ἐπιφανείας
1419 679 1464 701 τοῦ
1480 679 1547 701 Θεοῦ
1563 678 1649 710 Λόγου
1664 676 1704 711 (p.
1720 676 1782 710 878)
1795 686 1800 703 :
1823 679 1878 702 Μία
1891 678 1939 713 γὰρ

1117 721 1130 748 ἠ
1150 721 1239 750 θεότης
1255 722 1298 745 καὶ
1310 721 1345 750 εἷς
1358 722 1420 750 Θεὸς
1437 719 1461 745 ἐν
1480 722 1566 757 τρισὶν
1582 721 1770 746 ίιττοο·⁴ι·σέσεο·ιν⁸
1788 721 1853 748 Una
1864 721 1940 749 enim

1115 764 1210 792 deitas
1232 767 1258 792 et
1274 772 1367 791 unum
1383 765 1461 792 Deus
1480 766 1511 792 in
1532 765 1629 792 tribus
1643 765 1864 799 Itypostasibus.
1885 766 1940 800 Hy-

1115 810 1246 844 postasis
1275 809 1381 836 eodem
1412 817 1502 836 sensu
1530 809 1659 836 sumitur
1688 810 1716 836 in
1745 809 1832 843 libro,
1858 810 1942 843 Quod

230 853 396 888 spiciamus
409 860 502 888 quam
519 853 669 881 immerito
690 853 866 889 Dionysium
890 854 1060 881 Romanum
1076 857 1096 883 Β
1116 861 1192 881 unus
1208 857 1249 881 est
1267 854 1414 881 Christus.
1434 855 1618 881 Postremum
1640 854 1697 881 hoc
1720 862 1797 889 opus
1821 854 1941 889 abjudi-

229 905 300 925 cum
310 898 512 926 Alexandrino
531 906 669 934 pugnare
688 899 859 926 existiment
878 898 938 926 duo
960 898 1060 926 eximii

229 944 401 979 scriptores,
419 943 557 972 Petavius
572 945 612 978 (3)
625 946 655 972 et
673 946 732 972 Pet.
748 945 893 972 Coustant
906 945 954 974 t4}.
982 944 1060 971 Uter-

227 995 287 1024 que
298 989 379 1016 enim
389 996 483 1016 unam
493 988 685 1024 hypostasim
695 989 791 1016 asseri
802 988 956 1016 contendit
964 996 982 1016 a
995 988 1060 1022 Dio_

227 1034 315 1069 nysio
326 1035 462 1062 Romano
469 1034 500 1062 in
508 1033 566 1061 hoc
577 1033 747 1062 testimonio
756 1033 839 1069 apud
847 1033 1057 1072 Athanasium,

226 1077 280 1106 lib.
291 1079 335 1106 De
347 1078 459 1106 Deci-et.
475 1078 555 1111 Nic.,
571 1085 602 1105 n.
617 1079 661 1108 26,
673 1085 703 1113 p.
716 1079 764 1105 231
779 1077 869 1109 εἘξῆς
881 1075 905 1104 δ’
915 1077 944 1103 ἆν
956 1077 1058 1106 ιὶχότως

226 1122 328 1159 λέγοιμι
342 1125 388 1148 καὶ
399 1124 464 1160 πρὸς
475 1121 642 1158 διαιροῦντας
654 1125 699 1148 καὶ
710 1125 918 1159 χατατίμνοντας
928 1125 973 1148 καὶ
985 1122 1056 1148 ἀναι-

226 1167 335 1204 ροῦντας
349 1169 377 1193 τὸ
394 1169 549 1203 σεμνότατον
564 1170 687 1203 κήρυγμα
703 1171 750 1197 τῆς
764 1167 919 1197 Ἐκκλησίας
932 1170 978 1193 τοῦ
993 1169 1056 1193 Θεοῦ

227 1214 272 1238 καὶ
287 1214 436 1249 μοναρχίαν
456 1212 492 1242 εἰς
509 1216 577 1248 τρεῖς
593 1210 719 1248 δυνάμεις
742 1213 814 1242 τινὰς
836 1214 881 1238 καὶ
901 1213 1056 1248 μεμερισμέ-

225 1267 271 1287 νας
285 1258 444 1287 ὐποστασιις
460 1258 505 1282 καὶ
524 1257 648 1287 θεὸτητας
667 1260 746 1293 τρεῖς·
763 1257 832 1284 Jam
853 1264 933 1291 vero,
948 1256 1053 1292 inquit,

225 1308 342 1337 aequum
366 1302 463 1336 fuerit
478 1301 623 1329 adversus
644 1301 714 1329 illos
739 1301 906 1336 disputare,
933 1301 986 1336 qui
1004 1308 1055 1328 au-

223 1347 424 1382 gustissimam
445 1346 500 1374 Dei
518 1346 663 1374 Ecclesia
672 1346 919 1380 praedicationem
935 1352 1055 1373 moriar.

224 1391 322 1419 chiam
338 1392 370 1418 in
386 1393 446 1418 tres
460 1390 607 1425 quasdam
631 1391 757 1418 virtutes
772 1397 808 1418 ac
830 1393 987 1425 separatas
1002 1390 1056 1424 Ity-

221 1439 354 1470 postases
363 1438 479 1470 tresque
487 1435 659 1463 divinitates
667 1435 1056 1468 dividunt,discindunt,de.

223 1482 414 1515 struuntque.
431 1479 517 1507 Nulla
528 1486 601 1506 sane
611 1478 688 1506 inter
702 1481 865 1514 utrumque
879 1479 1055 1515 Dionysium

1114 901 1184 926 cant
1208 898 1343 926 nonnulli
1368 898 1543 930 Athanasio,
1569 898 1606 925 de
1628 898 1762 925 secundo
1782 906 1843 926 non
1858 898 1941 926 deest

1113 943 1238 971 omnino
1249 943 1407 970 dubitandi
1419 942 1514 970 locus.
1530 945 1564 970 At
1585 943 1716 978 primum
1732 951 1750 970 a
1768 943 1887 970 nemine
1908 943 1938 970 in

1113 987 1240 1015 dubium
1260 990 1436 1020 revocatur;
1461 987 1486 1014 si
1510 990 1611 1014 tamen
1631 987 1762 1023 excipias
1785 987 1940 1015 Tillemon-

1113 1032 1195 1060 tium,
1211 1032 1264 1068 qui
1276 1032 1385 1060 fatetur
1400 1040 1431 1059 se
1446 1032 1503 1059 hac
1516 1040 1577 1060 una
1589 1040 1619 1059 re
1634 1032 1759 1060 detineri
1773 1032 1938 1068 quominus

1112 1077 1170 1105 hoc
1178 1085 1255 1112 opus
1265 1076 1429 1104 certissime
1438 1077 1580 1104 attribuat
1594 1077 1766 1109 Athanasio,
1774 1076 1857 1112 quod
1865 1076 1940 1104 illud

1112 1121 1149 1149 de
1165 1122 1261 1149 tribus
1275 1121 1493 1157 hypostasibus
1514 1122 1720 1149 testimonium
1740 1129 1875 1157 pugnare
1894 1121 1938 1148 vi-

1111 1167 1219 1194 deatur
1234 1174 1302 1193 cum
1321 1166 1416 1193 tribus
1431 1166 1497 1193 aliis
1510 1166 1665 1194 Athanasii
1686 1166 1769 1200 locis,
1784 1166 1815 1194 in
1827 1166 1939 1201 quibus

1111 1213 1232 1238 sanctus
1240 1210 1517 1245 Paterhypostasim
1525 1218 1580 1245 pro
1589 1211 1717 1238 essentia
1725 1210 1939 1245 sumit,nempe

1110 1255 1138 1282 in
1147 1255 1283 1289 Epistula
1294 1255 1334 1282 ad
1344 1255 1480 1289 A/‘ros.iu
1489 1254 1565 1282 libro
1576 1255 1618 1282 De
1629 1256 1750 1290 synodis
1761 1255 1823 1282 etin
1830 1257 1938 1290 quarta

1110 1301 1253 1328 adversus
1266 1300 1393 1327 Arianos
1408 1300 1553 1327 oratione.
1571 1300 1627 1327 Sed
1637 1299 1757 1327 etiamsi
1771 1299 1878 1327 demus
1890 1298 1938 1326 his

1108 1350 1139 1377 in
1150 1345 1232 1377 locis,
1247 1352 1314 1380 quin
1331 1344 1466 1372 Petavius
1479 1344 1650 1379 argumenti
1665 1344 1731 1372 loco
1745 1343 1877 1380 protulit.
1885 1344 1940 1379 hy-

1109 1390 1255 1425 postasim
1280 1389 1359 1416 idem
1385 1397 1449 1416 esse
1465 1396 1500 1416 ac
1522 1389 1702 1421 essentiam;
1728 1390 1806 1415 certe
1821 1396 1883 1416 non
1897 1388 1938 1416 ait

1109 1434 1291 1462 Athanasius
1307 1442 1401 1461 unam
1416 1441 1480 1460 esse
1492 1433 1522 1460 in
1538 1433 1634 1460 tribus
1644 1432 1781 1468 personis
1794 1432 1938 1469 hyposta-

1110 1479 1178 1512 sim,
1194 1479 1245 1506 sed
1255 1478 1336 1505 idem
1350 1477 1420 1505 facit
1430 1476 1513 1512 quod
1524 1477 1562 1504 ab
1574 1476 1726 1504 acerrimis
1737 1477 1826 1504 trium
1838 1477 1937 1513 hypo-

225 1525 381 1554 sententias
397 1524 544 1552 varietas:
559 1526 686 1559 uterque
700 1523 879 1560 hypostases
890 1523 1003 1551 divisas
1015 1524 1056 1551 vi-
1072 1531 1091 1558 ο
1110 1523 1235 1551 stasium
1246 1521 1456 1550 defensoribus
1464 1521 1575 1549 factum
1586 1521 1939 1550 demonstravimus.Sed

223 1572 352 1606 tuperat-
370 1575 469 1604 neque
485 1575 547 1596 una
559 1568 732 1603 hypostasis
744 1569 880 1596 Romano
890 1568 993 1604 aﬂingi
1005 1576 1056 1604 po-

225 1616 294 1645 test,
310 1612 471 1641 cumidem
483 1619 608 1648 prorsus
619 1612 701 1640 dicat
711 1620 747 1640 ac
757 1613 989 1641 Alexandrinus.
999 1614 1055 1642 Sed

225 1657 326 1694 potius
336 1665 373 1685 ex
385 1664 420 1684 eo
435 1656 519 1693 quod
534 1658 592 1684 tres
607 1656 790 1692 bypostases
806 1657 918 1685 divisas
931 1657 1053 1691 refellat,

228 1709 290 1730 non
305 1701 435 1730 obscura
453 1700 608 1728 conclusio
623 1704 667 1729 est
682 1701 756 1729 nihil
771 1709 840 1729 eum
856 1702 1054 1738 reprehensu-

226 1754 294 1774 rum
305 1745 410 1781 fuisse,
425 1745 449 1773 si
461 1753 523 1773 una
538 1745 569 1773 in
583 1745 677 1773 tribus
693 1745 909 1782 hypostasibus
925 1747 1055 1774 essentia

226 1790 332 1818 fuisset
345 1789 490 1818 admissa.
514 1789 616 1817 Nullus
640 1797 711 1825 ergo
727 1790 854 1826 scriptor
877 1793 946 1818 ante
961 1791 1053 1818 Nicas-

225 1842 298 1863 nam
313 1834 465 1870 synodum
480 1834 606 1870 proferri
620 1836 730 1870 potest,
741 1835 793 1871 qui
806 1843 899 1863 unam
913 1835 944 1863 in
960 1835 1054 1864 tribus

225 1879 365 1914 personis
376 1878 565 1915 hypostasim
581 1879 727 1907 docuerit.

261 1924 292 1951 V.
307 1923 385 1956 Quid
395 1923 544 1951 senserint
559 1923 670 1951 Nicmni
681 1925 780 1951 Patres
794 1931 831 1951 ex
842 1924 962 1952 duobus
973 1924 1053 1952 locu-

224 1967 397 2003 pletissimis
412 1968 537 1996 testibus
560 1968 690 2003 perspici
706 1970 813 2003 potest,
835 1969 863 1996 S.
883 1968 1052 1997 Alexandro

224 2012 427 2040 Alexandrino
438 2015 467 2040 et
488 2013 517 2040 S.
533 2012 709 2040 Athanasio.
724 2012 841 2040 Primus
865 2012 908 2040 sic
922 2012 1053 2048 loquitur

223 2057 253 2084 in
283 2057 368 2093 epist.
389 2057 429 2086 ad
454 2057 659 2085 Alexandrum
688 2057 1051 2093 Constantinopolitanum

222 2101 317 2137 apud,
330 2101 505 2129 Theodoret.
521 2100 541 2128 l.
557 2110 574 2128 ι.
588 2101 669 2128 Hist.
684 2102 769 2133 eccl.,
785 2109 810 2128 c.
826 2102 853 2134 4,
871 2109 900 2137 p.
920 2104 970 2129 t5:
991 2101 1051 2128 Οῖον

223 2145 280 2171 ἐστι
294 2148 334 2172 τό-
345 2142 471 2181 Ἐγὼααὶ
484 2146 497 2171 ὁ
514 2147 603 2182 Πατὴρ
616 2146 641 2171 ἓν
652 2146 738 2181 ἐσμεν·
754 2146 814 2183 ὅπερ
828 2148 908 2181 φησὶν
920 2147 933 2172 ό
945 2148 1049 2184 Κύριος,

221 2190 251 2216 οὐ
272 2192 377 2226 Πατέρα
392 2190 482 2216 ἑαυτὸν
505 2189 677 2227 ἀναγορεύων,
698 2188 760 2216 οὐδὲ
785 2191 830 2220 τὰς
851 2194 882 2226 τῇ
906 2191 1051 2218 ὑποστάσει

221 2233 271 2260 δύο
300 2237 392 2271 φύσεις
423 2237 485 2271 μίαν
514 2233 579 2261 εἶναι
604 2237 764 2271 σαφηνίζων,
786 2238 844 2264 etc.
875 2237 1051 2272 Cujusmodi

220 2282 263 2308 est
280 2280 360 2307 iltud
371 2288 377 2306 :
401 2291 415 2304 «
427 2280 491 2315 Ego
506 2283 534 2308 et
554 2281 649 2308 Pater
667 2288 760 2308 unum
784 2283 917 2309 sumus‘.
935 2293 949 2306 »
967 2283 1051 2316 Quod

219 2325 340 2360 quidem
353 2325 499 2352 Dominus
524 2325 606 2358 dicit,
632 2333 691 2353 non
707 2333 764 2361 quo
782 2326 911 2361 seipsum
930 2328 1048 2356 Patrem

218 2371 379 2401 renuntiet.
387 2377 442 2398 nec
449 2378 507 2405 quo
518 2371 596 2398 duas
606 2370 764 2405 hypostasi
773 2375 902 2400 naturas
915 2372 984 2407 (hoc
994 2376 1046 2409 est,

218 2414 296 2442 duas
308 2414 500 2450 hypostases)
521 2422 612 2443 unam
628 2422 688 2443 esse
704 2416 892 2452 demonstret,
903 2419 958 2445 etc.
974 2417 1048 2446 Alibi

218 2458 429 2494 explicabitur,
442 2466 496 2486 cur
510 2459 540 2487 S.
561 2459 730 2488 Alexander
739 2460 816 2488 duas
828 2460 986 2497 hypostasi
997 2470 1049 2490 na~

217 2505 300 2530 iuras
317 2502 416 2531 dicat:
441 2511 522 2531 nunc
537 2504 609 2532 satis
627 2506 672 2532 est
686 2513 820 2540 mouere,
836 2513 906 2533 eum
929 2507 988 2535 hac
1003 2507 1047 2535 lo-

217 2547 332 2583 quendi
342 2547 459 2576 ratione
468 2555 556 2575 usum
568 2556 644 2582 esse,
656 2549 728 2585 quia
737 2551 890 2582 naturam,
903 2558 970 2587 quae
986 2560 1047 2580 una

217 2598 342 2627 prorsus
355 2594 400 2620 est
411 2599 549 2628 numero,
561 2595 594 2621 ut
608 2594 802 2629 conjunctam
817 2602 888 2623 cum
899 2603 1045 2631 persona-

1110 1570 1210 1595 tamen
1227 1568 1250 1594 si
1267 1566 1396 1602 excipiat
1411 1565 1523 1593 librum
1537 1566 1581 1594 De
1593 1566 1723 1601 synodz‘s,
1738 1566 1789 1594 ubi
1803 1566 1843 1594 ait
1860 1567 1939 1595 Basi-

1108 1612 1182 1639 lium
1193 1614 1386 1645 Ancyranum
1395 1610 1533 1644 conﬁteri
1543 1618 1580 1638 ea:
1590 1612 1689 1638 Patris
1700 1612 1825 1639 essentia
1837 1619 1898 1639 esse
1908 1615 1934 1638 et

1109 1665 1169 1684 non
1182 1663 1219 1684 ex
1232 1656 1294 1684 alia
1311 1655 1467 1689 hypostasi
1479 1655 1603 1689 Filium,
1619 1657 1664 1681 καὶ
1678 1658 1714 1691 μὴ
1731 1655 1756 1686 ἐξ
1772 1655 1856 1692 ἐτέρας
1873 1657 1934 1682 ὑπο-

1110 1702 1235 1734 στάσεως,
1248 1700 1279 1728 in
1295 1700 1360 1728 aliis
1374 1700 1496 1728 duobus
1513 1700 1688 1728 testimoniis
1702 1700 1741 1728 ad
1756 1708 1846 1736 perso
1862 1708 1936 1729 nam

1108 1747 1206 1781 ipsam
1219 1745 1393 1781 hypostasis
1405 1745 1538 1772 revocari
1559 1747 1666 1780 potest.
1683 1745 1729 1773 Sic
1744 1746 1824 1773 enim
1839 1745 1936 1781 loqui-

1108 1793 1156 1818 tur
1168 1791 1198 1817 in
1212 1790 1308 1824 Epist.
1323 1790 1364 1817 ad
1377 1790 1469 1823 Afros
1486 1790 1567 1825 (pag.
1597 1790 1677 1824 896):
1698 1790 1725 1816 ’Π
1741 1788 1769 1815 δὲ
1789 1791 1936 1820 ὑπόστασις

1109 1835 1187 1870 οὐσίᾳ
1202 1835 1268 1868 ἐστὶ,
1289 1836 1333 1860 καὶ
1352 1832 1427 1860 οὐδὲν
1452 1833 1512 1860 ἄλλο
1533 1836 1721 1870 σημαινόμενον
1744 1835 1811 1869 ἔχει,
1832 1835 1847 1863 ἡ
1869 1835 1935 1861 αὑτὸ

1107 1882 1135 1906 τὸ
1151 1882 1187 1905 0'»-
1204 1881 1264 1916 ὅπερ
1278 1879 1400 1916 Ἱερεμίας
1421 1879 1531 1916 ὕπαρξιν
1556 1879 1676 1915 ὀνομάζει
1701 1879 1789 1914 λέγων,
1812 1882 1861 1906 Καὶ
1887 1880 1936 1906 οὐκ

1108 1927 1223 1954 ἤκουσαν
1239 1927 1323 1960 φωνὴν
1334 1924 1476 1961 ὑπάρξεως,
1488 1924 1516 1950 Ἠ
1529 1926 1579 1960 γὰρ
1596 1924 1743 1955 ὑπόστασις
1758 1927 1802 1950 καὶ
1813 1925 1827 1953 ἠ
1844 1925 1934 1957 οὐσία,

1107 1969 1215 2006 ὑπαρξίς
1230 1968 1285 1995 ἐστι
1296 1970 1346 2005 γὰρ
1357 1970 1402 1994 καὶ
1414 1968 1539 2005 ὑπάρχει.
1552 1969 1730 2003 Hypostasis
1742 1971 1842 1997 autem
1853 1969 1937 1996 subs-

1108 2014 1207 2042 tantia
1233 2015 1284 2047 est,
1312 2021 1407 2048 neque
1436 2013 1529 2041 aliam
1560 2013 1648 2041 habet
1671 2014 1934 2048 signiﬁcationem,

1106 2067 1197 2094 quam
1212 2059 1267 2087 hoc
1280 2059 1377 2093 ipsum
1393 2058 1470 2094 quod
1495 2061 1536 2086 est
1552 2066 1562 2085 .·
1581 2058 1662 2093 quod
1681 2059 1825 2086 Jeremias
1847 2062 1936 2087 vocat

1107 2104 1226 2140 ὕπαρξιν,
1240 2111 1291 2131 seu
1301 2103 1516 2137 exsistentiam,
1532 2103 1652 2131 dicens:
1673 2113 1687 2128 «
1700 2103 1740 2131 Et
1755 2111 1815 2131 non
1827 2104 1935 2132 audie-

1107 2152 1179 2176 runt
1193 2156 1291 2176 vocem
1313 2148 1492 2176 exsistentiaa
1506 2148 1607 2176 mew‘.
1626 2158 1639 2172 ν
1668 2148 1744 2176 Nam
1762 2148 1935 2183 hypostasis

1068 2205 1089 2232 ο
1105 2197 1132 2221 et
1144 2193 1324 2227 substantia,
1346 2193 1476 2227 idipsum
1498 2196 1540 2220 est
1560 2192 1640 2228 quod
1664 2193 1786 2229 ὓπαρξις,
1810 2201 1862 2221 seu
1882 2200 1931 2221 ex-

1103 2240 1260 2267 sistentia:
1277 2241 1318 2266 est
1338 2238 1414 2266 enim
1430 2241 1456 2266 et
1471 2238 1595 2265 exsistit.
1617 2239 1651 2266 Et
1668 2237 1698 2266 in
1722 2240 1796 2266 orat.
1821 2240 1932 2274 quarta

1103 2284 1135 2312 in
1162 2285 1292 2311 Arianos
1321 2284 1402 2319 (pag.
1426 2285 1511 2316 617):
1538 2283 1638 2319 Ὠσπερ
1662 2282 1692 2309 δὲ
1715 2286 1765 2318 μία
1788 2283 1860 2320 ἁρχὴ
1885 2287 1932 2310 καὶ

1104 2330 1170 2355 κατὰ
1182 2333 1258 2355 τοῦτο
1279 2330 1314 2359 εἰς
1338 2330 1413 2362 Θεὸς,
1435 2328 1515 2358 οὑτως
1531 2329 1546 2356 ἠ
1571 2332 1607 2363 τῷ
1622 2329 1676 2354 6-th
1695 2331 1739 2354 καὶ
1763 2328 1863 2359 ἀληθῶς
1884 2333 1933 2355 καὶ

1104 2377 1182 2405 ὅντως
1206 2372 1272 2400 οὖσα
1297 2373 1375 2400 οὐσία
1400 2376 1444 2399 καὶ
1476 2373 1633 2407 ὑπόστασις,
1660 2376 1709 2409 μία
1737 2373 1808 2400 ἐστίν
1836 2375 1852 2403 ἡ
1886 2375 1932 2401 λέ-

1102 2429 1196 2455 γουσα·
1219 2419 1285 2454 ἘγᾹ
1302 2418 1353 2454 εἰμι
1368 2419 1381 2443 ό
1394 2420 1437 2443 ὧν·
1454 2420 1498 2443 καὶ
1513 2418 1543 2443 οὐ
1560 2416 1619 2453 δύο,
1639 2419 1680 2444 ἶνα
1699 2421 1735 2454 μὴ
1760 2417 1808 2445 δύο
1832 2418 1930 2455 ἀρχαί·

1101 2465 1197 2492 Porro
1218 2462 1467 2498 quemadmodum
1498 2470 1591 2490 unum
1619 2465 1660 2490 est
1687 2464 1874 2498 principium
1904 2467 1933 2491 et

1099 2508 1226 2543 proinde
1237 2515 1316 2535 unus
1330 2508 1419 2539 Deus,
1442 2507 1485 2535 ita
1501 2514 1565 2542 quae
1580 2508 1732 2536 verissime
1744 2511 1786 2536 est
1800 2509 1932 2537 essentia

1102 2556 1129 2581 et
1146 2553 1325 2588 hypostasis,
1350 2559 1412 2580 una
1432 2554 1473 2579 est
1489 2559 1554 2587 quae
1573 2552 1665 2580 dicit:
1692 2564 1705 2579 α
1722 2553 1784 2588 Ego
1797 2561 1864 2582 sum
1878 2554 1934 2589 qui

1101 2605 1166 2626 sum
1175 2599 1196 2630 ⁵,
1205 2609 1219 2622 η
1235 2605 1294 2624 ηοη
1309 2599 1408 2624 autem
1418 2596 1495 2628 duae,
1506 2605 1542 2625 ne
1552 2598 1665 2626 scilicet
1676 2598 1734 2626 duo
1744 2598 1803 2626 sint
1813 2599 1932 2632 princi-

255 2680 263 2698 ³
282 2680 369 2709 toan.
380 2688 411 2714 x,
422 2682 467 2709 30.
506 2681 516 2699 ³
537 2682 609 2711 Luc.
627 2690 656 2715 ι,
670 2684 714 2710 22.
754 2684 764 2700 ³
784 2685 876 2719 Apoc.
893 2692 934 2719 iv,
945 2687 970 2714 8.
1012 2687 1022 2704 ι
1040 2687 1055 2715 J

1110 2695 1147 2715 ω.
1160 2689 1200 2721 ix,
1216 2689 1258 2714 t0.
1297 2687 1308 2703 ‘
1328 2686 1419 2714 Exod.
1432 2694 1474 2721 Ill,
1492 2688 1533 2715 14.

251 2771 290 2806 (3)
311 2769 373 2799 Lib.
386 2778 415 2799 ιν
428 2770 472 2801 De
488 2771 582 2807 Trim,
601 2780 667 2808 cap.
686 2775 710 2799 t.

1133 2776 1174 2812 (4)
1195 2776 1292 2811 Epist.
1309 2777 1393 2805 Rom.
1409 2777 1498 2806 Pent.
1513 2784 1542 2812 p.
1560 2778 1620 2805 290.
