2027 3144
100 174 110 199 1
117 175 133 199 7
863 167 1053 197 ΡΒἉΕῈΑΤΙΟ.
1778 169 1811 196 18

97 234 160 268 pia.
174 234 206 260 ln
223 233 321 268 primo
330 232 630 260 testimoniomiriﬁce
637 231 786 260 consentit
805 230 933 258 Athana-

992 235 1058 268 τρεῖς
1080 232 1247 266 ὑποστάσεις,
1276 233 1374 269 inquit
1398 233 1429 260 in
1449 233 1562 267 Expos.
1576 232 1630 267 βα.
1646 239 1676 260 n.
1693 235 1718 267 2,
1734 241 1812 268 μεμε-

100 279 162 306 sius
180 286 250 305 cum
266 277 332 304 aliis
347 277 484 305 Patribus
500 277 620 310 Graecis,
632 277 684 313 qui
696 275 870 312 hypostasis
881 282 933 303 no-

100 330 171 350 men
185 329 358 358 opposuere
370 322 516 350 hsereticis
531 321 661 350 Verbum
682 320 856 357 etSpiritum
867 327 933 347 san-

99 370 184 395 ctum
197 366 325 394 existere
341 366 535 401 negantibus,
548 368 576 394 et
590 365 702 394 idcirco
716 367 774 393 tres
789 365 933 400 hyposta-

100 420 150 439 ses
167 410 379 438 defenderunt.
395 413 427 438 in
445 410 538 439 altero
550 412 668 438 Patrem
683 409 842 438 manifeste
855 408 933 436 desi«

100 458 187 491 gnat,
203 457 232 483 et
244 455 362 484 deitatis
376 455 522 483 unitatem
533 464 570 483 ex
585 463 621 483 eo
632 453 839 491 probat,quod
849 453 933 481 solus

101 502 190 528 Pater
211 500 392 536 principium
412 500 458 533 sit,
483 508 501 527 a
520 507 582 536 quo
597 500 664 530 dum
691 499 756 527 aliae
785 505 932 534 personae.

138 547 235 580 Atque
247 544 364 573 etiamsi
374 544 557 573 Athanasius
573 545 604 572 in
617 543 831 580 aliisoperibus
838 550 932 570 unam

99 590 293 625 hypostasim
302 589 484 625 admisisset,
493 590 570 618 nihil
581 589 611 617 id
621 590 779 618 detrahere
786 588 932 624 possetde

99 634 274 662 testimonio
288 634 371 670 quod
382 634 518 662 eruimus
533 643 568 662 ex
584 634 660 662 libro
676 635 706 662 in
717 633 801 666 illud,
824 633 932 661 Omnia

99 680 176 708 mihi
184 680 302 708 tradita
312 683 393 707 sunt.
409 680 542 716 Scriptus
559 679 639 708 enim
661 679 709 707 hic
722 678 840 707 libellus
863 680 933 706 ante

99 726 227 752 mortem
238 724 354 752 Eusebii
365 724 616 757 Nicomediensis,
629 724 661 752 id
671 726 725 759 est,
739 725 804 751 ante
816 730 933 751 annum

97 770 162 796 342.
176 769 317 796 Nondum
329 772 398 796 tunc
406 769 686 805 percrebuerantde
694 769 934 804 hypOStasicon‘

101 813 338 846 troversiasmec
349 821 442 841 causa
462 814 586 841 suberat
597 814 667 846 ulla,
679 821 732 841 cur
749 812 933 840 Athanasius

99 866 170 885 eam
191 857 339 893 loquendi
365 858 513 886 rationem
529 859 654 893 fugeret,
672 866 733 894 qua
748 865 811 886 non
835 857 934 884 solum

103 903 282 937 Alexander,
291 903 344 930 sed
351 903 440 931 etiam
454 903 597 938 Origenes
604 906 632 931 et
641 903 804 939 Dionysius
810 902 934 930 Alexan'
949 908 969 935 Β

105 947 209 975 drinus
216 948 261 975 usi
268 948 396 976 fuerant.
402 948 605 980 Quamobrem
612 948 729 976 etiamsi
736 947 934 975 Athanasium

105 995 187 1021 arcta
210 1001 280 1020 cum
307 993 416 1021 Latinis
435 995 464 1021 et
483 993 678 1021 Autiochenis
697 992 870 1027 conjunctio
895 992 934 1019 ad

103 1037 327 1072 professionem
355 1038 443 1065 unius
466 1038 643 1074 hypostasis
671 1037 856 1070 adduxisset,
873 1043 934 1064 non

102 1081 217 1110 idcirco
233 1082 334 1117 priora
345 1082 426 1110 illius
442 1082 554 1118 scripta
568 1082 599 1109 in
615 1082 743 1109 dubium
766 1081 868 1109 venire
883 1081 934 1108 de-

101 1126 219 1153 herent.
233 1126 291 1154 Sed
301 1128 404 1154 tamen
426 1134 596 1154 asseverare
610 1126 676 1154 licet
692 1133 846 1162 nusquam
865 1132 934 1152 eum

103 1179 198 1198 uuam
214 1171 244 1198 in
259 1171 356 1198 tribus
367 1171 504 1206 personis
514 1171 705 1206 hypostasim
727 1178 839 1206 ponere
854 1179 860 1203 ;
874 1170 934 1197 imo

104 1217 258 1250 exquarta
268 1215 349 1242 illius
361 1215 510 1243 adversus
519 1217 646 1243 Arianos
657 1215 792 1243 oratione
800 1214 861 1242 duo
868 1221 935 1250 pro~

106 1260 197 1287 teram
206 1260 419 1295 testimonia,in
427 1260 538 1296 quibus
544 1259 735 1296 hypostasim
743 1259 850 1287 eodem
856 1267 936 1295 pror-

107 1312 160 1330 sus
173 1311 264 1331 sensu
274 1312 309 1332 ac
320 1305 462 1340 Origenes
472 1307 500 1332 et
509 1306 537 1332 S.
551 1304 869 1340 Alexander,usurpat.
891 1303 936 1332 Sic

109 1348 200 1382 igitur
220 1348 350 1384 loquitur
375 1357 404 1376 n.
432 1351 476 1381 25,
502 1357 531 1385 p.
557 1351 607 1377 636

108 1393 214 1429 Ἀρείας
239 1393 266 1424 ἐξ
292 1393 336 1419 οὐκ
356 1396 433 1420 όντων
459 1393 523 1420 εἶναι
546 1394 624 1428 λέγων
652 1395 694 1420 τὸν
719 1395 788 1427 Υὶὸν,

638 1358 644 1376 :
668 1351 792 1375 Μαίνεται
818 1349 863 1385 ‘u'z'v
893 1346 936 1374 οὖν

826 1395 871 1418 καὶ
906 1391 936 1421 ἣν

105 1448 181 1472 ππῖ,
208 1438 250 1464 ὅτε
271 1438 317 1463 οὐκ
344 1437 383 1467 ἦν·
407 1448 527 1474 petiverat
555 1437 584 1464 δὲ
610 1441 654 1464 καὶ
685 1437 820 1468 nemo;
857 1437 936 1472 λέγων

104 1492 148 1508 τον
176 1485 280 1519 Πατέρα
301 1482 366 1508 εἶναι
405 1485 474 1516 Υὶὸν,
499 1486 543 1509 καὶ
567 1483 674 1518 ἔμπαλιν
703 1492 745 1508 τον
770 1484 829 1509 Υιὸν
871 1480 936 1507 εἶναι

105 1530 219 1564 Πςιτέρα,
241 1529 387 1554 ὑποστάσει
402 1530 446 1564 μὲν
462 1528 497 1561 ἓν,
515 1528 621 1563 ὀνόματι
635 1526 663 1554 δὲ
684 1526 742 1553 δύα·
773 1527 835 1561 Quo
855 1527 936 1554 circa

987 279 1111 312 ρισμένας
1135 279 1191 304 κατ’
1216 279 1318 312 ἇαυτὰς,
1364 278 1451 315 ὥσπερ
1486 280 1664 313 σωματοφυῶς
1699 276 1738 303 ἐπ’
1772 276 1813 302 ἀν-

989 321 1106 357 θρώπων,
1121 324 1176 348 ἔστι
1194 323 1363 358 λογίσασθαι.
1377 322 1479 358 Neque
1492 325 1551 350 tres
1571 322 1744 356 hypostases
1757 328 1814 356 per

986 366 1097 400 seipsas
1107 367 1229 402 divisas,
1244 369 1276 394 ut
1288 367 1453 394 hominibus
1461 374 1516 401 pro
1530 369 1643 395 natura
1653 373 1813 401 corporum

987 411 1106 443 accidit,
1122 412 1171 446 fas
1184 415 1226 439 est
1241 412 1273 439 in
1288 412 1348 439 Deo
1368 412 1509 445 cogitare.

1016 456 1088 484 Post
1094 456 1254 484 concilium
1261 456 1355 484 multo
1362 455 1815 484 uberioremhabemustestium

987 500 1108 536 copiam
1125 509 1132 528 :
1145 509 1218 529 nam
1234 501 1259 529 si
1275 500 1411 536 singulos
1427 499 1528 527 saeculi
1538 499 1638 535 quarti
1652 499 1814 535 scriptores

989 546 1105 573 Graecos
1111 553 1337 578 enumeremus,
1349 544 1474 572 totidem
1482 545 1569 572 erunt
1575 544 1815 579 triumhyposta—

989 590 1067 617 sium
1080 590 1265 623 defensores,
1282 589 1393 626 quibus
1408 588 1501 617 etiam
1526 588 1755 624 adjungendum
1770 591 1816 616 est

989 634 1149 662 concilium
1169 634 1303 670 primum
1325 634 1420 667 CPol.,
1447 633 1508 661 sive
1532 632 1753 661 uacumenicum
1772 640 1815 661 se-

989 679 1133 707 cundum.
1148 681 1236 707 Docet
1250 679 1331 706 enim
1346 678 1410 706 haec
1426 677 1563 714 synodus
1586 678 1616 705 in
1635 676 1762 713 epistola
1775 677 1816 705 ad

991 725 1172 752 Damascum
1198 732 1293 752 unam
1322 731 1388 751 esse
1413 723 1505 751 Patris
1529 724 1558 750 et
1572 722 1635 751 Filii
1647 724 1676 750 et
1690 722 1816 758 Spiritus

990 768 1085 795 sancti
1117 768 1291 802 essentiam,
1325 767 1349 794 ἐν
1387 770 1459 804 τρισὶ
1487 767 1595 798 τελείαις
1624 767 1814 799 ὑποστάσεσιν,

990 814 1070 847 ἤγουν
1093 814 1165 849 τρισὶ
1194 812 1298 843 *ελείοις
1324 815 1484 849 προσώποις,
1506 813 1537 839 in
1553 811 1649 839 tribus
1673 810 1816 845 perfectis

993 857 1210 891 hypostasibus,
1227 857 1288 885 sive
1303 857 1399 885 tribus
1413 856 1556 891 perfectis
1576 856 1725 890 personis.
1752 857 1817 883 Non

990 904 1058 930 utar
1072 901 1251 930 auctoritate
1282 901 1390 930 Gelasii
1405 901 1552 937 Cyziceni,
1567 900 1622 937 qui
1635 900 1667 928 in
1680 899 1759 928 Actis
1772 899 1818 928 Ni-

990 947 1189 974 cieniconcilii
1203 946 1429 974 Osiuminducit
1438 946 1533 982 (parte
1543 953 1574 979 ιι,
1588 953 1614 973 c.
1629 945 1718 979 t2)ex
1728 951 1817 972 man-

989 991 1060 1019 dato
1070 999 1105 1019 ac
1113 991 1232 1019 decreto
1239 991 1330 1018 totius
1339 990 1449 1026 synodi
1455 990 1692 1026 respondentem
1698 997 1733 1017 ac
1746 989 1818 1024 τριά-

991 1034 1026 1061 δα
1031 1034 1439 1070 ὑποστάσεωνφηάὶοδιιῐθη
1448 1035 1541 1062 Nemo
1547 1033 1677 1061 estenim
1684 1032 1736 1068 qui
1743 1032 1819 1060 mul-

991 1082 1053 1108 tum
1063 1080 1154 1115 hujus
1168 1078 1323 1115 scriptoris
1332 1078 1505 1106 testimonio
1519 1077 1683 1106 tribuaLAt
1691 1084 1819 1112 sequen-

991 1124 1070 1152 tibus
1082 1124 1199 1151 saeculis
1212 1131 1369 1151 summum
1379 1123 1487 1151 fatetur
1493 1122 1629 1150 Petavius
1636 1129 1820 1150 consensum

991 1169 1141 1198 exstitisse
1151 1170 1321 1197 Grmcorum
1331 1169 1362 1197 in
1375 1167 1697 1204 tribushypostasibus
1710 1166 1820 1202 praedi-

992 1214 1108 1242 candis.

1027 1259 1070 1286 Vl.
1085 1259 1143 1294 Ipsi
1154 1257 1359 1286 Occidentales
1374 1258 1514 1286 eamdem
1525 1255 1822 1293 loquendirationem

991 1302 1118 1331 libenter
1128 1303 1168 1330 ad
1182 1311 1255 1331 usus
1267 1311 1337 1331 suos
1351 1302 1531 1337 asciverunt,
1562 1304 1727 1338 postquam
1749 1300 1822 1328 sub-

992 1347 1133 1376 sistentim
1152 1356 1226 1376 voce
1251 1348 1375 1376 inventa
1399 1347 1562 1375 difﬁcultas
1571 1346 1670 1374 omnis
1684 1345 1818 1374 evanuit.

991 1394 1088 1427 Atque
1097 1392 1128 1420 id
1138 1393 1262 1428 quidem
1273 1393 1386 1420 saeculo
1396 1393 1502 1428 quinto
1511 1392 1643 1426 contigit.
1650 1391 1708 1419 Sed
1720 1393 1822 1418 tamen

991 1437 1080 1471 longe
1090 1439 1179 1465 antea
1193 1437 1331 1464 videntur
1344 1437 1536 1472 perspexisse
1558 1438 1617 1464 tres
1640 1436 1822 1472 hypostases

992 1482 1207 1517 percommode
1221 1483 1321 1509 Graeco
1340 1488 1481 1509 sermone
1500 1480 1689 1516 usurpari.Id
1709 1478 1823 1514 colligi-

992 1530 1040 1556 tur
1055 1535 1090 1555 ex
1111 1527 1239 1563 epistola
1258 1527 1309 1554 214
1335 1526 1443 1560 Basilii,
1459 1534 1489 1553 n.
1501 1527 1527 1560 4,
1539 1525 1592 1553 ubi
1609 1525 1651 1553 sic
1661 1524 1797 1560 loquitur
1810 1532 1822 1552 .'

106 1573 219 1600 insanit
228 1573 361 1606 profecto
369 1573 473 1606 Arius,
483 1580 549 1600 cum
556 1573 598 1600 ait
604 1573 716 1600 Filium
723 1579 757 1600 ex
763 1572 860 1600 nihito
867 1579 935 1602 esse,

993 1575 1054 1609 Περὶ
1070 1571 1098 1598 δὲ
1114 1575 1169 1604 τοῦ,
1185 1573 1223 1598 ὃτι
1238 1572 1385 1602 ὑπόστασις
1405 1573 1450 1597 καὶ
1465 1570 1543 1596 οὐσία
1557 1570 1586 1596 οὐ
1600 1571 1694 1596 τὰυτὸν
1705 1569 1822 1603 ἐστι,καὶ

103 1617 257 1652 fuisseque
266 1617 433 1652 aliquando
445 1625 512 1645 cum
525 1625 586 1645 non
596 1620 683 1650 esset;
695 1617 808 1645 insanit
820 1617 940 1650 pariter

103 1661 265 1694 Subettius,
274 1669 340 1688 cum
346 1662 464 1689 Patrem
470 1662 582 1689 Filium
590 1664 691 1694 esse,et
698 1661 810 1689 Filium
819 1661 937 1688 Patrem

104 1714 165 1733 esse
172 1706 269 1739 docet,
280 1713 373 1733 unum
381 1706 498 1741 quidem
506 1706 723 1740 hypostasi,sed
728 1705 845 1732 nomine
852 1705 935 1732 duos.

105 1751 138 1778 lit
167 1750 223 1777 sub
252 1750 346 1777 ﬁnem
369 1750 508 1785 ejusdem
531 1750 673 1778 orationis
694 1752 749 1777 :Tb
765 1752 851 1775 τοίνυν
866 1749 938 1784 λεγό-

104 1805 179 1831 μενον
202 1796 252 1821 ὑπὸ
274 1799 319 1820 τοῦ
348 1797 478 1832 μακαρίου
507 1798 616 1832 Πέτρου,
645 1795 731 1831 ὀρθὸν,
747 1796 792 1820 καὶ
812 1794 934 1831 εἰλικρινῆ

104 1843 152 1868 τὴν
168 1841 277 1868 (iactum
291 1844 336 1865 τοῦ
347 1843 393 1866 τοῦ
408 1843 566 1875 Μονογινοῡς
585 1842 725 1876 κηρύσσει,
747 1840 776 1865 οὐ
804 1841 850 1868 τὴν
875 1839 938 1865 ὑπό-

106 1893 202 1910 στασιν
225 1884 347 1921 χωρίζων
372 1888 417 1910 τοῦ
443 1888 510 1910 Θεοῦ
535 1887 622 1920 Λόγου
651 1884 701 1911 ἀπὸ
726 1888 771 1910 τού
787 1884 814 1909 ἐκ
834 1886 937 1919 Μαρίας

69 1927 73 1932 '
106 1929 255 1965 uvepomu'
267 1930 391 1957 Rectum
403 1930 549 1964 estigitur
559 1929 640 1965 quod
648 1930 689 1958 ait
714 1930 814 1957 beatus
832 1930 937 1956 Petrus

105 1975 159 2009 qui
174 1981 277 2001 veram
293 1974 602 2008 Unigenitiprerdicat
616 1974 807 2002 divinitatem
819 1981 870 2002 nec
886 1974 938 2002 Dei

114 2018 202 2046 Verbi
226 2018 410 2053 hypostasim
436 2019 586 2054 disjungit
606 2019 642 2046 ab
655 2019 773 2046 homine
783 2026 820 2046 ex
835 2018 937 2046 Maria

105 2066 271 2097 assumpto,
299 2064 330 2091 in
352 2064 409 2091 hoc
420 2066 574 2099 postremo
586 2063 936 2099 testimoniohypostasis

105 2107 203 2135 multo
215 2108 314 2143 aptius
332 2108 371 2135 ad
392 2116 557 2144 personam
572 2116 665 2143 quam
682 2108 721 2135 ad
735 2107 936 2136 substantiam

106 2154 274 2180 revocatur.
292 2154 322 2179 In
334 2152 432 2188 primo
443 2155 544 2180 autem
558 2153 713 2180 contendit
726 2152 860 2180 Petavius
874 2161 936 2180 non

105 2205 282 2233 personam,
294 2197 347 2224 sed
358 2197 388 2225 id
399 2199 516 2225 tantum
527 2197 611 2233 quod
619 2205 723 2225 revera
733 2198 840 2230 existit,
853 2197 936 2225 intel-

992 1617 1076 1650 αὐτοὶ,
1102 1618 1135 1648 ὡς
1159 1617 1268 1652 νομιζω,
1300 1616 1500 1652 ὑπεσημὴναντο
1527 1616 1551 1641 οἱ
1582 1614 1632 1641 ἀπὸ
1657 1619 1705 1645 τῆς
1720 1613 1821 1643 Δύσιως

992 1660 1110 1697 ἀδελφοὶ,
1141 1660 1165 1686 ἐν
1192 1661 1228 1691 οἷς
1254 1662 1283 1686 τὸ
1312 1662 1399 1686 στενὸν
1422 1664 1467 1690 τῆς
1492 1660 1588 1685 ἑαυτῶν
1614 1658 1733 1694 γλώττης
1770 1658 1821 1692 ὐφ-

991 1708 1125 1743 opt/iunior,
1166 1707 1194 1731 τὸ
1225 1710 1270 1736 τῆς
1311 1705 1404 1736 οὐσίας
1428 1706 1508 1741 ὄνομ-ά
1541 1708 1572 1740 τῇ
1605 1702 1711 1730 Ἐλλάδι
1746 1707 1816 1739 φωνῇ

991 1749 1224 1787 παραδεδώκασιν·
1260 1751 1311 1786 ἶνα,
1346 1752 1368 1776 si
1395 1760 1434 1780 τις
1464 1751 1502 1779 εἴη
1517 1748 1630 1786 διαφορή
1646 1753 1694 1780 τῆς
1710 1747 1820 1782 ἐννοίας,

992 1796 1103 1826 σώζοιτο
1119 1795 1184 1824 αὑτὴ
1200 1795 1224 1821 ἐν
1244 1799 1274 1831 τῇ
1290 1795 1402 1832 ιῦκρινεῐ
1429 1797 1473 1820 καὶ
1496 1793 1643 1830 ἁσυγχύτῳ
1675 1791 1818 1819 διαστάσει

989 1845 1039 1867 τῶν
1056 1841 1197 1877 ὀνομάτων·
1221 1840 1304 1873 Quod
1324 1842 1423 1868 autem
1448 1839 1617 1874 hypostasis
1639 1841 1667 1866 et
1688 1838 1816 1866 essentia

989 1886 1065 1913 idem
1077 1893 1135 1912 non
1144 1889 1225 1920 sunt,
1236 1885 1268 1912 id
1280 1887 1306 1912 et
1316 1885 1373 1919 ipsi
1381 1888 1413 1911 ut
1423 1888 1509 1919 puto,
1519 1883 1753 1911 subindicarunt
1763 1882 1820 1911 0c-

990 1930 1154 1958 cidentales
1159 1929 1283 1964 fratres,
1292 1929 1364 1957 dum
1373 1929 1481 1964 lingua
1487 1935 1549 1956 sum
1556 1927 1821 1963 angustiassubve—

990 1975 1053 2007 riti,
1064 1975 1196 2002 essentia
1205 1981 1312 2003 nomen
1323 1974 1429 2009 lingua
1437 1974 1542 2002 Graeca
1553 1972 1783 2001 tradideruntut
1795 1973 1822 2000 si

990 2027 1049 2055 qua
1058 2019 1292 2047 essetsententiz
1299 2018 1514 2053 discrepantia,
1532 2018 1587 2045 itta
1604 2018 1670 2052 ipsa
1684 2024 1820 2045 servare-

991 2068 1041 2091 tur
1048 2064 1079 2091 in
1087 2064 1173 2092 clara
1181 2066 1207 2091 et
1215 2063 1414 2098 minimeconf
1412 2070 1466 2091 usa
1473 2062 1626 2090 nominum
1634 2061 1817 2090 diversitate.

1026 2108 1196 2141 Quinetiam
1204 2108 1268 2144 ipse
1278 2108 1428 2136 Damasus
1439 2110 1498 2135 tres
1507 2107 1690 2143 bypostases
1703 2106 1820 2134 videtur

989 2152 1156 2181 admisisse.
1171 2154 1242 2180 Nam
1258 2152 1289 2180 in
1305 2152 1434 2189 epistola
1449 2151 1487 2179 ad
1503 2151 1663 2180 Paulinum
1675 2150 1821 2187 praedicat

989 2206 1082 2226 unum
1095 2198 1189 2225 Deum
1198 2197 1230 2225 in
1244 2197 1340 2225 tribus
1352 2196 1641 2232 hypostasibuszesév
1665 2196 1709 2221 Eva
1728 2194 1752 2220 ἄν
1766 2205 1820 2232 τρι-

106 2241 266 2276 ligendum
277 2250 353 2270 esse.
365 2244 399 2270 At
409 2249 521 2276 negare
536 2250 595 2269 non
613 2244 682 2278 post
692 2250 784 2270 unam
793 2242 935 2278 hyposta-
952 2259 974 2285 Β
990 2243 1226 2269 anima-nium.
1235 2241 1558 2278 Spuriavidenturhsec
1564 2243 1717 2276 postrema
1725 2239 1820 2268 verba.

107 2286 164 2313 sim
178 2286 272 2321 rejici.
285 2287 374 2314 Porro
386 2289 445 2314 tres
458 2286 638 2322 hypostascs
652 2295 713 2314 non
732 2286 790 2314 alio
810 2286 935 2314 consilio

108 2331 206 2358 sancti
218 2332 317 2358 Patres
333 2330 543 2363 defenderunt,
555 2331 610 2358 nisi
633 2333 663 2359 ut
677 2331 780 2359 Filium
798 2334 826 2358 et
847 2331 936 2367 Spiri-

108 2378 171 2402 tum
186 2383 248 2402 non
254 2374 428 2403 eilicientias
437 2376 587 2411 quasdam
598 2384 633 2404 ac
642 2377 764 2403 nomine
776 2378 860 2403 tenus
871 2384 936 2412 per-

107 2428 200 2447 sonas
220 2428 296 2453 esse,
317 2420 371 2447 sed
392 2420 495 2448 Filium
515 2428 584 2448 vere
608 2423 640 2448 ut
661 2420 775 2454 Filium,
793 2421 936 2456 Spiritum

107 2466 251 2492 sanctum
272 2472 342 2492 vere
366 2468 396 2492 ut
417 2465 560 2500 Spiritum
570 2466 696 2493 existere
710 2465 882 2501 probarent.
904 2467 936 2493 ln

106 2509 250 2536 eamdem
261 2516 384 2544 prorsus
397 2510 577 2537 sententiam
596 2510 729 2546 loquitur
744 2510 934 2545 Athanasius,

105 2553 180 2581 dum
208 2555 324 2581 Patrem
345 2556 373 2581 et
393 2554 499 2582 Filium
518 2554 679 2590 hypostasi
692 2563 785 2582 unum
800 2554 860 2582 dici
875 2563 936 2582 non

106 2599 231 2634 patitur.
245 2600 274 2625 ln
290 2606 351 2634 quo
362 2599 509 2627 consentit
524 2608 593 2627 cum
613 2600 773 2628 decessore
798 2608 862 2634 suo,
886 2600 938 2636 qui

105 2643 185 2671 duas
201 2643 231 2670 in
249 2643 334 2670 Patre
354 2647 383 2670 et
403 2643 475 2671 Filio
487 2643 668 2679 hypostases
685 2644 823 2679 agnoscit
841 2653 847 2678 ;
864 2652 937 2672 con-

107 2687 197 2715 sentit
207 2695 275 2714 cum
290 2687 408 2720 Basilio,
420 2687 471 2723 qui
481 2696 575 2716 unum
587 2688 745 2724 bypostasi
760 2686 878 2718 Deumia
889 2690 938 2717 Sa-

109 2731 200 2759 bellio
212 2731 371 2767 praedicari
385 2731 481 2763 docet.
494 2735 580 2768 epist.
592 2735 654 2765 2H,
679 2741 708 2760 n.
724 2735 751 2760 3.
774 2734 871 2761 Unum
887 2734 938 2761 ad-

109 2776 182 2804 dam
198 2776 353 2804 Athanasii
365 2776 476 2812 locum,
488 2777 517 2804 in
529 2785 590 2813 quo
603 2777 760 2805 manifeste
776 2774 833 2806 tres
843 2779 938 2814 hypo-

112 2824 219 2856 stases,
237 2823 268 2848 ut
280 2829 374 2857 supra
390 2821 548 2857 Dionysius
564 2824 698 2858 uterque,
712 2822 852 2850 admittit.
873 2825 939 2850 Οὔτε

988 2286 1164 2314 doctissimo
1185 2285 1388 2323 Epistolarum
1412 2285 1592 2322 pontiﬁcum
1613 2285 1819 2312 Romanorum

990 2331 1095 2359 editori
1107 2332 1264 2367 propterea
1279 2330 1363 2367 quod
1375 2330 1482 2358 desunt
1491 2330 1522 2358 in
1534 2328 1756 2365 exemplaribus
1769 2330 1820 2358 La-

991 2376 1069 2404 tinis.
1085 2376 1142 2404 Sed
1159 2378 1260 2404 tamen
1274 2375 1448 2403 conﬁrmari
1460 2376 1584 2410 possent
1597 2373 1727 2402 Flaviani
1736 2373 1818 2402 testi-

990 2425 1103 2455 monio,
1121 2424 1174 2460 qui
1184 2424 1341 2452 Paulinum
1358 2431 1462 2452 coram
1472 2422 1619 2458 magistro
1632 2421 1761 2451 militum
1777 2422 1820 2450 sic

990 2469 1153 2504 alloquitur
1165 2468 1480 2505 apudTheodoretum
1494 2467 1513 2494 l.
1525 2475 1552 2500 v,
1565 2475 1591 2494 c.
1603 2469 1629 2499 3,
1641 2474 1671 2502 p.
1692 2468 1741 2494 201
1765 2475 1771 2494 :
1790 2462 1819 2493 Εἰ

990 2516 1036 2542 τὴν
1071 2514 1206 2549 Δαμάσου,
1243 2513 1262 2538 ὦ
1299 2513 1417 2548 φιλότης,
1455 2513 1588 2538 κοινωνίαν
1618 2511 1738 2548 ἀσπάζῃ,
1766 2511 1819 2537 ἐπι-

1350 2558 1396 2584 τὴν
1426 2559 1474 2581 τῶν
1502 2552 1643 2590 δογμάτων
1658 2555 1817 2590 συγγένειαν.

992 2600 1101 2630 Ἐκεῖνος
1128 2601 1177 2636 γὰρ
1205 2602 1267 2636 μίαν
1286 2603 1333 2630 τῆς
1357 2597 1471 2636 Τριάδος
1497 2598 1588 2624 οὐσίαν
1616 2598 1757 2634 ὁμολογῶν,
1773 2598 1819 2629 τὰς

992 2554 1076 2586 ὃειξον
1117 2557 1178 2591 ἡμῖν
1219 2560 1308 2591 σαφῶς

992 2648 1060 2682 τρεῖς
1089 2645 1245 2675 ὑποστάσεις
1275 2642 1423 2682 διαρρήδην
1454 2645 1584 2678 κηρύττει·
1615 2644 1647 2669 σὺ
1677 2641 1706 2668 δὲ
1734 2642 1821 2668 ἄντικ-

992 2700 1038 2726 ρυς
1070 2694 1119 2715 τῶν
1146 2690 1316 2716 ὐποστάσεων
1332 2689 1445 2726 ἀναιρεῖς
1463 2691 1511 2718 τὴν
1523 2686 1637 2725 Τριάδα.
1650 2687 1683 2715 St
1696 2688 1822 2717 Damasi

993 2735 1229 2763 communionem
1264 2734 1464 2770 amplecteris,
1495 2741 1511 2761 ο
1540 2733 1644 2765 amice,
1674 2732 1821 2762 doctrina!

994 2779 1077 2807 nobis
1088 2779 1279 2814 manifestam
1294 2779 1521 2807 similitudinem
1534 2778 1662 2806 ostende.
1674 2778 1754 2806 Nam
1768 2778 1821 2806 itte

995 2824 1114 2860 quidem
1128 2832 1219 2853 unam
1236 2825 1426 2860 eamdemque
1443 2823 1598 2852 Trinitatis
1621 2823 1820 2852 substantiam
