  <div class='ocr_page' id='page_1' title='image "/cluster/home/n/w/nwhite01/storage/ocr_20150623/32/njp.32101077772539/017.png"; bbox 0 0 2027 3144; ppageno 0'>
   <div class='ocr_carea' id='block_1_1' title="bbox 219 170 1934 204">
    <p class='ocr_par' dir='ltr' id='par_1_1' title="bbox 219 170 1934 204">
     <span class='ocr_line' id='line_1_1' title="bbox 219 170 1934 204; baseline -0.001 -5"><span class='ocrx_word' id='word_1_1' title='bbox 219 173 252 199; x_wconf 78' lang='lat' dir='ltr'><strong><em>t9</em></strong></span> <span class='ocrx_word' id='word_1_2' title='bbox 975 170 1176 200; x_wconf 69' lang='lat' dir='ltr'><strong><em>PREFATIO.</em></strong></span> <span class='ocrx_word' id='word_1_3' title='bbox 1898 177 1934 204; x_wconf 82' lang='lat'><strong>20</strong></span> 
     </span>
    </p>
   </div>
   <div class='ocr_carea' id='block_1_2' title="bbox 216 232 1934 272">
    <p class='ocr_par' dir='ltr' id='par_1_2' title="bbox 216 232 1934 272">
     <span class='ocr_line' id='line_1_2' title="bbox 216 232 1934 272; baseline 0.002 -11"><span class='ocrx_word' id='word_1_4' title='bbox 216 233 373 268; x_wconf 99' lang='lat' dir='ltr'><strong><em>conﬁtens,</em></strong></span> <span class='ocrx_word' id='word_1_5' title='bbox 386 236 445 263; x_wconf 78' lang='lat' dir='ltr'><strong><em>tres</em></strong></span> <span class='ocrx_word' id='word_1_6' title='bbox 456 234 630 270; x_wconf 84' lang='lat' dir='ltr'><strong><em>hypostases</em></strong></span> <span class='ocrx_word' id='word_1_7' title='bbox 646 236 756 264; x_wconf 78' lang='lat' dir='ltr'><strong><em>diserte</em></strong></span> <span class='ocrx_word' id='word_1_8' title='bbox 766 235 968 271; x_wconf 63' lang='lat' dir='ltr'><strong><em>prmdicatJu</em></strong></span> <span class='ocrx_word' id='word_1_9' title='bbox 979 241 1046 262; x_wconf 88' lang='lat' dir='ltr'><strong><em>con-</em></strong></span> <span class='ocrx_word' id='word_1_10' title='bbox 1060 233 1086 261; x_wconf 74' lang='grc' dir='ltr'>Α</span> <span class='ocrx_word' id='word_1_11' title='bbox 1103 232 1318 270; x_wconf 86' lang='lat' dir='ltr'><strong>hypostasibus</strong></span> <span class='ocrx_word' id='word_1_12' title='bbox 1327 236 1521 264; x_wconf 80' lang='lat' dir='ltr'><strong><em>traditionem</em></strong></span> <span class='ocrx_word' id='word_1_13' title='bbox 1532 236 1669 264; x_wconf 64' lang='lat' dir='ltr'><strong><em>Ecclesia:</em></strong></span> <span class='ocrx_word' id='word_1_14' title='bbox 1679 239 1800 265; x_wconf 86' lang='lat' dir='ltr'><strong><em>secutus</em></strong></span> <span class='ocrx_word' id='word_1_15' title='bbox 1807 237 1934 272; x_wconf 84' lang='lat' dir='ltr'><strong><em>sit,forte</em></strong></span> 
     </span>
    </p>
   </div>
   <div class='ocr_carea' id='block_1_3' title="bbox 217 279 1047 316">
    <p class='ocr_par' dir='ltr' id='par_1_3' title="bbox 217 279 1047 316">
     <span class='ocr_line' id='line_1_3' title="bbox 217 279 1047 316; baseline 0.001 -10"><span class='ocrx_word' id='word_1_16' title='bbox 217 281 278 314; x_wconf 85' lang='lat' dir='ltr'><strong><em>tra,</em></strong></span> <span class='ocrx_word' id='word_1_17' title='bbox 301 279 480 308; x_wconf 75' lang='lat' dir='ltr'><strong><em>Trinitatem</em></strong></span> <span class='ocrx_word' id='word_1_18' title='bbox 500 280 580 308; x_wconf 81' lang='lat' dir='ltr'><strong><em>tollis</em></strong></span> <span class='ocrx_word' id='word_1_19' title='bbox 604 280 816 315; x_wconf 69' lang='lat' dir='ltr'><strong><em>hypostasemn.</em></strong></span> <span class='ocrx_word' id='word_1_20' title='bbox 840 282 883 308; x_wconf 80' lang='lat' dir='ltr'><strong><em>Ex</em></strong></span> <span class='ocrx_word' id='word_1_21' title='bbox 903 280 951 308; x_wconf 87' lang='lat' dir='ltr'><strong><em>his</em></strong></span> <span class='ocrx_word' id='word_1_22' title='bbox 964 281 1047 316; x_wconf 89' lang='lat' dir='ltr'><strong><em>patet</em></strong></span> 
     </span>
    </p>
   </div>
   <div class='ocr_carea' id='block_1_4' title="bbox 217 324 1047 362">
    <p class='ocr_par' dir='ltr' id='par_1_4' title="bbox 217 324 1047 362">
     <span class='ocr_line' id='line_1_4' title="bbox 217 324 1047 362; baseline 0.001 -11"><span class='ocrx_word' id='word_1_23' title='bbox 217 324 383 352; x_wconf 78' lang='lat' dir='ltr'><strong><em>Damasum</em></strong></span> <span class='ocrx_word' id='word_1_24' title='bbox 397 324 444 352; x_wconf 88' lang='lat' dir='ltr'><strong><em>sui</em></strong></span> <span class='ocrx_word' id='word_1_25' title='bbox 457 332 526 352; x_wconf 88' lang='lat' dir='ltr'><strong><em>cum</em></strong></span> <span class='ocrx_word' id='word_1_26' title='bbox 540 325 647 353; x_wconf 60' lang='lat' dir='ltr'><strong><em>Graecis</em></strong></span> <span class='ocrx_word' id='word_1_27' title='bbox 655 333 823 354; x_wconf 85' lang='lat' dir='ltr'><strong><em>consensus</em></strong></span> <span class='ocrx_word' id='word_1_28' title='bbox 845 325 970 362; x_wconf 82' lang='lat' dir='ltr'><strong><em>aliquod</em></strong></span> <span class='ocrx_word' id='word_1_29' title='bbox 984 332 1047 352; x_wconf 89' lang='lat' dir='ltr'><strong><em>mo-</em></strong></span> 
     </span>
    </p>
   </div>
   <div class='ocr_carea' id='block_1_5' title="bbox 216 369 1047 406">
    <p class='ocr_par' dir='ltr' id='par_1_5' title="bbox 216 369 1047 406">
     <span class='ocr_line' id='line_1_5' title="bbox 216 369 1047 406; baseline 0 -10"><span class='ocrx_word' id='word_1_30' title='bbox 216 371 397 397; x_wconf 90' lang='lat' dir='ltr'><strong><em>numentum</em></strong></span> <span class='ocrx_word' id='word_1_31' title='bbox 411 369 553 405; x_wconf 80' lang='lat' dir='ltr'><strong><em>edidisse,</em></strong></span> <span class='ocrx_word' id='word_1_32' title='bbox 564 370 648 406; x_wconf 92' lang='lat' dir='ltr'><strong><em>quod</em></strong></span> <span class='ocrx_word' id='word_1_33' title='bbox 661 371 692 398; x_wconf 92' lang='lat' dir='ltr'><strong>in</strong></span> <span class='ocrx_word' id='word_1_34' title='bbox 703 370 821 399; x_wconf 84' lang='lat' dir='ltr'><strong><em>Oriente</em></strong></span> <span class='ocrx_word' id='word_1_35' title='bbox 828 372 936 398; x_wconf 88' lang='lat' dir='ltr'><strong><em>notum</em></strong></span> <span class='ocrx_word' id='word_1_36' title='bbox 951 369 1047 397; x_wconf 88' lang='lat' dir='ltr'><strong><em>omni-</em></strong></span> 
     </span>
    </p>
   </div>
   <div class='ocr_carea' id='block_1_6' title="bbox 217 412 1046 451">
    <p class='ocr_par' dir='ltr' id='par_1_6' title="bbox 217 412 1046 451">
     <span class='ocr_line' id='line_1_6' title="bbox 217 412 1046 451; baseline 0.002 -11"><span class='ocrx_word' id='word_1_37' title='bbox 217 412 276 441; x_wconf 88' lang='lat' dir='ltr'><strong>bus</strong></span> <span class='ocrx_word' id='word_1_38' title='bbox 292 415 321 441; x_wconf 92' lang='lat' dir='ltr'><strong>et</strong></span> <span class='ocrx_word' id='word_1_39' title='bbox 336 415 477 442; x_wconf 82' lang='lat' dir='ltr'><strong><em>testatum</em></strong></span> <span class='ocrx_word' id='word_1_40' title='bbox 493 416 579 443; x_wconf 87' lang='lat' dir='ltr'><strong><em>esset.</em></strong></span> <span class='ocrx_word' id='word_1_41' title='bbox 593 416 668 443; x_wconf 88' lang='lat' dir='ltr'><strong><em>Nam</em></strong></span> <span class='ocrx_word' id='word_1_42' title='bbox 684 415 760 443; x_wconf 83' lang='lat' dir='ltr'>nihil</span> <span class='ocrx_word' id='word_1_43' title='bbox 774 423 899 451; x_wconf 83' lang='lat' dir='ltr'><strong><em>prorsus</em></strong></span> <span class='ocrx_word' id='word_1_44' title='bbox 920 421 1046 450; x_wconf 88' lang='lat' dir='ltr'><strong><em>respon-</em></strong></span> 
     </span>
    </p>
   </div>
   <div class='ocr_carea' id='block_1_7' title="bbox 218 457 1047 494">
    <p class='ocr_par' dir='ltr' id='par_1_7' title="bbox 218 457 1047 494">
     <span class='ocr_line' id='line_1_7' title="bbox 218 457 1047 494; baseline 0.002 -8"><span class='ocrx_word' id='word_1_45' title='bbox 218 457 288 486; x_wconf 85' lang='lat' dir='ltr'><strong><em>dere</em></strong></span> <span class='ocrx_word' id='word_1_46' title='bbox 303 458 400 494; x_wconf 88' lang='lat' dir='ltr'><strong>potuit</strong></span> <span class='ocrx_word' id='word_1_47' title='bbox 409 458 563 493; x_wconf 81' lang='lat' dir='ltr'><strong><em>Paulinus,</em></strong></span> <span class='ocrx_word' id='word_1_48' title='bbox 575 461 649 488; x_wconf 86' lang='lat' dir='ltr'><strong><em>teste</em></strong></span> <span class='ocrx_word' id='word_1_49' title='bbox 657 459 853 488; x_wconf 85' lang='lat' dir='ltr'><strong><em>Theodoreto.</em></strong></span> <span class='ocrx_word' id='word_1_50' title='bbox 867 459 984 488; x_wconf 80' lang='lat' dir='ltr'><strong><em>Nullam</em></strong></span> <span class='ocrx_word' id='word_1_51' title='bbox 995 467 1047 487; x_wconf 91' lang='lat' dir='ltr'><strong><em>au-</em></strong></span> 
     </span>
    </p>
   </div>
   <div class='ocr_carea' id='block_1_8' title="bbox 217 503 1046 541">
    <p class='ocr_par' dir='ltr' id='par_1_8' title="bbox 217 503 1046 541">
     <span class='ocr_line' id='line_1_8' title="bbox 217 503 1046 541; baseline 0.001 -10"><span class='ocrx_word' id='word_1_52' title='bbox 217 504 278 531; x_wconf 89' lang='lat' dir='ltr'><strong><em>tem</em></strong></span> <span class='ocrx_word' id='word_1_53' title='bbox 286 503 404 532; x_wconf 88' lang='lat' dir='ltr'><strong><em>videtur</em></strong></span> <span class='ocrx_word' id='word_1_54' title='bbox 414 504 514 540; x_wconf 83' lang='lat' dir='ltr'><strong><em>aptius</em></strong></span> <span class='ocrx_word' id='word_1_55' title='bbox 522 504 651 540; x_wconf 78' lang='lat' dir='ltr'><strong><em>proferri</em></strong></span> <span class='ocrx_word' id='word_1_56' title='bbox 661 513 751 541; x_wconf 88' lang='lat' dir='ltr'><strong><em>posse</em></strong></span> <span class='ocrx_word' id='word_1_57' title='bbox 762 508 1007 540; x_wconf 88' lang='lat' dir='ltr'><strong><em>monumentum,</em></strong></span> <span class='ocrx_word' id='word_1_58' title='bbox 1015 505 1046 532; x_wconf 91' lang='lat' dir='ltr'><strong>in</strong></span> 
     </span>
    </p>
   </div>
   <div class='ocr_carea' id='block_1_9' title="bbox 217 548 1046 587">
    <p class='ocr_par' dir='ltr' id='par_1_9' title="bbox 217 548 1046 587">
     <span class='ocr_line' id='line_1_9' title="bbox 217 548 1046 587; baseline 0.004 -12"><span class='ocrx_word' id='word_1_59' title='bbox 217 556 279 584; x_wconf 90' lang='lat' dir='ltr'><strong><em>quo</em></strong></span> <span class='ocrx_word' id='word_1_60' title='bbox 291 548 323 576; x_wconf 91' lang='lat' dir='ltr'>id</span> <span class='ocrx_word' id='word_1_61' title='bbox 337 549 673 585; x_wconf 63' lang='lat' dir='ltr'><strong><em>praestiteritDamasus,</em></strong></span> <span class='ocrx_word' id='word_1_62' title='bbox 683 558 777 587; x_wconf 88' lang='lat' dir='ltr'><strong>quam</strong></span> <span class='ocrx_word' id='word_1_63' title='bbox 783 550 911 586; x_wconf 86' lang='lat' dir='ltr'><strong><em>epistola</em></strong></span> <span class='ocrx_word' id='word_1_64' title='bbox 921 550 961 578; x_wconf 89' lang='lat' dir='ltr'><strong><em>ad</em></strong></span> <span class='ocrx_word' id='word_1_65' title='bbox 970 551 1046 578; x_wconf 88' lang='lat' dir='ltr'><strong><em>Pau-</em></strong></span> 
     </span>
    </p>
   </div>
   <div class='ocr_carea' id='block_1_10' title="bbox 217 593 1044 631">
    <p class='ocr_par' dir='ltr' id='par_1_10' title="bbox 217 593 1044 631">
     <span class='ocr_line' id='line_1_10' title="bbox 217 593 1044 631; baseline 0.001 -10"><span class='ocrx_word' id='word_1_66' title='bbox 217 593 323 621; x_wconf 89' lang='lat' dir='ltr'><strong><em>linum.</em></strong></span> <span class='ocrx_word' id='word_1_67' title='bbox 337 593 445 629; x_wconf 85' lang='lat' dir='ltr'><strong><em>Objicit</em></strong></span> <span class='ocrx_word' id='word_1_68' title='bbox 455 594 593 622; x_wconf 82' lang='lat' dir='ltr'><strong><em>Petavius</em></strong></span> <span class='ocrx_word' id='word_1_69' title='bbox 608 595 719 630; x_wconf 82' lang='lat' dir='ltr'><strong><em>synodi</em></strong></span> <span class='ocrx_word' id='word_1_70' title='bbox 733 596 876 623; x_wconf 65' lang='lat' dir='ltr'><strong><em>Romanis</em></strong></span> <span class='ocrx_word' id='word_1_71' title='bbox 886 594 1044 631; x_wconf 81' lang='lat' dir='ltr'><strong><em>epistolam</em></strong></span> 
     </span>
    </p>
   </div>
   <div class='ocr_carea' id='block_1_11' title="bbox 218 637 1045 676">
    <p class='ocr_par' dir='ltr' id='par_1_11' title="bbox 218 637 1045 676">
     <span class='ocr_line' id='line_1_11' title="bbox 218 637 1045 676; baseline 0.002 -11"><span class='ocrx_word' id='word_1_72' title='bbox 218 637 276 665; x_wconf 89' lang='lat' dir='ltr'><strong><em>sub</em></strong></span> <span class='ocrx_word' id='word_1_73' title='bbox 288 637 396 666; x_wconf 87' lang='lat' dir='ltr'><strong><em>eodem</em></strong></span> <span class='ocrx_word' id='word_1_74' title='bbox 408 638 550 675; x_wconf 81' lang='lat' dir='ltr'><strong><em>Damaso,</em></strong></span> <span class='ocrx_word' id='word_1_75' title='bbox 567 639 598 667; x_wconf 92' lang='lat' dir='ltr'><strong><em>in</em></strong></span> <span class='ocrx_word' id='word_1_76' title='bbox 613 647 676 675; x_wconf 86' lang='lat' dir='ltr'><strong><em>qua</em></strong></span> <span class='ocrx_word' id='word_1_77' title='bbox 689 647 752 668; x_wconf 91' lang='lat' dir='ltr'><strong><em>una</em></strong></span> <span class='ocrx_word' id='word_1_78' title='bbox 764 640 939 676; x_wconf 83' lang='lat' dir='ltr'><strong><em>hypostasis</em></strong></span> <span class='ocrx_word' id='word_1_79' title='bbox 951 642 980 669; x_wconf 86' lang='lat' dir='ltr'><strong><em>et</em></strong></span> <span class='ocrx_word' id='word_1_80' title='bbox 1000 647 1045 667; x_wconf 91' lang='lat' dir='ltr'><strong><em>es-</em></strong></span> 
     </span>
    </p>
   </div>
   <div class='ocr_carea' id='block_1_12' title="bbox 218 682 1046 720">
    <p class='ocr_par' dir='ltr' id='par_1_12' title="bbox 218 682 1046 720">
     <span class='ocr_line' id='line_1_12' title="bbox 218 682 1046 720; baseline 0.001 -10"><span class='ocrx_word' id='word_1_81' title='bbox 218 682 314 711; x_wconf 85' lang='lat' dir='ltr'><strong>sentia</strong></span> <span class='ocrx_word' id='word_1_82' title='bbox 323 682 457 711; x_wconf 85' lang='lat' dir='ltr'><strong><em>docetur.</em></strong></span> <span class='ocrx_word' id='word_1_83' title='bbox 465 683 522 712; x_wconf 90' lang='lat' dir='ltr'><strong><em>Sed</em></strong></span> <span class='ocrx_word' id='word_1_84' title='bbox 528 684 703 720; x_wconf 84' lang='lat' dir='ltr'><strong>hypostasis</strong></span> <span class='ocrx_word' id='word_1_85' title='bbox 712 685 934 720; x_wconf 67' lang='lat' dir='ltr'><strong><em>vocemfmerito</em></strong></span> <span class='ocrx_word' id='word_1_86' title='bbox 941 684 1046 712; x_wconf 87' lang='lat' dir='ltr'><strong><em>deesse</em></strong></span> 
     </span>
    </p>
   </div>
   <div class='ocr_carea' id='block_1_13' title="bbox 218 728 1044 766">
    <p class='ocr_par' dir='ltr' id='par_1_13' title="bbox 218 728 1044 766">
     <span class='ocr_line' id='line_1_13' title="bbox 218 728 1044 766; baseline 0 -10"><span class='ocrx_word' id='word_1_87' title='bbox 218 728 249 756; x_wconf 92' lang='lat' dir='ltr'><strong>in</strong></span> <span class='ocrx_word' id='word_1_88' title='bbox 258 728 485 764; x_wconf 81' lang='lat' dir='ltr'><strong><em>exemplaribus</em></strong></span> <span class='ocrx_word' id='word_1_89' title='bbox 503 729 613 757; x_wconf 83' lang='lat' dir='ltr'><strong><em>Latinis</em></strong></span> <span class='ocrx_word' id='word_1_90' title='bbox 624 729 834 766; x_wconf 84' lang='lat' dir='ltr'><strong><em>probavimus,</em></strong></span> <span class='ocrx_word' id='word_1_91' title='bbox 849 731 914 758; x_wconf 86' lang='lat' dir='ltr'><strong><em>not.</em></strong></span> <span class='ocrx_word' id='word_1_92' title='bbox 925 737 944 758; x_wconf 87' lang='lat' dir='ltr'><strong><em>a</em></strong></span> <span class='ocrx_word' id='word_1_93' title='bbox 958 729 1044 765; x_wconf 83' lang='lat' dir='ltr'><strong><em>epist.</em></strong></span> 
     </span>
    </p>
   </div>
   <div class='ocr_carea' id='block_1_14' title="bbox 218 775 389 809">
    <p class='ocr_par' dir='ltr' id='par_1_14' title="bbox 218 775 389 809">
     <span class='ocr_line' id='line_1_14' title="bbox 218 775 389 809; baseline -0.006 -7"><span class='ocrx_word' id='word_1_94' title='bbox 218 775 307 809; x_wconf 84' lang='lat' dir='ltr'><strong><em>93,p.</em></strong></span> <span class='ocrx_word' id='word_1_95' title='bbox 330 775 389 802; x_wconf 85' lang='lat' dir='ltr'><strong><em>l86.</em></strong></span> 
     </span>
    </p>
   </div>
   <div class='ocr_carea' id='block_1_15' title="bbox 253 818 1049 856">
    <p class='ocr_par' dir='ltr' id='par_1_15' title="bbox 253 818 1049 856">
     <span class='ocr_line' id='line_1_15' title="bbox 253 818 1049 856; baseline 0 -9"><span class='ocrx_word' id='word_1_96' title='bbox 253 818 361 848; x_wconf 87' lang='lat' dir='ltr'><strong><em>Videor</em></strong></span> <span class='ocrx_word' id='word_1_97' title='bbox 376 819 450 847; x_wconf 89' lang='lat' dir='ltr'><strong>mihi</strong></span> <span class='ocrx_word' id='word_1_98' title='bbox 473 827 510 848; x_wconf 83' lang='lat' dir='ltr'><strong><em>ex</em></strong></span> <span class='ocrx_word' id='word_1_99' title='bbox 524 820 571 848; x_wconf 91' lang='lat' dir='ltr'><strong><em>his</em></strong></span> <span class='ocrx_word' id='word_1_100' title='bbox 582 827 674 856; x_wconf 86' lang='lat' dir='ltr'><strong><em>posse</em></strong></span> <span class='ocrx_word' id='word_1_101' title='bbox 690 819 872 848; x_wconf 81' lang='lat' dir='ltr'><strong><em>concludere</em></strong></span> <span class='ocrx_word' id='word_1_102' title='bbox 895 819 1049 848; x_wconf 89' lang='lat' dir='ltr'><strong><em>neminem</em></strong></span> 
     </span>
    </p>
   </div>
   <div class='ocr_carea' id='block_1_16' title="bbox 217 865 1051 902">
    <p class='ocr_par' dir='ltr' id='par_1_16' title="bbox 217 865 1051 902">
     <span class='ocr_line' id='line_1_16' title="bbox 217 865 1051 902; baseline 0.001 -10"><span class='ocrx_word' id='word_1_103' title='bbox 217 872 342 901; x_wconf 81' lang='lat' dir='ltr'><strong><em>prorsus</em></strong></span> <span class='ocrx_word' id='word_1_104' title='bbox 353 865 501 893; x_wconf 82' lang='lat' dir='ltr'><strong><em>exstitisse</em></strong></span> <span class='ocrx_word' id='word_1_105' title='bbox 516 865 593 893; x_wconf 88' lang='lat' dir='ltr'><strong><em>inter</em></strong></span> <span class='ocrx_word' id='word_1_106' title='bbox 604 865 774 893; x_wconf 85' lang='lat' dir='ltr'><strong><em>Catholicos</em></strong></span> <span class='ocrx_word' id='word_1_107' title='bbox 802 865 977 899; x_wconf 82' lang='lat' dir='ltr'><strong><em>Orientales,</em></strong></span> <span class='ocrx_word' id='word_1_108' title='bbox 997 873 1051 902; x_wconf 72' lang='lat' dir='ltr'><strong><em>qui</em></strong></span> 
     </span>
    </p>
   </div>
   <div class='ocr_carea' id='block_1_17' title="bbox 1103 279 1934 317">
    <p class='ocr_par' dir='ltr' id='par_1_17' title="bbox 1103 279 1934 317">
     <span class='ocr_line' id='line_1_17' title="bbox 1103 279 1934 317; baseline 0.004 -11"><span class='ocrx_word' id='word_1_109' title='bbox 1103 279 1205 306; x_wconf 83' lang='lat' dir='ltr'><strong><em>tamen</em></strong></span> <span class='ocrx_word' id='word_1_110' title='bbox 1229 287 1247 307; x_wconf 89' lang='lat' dir='ltr'><strong><em>a</em></strong></span> <span class='ocrx_word' id='word_1_111' title='bbox 1270 280 1425 308; x_wconf 87' lang='lat' dir='ltr'>nonnullis</span> <span class='ocrx_word' id='word_1_112' title='bbox 1447 288 1483 308; x_wconf 92' lang='lat' dir='ltr'><strong>eo</strong></span> <span class='ocrx_word' id='word_1_113' title='bbox 1493 280 1616 308; x_wconf 88' lang='lat' dir='ltr'><strong>nomine</strong></span> <span class='ocrx_word' id='word_1_114' title='bbox 1632 281 1837 315; x_wconf 86' lang='lat' dir='ltr'><strong><em>accusabitur,</em></strong></span> <span class='ocrx_word' id='word_1_115' title='bbox 1848 282 1934 317; x_wconf 88' lang='lat' dir='ltr'><strong><em>quod</em></strong></span> 
     </span>
    </p>
   </div>
   <div class='ocr_carea' id='block_1_18' title="bbox 1101 322 1934 361">
    <p class='ocr_par' dir='ltr' id='par_1_18' title="bbox 1101 322 1934 361">
     <span class='ocr_line' id='line_1_18' title="bbox 1101 322 1934 361; baseline 0.004 -10"><span class='ocrx_word' id='word_1_116' title='bbox 1101 322 1196 351; x_wconf 90' lang='lat' dir='ltr'><strong>nimio</strong></span> <span class='ocrx_word' id='word_1_117' title='bbox 1211 323 1356 361; x_wconf 89' lang='lat' dir='ltr'><strong><em>abreptus</em></strong></span> <span class='ocrx_word' id='word_1_118' title='bbox 1365 325 1466 353; x_wconf 86' lang='lat' dir='ltr'><strong>studio</strong></span> <span class='ocrx_word' id='word_1_119' title='bbox 1477 333 1495 353; x_wconf 75' lang='grc' dir='ltr'><strong><em>ιι</em></strong></span> <span class='ocrx_word' id='word_1_120' title='bbox 1505 326 1754 361; x_wconf 78' lang='lat' dir='ltr'><strong><em>temperamentis</em></strong></span> <span class='ocrx_word' id='word_1_121' title='bbox 1766 325 1797 353; x_wconf 94' lang='lat' dir='ltr'><strong><em>in</em></strong></span> <span class='ocrx_word' id='word_1_122' title='bbox 1815 326 1934 361; x_wconf 86' lang='lat' dir='ltr'>synodo</span> 
     </span>
    </p>
   </div>
   <div class='ocr_carea' id='block_1_19' title="bbox 1101 367 1933 406">
    <p class='ocr_par' dir='ltr' id='par_1_19' title="bbox 1101 367 1933 406">
     <span class='ocr_line' id='line_1_19' title="bbox 1101 367 1933 406; baseline 0.004 -10"><span class='ocrx_word' id='word_1_123' title='bbox 1101 367 1305 398; x_wconf 77' lang='lat' dir='ltr'><strong><em>Alexandrina</em></strong></span> <span class='ocrx_word' id='word_1_124' title='bbox 1317 370 1501 406; x_wconf 63' lang='lat' dir='ltr'><strong><em>praescriptis</em></strong></span> <span class='ocrx_word' id='word_1_125' title='bbox 1515 370 1696 399; x_wconf 82' lang='lat' dir='ltr'><strong><em>discesserit.</em></strong></span> <span class='ocrx_word' id='word_1_126' title='bbox 1706 372 1780 399; x_wconf 91' lang='lat' dir='ltr'><strong><em>Cum</em></strong></span> <span class='ocrx_word' id='word_1_127' title='bbox 1793 371 1933 400; x_wconf 75' lang='lat' dir='ltr'><strong>animau-</strong></span> 
     </span>
    </p>
   </div>
   <div class='ocr_carea' id='block_1_20' title="bbox 1100 412 1932 452">
    <p class='ocr_par' dir='ltr' id='par_1_20' title="bbox 1100 412 1932 452">
     <span class='ocr_line' id='line_1_20' title="bbox 1100 412 1932 452; baseline 0.005 -12"><span class='ocrx_word' id='word_1_128' title='bbox 1100 412 1225 442; x_wconf 89' lang='lat' dir='ltr'><strong><em>divisset</em></strong></span> <span class='ocrx_word' id='word_1_129' title='bbox 1240 422 1321 442; x_wconf 90' lang='lat' dir='ltr'><strong><em>anno</em></strong></span> <span class='ocrx_word' id='word_1_130' title='bbox 1337 417 1388 443; x_wconf 83' lang='lat'><strong><em>375</em></strong></span> <span class='ocrx_word' id='word_1_131' title='bbox 1404 415 1563 443; x_wconf 84' lang='lat' dir='ltr'><strong><em>Paulinum</em></strong></span> <span class='ocrx_word' id='word_1_132' title='bbox 1575 416 1706 452; x_wconf 85' lang='lat' dir='ltr'><strong><em>acceptis</em></strong></span> <span class='ocrx_word' id='word_1_133' title='bbox 1717 417 1811 444; x_wconf 85' lang='lat' dir='ltr'><strong><em>Roma</em></strong></span> <span class='ocrx_word' id='word_1_134' title='bbox 1826 416 1932 452; x_wconf 86' lang='lat' dir='ltr'><strong>perho-</strong></span> 
     </span>
    </p>
   </div>
   <div class='ocr_carea' id='block_1_21' title="bbox 1099 458 1932 497">
    <p class='ocr_par' dir='ltr' id='par_1_21' title="bbox 1099 458 1932 497">
     <span class='ocr_line' id='line_1_21' title="bbox 1099 458 1932 497; baseline 0.005 -12"><span class='ocrx_word' id='word_1_135' title='bbox 1099 458 1234 486; x_wconf 84' lang='lat' dir='ltr'><strong><em>noriﬁcis</em></strong></span> <span class='ocrx_word' id='word_1_136' title='bbox 1249 459 1666 493; x_wconf 76' lang='lat' dir='ltr'><strong><em>litterisvehementereﬂ‘erri,</em></strong></span> <span class='ocrx_word' id='word_1_137' title='bbox 1677 461 1805 497; x_wconf 88' lang='lat' dir='ltr'><strong><em>ejusque</em></strong></span> <span class='ocrx_word' id='word_1_138' title='bbox 1816 461 1932 489; x_wconf 88' lang='lat' dir='ltr'><strong><em>amicos</em></strong></span> 
     </span>
    </p>
   </div>
   <div class='ocr_carea' id='block_1_22' title="bbox 1100 503 1931 542">
    <p class='ocr_par' dir='ltr' id='par_1_22' title="bbox 1100 503 1931 542">
     <span class='ocr_line' id='line_1_22' title="bbox 1100 503 1931 542; baseline 0.005 -12"><span class='ocrx_word' id='word_1_139' title='bbox 1100 510 1171 530; x_wconf 90' lang='lat' dir='ltr'><strong><em>cum</em></strong></span> <span class='ocrx_word' id='word_1_140' title='bbox 1187 503 1318 532; x_wconf 84' lang='lat' dir='ltr'><strong><em>Ecclesia</em></strong></span> <span class='ocrx_word' id='word_1_141' title='bbox 1328 505 1356 532; x_wconf 92' lang='lat' dir='ltr'><strong><em>S.</em></strong></span> <span class='ocrx_word' id='word_1_142' title='bbox 1370 504 1475 533; x_wconf 81' lang='lat' dir='ltr'><strong><em>Meletii</em></strong></span> <span class='ocrx_word' id='word_1_143' title='bbox 1490 505 1635 541; x_wconf 81' lang='lat' dir='ltr'><strong><em>conjungi</em></strong></span> <span class='ocrx_word' id='word_1_144' title='bbox 1650 505 1735 539; x_wconf 86' lang='lat' dir='ltr'><strong><em>velle,</em></strong></span> <span class='ocrx_word' id='word_1_145' title='bbox 1755 513 1790 534; x_wconf 86' lang='lat' dir='ltr'><strong><em>ac</em></strong></span> <span class='ocrx_word' id='word_1_146' title='bbox 1805 513 1931 542; x_wconf 86' lang='lat' dir='ltr'><strong>operam</strong></span> 
     </span>
    </p>
   </div>
   <div class='ocr_carea' id='block_1_23' title="bbox 1100 547 1931 586">
    <p class='ocr_par' dir='ltr' id='par_1_23' title="bbox 1100 547 1931 586">
     <span class='ocr_line' id='line_1_23' title="bbox 1100 547 1931 586; baseline 0.005 -11"><span class='ocrx_word' id='word_1_147' title='bbox 1100 547 1174 575; x_wconf 89' lang='lat' dir='ltr'><strong><em>dare</em></strong></span> <span class='ocrx_word' id='word_1_148' title='bbox 1195 550 1229 576; x_wconf 90' lang='lat' dir='ltr'><strong><em>ut</em></strong></span> <span class='ocrx_word' id='word_1_149' title='bbox 1251 549 1421 577; x_wconf 89' lang='lat' dir='ltr'><strong><em>Terentium</em></strong></span> <span class='ocrx_word' id='word_1_150' title='bbox 1445 550 1476 578; x_wconf 90' lang='lat' dir='ltr'><strong>in</strong></span> <span class='ocrx_word' id='word_1_151' title='bbox 1497 552 1599 586; x_wconf 85' lang='lat' dir='ltr'><strong><em>partes</em></strong></span> <span class='ocrx_word' id='word_1_152' title='bbox 1611 558 1667 578; x_wconf 90' lang='lat' dir='ltr'><strong><em>sua</em></strong></span> <span class='ocrx_word' id='word_1_153' title='bbox 1680 550 1854 585; x_wconf 83' lang='lat' dir='ltr'><strong><em>traherent;</em></strong></span> <span class='ocrx_word' id='word_1_154' title='bbox 1872 552 1931 579; x_wconf 87' lang='lat' dir='ltr'><strong><em>sta.-</em></strong></span> 
     </span>
    </p>
   </div>
   <div class='ocr_carea' id='block_1_24' title="bbox 1100 592 1931 630">
    <p class='ocr_par' dir='ltr' id='par_1_24' title="bbox 1100 592 1931 630">
     <span class='ocr_line' id='line_1_24' title="bbox 1100 592 1931 630; baseline 0.005 -11"><span class='ocrx_word' id='word_1_155' title='bbox 1100 592 1155 620; x_wconf 92' lang='lat' dir='ltr'><strong>tim</strong></span> <span class='ocrx_word' id='word_1_156' title='bbox 1181 592 1300 629; x_wconf 84' lang='lat' dir='ltr'><strong>scripsit</strong></span> <span class='ocrx_word' id='word_1_157' title='bbox 1322 593 1362 621; x_wconf 85' lang='lat' dir='ltr'><strong><em>ad</em></strong></span> <span class='ocrx_word' id='word_1_158' title='bbox 1387 594 1470 622; x_wconf 88' lang='lat' dir='ltr'><strong>hunc</strong></span> <span class='ocrx_word' id='word_1_159' title='bbox 1500 594 1696 628; x_wconf 89' lang='lat' dir='ltr'><strong><em>comitem,ut</em></strong></span> <span class='ocrx_word' id='word_1_160' title='bbox 1717 597 1782 630; x_wconf 80' lang='lat' dir='ltr'><strong><em>ejus</em></strong></span> <span class='ocrx_word' id='word_1_161' title='bbox 1792 595 1931 624; x_wconf 90' lang='lat' dir='ltr'><strong>animum</strong></span> 
     </span>
    </p>
   </div>
   <div class='ocr_carea' id='block_1_25' title="bbox 1099 639 1933 676">
    <p class='ocr_par' dir='ltr' id='par_1_25' title="bbox 1099 639 1933 676">
     <span class='ocr_line' id='line_1_25' title="bbox 1099 639 1933 676; baseline 0.005 -12"><span class='ocrx_word' id='word_1_162' title='bbox 1099 640 1336 674; x_wconf 69' lang='lat' dir='ltr'><strong><em>praeoccuparet,</em></strong></span> <span class='ocrx_word' id='word_1_163' title='bbox 1349 641 1400 666; x_wconf 88' lang='lat' dir='ltr'><strong><em>aut</em></strong></span> <span class='ocrx_word' id='word_1_164' title='bbox 1412 639 1436 666; x_wconf 92' lang='lat' dir='ltr'><strong>si</strong></span> <span class='ocrx_word' id='word_1_165' title='bbox 1451 647 1513 676; x_wconf 86' lang='lat' dir='ltr'><strong><em>qua</em></strong></span> <span class='ocrx_word' id='word_1_166' title='bbox 1523 647 1594 667; x_wconf 90' lang='lat' dir='ltr'><strong>eum</strong></span> <span class='ocrx_word' id='word_1_167' title='bbox 1607 639 1751 675; x_wconf 87' lang='lat' dir='ltr'><strong>opinione</strong></span> <span class='ocrx_word' id='word_1_168' title='bbox 1766 639 1933 668; x_wconf 79' lang='lat' dir='ltr'><strong><em>adversarii</em></strong></span> 
     </span>
    </p>
   </div>
   <div class='ocr_carea' id='block_1_26' title="bbox 1100 683 1932 719">
    <p class='ocr_par' dir='ltr' id='par_1_26' title="bbox 1100 683 1932 719">
     <span class='ocr_line' id='line_1_26' title="bbox 1100 683 1932 719; baseline 0.005 -10"><span class='ocrx_word' id='word_1_169' title='bbox 1100 684 1360 718; x_wconf 70' lang='lat' dir='ltr'><strong><em>prceocupassent,</em></strong></span> <span class='ocrx_word' id='word_1_170' title='bbox 1369 683 1489 719; x_wconf 90' lang='lat' dir='ltr'><strong><em>penitus</em></strong></span> <span class='ocrx_word' id='word_1_171' title='bbox 1499 683 1688 712; x_wconf 84' lang='lat' dir='ltr'><strong><em>convelleret.</em></strong></span> <span class='ocrx_word' id='word_1_172' title='bbox 1701 685 1733 712; x_wconf 91' lang='lat' dir='ltr'><strong><em>ln</em></strong></span> <span class='ocrx_word' id='word_1_173' title='bbox 1754 684 1811 712; x_wconf 85' lang='lat' dir='ltr'><strong><em>hac</em></strong></span> <span class='ocrx_word' id='word_1_174' title='bbox 1830 686 1932 713; x_wconf 87' lang='lat' dir='ltr'><strong><em>autem</em></strong></span> 
     </span>
    </p>
   </div>
   <div class='ocr_carea' id='block_1_27' title="bbox 1101 726 1932 764">
    <p class='ocr_par' dir='ltr' id='par_1_27' title="bbox 1101 726 1932 764">
     <span class='ocr_line' id='line_1_27' title="bbox 1101 726 1932 764; baseline 0.004 -10"><span class='ocrx_word' id='word_1_175' title='bbox 1101 726 1228 762; x_wconf 88' lang='lat' dir='ltr'><strong><em>epistola.</em></strong></span> <span class='ocrx_word' id='word_1_176' title='bbox 1240 727 1282 755; x_wconf 89' lang='lat' dir='ltr'><strong><em>sic</em></strong></span> <span class='ocrx_word' id='word_1_177' title='bbox 1293 735 1381 756; x_wconf 91' lang='lat' dir='ltr'><strong>suam</strong></span> <span class='ocrx_word' id='word_1_178' title='bbox 1395 728 1432 756; x_wconf 92' lang='lat' dir='ltr'><strong><em>de</em></strong></span> <span class='ocrx_word' id='word_1_179' title='bbox 1445 728 1663 764; x_wconf 88' lang='lat' dir='ltr'><strong><em>hypostasibus</em></strong></span> <span class='ocrx_word' id='word_1_180' title='bbox 1683 729 1865 758; x_wconf 86' lang='lat' dir='ltr'><strong><em>sententiam</em></strong></span> <span class='ocrx_word' id='word_1_181' title='bbox 1880 737 1932 757; x_wconf 83' lang='lat' dir='ltr'><strong><em>ex-</em></strong></span> 
     </span>
    </p>
   </div>
   <div class='ocr_carea' id='block_1_28' title="bbox 1102 771 1932 810">
    <p class='ocr_par' dir='ltr' id='par_1_28' title="bbox 1102 771 1932 810">
     <span class='ocr_line' id='line_1_28' title="bbox 1102 771 1932 810; baseline 0 -10"><span class='ocrx_word' id='word_1_182' title='bbox 1102 771 1215 808; x_wconf 87' lang='lat' dir='ltr'><strong>ponit:</strong></span> <span class='ocrx_word' id='word_1_183' title='bbox 1245 772 1283 798; x_wconf 82' lang='grc' dir='ltr'><strong><em>Ού</em></strong></span> <span class='ocrx_word' id='word_1_184' title='bbox 1312 775 1398 808; x_wconf 81' lang='grc' dir='ltr'>μέντοι</span> <span class='ocrx_word' id='word_1_185' title='bbox 1424 774 1517 799; x_wconf 82' lang='grc' dir='ltr'>τούτου</span> <span class='ocrx_word' id='word_1_186' title='bbox 1547 783 1577 809; x_wconf 77' lang='grc' dir='ltr'>γε</span> <span class='ocrx_word' id='word_1_187' title='bbox 1605 774 1686 800; x_wconf 75' lang='grc' dir='ltr'><strong><em>ἕνεκεν</em></strong></span> <span class='ocrx_word' id='word_1_188' title='bbox 1715 772 1850 810; x_wconf 78' lang='grc' dir='ltr'>δυνάμεθά</span> <span class='ocrx_word' id='word_1_189' title='bbox 1869 783 1932 800; x_wconf 81' lang='grc' dir='ltr'>ποτε</span> 
     </span>
    </p>
   </div>
   <div class='ocr_carea' id='block_1_29' title="bbox 1103 816 1930 854">
    <p class='ocr_par' dir='ltr' id='par_1_29' title="bbox 1103 816 1930 854">
     <span class='ocr_line' id='line_1_29' title="bbox 1103 816 1930 854; baseline 0.002 -12"><span class='ocrx_word' id='word_1_190' title='bbox 1103 816 1208 847; x_wconf 80' lang='grc' dir='ltr'>ἑαυτοὺς</span> <span class='ocrx_word' id='word_1_191' title='bbox 1240 821 1340 851; x_wconf 86' lang='grc' dir='ltr'>πεῖσαι,</span> <span class='ocrx_word' id='word_1_192' title='bbox 1375 818 1390 846; x_wconf 80' lang='grc' dir='ltr'><strong><em>ἦ</em></strong></span> <span class='ocrx_word' id='word_1_193' title='bbox 1422 817 1544 844; x_wconf 79' lang='grc' dir='ltr'>Μελέτιον</span> <span class='ocrx_word' id='word_1_194' title='bbox 1579 817 1717 854; x_wconf 75' lang='grc' dir='ltr'><strong><em>ἀγνοῆσαι,</em></strong></span> <span class='ocrx_word' id='word_1_195' title='bbox 1751 819 1766 848; x_wconf 79' lang='grc' dir='ltr'><strong><em>ἣ</em></strong></span> <span class='ocrx_word' id='word_1_196' title='bbox 1798 823 1847 849; x_wconf 77' lang='grc' dir='ltr'>τῆς</span> <span class='ocrx_word' id='word_1_197' title='bbox 1886 819 1930 845; x_wconf 81' lang='grc' dir='ltr'><strong><em>ὑπ’</em></strong></span> 
     </span>
    </p>
   </div>
   <div class='ocr_carea' id='block_1_30' title="bbox 1104 861 1930 899">
    <p class='ocr_par' dir='ltr' id='par_1_30' title="bbox 1104 861 1930 899">
     <span class='ocr_line' id='line_1_30' title="bbox 1104 861 1930 899; baseline 0.002 -12"><span class='ocrx_word' id='word_1_198' title='bbox 1104 861 1182 887; x_wconf 74' lang='grc' dir='ltr'>αὐτὸν</span> <span class='ocrx_word' id='word_1_199' title='bbox 1228 861 1384 893; x_wconf 77' lang='grc' dir='ltr'>Ἐκχλησίας</span> <span class='ocrx_word' id='word_1_200' title='bbox 1427 862 1607 896; x_wconf 80' lang='grc' dir='ltr'>ἐπιλαθέσθαι,</span> <span class='ocrx_word' id='word_1_201' title='bbox 1653 863 1667 892; x_wconf 81' lang='grc' dir='ltr'><strong>ἣ</strong></span> <span class='ocrx_word' id='word_1_202' title='bbox 1704 864 1736 889; x_wconf 81' lang='grc' dir='ltr'>τὰ</span> <span class='ocrx_word' id='word_1_203' title='bbox 1778 863 1930 899; x_wconf 75' lang='grc' dir='ltr'>ζητήματα,</span> 
     </span>
    </p>
   </div>
   <div class='ocr_carea' id='block_1_31' title="bbox 217 905 1049 948">
    <p class='ocr_par' dir='ltr' id='par_1_31' title="bbox 217 909 1049 948">
     <span class='ocr_line' id='line_1_31' title="bbox 217 909 1049 948; baseline 0.001 -11"><span class='ocrx_word' id='word_1_204' title='bbox 217 917 312 938; x_wconf 89' lang='lat' dir='ltr'><strong>unam</strong></span> <span class='ocrx_word' id='word_1_205' title='bbox 331 909 362 938; x_wconf 90' lang='lat' dir='ltr'><strong>in</strong></span> <span class='ocrx_word' id='word_1_206' title='bbox 386 909 480 938; x_wconf 85' lang='lat' dir='ltr'><strong>tribus</strong></span> <span class='ocrx_word' id='word_1_207' title='bbox 505 910 644 946; x_wconf 87' lang='lat' dir='ltr'><strong>personis</strong></span> <span class='ocrx_word' id='word_1_208' title='bbox 663 910 853 946; x_wconf 83' lang='lat' dir='ltr'><strong><em>hypostasim</em></strong></span> <span class='ocrx_word' id='word_1_209' title='bbox 868 910 1049 948; x_wconf 72' lang='lat' dir='ltr'><strong><em>admitteret,</em></strong></span> 
     </span>
    </p>
   </div>
   <div class='ocr_carea' id='block_1_32' title="bbox 1104 905 1931 948">
    <p class='ocr_par' dir='ltr' id='par_1_32' title="bbox 1104 905 1931 945">
     <span class='ocr_line' id='line_1_32' title="bbox 1104 905 1931 945; baseline 0.006 -14"><span class='ocrx_word' id='word_1_210' title='bbox 1104 906 1167 942; x_wconf 66' lang='grc' dir='ltr'>ὑπὲρ</span> <span class='ocrx_word' id='word_1_211' title='bbox 1190 906 1222 931; x_wconf 88' lang='grc' dir='ltr'>ὧν</span> <span class='ocrx_word' id='word_1_212' title='bbox 1251 905 1278 938; x_wconf 80' lang='grc' dir='ltr'><strong>ἐξ</strong></span> <span class='ocrx_word' id='word_1_213' title='bbox 1297 906 1385 944; x_wconf 82' lang='grc' dir='ltr'>ἀρχῆς</span> <span class='ocrx_word' id='word_1_214' title='bbox 1408 908 1422 936; x_wconf 79' lang='grc' dir='ltr'><strong>ἠ</strong></span> <span class='ocrx_word' id='word_1_215' title='bbox 1455 905 1596 937; x_wconf 72' lang='grc' dir='ltr'><strong><em>διάστασις</em></strong></span> <span class='ocrx_word' id='word_1_216' title='bbox 1620 909 1716 944; x_wconf 74' lang='grc' dir='ltr'>γέγονε,</span> <span class='ocrx_word' id='word_1_217' title='bbox 1751 909 1834 945; x_wconf 75' lang='grc' dir='ltr'>μικρά</span> <span class='ocrx_word' id='word_1_218' title='bbox 1866 909 1931 944; x_wconf 79' lang='grc' dir='ltr'>ἡγή-</span> 
     </span>
    </p>
   </div>
   <div class='ocr_carea' id='block_1_33' title="bbox 217 954 1048 992">
    <p class='ocr_par' dir='ltr' id='par_1_33' title="bbox 217 954 1048 992">
     <span class='ocr_line' id='line_1_33' title="bbox 217 954 1048 992; baseline -0.001 -9"><span class='ocrx_word' id='word_1_219' title='bbox 217 957 326 990; x_wconf 80' lang='lat' dir='ltr'><strong><em>preeter</em></strong></span> <span class='ocrx_word' id='word_1_220' title='bbox 341 954 503 983; x_wconf 89' lang='lat' dir='ltr'><strong><em>Paulinum</em></strong></span> <span class='ocrx_word' id='word_1_221' title='bbox 524 955 747 983; x_wconf 88' lang='lat' dir='ltr'><strong><em>Antiochenum</em></strong></span> <span class='ocrx_word' id='word_1_222' title='bbox 773 956 902 992; x_wconf 87' lang='lat' dir='ltr'><strong><em>ejusque</em></strong></span> <span class='ocrx_word' id='word_1_223' title='bbox 923 955 1048 983; x_wconf 87' lang='lat' dir='ltr'><strong><em>amicos-</em></strong></span> 
     </span>
    </p>
   </div>
   <div class='ocr_carea' id='block_1_34' title="bbox 217 996 1050 1036">
    <p class='ocr_par' dir='ltr' id='par_1_34' title="bbox 217 996 1050 1036">
     <span class='ocr_line' id='line_1_34' title="bbox 217 996 1050 1036; baseline -0.001 -8"><span class='ocrx_word' id='word_1_224' title='bbox 217 1001 320 1036; x_wconf 87' lang='lat' dir='ltr'><strong><em>Neque</em></strong></span> <span class='ocrx_word' id='word_1_225' title='bbox 334 1000 425 1028; x_wconf 85' lang='lat' dir='ltr'><strong><em>etiam</em></strong></span> <span class='ocrx_word' id='word_1_226' title='bbox 437 999 537 1028; x_wconf 86' lang='lat' dir='ltr'><strong><em>dicere</em></strong></span> <span class='ocrx_word' id='word_1_227' title='bbox 549 1000 676 1028; x_wconf 89' lang='lat' dir='ltr'><strong><em>verebor</em></strong></span> <span class='ocrx_word' id='word_1_228' title='bbox 688 1001 746 1028; x_wconf 88' lang='lat' dir='ltr'><strong><em>tres</em></strong></span> <span class='ocrx_word' id='word_1_229' title='bbox 755 1000 936 1036; x_wconf 84' lang='lat' dir='ltr'><strong><em>hypostases</em></strong></span> <span class='ocrx_word' id='word_1_230' title='bbox 945 996 1050 1027; x_wconf 78' lang='lat' dir='ltr'><strong><em>imme‘</em></strong></span> 
     </span>
    </p>
   </div>
   <div class='ocr_carea' id='block_1_35' title="bbox 216 1044 1050 1081">
    <p class='ocr_par' dir='ltr' id='par_1_35' title="bbox 216 1044 1050 1081">
     <span class='ocr_line' id='line_1_35' title="bbox 216 1044 1050 1081; baseline 0 -9"><span class='ocrx_word' id='word_1_231' title='bbox 216 1044 274 1072; x_wconf 90' lang='lat' dir='ltr'><strong><em>rito</em></strong></span> <span class='ocrx_word' id='word_1_232' title='bbox 299 1052 318 1072; x_wconf 87' lang='lat' dir='ltr'><strong><em>a</em></strong></span> <span class='ocrx_word' id='word_1_233' title='bbox 338 1046 366 1072; x_wconf 91' lang='lat' dir='ltr'><strong><em>S.</em></strong></span> <span class='ocrx_word' id='word_1_234' title='bbox 386 1045 583 1081; x_wconf 84' lang='lat' dir='ltr'><strong>Hieronymo,</strong></span> <span class='ocrx_word' id='word_1_235' title='bbox 612 1046 645 1073; x_wconf 90' lang='lat' dir='ltr'><strong>ut</strong></span> <span class='ocrx_word' id='word_1_236' title='bbox 670 1045 816 1081; x_wconf 88' lang='lat' dir='ltr'><strong><em>loquendi</em></strong></span> <span class='ocrx_word' id='word_1_237' title='bbox 829 1044 978 1073; x_wconf 88' lang='lat' dir='ltr'><strong><em>rationem</em></strong></span> <span class='ocrx_word' id='word_1_238' title='bbox 993 1052 1050 1072; x_wconf 86' lang='lat' dir='ltr'><strong><em>sua</em></strong></span> 
     </span>
    </p>
   </div>
   <div class='ocr_carea' id='block_1_36' title="bbox 217 1089 1048 1126">
    <p class='ocr_par' dir='ltr' id='par_1_36' title="bbox 217 1089 1048 1126">
     <span class='ocr_line' id='line_1_36' title="bbox 217 1089 1048 1126; baseline -0.002 -8"><span class='ocrx_word' id='word_1_239' title='bbox 217 1091 324 1125; x_wconf 83' lang='lat' dir='ltr'><strong><em>sponte</em></strong></span> <span class='ocrx_word' id='word_1_240' title='bbox 330 1097 392 1118; x_wconf 90' lang='lat' dir='ltr'><strong><em>non</em></strong></span> <span class='ocrx_word' id='word_1_241' title='bbox 398 1089 759 1126; x_wconf 66' lang='lat' dir='ltr'><strong><em>accuratamjvituperari.</em></strong></span> <span class='ocrx_word' id='word_1_242' title='bbox 773 1090 846 1118; x_wconf 88' lang='lat' dir='ltr'><strong><em>Tota</em></strong></span> <span class='ocrx_word' id='word_1_243' title='bbox 853 1089 1048 1118; x_wconf 66' lang='lat' dir='ltr'><strong><em>saecularium</em></strong></span> 
     </span>
    </p>
   </div>
   <div class='ocr_carea' id='block_1_37' title="bbox 218 1133 1048 1171">
    <p class='ocr_par' dir='ltr' id='par_1_37' title="bbox 218 1133 1048 1171">
     <span class='ocr_line' id='line_1_37' title="bbox 218 1133 1048 1171; baseline -0.001 -9"><span class='ocrx_word' id='word_1_244' title='bbox 218 1133 390 1162; x_wconf 85' lang='lat' dir='ltr'><strong><em>litterarum</em></strong></span> <span class='ocrx_word' id='word_1_245' title='bbox 400 1135 514 1170; x_wconf 78' lang='lat' dir='ltr'><strong><em>schola,</em></strong></span> <span class='ocrx_word' id='word_1_246' title='bbox 527 1134 625 1171; x_wconf 89' lang='lat' dir='ltr'><strong><em>inquit</em></strong></span> <span class='ocrx_word' id='word_1_247' title='bbox 639 1134 670 1162; x_wconf 93' lang='lat' dir='ltr'><strong>in</strong></span> <span class='ocrx_word' id='word_1_248' title='bbox 684 1134 812 1171; x_wconf 88' lang='lat' dir='ltr'><strong><em>epistola</em></strong></span> <span class='ocrx_word' id='word_1_249' title='bbox 829 1134 870 1162; x_wconf 81' lang='lat' dir='ltr'><strong><em>ad</em></strong></span> <span class='ocrx_word' id='word_1_250' title='bbox 885 1136 1048 1162; x_wconf 86' lang='lat' dir='ltr'><strong><em>Damasum</em></strong></span> 
     </span>
    </p>
   </div>
   <div class='ocr_carea' id='block_1_38' title="bbox 218 1179 1048 1216">
    <p class='ocr_par' dir='ltr' id='par_1_38' title="bbox 218 1179 1048 1216">
     <span class='ocr_line' id='line_1_38' title="bbox 218 1179 1048 1216; baseline -0.001 -9"><span class='ocrx_word' id='word_1_251' title='bbox 218 1179 424 1216; x_wconf 71' lang='lat' dir='ltr'><strong><em>papammihil</em></strong></span> <span class='ocrx_word' id='word_1_252' title='bbox 434 1179 523 1207; x_wconf 85' lang='lat' dir='ltr'><strong><em>aliud</em></strong></span> <span class='ocrx_word' id='word_1_253' title='bbox 532 1179 719 1215; x_wconf 85' lang='lat' dir='ltr'><strong><em>hypostasim</em></strong></span> <span class='ocrx_word' id='word_1_254' title='bbox 730 1179 790 1207; x_wconf 87' lang='lat' dir='ltr'><strong><em>nisi</em></strong></span> <span class='ocrx_word' id='word_1_255' title='bbox 799 1179 893 1207; x_wconf 74' lang='lat' dir='ltr'><strong><em>asiam</em></strong></span> <span class='ocrx_word' id='word_1_256' title='bbox 904 1179 988 1207; x_wconf 83' lang='lat' dir='ltr'><strong><em>novit</em></strong></span> <span class='ocrx_word' id='word_1_257' title='bbox 999 1187 1005 1206; x_wconf 90' lang='lat'>:</span> <span class='ocrx_word' id='word_1_258' title='bbox 1020 1181 1048 1206; x_wconf 86' lang='lat' dir='ltr'><strong><em>et</em></strong></span> 
     </span>
    </p>
   </div>
   <div class='ocr_carea' id='block_1_39' title="bbox 218 1224 1047 1260">
    <p class='ocr_par' dir='ltr' id='par_1_39' title="bbox 218 1224 1047 1260">
     <span class='ocr_line' id='line_1_39' title="bbox 218 1224 1047 1260; baseline 0 -8"><span class='ocrx_word' id='word_1_259' title='bbox 218 1225 389 1260; x_wconf 81' lang='lat' dir='ltr'><strong>quisquam,</strong></span> <span class='ocrx_word' id='word_1_260' title='bbox 399 1232 482 1260; x_wconf 80' lang='lat' dir='ltr'><strong><em>rogo,</em></strong></span> <span class='ocrx_word' id='word_1_261' title='bbox 491 1232 543 1252; x_wconf 86' lang='lat' dir='ltr'><strong><em>ore</em></strong></span> <span class='ocrx_word' id='word_1_262' title='bbox 551 1225 699 1260; x_wconf 82' lang='lat' dir='ltr'><strong><em>sacrilego</em></strong></span> <span class='ocrx_word' id='word_1_263' title='bbox 708 1227 768 1253; x_wconf 83' lang='lat' dir='ltr'><strong><em>tres</em></strong></span> <span class='ocrx_word' id='word_1_264' title='bbox 778 1224 962 1252; x_wconf 82' lang='lat' dir='ltr'><strong><em>substantias</em></strong></span> <span class='ocrx_word' id='word_1_265' title='bbox 970 1231 1047 1259; x_wconf 65' lang='lat' dir='ltr'><strong><em>prav-</em></strong></span> 
     </span>
    </p>
   </div>
   <div class='ocr_carea' id='block_1_40' title="bbox 218 1268 1046 1305">
    <p class='ocr_par' dir='ltr' id='par_1_40' title="bbox 218 1268 1046 1305">
     <span class='ocr_line' id='line_1_40' title="bbox 218 1268 1046 1305; baseline -0.001 -8"><span class='ocrx_word' id='word_1_266' title='bbox 218 1269 332 1297; x_wconf 86' lang='lat' dir='ltr'><strong><em>dieabit</em></strong></span> <span class='ocrx_word' id='word_1_267' title='bbox 341 1269 417 1297; x_wconf 79' lang='lat' dir='ltr'><strong><em>?Etsi</em></strong></span> <span class='ocrx_word' id='word_1_268' title='bbox 423 1268 603 1297; x_wconf 84' lang='lat' dir='ltr'><strong><em>abundabat</em></strong></span> <span class='ocrx_word' id='word_1_269' title='bbox 613 1269 782 1298; x_wconf 86' lang='lat' dir='ltr'><strong><em>eruditione</em></strong></span> <span class='ocrx_word' id='word_1_270' title='bbox 792 1270 820 1297; x_wconf 92' lang='lat' dir='ltr'><strong><em>S.</em></strong></span> <span class='ocrx_word' id='word_1_271' title='bbox 832 1269 1046 1305; x_wconf 82' lang='lat' dir='ltr'><strong>Hieronymus,</strong></span> 
     </span>
    </p>
   </div>
   <div class='ocr_carea' id='block_1_41' title="bbox 218 1313 1045 1350">
    <p class='ocr_par' dir='ltr' id='par_1_41' title="bbox 218 1313 1045 1350">
     <span class='ocr_line' id='line_1_41' title="bbox 218 1313 1045 1350; baseline 0 -9"><span class='ocrx_word' id='word_1_272' title='bbox 218 1313 358 1342; x_wconf 86' lang='lat' dir='ltr'><strong><em>videntur</em></strong></span> <span class='ocrx_word' id='word_1_273' title='bbox 373 1316 474 1342; x_wconf 82' lang='lat' dir='ltr'><strong><em>tamen</em></strong></span> <span class='ocrx_word' id='word_1_274' title='bbox 495 1314 554 1342; x_wconf 85' lang='lat' dir='ltr'><strong><em>hac</em></strong></span> <span class='ocrx_word' id='word_1_275' title='bbox 569 1313 598 1342; x_wconf 91' lang='lat' dir='ltr'><strong>in</strong></span> <span class='ocrx_word' id='word_1_276' title='bbox 610 1322 641 1342; x_wconf 88' lang='lat' dir='ltr'><strong><em>re</em></strong></span> <span class='ocrx_word' id='word_1_277' title='bbox 657 1314 815 1350; x_wconf 89' lang='lat' dir='ltr'><strong>opiniones</strong></span> <span class='ocrx_word' id='word_1_278' title='bbox 830 1313 1001 1350; x_wconf 84' lang='lat' dir='ltr'><strong><em>anticipatee</em></strong></span> <span class='ocrx_word' id='word_1_279' title='bbox 1017 1314 1045 1341; x_wconf 89' lang='lat' dir='ltr'><strong>ei</strong></span> 
     </span>
    </p>
   </div>
   <div class='ocr_carea' id='block_1_42' title="bbox 217 1358 1046 1395">
    <p class='ocr_par' dir='ltr' id='par_1_42' title="bbox 217 1358 1046 1395">
     <span class='ocr_line' id='line_1_42' title="bbox 217 1358 1046 1395; baseline -0.001 -8"><span class='ocrx_word' id='word_1_280' title='bbox 217 1358 357 1387; x_wconf 88' lang='lat' dir='ltr'><strong><em>illusisse.</em></strong></span> <span class='ocrx_word' id='word_1_281' title='bbox 369 1360 444 1387; x_wconf 86' lang='lat' dir='ltr'><strong><em>Nam</em></strong></span> <span class='ocrx_word' id='word_1_282' title='bbox 460 1358 587 1387; x_wconf 73' lang='lat' dir='ltr'><strong><em>Budaeus</em></strong></span> <span class='ocrx_word' id='word_1_283' title='bbox 603 1361 633 1387; x_wconf 91' lang='lat' dir='ltr'><strong><em>et</em></strong></span> <span class='ocrx_word' id='word_1_284' title='bbox 653 1361 722 1395; x_wconf 84' lang='lat' dir='ltr'><strong><em>post</em></strong></span> <span class='ocrx_word' id='word_1_285' title='bbox 737 1367 807 1387; x_wconf 89' lang='lat' dir='ltr'><strong><em>eum</em></strong></span> <span class='ocrx_word' id='word_1_286' title='bbox 822 1358 965 1387; x_wconf 85' lang='lat' dir='ltr'><strong><em>Henricus</em></strong></span> <span class='ocrx_word' id='word_1_287' title='bbox 981 1359 1046 1387; x_wconf 87' lang='lat' dir='ltr'><strong><em>Ste—</em></strong></span> 
     </span>
    </p>
   </div>
   <div class='ocr_carea' id='block_1_43' title="bbox 218 1403 1046 1440">
    <p class='ocr_par' dir='ltr' id='par_1_43' title="bbox 218 1403 1046 1440">
     <span class='ocr_line' id='line_1_43' title="bbox 218 1403 1046 1440; baseline 0 -8"><span class='ocrx_word' id='word_1_288' title='bbox 218 1404 339 1440; x_wconf 85' lang='lat' dir='ltr'><strong><em>phanus</em></strong></span> <span class='ocrx_word' id='word_1_289' title='bbox 350 1403 512 1432; x_wconf 86' lang='lat' dir='ltr'><strong><em>observant</em></strong></span> <span class='ocrx_word' id='word_1_290' title='bbox 522 1412 602 1440; x_wconf 73' lang='lat' dir='ltr'><strong>saepe</strong></span> <span class='ocrx_word' id='word_1_291' title='bbox 615 1405 699 1440; x_wconf 81' lang='lat' dir='ltr'><strong><em>apud</em></strong></span> <span class='ocrx_word' id='word_1_292' title='bbox 720 1404 860 1440; x_wconf 85' lang='lat' dir='ltr'><strong><em>antiquos</em></strong></span> <span class='ocrx_word' id='word_1_293' title='bbox 884 1404 1046 1440; x_wconf 88' lang='lat' dir='ltr'><strong><em>scriptores</em></strong></span> 
     </span>
    </p>
   </div>
   <div class='ocr_carea' id='block_1_44' title="bbox 218 1448 1048 1485">
    <p class='ocr_par' dir='ltr' id='par_1_44' title="bbox 218 1448 1048 1485">
     <span class='ocr_line' id='line_1_44' title="bbox 218 1448 1048 1485; baseline -0.001 -8"><span class='ocrx_word' id='word_1_294' title='bbox 218 1448 410 1485; x_wconf 84' lang='lat' dir='ltr'><strong><em>hypostasim</em></strong></span> <span class='ocrx_word' id='word_1_295' title='bbox 421 1449 458 1477; x_wconf 91' lang='lat' dir='ltr'><strong><em>de</em></strong></span> <span class='ocrx_word' id='word_1_296' title='bbox 473 1449 509 1477; x_wconf 93' lang='lat' dir='ltr'><strong><em>iis</em></strong></span> <span class='ocrx_word' id='word_1_297' title='bbox 519 1448 579 1477; x_wconf 87' lang='lat' dir='ltr'><strong><em>dici</em></strong></span> <span class='ocrx_word' id='word_1_298' title='bbox 589 1457 658 1485; x_wconf 65' lang='lat' dir='ltr'><strong>qua;</strong></span> <span class='ocrx_word' id='word_1_299' title='bbox 669 1457 740 1477; x_wconf 85' lang='lat' dir='ltr'><strong><em>vere</em></strong></span> <span class='ocrx_word' id='word_1_300' title='bbox 753 1448 894 1483; x_wconf 78' lang='lat' dir='ltr'><strong><em>existunt,</em></strong></span> <span class='ocrx_word' id='word_1_301' title='bbox 908 1450 937 1477; x_wconf 92' lang='lat' dir='ltr'><strong><em>et</em></strong></span> <span class='ocrx_word' id='word_1_302' title='bbox 948 1448 984 1476; x_wconf 90' lang='lat' dir='ltr'><strong>iis</strong></span> <span class='ocrx_word' id='word_1_303' title='bbox 995 1456 1048 1484; x_wconf 83' lang='lat' dir='ltr'><strong><em>op-</em></strong></span> 
     </span>
    </p>
   </div>
   <div class='ocr_carea' id='block_1_45' title="bbox 218 1493 1045 1531">
    <p class='ocr_par' dir='ltr' id='par_1_45' title="bbox 218 1493 1045 1531">
     <span class='ocr_line' id='line_1_45' title="bbox 218 1493 1045 1531; baseline -0.001 -9"><span class='ocrx_word' id='word_1_304' title='bbox 218 1494 290 1531; x_wconf 91' lang='lat' dir='ltr'>poni</span> <span class='ocrx_word' id='word_1_305' title='bbox 315 1502 384 1530; x_wconf 68' lang='lat' dir='ltr'><strong><em>quae</em></strong></span> <span class='ocrx_word' id='word_1_306' title='bbox 411 1493 510 1530; x_wconf 86' lang='lat' dir='ltr'><strong>specie</strong></span> <span class='ocrx_word' id='word_1_307' title='bbox 535 1495 652 1522; x_wconf 74' lang='lat' dir='ltr'><strong><em>tantum</em></strong></span> <span class='ocrx_word' id='word_1_308' title='bbox 672 1495 724 1522; x_wconf 87' lang='lat' dir='ltr'><strong><em>aut</em></strong></span> <span class='ocrx_word' id='word_1_309' title='bbox 745 1493 899 1528; x_wconf 81' lang='lat' dir='ltr'><strong><em>cogitandi</em></strong></span> <span class='ocrx_word' id='word_1_310' title='bbox 920 1494 1045 1521; x_wconf 84' lang='lat' dir='ltr'><strong><em>ratione.</em></strong></span> 
     </span>
    </p>
   </div>
   <div class='ocr_carea' id='block_1_46' title="bbox 220 1538 1048 1574">
    <p class='ocr_par' dir='ltr' id='par_1_46' title="bbox 220 1538 1048 1574">
     <span class='ocr_line' id='line_1_46' title="bbox 220 1538 1048 1574; baseline -0.004 -6"><span class='ocrx_word' id='word_1_311' title='bbox 220 1539 303 1568; x_wconf 87' lang='lat' dir='ltr'><strong><em>Unde</em></strong></span> <span class='ocrx_word' id='word_1_312' title='bbox 314 1539 442 1567; x_wconf 73' lang='lat' dir='ltr'><strong><em>Budaeus</em></strong></span> <span class='ocrx_word' id='word_1_313' title='bbox 454 1538 486 1567; x_wconf 87' lang='lat' dir='ltr'>in</span> <span class='ocrx_word' id='word_1_314' title='bbox 502 1538 730 1567; x_wconf 82' lang='lat' dir='ltr'><strong><em>Commentariis</em></strong></span> <span class='ocrx_word' id='word_1_315' title='bbox 749 1538 862 1574; x_wconf 80' lang='lat' dir='ltr'><strong><em>profert</em></strong></span> <span class='ocrx_word' id='word_1_316' title='bbox 885 1538 967 1566; x_wconf 89' lang='lat' dir='ltr'><strong><em>hunc</em></strong></span> <span class='ocrx_word' id='word_1_317' title='bbox 986 1538 1048 1565; x_wconf 83' lang='lat' dir='ltr'><strong>Ari-</strong></span> 
     </span>
    </p>
   </div>
   <div class='ocr_carea' id='block_1_47' title="bbox 1105 951 1930 990">
    <p class='ocr_par' dir='ltr' id='par_1_47' title="bbox 1105 951 1930 990">
     <span class='ocr_line' id='line_1_47' title="bbox 1105 951 1930 990; baseline 0.001 -13"><span class='ocrx_word' id='word_1_318' title='bbox 1105 952 1214 986; x_wconf 86' lang='grc' dir='ltr'>σασθαι,</span> <span class='ocrx_word' id='word_1_319' title='bbox 1239 954 1284 978; x_wconf 78' lang='grc' dir='ltr'><strong><em>καὶ</em></strong></span> <span class='ocrx_word' id='word_1_320' title='bbox 1303 951 1393 987; x_wconf 78' lang='grc' dir='ltr'>ὀλίγην</span> <span class='ocrx_word' id='word_1_321' title='bbox 1417 953 1487 988; x_wconf 68' lang='grc' dir='ltr'>ἔχπιν</span> <span class='ocrx_word' id='word_1_322' title='bbox 1517 951 1644 990; x_wconf 81' lang='grc' dir='ltr'>διαφορὰν</span> <span class='ocrx_word' id='word_1_323' title='bbox 1676 955 1783 988; x_wconf 78' lang='grc' dir='ltr'><strong><em>νομίσαι</em></strong></span> <span class='ocrx_word' id='word_1_324' title='bbox 1806 953 1871 990; x_wconf 88' lang='grc' dir='ltr'>πρὸς</span> <span class='ocrx_word' id='word_1_325' title='bbox 1885 954 1930 978; x_wconf 78' lang='grc' dir='ltr'>τόν</span> 
     </span>
    </p>
   </div>
   <div class='ocr_carea' id='block_1_48' title="bbox 1103 995 1930 1034">
    <p class='ocr_par' dir='ltr' id='par_1_48' title="bbox 1103 995 1930 1034">
     <span class='ocr_line' id='line_1_48' title="bbox 1103 995 1930 1034; baseline 0.001 -12"><span class='ocrx_word' id='word_1_326' title='bbox 1103 1000 1150 1027; x_wconf 81' lang='grc' dir='ltr'>τῆς</span> <span class='ocrx_word' id='word_1_327' title='bbox 1177 995 1308 1027; x_wconf 70' lang='grc' dir='ltr'>εὐσεϐείας</span> <span class='ocrx_word' id='word_1_328' title='bbox 1334 998 1441 1024; x_wconf 78' lang='grc' dir='ltr'>σκοπόν.</span> <span class='ocrx_word' id='word_1_329' title='bbox 1468 997 1532 1032; x_wconf 84' lang='grc' dir='ltr'><strong><em>Ἐγὼ</em></strong></span> <span class='ocrx_word' id='word_1_330' title='bbox 1559 998 1621 1034; x_wconf 70' lang='grc' dir='ltr'>γὰρ,</span> <span class='ocrx_word' id='word_1_331' title='bbox 1648 997 1702 1032; x_wconf 82' lang='grc' dir='ltr'>οὐχ</span> <span class='ocrx_word' id='word_1_332' title='bbox 1734 997 1804 1027; x_wconf 82' lang='grc' dir='ltr'><strong><em>ὅπως</em></strong></span> <span class='ocrx_word' id='word_1_333' title='bbox 1828 997 1850 1023; x_wconf 81' lang='grc' dir='ltr'><strong><em>εἰ</em></strong></span> <span class='ocrx_word' id='word_1_334' title='bbox 1876 996 1930 1023; x_wconf 79' lang='grc' dir='ltr'><strong><em>ἔπι-</em></strong></span> 
     </span>
    </p>
   </div>
   <div class='ocr_carea' id='block_1_49' title="bbox 1104 1039 1930 1078">
    <p class='ocr_par' dir='ltr' id='par_1_49' title="bbox 1104 1039 1930 1078">
     <span class='ocr_line' id='line_1_49' title="bbox 1104 1039 1930 1078; baseline 0.002 -12"><span class='ocrx_word' id='word_1_335' title='bbox 1104 1040 1197 1070; x_wconf 85' lang='grc' dir='ltr'>στολὴν</span> <span class='ocrx_word' id='word_1_336' title='bbox 1224 1050 1264 1071; x_wconf 84' lang='grc' dir='ltr'><strong><em>τις</em></strong></span> <span class='ocrx_word' id='word_1_337' title='bbox 1297 1040 1438 1078; x_wconf 82' lang='grc' dir='ltr'>ἀνθρώπων</span> <span class='ocrx_word' id='word_1_338' title='bbox 1465 1039 1602 1077; x_wconf 79' lang='grc' dir='ltr'>δεξάμινος</span> <span class='ocrx_word' id='word_1_339' title='bbox 1630 1040 1674 1067; x_wconf 76' lang='grc' dir='ltr'><strong><em>ἐπ’</em></strong></span> <span class='ocrx_word' id='word_1_340' title='bbox 1693 1041 1759 1077; x_wconf 76' lang='grc' dir='ltr'>αὐτῇ</span> <span class='ocrx_word' id='word_1_341' title='bbox 1788 1043 1855 1078; x_wconf 77' lang='grc' dir='ltr'>μέγα</span> <span class='ocrx_word' id='word_1_342' title='bbox 1869 1051 1930 1077; x_wconf 73' lang='grc' dir='ltr'>φρο-</span> 
     </span>
    </p>
   </div>
   <div class='ocr_carea' id='block_1_50' title="bbox 1102 1084 1930 1122">
    <p class='ocr_par' dir='ltr' id='par_1_50' title="bbox 1102 1084 1930 1122">
     <span class='ocr_line' id='line_1_50' title="bbox 1102 1084 1930 1122; baseline 0.001 -11"><span class='ocrx_word' id='word_1_343' title='bbox 1102 1089 1139 1112; x_wconf 81' lang='grc' dir='ltr'><strong><em>νεῖ</em></strong></span> <span class='ocrx_word' id='word_1_344' title='bbox 1173 1087 1267 1112; x_wconf 78' lang='grc' dir='ltr'>τούτου</span> <span class='ocrx_word' id='word_1_345' title='bbox 1314 1086 1395 1112; x_wconf 78' lang='grc' dir='ltr'>ἓνιχιν</span> <span class='ocrx_word' id='word_1_346' title='bbox 1439 1085 1619 1115; x_wconf 77' lang='grc' dir='ltr'>ύποσταλῆναί</span> <span class='ocrx_word' id='word_1_347' title='bbox 1651 1095 1713 1113; x_wconf 82' lang='grc' dir='ltr'>ποτε</span> <span class='ocrx_word' id='word_1_348' title='bbox 1741 1084 1930 1122; x_wconf 73' lang='grc' dir='ltr'>χαταδέξομαι·</span> 
     </span>
    </p>
   </div>
   <div class='ocr_carea' id='block_1_51' title="bbox 1102 1129 1931 1167">
    <p class='ocr_par' dir='ltr' id='par_1_51' title="bbox 1102 1129 1931 1167">
     <span class='ocr_line' id='line_1_51' title="bbox 1102 1129 1931 1167; baseline 0.001 -11"><span class='ocrx_word' id='word_1_349' title='bbox 1102 1130 1156 1156; x_wconf 75' lang='grc' dir='ltr'>ἀλλ’</span> <span class='ocrx_word' id='word_1_350' title='bbox 1169 1129 1226 1157; x_wconf 74' lang='grc' dir='ltr'><strong><em>οὐδ’</em></strong></span> <span class='ocrx_word' id='word_1_351' title='bbox 1246 1130 1276 1156; x_wconf 81' lang='grc' dir='ltr'>ἂν</span> <span class='ocrx_word' id='word_1_352' title='bbox 1292 1130 1318 1162; x_wconf 71' lang='grc' dir='ltr'><strong><em>ἐξ</em></strong></span> <span class='ocrx_word' id='word_1_353' title='bbox 1333 1131 1418 1157; x_wconf 76' lang='grc' dir='ltr'>αὐτῶν</span> <span class='ocrx_word' id='word_1_354' title='bbox 1435 1133 1485 1167; x_wconf 77' lang='grc' dir='ltr'><strong><em>ἥκῃ</em></strong></span> <span class='ocrx_word' id='word_1_355' title='bbox 1501 1135 1552 1157; x_wconf 81' lang='grc' dir='ltr'>τῶν</span> <span class='ocrx_word' id='word_1_356' title='bbox 1566 1131 1690 1167; x_wconf 73' lang='grc' dir='ltr'>οὐρανῶν,</span> <span class='ocrx_word' id='word_1_357' title='bbox 1718 1133 1754 1167; x_wconf 81' lang='grc' dir='ltr'>μὴ</span> <span class='ocrx_word' id='word_1_358' title='bbox 1782 1135 1879 1167; x_wconf 78' lang='grc' dir='ltr'>στοιχῇ</span> <span class='ocrx_word' id='word_1_359' title='bbox 1901 1129 1931 1157; x_wconf 65' lang='grc' dir='ltr'><strong><em>δὲ</em></strong></span> 
     </span>
    </p>
   </div>
   <div class='ocr_carea' id='block_1_52' title="bbox 1100 1174 1932 1212">
    <p class='ocr_par' dir='ltr' id='par_1_52' title="bbox 1100 1174 1932 1212">
     <span class='ocr_line' id='line_1_52' title="bbox 1100 1174 1932 1212; baseline 0 -11"><span class='ocrx_word' id='word_1_360' title='bbox 1100 1179 1137 1210; x_wconf 88' lang='grc' dir='ltr'>τῷ</span> <span class='ocrx_word' id='word_1_361' title='bbox 1163 1176 1306 1212; x_wconf 78' lang='grc' dir='ltr'>ὑγιαίνοντι</span> <span class='ocrx_word' id='word_1_362' title='bbox 1332 1175 1400 1211; x_wconf 77' lang='grc' dir='ltr'>λόγῳ</span> <span class='ocrx_word' id='word_1_363' title='bbox 1434 1180 1482 1207; x_wconf 86' lang='grc' dir='ltr'>τῆς</span> <span class='ocrx_word' id='word_1_364' title='bbox 1510 1178 1632 1210; x_wconf 74' lang='grc' dir='ltr'><strong><em>πίστεως,</em></strong></span> <span class='ocrx_word' id='word_1_365' title='bbox 1650 1174 1766 1212; x_wconf 80' lang='grc' dir='ltr'>δύναμαι</span> <span class='ocrx_word' id='word_1_366' title='bbox 1789 1175 1866 1202; x_wconf 67' lang='grc' dir='ltr'>αὑτὸν</span> <span class='ocrx_word' id='word_1_367' title='bbox 1880 1185 1932 1201; x_wconf 84' lang='grc' dir='ltr'>κοι-</span> 
     </span>
    </p>
   </div>
   <div class='ocr_carea' id='block_1_53' title="bbox 1101 1220 1933 1257">
    <p class='ocr_par' dir='ltr' id='par_1_53' title="bbox 1101 1220 1933 1257">
     <span class='ocr_line' id='line_1_53' title="bbox 1101 1220 1933 1257; baseline 0.002 -11"><span class='ocrx_word' id='word_1_368' title='bbox 1101 1222 1177 1246; x_wconf 87' lang='grc' dir='ltr'>νωνὸν</span> <span class='ocrx_word' id='word_1_369' title='bbox 1203 1221 1359 1256; x_wconf 80' lang='grc' dir='ltr'>ἡγήσασθαι</span> <span class='ocrx_word' id='word_1_370' title='bbox 1382 1225 1432 1247; x_wconf 87' lang='grc' dir='ltr'>τῶν</span> <span class='ocrx_word' id='word_1_371' title='bbox 1463 1220 1554 1257; x_wconf 76' lang='grc' dir='ltr'>ἁγίων·</span> <span class='ocrx_word' id='word_1_372' title='bbox 1581 1221 1650 1249; x_wconf 85' lang='lat' dir='ltr'><strong><em>Non</em></strong></span> <span class='ocrx_word' id='word_1_373' title='bbox 1676 1221 1790 1249; x_wconf 86' lang='lat' dir='ltr'><strong><em>idcirco</em></strong></span> <span class='ocrx_word' id='word_1_374' title='bbox 1831 1223 1933 1248; x_wconf 88' lang='lat' dir='ltr'><strong><em>tamen</em></strong></span> 
     </span>
    </p>
   </div>
   <div class='ocr_carea' id='block_1_54' title="bbox 1100 1266 1928 1302">
    <p class='ocr_par' dir='ltr' id='par_1_54' title="bbox 1100 1266 1928 1302">
     <span class='ocr_line' id='line_1_54' title="bbox 1100 1266 1928 1302; baseline 0 -8"><span class='ocrx_word' id='word_1_375' title='bbox 1100 1266 1175 1294; x_wconf 87' lang='lat' dir='ltr'><strong><em>mihi</em></strong></span> <span class='ocrx_word' id='word_1_376' title='bbox 1187 1267 1251 1301; x_wconf 85' lang='lat' dir='ltr'><strong><em>ipse</em></strong></span> <span class='ocrx_word' id='word_1_377' title='bbox 1265 1274 1397 1302; x_wconf 80' lang='lat' dir='ltr'><strong>unquam</strong></span> <span class='ocrx_word' id='word_1_378' title='bbox 1407 1266 1590 1301; x_wconf 79' lang='lat' dir='ltr'><strong><em>persuadere</em></strong></span> <span class='ocrx_word' id='word_1_379' title='bbox 1601 1267 1759 1301; x_wconf 85' lang='lat' dir='ltr'><strong><em>possim,ut</em></strong></span> <span class='ocrx_word' id='word_1_380' title='bbox 1771 1269 1824 1294; x_wconf 87' lang='lat' dir='ltr'><strong><em>aut</em></strong></span> <span class='ocrx_word' id='word_1_381' title='bbox 1836 1266 1928 1294; x_wconf 81' lang='lat' dir='ltr'><strong><em>Mele-</em></strong></span> 
     </span>
    </p>
   </div>
   <div class='ocr_carea' id='block_1_55' title="bbox 1102 1310 1932 1346">
    <p class='ocr_par' dir='ltr' id='par_1_55' title="bbox 1102 1310 1932 1346">
     <span class='ocr_line' id='line_1_55' title="bbox 1102 1310 1932 1346; baseline 0 -8"><span class='ocrx_word' id='word_1_382' title='bbox 1102 1310 1177 1338; x_wconf 89' lang='lat' dir='ltr'><strong><em>tium</em></strong></span> <span class='ocrx_word' id='word_1_383' title='bbox 1192 1311 1335 1346; x_wconf 84' lang='lat' dir='ltr'><strong><em>ignorem,</em></strong></span> <span class='ocrx_word' id='word_1_384' title='bbox 1353 1313 1407 1339; x_wconf 89' lang='lat' dir='ltr'><strong><em>aut</em></strong></span> <span class='ocrx_word' id='word_1_385' title='bbox 1423 1311 1565 1339; x_wconf 63' lang='lat' dir='ltr'><strong><em>Ecclesia</em></strong></span> <span class='ocrx_word' id='word_1_386' title='bbox 1580 1311 1630 1338; x_wconf 86' lang='lat' dir='ltr'><strong><em>cui</em></strong></span> <span class='ocrx_word' id='word_1_387' title='bbox 1641 1313 1749 1345; x_wconf 70' lang='lat' dir='ltr'><strong><em>praeest</em></strong></span> <span class='ocrx_word' id='word_1_388' title='bbox 1766 1310 1932 1339; x_wconf 82' lang='lat' dir='ltr'><strong><em>obliviscar</em></strong></span> 
     </span>
    </p>
   </div>
   <div class='ocr_carea' id='block_1_56' title="bbox 1100 1355 1932 1391">
    <p class='ocr_par' dir='ltr' id='par_1_56' title="bbox 1100 1355 1932 1391">
     <span class='ocr_line' id='line_1_56' title="bbox 1100 1355 1932 1391; baseline -0.002 -7"><span class='ocrx_word' id='word_1_389' title='bbox 1100 1358 1156 1384; x_wconf 78' lang='lat' dir='ltr'><strong><em>aut</em></strong></span> <span class='ocrx_word' id='word_1_390' title='bbox 1167 1356 1357 1391; x_wconf 68' lang='lat' dir='ltr'><strong><em>quaestiones,</em></strong></span> <span class='ocrx_word' id='word_1_391' title='bbox 1372 1355 1407 1383; x_wconf 86' lang='lat' dir='ltr'><strong><em>de</em></strong></span> <span class='ocrx_word' id='word_1_392' title='bbox 1423 1355 1529 1391; x_wconf 80' lang='lat' dir='ltr'><strong><em>quibus</em></strong></span> <span class='ocrx_word' id='word_1_393' title='bbox 1540 1355 1578 1383; x_wconf 83' lang='lat' dir='ltr'><strong><em>ab</em></strong></span> <span class='ocrx_word' id='word_1_394' title='bbox 1588 1355 1676 1383; x_wconf 79' lang='lat' dir='ltr'><strong><em>initio</em></strong></span> <span class='ocrx_word' id='word_1_395' title='bbox 1688 1358 1763 1384; x_wconf 89' lang='lat' dir='ltr'><strong><em>nata</em></strong></span> <span class='ocrx_word' id='word_1_396' title='bbox 1776 1355 1932 1389; x_wconf 75' lang='lat' dir='ltr'><strong><em>dissensio,</em></strong></span> 
     </span>
    </p>
   </div>
   <div class='ocr_carea' id='block_1_57' title="bbox 1101 1399 1931 1436">
    <p class='ocr_par' dir='ltr' id='par_1_57' title="bbox 1101 1399 1931 1436">
     <span class='ocr_line' id='line_1_57' title="bbox 1101 1399 1931 1436; baseline -0.004 -7"><span class='ocrx_word' id='word_1_397' title='bbox 1101 1401 1194 1429; x_wconf 69' lang='lat' dir='ltr'><strong><em>exiles</em></strong></span> <span class='ocrx_word' id='word_1_398' title='bbox 1203 1403 1318 1436; x_wconf 80' lang='lat' dir='ltr'><strong><em>putem,</em></strong></span> <span class='ocrx_word' id='word_1_399' title='bbox 1331 1403 1358 1428; x_wconf 90' lang='lat' dir='ltr'><strong><em>et</em></strong></span> <span class='ocrx_word' id='word_1_400' title='bbox 1373 1401 1464 1435; x_wconf 84' lang='lat' dir='ltr'><strong><em>parvi</em></strong></span> <span class='ocrx_word' id='word_1_401' title='bbox 1478 1401 1519 1428; x_wconf 90' lang='lat' dir='ltr'><strong><em>ad</em></strong></span> <span class='ocrx_word' id='word_1_402' title='bbox 1533 1400 1655 1435; x_wconf 86' lang='lat' dir='ltr'><strong><em>pietatis</em></strong></span> <span class='ocrx_word' id='word_1_403' title='bbox 1665 1399 1854 1434; x_wconf 84' lang='lat' dir='ltr'><strong><em>propositum</em></strong></span> <span class='ocrx_word' id='word_1_404' title='bbox 1871 1407 1931 1427; x_wconf 90' lang='lat' dir='ltr'><strong><em>mo-</em></strong></span> 
     </span>
    </p>
   </div>
   <div class='ocr_carea' id='block_1_58' title="bbox 1100 1443 1933 1481">
    <p class='ocr_par' dir='ltr' id='par_1_58' title="bbox 1100 1443 1933 1481">
     <span class='ocr_line' id='line_1_58' title="bbox 1100 1443 1933 1481; baseline -0.002 -8"><span class='ocrx_word' id='word_1_405' title='bbox 1100 1446 1203 1473; x_wconf 82' lang='lat' dir='ltr'><strong><em>menti.</em></strong></span> <span class='ocrx_word' id='word_1_406' title='bbox 1214 1446 1279 1481; x_wconf 83' lang='lat' dir='ltr'><strong><em>Ego</em></strong></span> <span class='ocrx_word' id='word_1_407' title='bbox 1290 1446 1369 1473; x_wconf 85' lang='lat' dir='ltr'><strong><em>enim</em></strong></span> <span class='ocrx_word' id='word_1_408' title='bbox 1383 1453 1445 1473; x_wconf 90' lang='lat' dir='ltr'><strong><em>non</em></strong></span> <span class='ocrx_word' id='word_1_409' title='bbox 1454 1446 1561 1480; x_wconf 84' lang='lat' dir='ltr'><strong><em>solum,</em></strong></span> <span class='ocrx_word' id='word_1_410' title='bbox 1572 1445 1600 1472; x_wconf 85' lang='lat' dir='ltr'><strong><em>si</em></strong></span> <span class='ocrx_word' id='word_1_411' title='bbox 1608 1445 1672 1480; x_wconf 81' lang='lat' dir='ltr'><strong><em>quis</em></strong></span> <span class='ocrx_word' id='word_1_412' title='bbox 1682 1444 1718 1472; x_wconf 91' lang='lat' dir='ltr'><strong><em>ob</em></strong></span> <span class='ocrx_word' id='word_1_413' title='bbox 1728 1446 1882 1478; x_wconf 82' lang='lat' dir='ltr'><strong>acceptam</strong></span> <span class='ocrx_word' id='word_1_414' title='bbox 1893 1443 1933 1472; x_wconf 88' lang='lat' dir='ltr'><strong>ab</strong></span> 
     </span>
    </p>
   </div>
   <div class='ocr_carea' id='block_1_59' title="bbox 1102 1488 1936 1524">
    <p class='ocr_par' dir='ltr' id='par_1_59' title="bbox 1102 1488 1936 1524">
     <span class='ocr_line' id='line_1_59' title="bbox 1102 1488 1936 1524; baseline -0.002 -6"><span class='ocrx_word' id='word_1_415' title='bbox 1102 1489 1271 1518; x_wconf 84' lang='lat' dir='ltr'><strong><em>hominibus</em></strong></span> <span class='ocrx_word' id='word_1_416' title='bbox 1277 1490 1433 1524; x_wconf 79' lang='lat' dir='ltr'><strong><em>epistolam</em></strong></span> <span class='ocrx_word' id='word_1_417' title='bbox 1442 1490 1595 1524; x_wconf 72' lang='lat' dir='ltr'><strong><em>efferatur,</em></strong></span> <span class='ocrx_word' id='word_1_418' title='bbox 1603 1497 1663 1516; x_wconf 86' lang='lat' dir='ltr'><strong><em>non</em></strong></span> <span class='ocrx_word' id='word_1_419' title='bbox 1672 1489 1786 1516; x_wconf 82' lang='lat' dir='ltr'><strong><em>idcirco</em></strong></span> <span class='ocrx_word' id='word_1_420' title='bbox 1794 1488 1936 1517; x_wconf 80' lang='lat' dir='ltr'><strong><em>abstrahi</em></strong></span> 
     </span>
    </p>
   </div>
   <div class='ocr_carea' id='block_1_60' title="bbox 1101 1533 1933 1570">
    <p class='ocr_par' dir='ltr' id='par_1_60' title="bbox 1101 1533 1933 1570">
     <span class='ocr_line' id='line_1_60' title="bbox 1101 1533 1933 1570; baseline 0 -8"><span class='ocrx_word' id='word_1_421' title='bbox 1101 1542 1139 1562; x_wconf 87' lang='lat' dir='ltr'><strong><em>ne</em></strong></span> <span class='ocrx_word' id='word_1_422' title='bbox 1167 1542 1302 1570; x_wconf 79' lang='lat' dir='ltr'><strong><em>unquam</em></strong></span> <span class='ocrx_word' id='word_1_423' title='bbox 1330 1537 1356 1562; x_wconf 91' lang='lat' dir='ltr'><strong><em>et</em></strong></span> <span class='ocrx_word' id='word_1_424' title='bbox 1383 1534 1511 1562; x_wconf 83' lang='lat' dir='ltr'><strong><em>subduci</em></strong></span> <span class='ocrx_word' id='word_1_425' title='bbox 1521 1534 1628 1568; x_wconf 88' lang='lat' dir='ltr'><strong><em>patiar</em></strong></span> <span class='ocrx_word' id='word_1_426' title='bbox 1642 1543 1648 1561; x_wconf 90' lang='lat'><strong>:</strong></span> <span class='ocrx_word' id='word_1_427' title='bbox 1661 1533 1712 1561; x_wconf 87' lang='lat' dir='ltr'><strong><em>sed</em></strong></span> <span class='ocrx_word' id='word_1_428' title='bbox 1733 1541 1838 1569; x_wconf 85' lang='lat' dir='ltr'><strong><em>neque,</em></strong></span> <span class='ocrx_word' id='word_1_429' title='bbox 1854 1534 1880 1561; x_wconf 89' lang='lat' dir='ltr'><strong><em>si</em></strong></span> <span class='ocrx_word' id='word_1_430' title='bbox 1894 1541 1933 1562; x_wconf 73' lang='lat' dir='ltr'><strong><em>ea:</em></strong></span> 
     </span>
    </p>
   </div>
   <div class='ocr_carea' id='block_1_61' title="bbox 220 1578 1933 1619">
    <p class='ocr_par' dir='ltr' id='par_1_61' title="bbox 220 1578 1933 1619">
     <span class='ocr_line' id='line_1_61' title="bbox 220 1578 1933 1619; baseline -0.004 -7"><span class='ocrx_word' id='word_1_431' title='bbox 220 1584 491 1613; x_wconf 88' lang='lat' dir='ltr'><strong><em>stotelislocumDe</em></strong></span> <span class='ocrx_word' id='word_1_432' title='bbox 506 1583 628 1618; x_wconf 87' lang='lat' dir='ltr'><strong><em>mundo,</em></strong></span> <span class='ocrx_word' id='word_1_433' title='bbox 642 1590 712 1619; x_wconf 86' lang='lat' dir='ltr'><strong><em>cap.</em></strong></span> <span class='ocrx_word' id='word_1_434' title='bbox 728 1585 758 1611; x_wconf 62' lang='lat'><strong><em>4:</em></strong></span> <span class='ocrx_word' id='word_1_435' title='bbox 771 1582 922 1612; x_wconf 75' lang='grc' dir='ltr'>Συλλήϐδην</span> <span class='ocrx_word' id='word_1_436' title='bbox 945 1582 974 1610; x_wconf 77' lang='grc' dir='ltr'><strong><em>δὲ</em></strong></span> <span class='ocrx_word' id='word_1_437' title='bbox 997 1587 1045 1609; x_wconf 83' lang='grc' dir='ltr'>τῶν</span> <span class='ocrx_word' id='word_1_438' title='bbox 1063 1588 1084 1616; x_wconf 79' lang='lat' dir='ltr'>c</span> <span class='ocrx_word' id='word_1_439' title='bbox 1102 1580 1175 1614; x_wconf 84' lang='lat' dir='ltr'><strong><em>ipsis</em></strong></span> <span class='ocrx_word' id='word_1_440' title='bbox 1194 1580 1285 1607; x_wconf 82' lang='lat' dir='ltr'><strong><em>missa</em></strong></span> <span class='ocrx_word' id='word_1_441' title='bbox 1307 1579 1346 1607; x_wconf 84' lang='lat' dir='ltr'><strong><em>sit</em></strong></span> <span class='ocrx_word' id='word_1_442' title='bbox 1371 1579 1464 1613; x_wconf 66' lang='lat' dir='ltr'><strong><em>catis,</em></strong></span> <span class='ocrx_word' id='word_1_443' title='bbox 1489 1586 1543 1606; x_wconf 87' lang='lat' dir='ltr'><strong><em>nec</em></strong></span> <span class='ocrx_word' id='word_1_444' title='bbox 1564 1585 1671 1606; x_wconf 84' lang='lat' dir='ltr'><strong><em>sanam</em></strong></span> <span class='ocrx_word' id='word_1_445' title='bbox 1684 1578 1739 1606; x_wconf 86' lang='lat' dir='ltr'><strong><em>ille</em></strong></span> <span class='ocrx_word' id='word_1_446' title='bbox 1751 1578 1933 1612; x_wconf 84' lang='lat' dir='ltr'><strong><em>proﬁteatur</em></strong></span> 
     </span>
    </p>
   </div>
   <div class='ocr_carea' id='block_1_62' title="bbox 221 1628 1047 1666">
    <p class='ocr_par' dir='ltr' id='par_1_62' title="bbox 221 1628 1047 1666">
     <span class='ocr_line' id='line_1_62' title="bbox 221 1628 1047 1666; baseline -0.001 -11"><span class='ocrx_word' id='word_1_447' title='bbox 221 1629 245 1656; x_wconf 75' lang='grc' dir='ltr'>ἄν</span> <span class='ocrx_word' id='word_1_448' title='bbox 270 1628 325 1666; x_wconf 81' lang='grc' dir='ltr'>ὰέρι</span> <span class='ocrx_word' id='word_1_449' title='bbox 349 1629 542 1665; x_wconf 72' lang='grc' dir='ltr'><strong><em>φαντασμάτων</em></strong></span> <span class='ocrx_word' id='word_1_450' title='bbox 567 1629 600 1654; x_wconf 79' lang='grc' dir='ltr'><strong><em>τὰ</em></strong></span> <span class='ocrx_word' id='word_1_451' title='bbox 625 1630 671 1664; x_wconf 74' lang='grc' dir='ltr'>μέν</span> <span class='ocrx_word' id='word_1_452' title='bbox 693 1628 750 1654; x_wconf 84' lang='grc' dir='ltr'>ἔστι</span> <span class='ocrx_word' id='word_1_453' title='bbox 769 1629 828 1654; x_wconf 78' lang='grc' dir='ltr'>κατ’</span> <span class='ocrx_word' id='word_1_454' title='bbox 854 1629 977 1664; x_wconf 73' lang='grc' dir='ltr'>ἔμφασιν.</span> <span class='ocrx_word' id='word_1_455' title='bbox 1014 1629 1047 1654; x_wconf 81' lang='grc' dir='ltr'>τὰ</span> 
     </span>
    </p>
   </div>
   <div class='ocr_carea' id='block_1_63' title="bbox 222 1673 1048 1710">
    <p class='ocr_par' dir='ltr' id='par_1_63' title="bbox 222 1673 1048 1710">
     <span class='ocr_line' id='line_1_63' title="bbox 222 1673 1048 1710; baseline 0.001 -9"><span class='ocrx_word' id='word_1_456' title='bbox 222 1673 252 1701; x_wconf 69' lang='grc' dir='ltr'><strong><em>δὲ</em></strong></span> <span class='ocrx_word' id='word_1_457' title='bbox 276 1673 334 1700; x_wconf 74' lang='grc' dir='ltr'>καθ’</span> <span class='ocrx_word' id='word_1_458' title='bbox 361 1675 518 1700; x_wconf 79' lang='grc' dir='ltr'>ὑπόστασιν·</span> <span class='ocrx_word' id='word_1_459' title='bbox 543 1674 589 1701; x_wconf 86' lang='lat' dir='ltr'><strong><em>Ad</em></strong></span> <span class='ocrx_word' id='word_1_460' title='bbox 613 1681 761 1702; x_wconf 77' lang='lat' dir='ltr'><strong><em>summam</em></strong></span> <span class='ocrx_word' id='word_1_461' title='bbox 785 1682 897 1708; x_wconf 88' lang='lat' dir='ltr'><strong><em>eorum,</em></strong></span> <span class='ocrx_word' id='word_1_462' title='bbox 927 1682 993 1710; x_wconf 73' lang='lat' dir='ltr'><strong><em>qua:</em></strong></span> <span class='ocrx_word' id='word_1_463' title='bbox 1015 1675 1048 1703; x_wconf 89' lang='lat' dir='ltr'><strong><em>in</em></strong></span> 
     </span>
    </p>
   </div>
   <div class='ocr_carea' id='block_1_64' title="bbox 221 1719 1048 1754">
    <p class='ocr_par' dir='ltr' id='par_1_64' title="bbox 221 1719 1048 1754">
     <span class='ocr_line' id='line_1_64' title="bbox 221 1719 1048 1754; baseline -0.001 -6"><span class='ocrx_word' id='word_1_464' title='bbox 221 1727 291 1748; x_wconf 86' lang='lat' dir='ltr'><strong><em>aere</em></strong></span> <span class='ocrx_word' id='word_1_465' title='bbox 296 1719 524 1754; x_wconf 86' lang='lat' dir='ltr'><strong><em>apparent,atia</em></strong></span> <span class='ocrx_word' id='word_1_466' title='bbox 530 1719 625 1754; x_wconf 83' lang='lat' dir='ltr'><strong><em>specie</em></strong></span> <span class='ocrx_word' id='word_1_467' title='bbox 631 1721 716 1747; x_wconf 87' lang='lat' dir='ltr'><strong><em>tenus</em></strong></span> <span class='ocrx_word' id='word_1_468' title='bbox 722 1719 840 1747; x_wconf 72' lang='lat' dir='ltr'><strong><em>existun</em></strong></span> <span class='ocrx_word' id='word_1_469' title='bbox 845 1719 932 1752; x_wconf 88' lang='lat' dir='ltr'><strong><em>t,alia</em></strong></span> <span class='ocrx_word' id='word_1_470' title='bbox 939 1719 1048 1748; x_wconf 83' lang='lat' dir='ltr'><strong><em>habent</em></strong></span> 
     </span>
    </p>
   </div>
   <div class='ocr_carea' id='block_1_65' title="bbox 223 1763 1051 1799">
    <p class='ocr_par' dir='ltr' id='par_1_65' title="bbox 223 1763 1051 1799">
     <span class='ocr_line' id='line_1_65' title="bbox 223 1763 1051 1799; baseline 0 -7"><span class='ocrx_word' id='word_1_471' title='bbox 223 1765 311 1793; x_wconf 88' lang='lat' dir='ltr'><strong><em>etiam</em></strong></span> <span class='ocrx_word' id='word_1_472' title='bbox 325 1764 520 1799; x_wconf 83' lang='lat' dir='ltr'><strong><em>hypostasim.</em></strong></span> <span class='ocrx_word' id='word_1_473' title='bbox 532 1763 623 1792; x_wconf 83' lang='lat' dir='ltr'><strong><em>Addit</em></strong></span> <span class='ocrx_word' id='word_1_474' title='bbox 637 1764 727 1792; x_wconf 89' lang='lat' dir='ltr'><strong><em>etiam</em></strong></span> <span class='ocrx_word' id='word_1_475' title='bbox 748 1763 823 1792; x_wconf 88' lang='lat' dir='ltr'><strong><em>illud</em></strong></span> <span class='ocrx_word' id='word_1_476' title='bbox 844 1763 996 1793; x_wconf 86' lang='lat' dir='ltr'><strong><em>Themistii</em></strong></span> <span class='ocrx_word' id='word_1_477' title='bbox 1019 1765 1051 1793; x_wconf 90' lang='lat' dir='ltr'>in</span> 
     </span>
    </p>
   </div>
   <div class='ocr_carea' id='block_1_66' title="bbox 222 1809 391 1845">
    <p class='ocr_par' dir='ltr' id='par_1_66' title="bbox 222 1809 391 1845">
     <span class='ocr_line' id='line_1_66' title="bbox 222 1809 391 1845; baseline -0.012 -7"><span class='ocrx_word' id='word_1_478' title='bbox 222 1809 314 1845; x_wconf 85' lang='lat' dir='ltr'><strong><em>Phys.</em></strong></span> <span class='ocrx_word' id='word_1_479' title='bbox 340 1817 361 1836; x_wconf 90' lang='grc' dir='ltr'><strong><em>ιι</em></strong></span> <span class='ocrx_word' id='word_1_480' title='bbox 384 1816 391 1836; x_wconf 86' lang='lat'>:</span> 
     </span>
    </p>
   </div>
   <div class='ocr_carea' id='block_1_67' title="bbox 223 1854 1054 1892">
    <p class='ocr_par' dir='ltr' id='par_1_67' title="bbox 223 1854 1054 1892">
     <span class='ocr_line' id='line_1_67' title="bbox 223 1854 1054 1892; baseline 0.001 -10"><span class='ocrx_word' id='word_1_481' title='bbox 223 1857 369 1882; x_wconf 71' lang='grc' dir='ltr'>ὑποστάσει</span> <span class='ocrx_word' id='word_1_482' title='bbox 401 1854 564 1892; x_wconf 69' lang='grc' dir='ltr'>χωρίζουσι*</span> <span class='ocrx_word' id='word_1_483' title='bbox 588 1854 658 1888; x_wconf 68' lang='lat' dir='ltr'><strong><em>Quae</em></strong></span> <span class='ocrx_word' id='word_1_484' title='bbox 677 1861 714 1882; x_wconf 89' lang='lat' dir='ltr'><strong><em>ne</em></strong></span> <span class='ocrx_word' id='word_1_485' title='bbox 736 1854 854 1882; x_wconf 86' lang='lat' dir='ltr'><strong><em>ratione</em></strong></span> <span class='ocrx_word' id='word_1_486' title='bbox 879 1855 997 1890; x_wconf 84' lang='lat' dir='ltr'><strong><em>quidem</em></strong></span> <span class='ocrx_word' id='word_1_487' title='bbox 1012 1862 1054 1884; x_wconf 91' lang='lat' dir='ltr'><strong><em>se.</em></strong></span> 
     </span>
    </p>
   </div>
   <div class='ocr_carea' id='block_1_68' title="bbox 222 1898 1053 1938">
    <p class='ocr_par' dir='ltr' id='par_1_68' title="bbox 222 1898 1053 1938">
     <span class='ocr_line' id='line_1_68' title="bbox 222 1898 1053 1938; baseline -0.001 -8"><span class='ocrx_word' id='word_1_488' title='bbox 222 1902 333 1938; x_wconf 84' lang='lat' dir='ltr'><strong><em>parari</em></strong></span> <span class='ocrx_word' id='word_1_489' title='bbox 339 1902 477 1936; x_wconf 86' lang='lat' dir='ltr'><strong><em>possunt,</em></strong></span> <span class='ocrx_word' id='word_1_490' title='bbox 486 1907 520 1928; x_wconf 91' lang='lat' dir='ltr'><strong><em>ea</em></strong></span> <span class='ocrx_word' id='word_1_491' title='bbox 532 1900 622 1928; x_wconf 84' lang='lat' dir='ltr'><strong><em>etiam</em></strong></span> <span class='ocrx_word' id='word_1_492' title='bbox 637 1898 793 1935; x_wconf 83' lang='lat' dir='ltr'><strong><em>hypostasi</em></strong></span> <span class='ocrx_word' id='word_1_493' title='bbox 804 1902 957 1934; x_wconf 83' lang='lat' dir='ltr'><strong><em>separant.</em></strong></span> <span class='ocrx_word' id='word_1_494' title='bbox 979 1902 1053 1929; x_wconf 89' lang='lat' dir='ltr'><strong>Cum</strong></span> 
     </span>
    </p>
   </div>
   <div class='ocr_carea' id='block_1_69' title="bbox 225 1943 1054 1983">
    <p class='ocr_par' dir='ltr' id='par_1_69' title="bbox 225 1943 1054 1983">
     <span class='ocr_line' id='line_1_69' title="bbox 225 1943 1054 1983; baseline -0.002 -7"><span class='ocrx_word' id='word_1_495' title='bbox 225 1955 296 1982; x_wconf 81' lang='lat' dir='ltr'><strong><em>ergo</em></strong></span> <span class='ocrx_word' id='word_1_496' title='bbox 306 1945 481 1983; x_wconf 85' lang='lat' dir='ltr'><strong><em>hypostasis</em></strong></span> <span class='ocrx_word' id='word_1_497' title='bbox 494 1945 668 1981; x_wconf 89' lang='lat' dir='ltr'><strong><em>opponatur</em></strong></span> <span class='ocrx_word' id='word_1_498' title='bbox 677 1943 713 1972; x_wconf 91' lang='lat' dir='ltr'><strong>iis</strong></span> <span class='ocrx_word' id='word_1_499' title='bbox 721 1952 789 1980; x_wconf 78' lang='lat' dir='ltr'><strong>quae</strong></span> <span class='ocrx_word' id='word_1_500' title='bbox 800 1944 865 1973; x_wconf 89' lang='lat' dir='ltr'><strong><em>sola</em></strong></span> <span class='ocrx_word' id='word_1_501' title='bbox 877 1945 993 1974; x_wconf 84' lang='lat' dir='ltr'><strong><em>ratione</em></strong></span> <span class='ocrx_word' id='word_1_502' title='bbox 1002 1948 1054 1974; x_wconf 86' lang='lat' dir='ltr'><strong><em>aut</em></strong></span> 
     </span>
    </p>
   </div>
   <div class='ocr_carea' id='block_1_70' title="bbox 224 1989 1053 2029">
    <p class='ocr_par' dir='ltr' id='par_1_70' title="bbox 224 1989 1053 2029">
     <span class='ocr_line' id='line_1_70' title="bbox 224 1989 1053 2029; baseline -0.001 -9"><span class='ocrx_word' id='word_1_503' title='bbox 224 1992 323 2029; x_wconf 87' lang='lat' dir='ltr'><strong><em>specie</em></strong></span> <span class='ocrx_word' id='word_1_504' title='bbox 347 1992 464 2019; x_wconf 86' lang='lat' dir='ltr'><strong><em>tantum</em></strong></span> <span class='ocrx_word' id='word_1_505' title='bbox 487 1989 629 2024; x_wconf 86' lang='lat' dir='ltr'><strong><em>existunt,</em></strong></span> <span class='ocrx_word' id='word_1_506' title='bbox 653 1989 761 2017; x_wconf 89' lang='lat' dir='ltr'><strong><em>merito</em></strong></span> <span class='ocrx_word' id='word_1_507' title='bbox 784 1989 881 2017; x_wconf 90' lang='lat' dir='ltr'><strong><em>sancti</em></strong></span> <span class='ocrx_word' id='word_1_508' title='bbox 891 1991 1000 2022; x_wconf 87' lang='lat' dir='ltr'><strong><em>Patres,</em></strong></span> <span class='ocrx_word' id='word_1_509' title='bbox 1020 1993 1053 2019; x_wconf 90' lang='lat' dir='ltr'><strong><em>ut</em></strong></span> 
     </span>
    </p>
   </div>
   <div class='ocr_carea' id='block_1_71' title="bbox 226 2033 1050 2071">
    <p class='ocr_par' dir='ltr' id='par_1_71' title="bbox 226 2033 1050 2071">
     <span class='ocr_line' id='line_1_71' title="bbox 226 2033 1050 2071; baseline -0.002 -6"><span class='ocrx_word' id='word_1_510' title='bbox 226 2038 343 2066; x_wconf 82' lang='lat' dir='ltr'><strong><em>Patrem</em></strong></span> <span class='ocrx_word' id='word_1_511' title='bbox 354 2043 424 2064; x_wconf 80' lang='lat' dir='ltr'><strong><em>vere</em></strong></span> <span class='ocrx_word' id='word_1_512' title='bbox 438 2042 503 2063; x_wconf 91' lang='lat' dir='ltr'><strong>esse</strong></span> <span class='ocrx_word' id='word_1_513' title='bbox 513 2036 641 2071; x_wconf 90' lang='lat' dir='ltr'><strong><em>patrem,</em></strong></span> <span class='ocrx_word' id='word_1_514' title='bbox 656 2033 763 2062; x_wconf 89' lang='lat' dir='ltr'><strong>Filium</strong></span> <span class='ocrx_word' id='word_1_515' title='bbox 775 2041 843 2062; x_wconf 89' lang='lat' dir='ltr'><strong><em>vere</em></strong></span> <span class='ocrx_word' id='word_1_516' title='bbox 858 2042 923 2063; x_wconf 86' lang='lat' dir='ltr'><strong><em>esse</em></strong></span> <span class='ocrx_word' id='word_1_517' title='bbox 944 2035 1050 2070; x_wconf 91' lang='lat' dir='ltr'><strong><em>ﬁlium,</em></strong></span> 
     </span>
    </p>
   </div>
   <div class='ocr_carea' id='block_1_72' title="bbox 225 2079 1052 2118">
    <p class='ocr_par' dir='ltr' id='par_1_72' title="bbox 225 2079 1052 2118">
     <span class='ocr_line' id='line_1_72' title="bbox 225 2079 1052 2118; baseline -0.001 -8"><span class='ocrx_word' id='word_1_518' title='bbox 225 2082 367 2118; x_wconf 87' lang='lat' dir='ltr'><strong><em>Spiritum</em></strong></span> <span class='ocrx_word' id='word_1_519' title='bbox 380 2087 447 2109; x_wconf 87' lang='lat' dir='ltr'><strong><em>vere</em></strong></span> <span class='ocrx_word' id='word_1_520' title='bbox 461 2087 527 2108; x_wconf 87' lang='lat' dir='ltr'><strong>esse</strong></span> <span class='ocrx_word' id='word_1_521' title='bbox 541 2079 679 2116; x_wconf 85' lang='lat' dir='ltr'><strong>spiritum</strong></span> <span class='ocrx_word' id='word_1_522' title='bbox 693 2079 894 2115; x_wconf 87' lang='lat' dir='ltr'><strong><em>ostenderent,</em></strong></span> <span class='ocrx_word' id='word_1_523' title='bbox 921 2082 980 2108; x_wconf 85' lang='lat' dir='ltr'><strong><em>tres</em></strong></span> <span class='ocrx_word' id='word_1_524' title='bbox 998 2081 1052 2116; x_wconf 90' lang='lat' dir='ltr'><strong><em>hy-</em></strong></span> 
     </span>
    </p>
   </div>
   <div class='ocr_carea' id='block_1_73' title="bbox 226 2123 1050 2164">
    <p class='ocr_par' dir='ltr' id='par_1_73' title="bbox 226 2123 1050 2164">
     <span class='ocr_line' id='line_1_73' title="bbox 226 2123 1050 2164; baseline -0.001 -10"><span class='ocrx_word' id='word_1_525' title='bbox 226 2128 365 2164; x_wconf 84' lang='lat' dir='ltr'><strong><em>postases</em></strong></span> <span class='ocrx_word' id='word_1_526' title='bbox 388 2124 595 2162; x_wconf 68' lang='lat' dir='ltr'><strong><em>prmdicarunt</em></strong></span> <span class='ocrx_word' id='word_1_527' title='bbox 619 2125 724 2152; x_wconf 85' lang='lat' dir='ltr'><strong><em>contra</em></strong></span> <span class='ocrx_word' id='word_1_528' title='bbox 749 2123 913 2152; x_wconf 86' lang='lat' dir='ltr'><strong><em>Sabellium</em></strong></span> <span class='ocrx_word' id='word_1_529' title='bbox 937 2126 965 2152; x_wconf 91' lang='lat' dir='ltr'><strong><em>et</em></strong></span> <span class='ocrx_word' id='word_1_530' title='bbox 977 2126 1050 2153; x_wconf 84' lang='lat' dir='ltr'><strong><em>Noe-</em></strong></span> 
     </span>
    </p>
   </div>
   <div class='ocr_carea' id='block_1_74' title="bbox 227 2168 1050 2207">
    <p class='ocr_par' dir='ltr' id='par_1_74' title="bbox 227 2168 1050 2207">
     <span class='ocr_line' id='line_1_74' title="bbox 227 2168 1050 2207; baseline -0.004 -7"><span class='ocrx_word' id='word_1_531' title='bbox 227 2175 302 2205; x_wconf 85' lang='lat' dir='ltr'><strong><em>tum,</em></strong></span> <span class='ocrx_word' id='word_1_532' title='bbox 332 2170 472 2207; x_wconf 91' lang='lat' dir='ltr'><strong>quicum</strong></span> <span class='ocrx_word' id='word_1_533' title='bbox 496 2171 555 2197; x_wconf 85' lang='lat' dir='ltr'><strong><em>tres</em></strong></span> <span class='ocrx_word' id='word_1_534' title='bbox 574 2168 700 2205; x_wconf 89' lang='lat' dir='ltr'><strong>quidem</strong></span> <span class='ocrx_word' id='word_1_535' title='bbox 725 2176 874 2205; x_wconf 87' lang='lat' dir='ltr'><strong><em>personas</em></strong></span> <span class='ocrx_word' id='word_1_536' title='bbox 906 2169 1050 2206; x_wconf 82' lang='lat' dir='ltr'><strong><em>dicerent,</em></strong></span> 
     </span>
    </p>
   </div>
   <div class='ocr_carea' id='block_1_75' title="bbox 227 2214 1050 2251">
    <p class='ocr_par' dir='ltr' id='par_1_75' title="bbox 227 2214 1050 2251">
     <span class='ocr_line' id='line_1_75' title="bbox 227 2214 1050 2251; baseline -0.002 -6"><span class='ocrx_word' id='word_1_537' title='bbox 227 2218 300 2245; x_wconf 89' lang='lat' dir='ltr'><strong><em>teste</em></strong></span> <span class='ocrx_word' id='word_1_538' title='bbox 316 2215 424 2244; x_wconf 86' lang='lat' dir='ltr'><strong><em>Basilio</em></strong></span> <span class='ocrx_word' id='word_1_539' title='bbox 435 2215 521 2251; x_wconf 88' lang='lat' dir='ltr'><strong><em>epist.</em></strong></span> <span class='ocrx_word' id='word_1_540' title='bbox 537 2215 600 2247; x_wconf 75' lang='lat' dir='ltr'><strong><em>211i,</em></strong></span> <span class='ocrx_word' id='word_1_541' title='bbox 612 2221 643 2242; x_wconf 91' lang='lat' dir='ltr'><strong><em>n.</em></strong></span> <span class='ocrx_word' id='word_1_542' title='bbox 660 2216 686 2249; x_wconf 88' lang='lat'><strong><em>3,</em></strong></span> <span class='ocrx_word' id='word_1_543' title='bbox 701 2214 755 2242; x_wconf 92' lang='lat' dir='ltr'><strong><em>sed</em></strong></span> <span class='ocrx_word' id='word_1_544' title='bbox 773 2214 832 2242; x_wconf 89' lang='lat' dir='ltr'><strong><em>hoc</em></strong></span> <span class='ocrx_word' id='word_1_545' title='bbox 845 2221 984 2250; x_wconf 78' lang='lat' dir='ltr'><strong><em>personae</em></strong></span> <span class='ocrx_word' id='word_1_546' title='bbox 997 2222 1050 2243; x_wconf 91' lang='lat' dir='ltr'><strong><em>no-</em></strong></span> 
     </span>
    </p>
   </div>
   <div class='ocr_carea' id='block_1_76' title="bbox 414 1806 1052 1845">
    <p class='ocr_par' dir='ltr' id='par_1_76' title="bbox 414 1806 1052 1845">
     <span class='ocr_line' id='line_1_76' title="bbox 414 1806 1052 1845; baseline 0.003 -11"><span class='ocrx_word' id='word_1_547' title='bbox 414 1807 446 1835; x_wconf 82' lang='grc' dir='ltr'>Ἀ</span> <span class='ocrx_word' id='word_1_548' title='bbox 466 1806 536 1845; x_wconf 69' lang='grc' dir='ltr'><strong><em>μηδὲ</em></strong></span> <span class='ocrx_word' id='word_1_549' title='bbox 565 1812 601 1834; x_wconf 85' lang='grc' dir='ltr'>τῶ</span> <span class='ocrx_word' id='word_1_550' title='bbox 628 1808 696 1844; x_wconf 84' lang='grc' dir='ltr'>λόγῳ</span> <span class='ocrx_word' id='word_1_551' title='bbox 731 1810 864 1845; x_wconf 77' lang='grc' dir='ltr'>χωριστὰ,</span> <span class='ocrx_word' id='word_1_552' title='bbox 896 1813 980 1836; x_wconf 86' lang='grc' dir='ltr'>ταῦτα</span> <span class='ocrx_word' id='word_1_553' title='bbox 1007 1811 1052 1836; x_wconf 77' lang='grc' dir='ltr'>καὶ</span> 
     </span>
    </p>
   </div>
   <div class='ocr_carea' id='block_1_77' title="bbox 228 2259 1091 2296">
    <p class='ocr_par' dir='ltr' id='par_1_77' title="bbox 228 2259 1091 2296">
     <span class='ocr_line' id='line_1_77' title="bbox 228 2259 1091 2296; baseline -0.001 -7"><span class='ocrx_word' id='word_1_554' title='bbox 228 2269 299 2290; x_wconf 90' lang='lat' dir='ltr'><strong><em>men</em></strong></span> <span class='ocrx_word' id='word_1_555' title='bbox 306 2261 345 2289; x_wconf 91' lang='lat' dir='ltr'><strong><em>ad</em></strong></span> <span class='ocrx_word' id='word_1_556' title='bbox 351 2259 573 2296; x_wconf 85' lang='lat' dir='ltr'><strong><em>metaphoricos</em></strong></span> <span class='ocrx_word' id='word_1_557' title='bbox 579 2267 686 2288; x_wconf 89' lang='lat' dir='ltr'><strong><em>sensus</em></strong></span> <span class='ocrx_word' id='word_1_558' title='bbox 693 2259 909 2295; x_wconf 82' lang='lat' dir='ltr'><strong><em>detorquerent</em></strong></span> <span class='ocrx_word' id='word_1_559' title='bbox 923 2267 929 2287; x_wconf 93' lang='lat'><strong>:</strong></span> <span class='ocrx_word' id='word_1_560' title='bbox 938 2259 1052 2296; x_wconf 86' lang='lat' dir='ltr'><strong><em>aliquid</em></strong></span> <span class='ocrx_word' id='word_1_561' title='bbox 1070 2267 1091 2295; x_wconf 84' lang='lat' dir='ltr'><strong>D</strong></span> 
     </span>
    </p>
   </div>
   <div class='ocr_carea' id='block_1_78' title="bbox 229 2303 1053 2342">
    <p class='ocr_par' dir='ltr' id='par_1_78' title="bbox 229 2303 1053 2342">
     <span class='ocr_line' id='line_1_78' title="bbox 229 2303 1053 2342; baseline -0.002 -8"><span class='ocrx_word' id='word_1_562' title='bbox 229 2306 272 2335; x_wconf 88' lang='lat' dir='ltr'><strong><em>eis</em></strong></span> <span class='ocrx_word' id='word_1_563' title='bbox 283 2305 398 2342; x_wconf 85' lang='lat' dir='ltr'><strong><em>opponi</em></strong></span> <span class='ocrx_word' id='word_1_564' title='bbox 412 2304 527 2337; x_wconf 88' lang='lat' dir='ltr'><strong><em>debuit,</em></strong></span> <span class='ocrx_word' id='word_1_565' title='bbox 536 2304 619 2340; x_wconf 88' lang='lat' dir='ltr'><strong><em>quod</em></strong></span> <span class='ocrx_word' id='word_1_566' title='bbox 630 2303 741 2340; x_wconf 91' lang='lat' dir='ltr'><strong><em>pariter</em></strong></span> <span class='ocrx_word' id='word_1_567' title='bbox 764 2303 885 2331; x_wconf 91' lang='lat' dir='ltr'><strong><em>eludere</em></strong></span> <span class='ocrx_word' id='word_1_568' title='bbox 904 2311 965 2331; x_wconf 93' lang='lat' dir='ltr'><strong>non</strong></span> <span class='ocrx_word' id='word_1_569' title='bbox 987 2312 1053 2340; x_wconf 89' lang='lat' dir='ltr'><strong><em>pos-</em></strong></span> 
     </span>
    </p>
   </div>
   <div class='ocr_carea' id='block_1_79' title="bbox 229 2347 1054 2385">
    <p class='ocr_par' dir='ltr' id='par_1_79' title="bbox 229 2347 1054 2385">
     <span class='ocr_line' id='line_1_79' title="bbox 229 2347 1054 2385; baseline -0.002 -6"><span class='ocrx_word' id='word_1_570' title='bbox 229 2353 306 2379; x_wconf 88' lang='lat' dir='ltr'><strong><em>sent.</em></strong></span> <span class='ocrx_word' id='word_1_571' title='bbox 317 2352 353 2378; x_wconf 81' lang='lat' dir='ltr'><strong><em>At</em></strong></span> <span class='ocrx_word' id='word_1_572' title='bbox 366 2349 441 2378; x_wconf 85' lang='lat' dir='ltr'><strong>nihil</strong></span> <span class='ocrx_word' id='word_1_573' title='bbox 452 2349 491 2377; x_wconf 89' lang='lat' dir='ltr'><strong><em>ad</em></strong></span> <span class='ocrx_word' id='word_1_574' title='bbox 504 2356 571 2377; x_wconf 81' lang='lat' dir='ltr'><strong><em>eam</em></strong></span> <span class='ocrx_word' id='word_1_575' title='bbox 581 2356 644 2377; x_wconf 88' lang='lat' dir='ltr'><strong><em>rem</em></strong></span> <span class='ocrx_word' id='word_1_576' title='bbox 661 2348 772 2385; x_wconf 88' lang='lat' dir='ltr'><strong><em>aptius,</em></strong></span> <span class='ocrx_word' id='word_1_577' title='bbox 786 2347 860 2376; x_wconf 88' lang='lat' dir='ltr'>nihil</span> <span class='ocrx_word' id='word_1_578' title='bbox 879 2348 1054 2382; x_wconf 82' lang='lat' dir='ltr'><strong><em>signiﬁcan-</em></strong></span> 
     </span>
    </p>
   </div>
   <div class='ocr_carea' id='block_1_80' title="bbox 229 2393 1054 2433">
    <p class='ocr_par' dir='ltr' id='par_1_80' title="bbox 229 2393 1054 2433">
     <span class='ocr_line' id='line_1_80' title="bbox 229 2393 1054 2433; baseline -0.005 -8"><span class='ocrx_word' id='word_1_579' title='bbox 229 2397 287 2425; x_wconf 87' lang='lat' dir='ltr'><strong><em>tius</em></strong></span> <span class='ocrx_word' id='word_1_580' title='bbox 298 2395 472 2433; x_wconf 79' lang='lat' dir='ltr'><strong><em>hypostasis</em></strong></span> <span class='ocrx_word' id='word_1_581' title='bbox 479 2403 564 2423; x_wconf 88' lang='lat' dir='ltr'><strong><em>voce.</em></strong></span> <span class='ocrx_word' id='word_1_582' title='bbox 576 2394 659 2422; x_wconf 88' lang='lat' dir='ltr'><strong><em>Unde</em></strong></span> <span class='ocrx_word' id='word_1_583' title='bbox 667 2393 814 2422; x_wconf 86' lang='lat' dir='ltr'><strong><em>Sabellius</em></strong></span> <span class='ocrx_word' id='word_1_584' title='bbox 821 2401 916 2421; x_wconf 90' lang='lat' dir='ltr'><strong>unum</strong></span> <span class='ocrx_word' id='word_1_585' title='bbox 929 2401 1054 2429; x_wconf 87' lang='lat' dir='ltr'><strong>prorsus</strong></span> 
     </span>
    </p>
   </div>
   <div class='ocr_carea' id='block_1_81' title="bbox 228 2438 1054 2479">
    <p class='ocr_par' dir='ltr' id='par_1_81' title="bbox 228 2438 1054 2479">
     <span class='ocr_line' id='line_1_81' title="bbox 228 2438 1054 2479; baseline -0.005 -8"><span class='ocrx_word' id='word_1_586' title='bbox 228 2440 387 2479; x_wconf 84' lang='lat' dir='ltr'><strong><em>hypostasi</em></strong></span> <span class='ocrx_word' id='word_1_587' title='bbox 402 2441 496 2468; x_wconf 90' lang='lat' dir='ltr'><strong><em>Deum</em></strong></span> <span class='ocrx_word' id='word_1_588' title='bbox 511 2447 579 2468; x_wconf 87' lang='lat' dir='ltr'><strong>esse</strong></span> <span class='ocrx_word' id='word_1_589' title='bbox 594 2438 806 2474; x_wconf 87' lang='lat' dir='ltr'><strong><em>contendebat,</em></strong></span> <span class='ocrx_word' id='word_1_590' title='bbox 836 2440 869 2466; x_wconf 91' lang='lat' dir='ltr'><strong><em>ut</em></strong></span> <span class='ocrx_word' id='word_1_591' title='bbox 882 2438 996 2467; x_wconf 85' lang='lat' dir='ltr'><strong>ibidem</strong></span> <span class='ocrx_word' id='word_1_592' title='bbox 1014 2441 1054 2468; x_wconf 87' lang='lat' dir='ltr'><strong><em>te-</em></strong></span> 
     </span>
    </p>
   </div>
   <div class='ocr_carea' id='block_1_82' title="bbox 229 2485 472 2516">
    <p class='ocr_par' dir='ltr' id='par_1_82' title="bbox 229 2485 472 2516">
     <span class='ocr_line' id='line_1_82' title="bbox 229 2485 472 2516; baseline -0.012 -1"><span class='ocrx_word' id='word_1_593' title='bbox 229 2488 324 2516; x_wconf 88' lang='lat' dir='ltr'><strong>statur</strong></span> <span class='ocrx_word' id='word_1_594' title='bbox 339 2485 472 2515; x_wconf 86' lang='lat' dir='ltr'><strong>Basilius.</strong></span> 
     </span>
    </p>
   </div>
   <div class='ocr_carea' id='block_1_83' title="bbox 609 2537 675 2571">
    <p class='ocr_par' dir='ltr' id='par_1_83' title="bbox 609 2537 675 2571">
     <span class='ocr_line' id='line_1_83' title="bbox 609 2537 675 2571; baseline 0.03 -7"><span class='ocrx_word' id='word_1_595' title='bbox 609 2538 622 2571; x_wconf 86' lang='lat'><strong>§</strong></span> <span class='ocrx_word' id='word_1_596' title='bbox 642 2537 675 2566; x_wconf 91' lang='lat' dir='ltr'><strong><em>Il.</em></strong></span> 
     </span>
    </p>
   </div>
   <div class='ocr_carea' id='block_1_84' title="bbox 228 2591 1054 2627">
    <p class='ocr_par' dir='ltr' id='par_1_84' title="bbox 228 2591 1054 2627">
     <span class='ocr_line' id='line_1_84' title="bbox 228 2591 1054 2627; baseline -0.006 -3"><span class='ocrx_word' id='word_1_597' title='bbox 228 2597 249 2623; x_wconf 84' lang='grc' dir='ltr'>ι.</span> <span class='ocrx_word' id='word_1_598' title='bbox 272 2595 395 2624; x_wconf 85' lang='lat' dir='ltr'><strong><em>Videtur</em></strong></span> <span class='ocrx_word' id='word_1_599' title='bbox 412 2594 446 2627; x_wconf 89' lang='lat' dir='ltr'><strong><em>S,</em></strong></span> <span class='ocrx_word' id='word_1_600' title='bbox 457 2592 590 2622; x_wconf 84' lang='lat' dir='ltr'><strong><em>Basilius</em></strong></span> <span class='ocrx_word' id='word_1_601' title='bbox 599 2591 699 2627; x_wconf 81' lang='lat' dir='ltr'><strong><em>prima</em></strong></span> <span class='ocrx_word' id='word_1_602' title='bbox 711 2591 806 2626; x_wconf 87' lang='lat' dir='ltr'><strong><em>specie</em></strong></span> <span class='ocrx_word' id='word_1_603' title='bbox 826 2598 964 2627; x_wconf 83' lang='lat' dir='ltr'><strong><em>pugnare</em></strong></span> <span class='ocrx_word' id='word_1_604' title='bbox 988 2599 1054 2620; x_wconf 84' lang='lat' dir='ltr'><strong><em>cum</em></strong></span> 
     </span>
    </p>
   </div>
   <div class='ocr_carea' id='block_1_85' title="bbox 263 2627 1054 2662">
    <p class='ocr_par' dir='ltr' id='par_1_85' title="bbox 263 2627 1054 2662">
     <span class='ocr_line' id='line_1_85' title="bbox 263 2627 1054 2662; baseline -0.004 -3"><span class='ocrx_word' id='word_1_605' title='bbox 263 2631 296 2660; x_wconf 89' lang='lat' dir='ltr'><strong><em>S.</em></strong></span> <span class='ocrx_word' id='word_1_606' title='bbox 303 2630 473 2659; x_wconf 85' lang='lat' dir='ltr'><strong><em>Athanasio</em></strong></span> <span class='ocrx_word' id='word_1_607' title='bbox 482 2632 508 2657; x_wconf 90' lang='lat' dir='ltr'><strong><em>et</em></strong></span> <span class='ocrx_word' id='word_1_608' title='bbox 514 2629 546 2657; x_wconf 92' lang='lat' dir='ltr'><strong><em>S.</em></strong></span> <span class='ocrx_word' id='word_1_609' title='bbox 555 2627 697 2662; x_wconf 82' lang='lat' dir='ltr'><strong><em>Gregorio</em></strong></span> <span class='ocrx_word' id='word_1_610' title='bbox 703 2628 735 2655; x_wconf 86' lang='lat' dir='ltr'><strong><em>in</em></strong></span> <span class='ocrx_word' id='word_1_611' title='bbox 744 2627 838 2655; x_wconf 85' lang='lat' dir='ltr'><strong><em>tribus</em></strong></span> <span class='ocrx_word' id='word_1_612' title='bbox 846 2627 1054 2662; x_wconf 81' lang='lat' dir='ltr'><strong><em>hypostasibus</em></strong></span> 
     </span>
    </p>
   </div>
   <div class='ocr_carea' id='block_1_86' title="bbox 263 2663 1056 2702">
    <p class='ocr_par' dir='ltr' id='par_1_86' title="bbox 263 2663 1056 2702">
     <span class='ocr_line' id='line_1_86' title="bbox 263 2663 1056 2702; baseline -0.003 -8"><span class='ocrx_word' id='word_1_613' title='bbox 263 2664 581 2702; x_wconf 33' lang='lat' dir='ltr'><strong><em>defendendisdltNon</em></strong></span> <span class='ocrx_word' id='word_1_614' title='bbox 588 2666 687 2702; x_wconf 77' lang='lat' dir='ltr'><strong><em>tamen</em></strong></span> <span class='ocrx_word' id='word_1_615' title='bbox 695 2663 819 2692; x_wconf 82' lang='lat' dir='ltr'><strong><em>discedit</em></strong></span> <span class='ocrx_word' id='word_1_616' title='bbox 828 2671 845 2692; x_wconf 86' lang='grc' dir='ltr'><em>α</em></span> <span class='ocrx_word' id='word_1_617' title='bbox 853 2664 953 2692; x_wconf 84' lang='lat' dir='ltr'><strong><em>debita</em></strong></span> <span class='ocrx_word' id='word_1_618' title='bbox 960 2664 1056 2692; x_wconf 84' lang='lat' dir='ltr'><strong><em>animi</em></strong></span> 
     </span>
    </p>
   </div>
   <div class='ocr_carea' id='block_1_87' title="bbox 262 2699 1055 2735">
    <p class='ocr_par' dir='ltr' id='par_1_87' title="bbox 262 2699 1055 2735">
     <span class='ocr_line' id='line_1_87' title="bbox 262 2699 1055 2735; baseline -0.005 -4"><span class='ocrx_word' id='word_1_619' title='bbox 262 2699 476 2731; x_wconf 84' lang='lat' dir='ltr'><strong><em>moderatione.</em></strong></span> <span class='ocrx_word' id='word_1_620' title='bbox 494 2701 555 2734; x_wconf 85' lang='lat' dir='ltr'><strong><em>Quo</em></strong></span> <span class='ocrx_word' id='word_1_621' title='bbox 566 2707 653 2729; x_wconf 86' lang='lat' dir='ltr'><strong><em>sensu</em></strong></span> <span class='ocrx_word' id='word_1_622' title='bbox 665 2699 744 2728; x_wconf 85' lang='lat' dir='ltr'><strong><em>hanc</em></strong></span> <span class='ocrx_word' id='word_1_623' title='bbox 754 2701 944 2735; x_wconf 74' lang='lat' dir='ltr'><strong><em>quaestionem</em></strong></span> <span class='ocrx_word' id='word_1_624' title='bbox 951 2702 1055 2734; x_wconf 78' lang='lat' dir='ltr'><strong><em>magni</em></strong></span> 
     </span>
    </p>
   </div>
   <div class='ocr_carea' id='block_1_88' title="bbox 262 2736 1053 2771">
    <p class='ocr_par' dir='ltr' id='par_1_88' title="bbox 262 2736 1053 2771">
     <span class='ocr_line' id='line_1_88' title="bbox 262 2736 1053 2771; baseline -0.005 -4"><span class='ocrx_word' id='word_1_625' title='bbox 262 2739 403 2767; x_wconf 86' lang='lat' dir='ltr'><strong><em>momenti</em></strong></span> <span class='ocrx_word' id='word_1_626' title='bbox 414 2745 475 2767; x_wconf 85' lang='lat' dir='ltr'><strong><em>esse</em></strong></span> <span class='ocrx_word' id='word_1_627' title='bbox 484 2737 572 2765; x_wconf 74' lang='lat' dir='ltr'><strong><em>dixit.</em></strong></span> <span class='ocrx_word' id='word_1_628' title='bbox 589 2736 650 2769; x_wconf 81' lang='lat' dir='ltr'><strong><em>Quo</em></strong></span> <span class='ocrx_word' id='word_1_629' title='bbox 666 2744 753 2764; x_wconf 84' lang='lat' dir='ltr'><strong><em>sensu</em></strong></span> <span class='ocrx_word' id='word_1_630' title='bbox 766 2743 832 2764; x_wconf 87' lang='lat' dir='ltr'><strong><em>cum</em></strong></span> <span class='ocrx_word' id='word_1_631' title='bbox 847 2736 1053 2771; x_wconf 79' lang='lat' dir='ltr'><strong><em>defensoribus</em></strong></span> 
     </span>
    </p>
   </div>
   <div class='ocr_carea' id='block_1_89' title="bbox 249 2772 1053 2809">
    <p class='ocr_par' dir='ltr' id='par_1_89' title="bbox 249 2772 1053 2809">
     <span class='ocr_line' id='line_1_89' title="bbox 249 2772 1053 2809; baseline -0.005 -6"><span class='ocrx_word' id='word_1_632' title='bbox 249 2775 338 2803; x_wconf 85' lang='lat' dir='ltr'><strong><em>unius</em></strong></span> <span class='ocrx_word' id='word_1_633' title='bbox 346 2774 515 2809; x_wconf 80' lang='lat' dir='ltr'><strong><em>hypostasis</em></strong></span> <span class='ocrx_word' id='word_1_634' title='bbox 521 2772 758 2802; x_wconf 83' lang='lat' dir='ltr'><strong><em>communionem</em></strong></span> <span class='ocrx_word' id='word_1_635' title='bbox 767 2772 1053 2807; x_wconf 81' lang='lat' dir='ltr'><strong><em>meundamnegavit</em></strong></span> 
     </span>
    </p>
   </div>
   <div class='ocr_carea' id='block_1_90' title="bbox 262 2835 1051 2872">
    <p class='ocr_par' dir='ltr' id='par_1_90' title="bbox 262 2835 1051 2872">
     <span class='ocr_line' id='line_1_90' title="bbox 262 2835 1051 2872; baseline -0.008 -4"><span class='ocrx_word' id='word_1_636' title='bbox 262 2843 283 2870; x_wconf 87' lang='grc' dir='ltr'><strong><em>Ι.</em></strong></span> <span class='ocrx_word' id='word_1_637' title='bbox 307 2837 450 2872; x_wconf 85' lang='lat' dir='ltr'><strong><em>Quamvis</em></strong></span> <span class='ocrx_word' id='word_1_638' title='bbox 476 2837 504 2866; x_wconf 93' lang='lat' dir='ltr'><strong><em>S.</em></strong></span> <span class='ocrx_word' id='word_1_639' title='bbox 531 2836 658 2865; x_wconf 83' lang='lat' dir='ltr'><strong><em>Basilius</em></strong></span> <span class='ocrx_word' id='word_1_640' title='bbox 686 2835 717 2864; x_wconf 91' lang='lat' dir='ltr'>in</span> <span class='ocrx_word' id='word_1_641' title='bbox 736 2835 935 2864; x_wconf 82' lang='lat' dir='ltr'><strong><em>defendendis</em></strong></span> <span class='ocrx_word' id='word_1_642' title='bbox 955 2835 1051 2864; x_wconf 84' lang='lat' dir='ltr'><strong><em>tribus</em></strong></span> 
     </span>
    </p>
   </div>
   <div class='ocr_carea' id='block_1_91' title="bbox 1101 1623 1930 1659">
    <p class='ocr_par' dir='ltr' id='par_1_91' title="bbox 1101 1623 1930 1659">
     <span class='ocr_line' id='line_1_91' title="bbox 1101 1623 1930 1659; baseline -0.004 -6"><span class='ocrx_word' id='word_1_643' title='bbox 1101 1625 1173 1659; x_wconf 83' lang='lat' dir='ltr'><strong><em>ﬁdei</em></strong></span> <span class='ocrx_word' id='word_1_644' title='bbox 1184 1624 1367 1658; x_wconf 86' lang='lat' dir='ltr'><strong><em>doctrinam,</em></strong></span> <span class='ocrx_word' id='word_1_645' title='bbox 1380 1631 1499 1658; x_wconf 83' lang='lat' dir='ltr'><strong><em>passum</em></strong></span> <span class='ocrx_word' id='word_1_646' title='bbox 1514 1623 1598 1652; x_wconf 84' lang='lat' dir='ltr'><strong><em>illum</em></strong></span> <span class='ocrx_word' id='word_1_647' title='bbox 1616 1626 1788 1652; x_wconf 85' lang='lat' dir='ltr'><strong><em>sanctorum</em></strong></span> <span class='ocrx_word' id='word_1_648' title='bbox 1801 1630 1930 1651; x_wconf 82' lang='lat' dir='ltr'><strong><em>commu-</em></strong></span> 
     </span>
    </p>
   </div>
   <div class='ocr_carea' id='block_1_92' title="bbox 1102 1667 1932 1704">
    <p class='ocr_par' dir='ltr' id='par_1_92' title="bbox 1102 1667 1932 1704">
     <span class='ocr_line' id='line_1_92' title="bbox 1102 1667 1932 1704; baseline -0.004 -7"><span class='ocrx_word' id='word_1_649' title='bbox 1102 1669 1200 1698; x_wconf 86' lang='lat' dir='ltr'><strong><em>nionis</em></strong></span> <span class='ocrx_word' id='word_1_650' title='bbox 1206 1669 1384 1704; x_wconf 83' lang='lat' dir='ltr'><strong><em>participem</em></strong></span> <span class='ocrx_word' id='word_1_651' title='bbox 1391 1669 1636 1697; x_wconf 55' lang='lat' dir='ltr'><strong><em>existimareﬁur</em></strong></span> <span class='ocrx_word' id='word_1_652' title='bbox 1642 1669 1738 1696; x_wconf 82' lang='lat' dir='ltr'><strong>autem</strong></span> <span class='ocrx_word' id='word_1_653' title='bbox 1745 1667 1783 1695; x_wconf 87' lang='lat' dir='ltr'><strong><em>de</em></strong></span> <span class='ocrx_word' id='word_1_654' title='bbox 1789 1667 1846 1695; x_wconf 82' lang='lat' dir='ltr'><strong><em>hac</em></strong></span> <span class='ocrx_word' id='word_1_655' title='bbox 1852 1674 1932 1702; x_wconf 73' lang='lat' dir='ltr'><strong><em>quee-</em></strong></span> 
     </span>
    </p>
   </div>
   <div class='ocr_carea' id='block_1_93' title="bbox 1105 1712 1934 1745">
    <p class='ocr_par' dir='ltr' id='par_1_93' title="bbox 1105 1712 1934 1745">
     <span class='ocr_line' id='line_1_93' title="bbox 1105 1712 1934 1745; baseline -0.004 -3"><span class='ocrx_word' id='word_1_656' title='bbox 1105 1714 1200 1742; x_wconf 88' lang='lat' dir='ltr'><strong><em>stione</em></strong></span> <span class='ocrx_word' id='word_1_657' title='bbox 1214 1715 1241 1742; x_wconf 89' lang='lat' dir='ltr'><strong><em>et</em></strong></span> <span class='ocrx_word' id='word_1_658' title='bbox 1254 1713 1292 1741; x_wconf 89' lang='lat' dir='ltr'><strong><em>de</em></strong></span> <span class='ocrx_word' id='word_1_659' title='bbox 1300 1713 1424 1742; x_wconf 90' lang='lat' dir='ltr'><strong><em>Paulino</em></strong></span> <span class='ocrx_word' id='word_1_660' title='bbox 1432 1713 1475 1742; x_wconf 89' lang='lat' dir='ltr'><strong><em>sic</em></strong></span> <span class='ocrx_word' id='word_1_661' title='bbox 1481 1713 1600 1745; x_wconf 80' lang='lat' dir='ltr'><strong><em>sentiat.</em></strong></span> <span class='ocrx_word' id='word_1_662' title='bbox 1607 1713 1686 1741; x_wconf 83' lang='lat' dir='ltr'><strong><em>hanc</em></strong></span> <span class='ocrx_word' id='word_1_663' title='bbox 1694 1712 1778 1740; x_wconf 76' lang='lat' dir='ltr'><strong><em>aﬁ‘ert</em></strong></span> <span class='ocrx_word' id='word_1_664' title='bbox 1785 1712 1934 1740; x_wconf 87' lang='lat' dir='ltr'><strong><em>rationem</em></strong></span> 
     </span>
    </p>
   </div>
   <div class='ocr_carea' id='block_1_94' title="bbox 1104 1757 1936 1795">
    <p class='ocr_par' dir='ltr' id='par_1_94' title="bbox 1104 1757 1936 1795">
     <span class='ocr_line' id='line_1_94' title="bbox 1104 1757 1936 1795; baseline -0.005 -8"><span class='ocrx_word' id='word_1_665' title='bbox 1104 1759 1188 1795; x_wconf 87' lang='lat' dir='ltr'><strong><em>quod</em></strong></span> <span class='ocrx_word' id='word_1_666' title='bbox 1202 1758 1356 1792; x_wconf 81' lang='lat' dir='ltr'><strong><em>Paulinus,</em></strong></span> <span class='ocrx_word' id='word_1_667' title='bbox 1367 1758 1441 1786; x_wconf 92' lang='lat' dir='ltr'><strong><em>dum</em></strong></span> <span class='ocrx_word' id='word_1_668' title='bbox 1453 1766 1546 1786; x_wconf 84' lang='lat' dir='ltr'><strong><em>unam</em></strong></span> <span class='ocrx_word' id='word_1_669' title='bbox 1556 1757 1817 1793; x_wconf 87' lang='lat' dir='ltr'><strong><em>hypostasim,tres</em></strong></span> <span class='ocrx_word' id='word_1_670' title='bbox 1833 1763 1936 1791; x_wconf 82' lang='lat' dir='ltr'><strong><em>perso-</em></strong></span> 
     </span>
    </p>
   </div>
   <div class='ocr_carea' id='block_1_95' title="bbox 1105 1800 1936 1840">
    <p class='ocr_par' dir='ltr' id='par_1_95' title="bbox 1105 1800 1936 1840">
     <span class='ocr_line' id='line_1_95' title="bbox 1105 1800 1936 1840; baseline -0.006 -8"><span class='ocrx_word' id='word_1_671' title='bbox 1105 1811 1162 1832; x_wconf 88' lang='lat' dir='ltr'><strong><em>nas</em></strong></span> <span class='ocrx_word' id='word_1_672' title='bbox 1176 1803 1322 1840; x_wconf 82' lang='lat' dir='ltr'><strong><em>periectas</em></strong></span> <span class='ocrx_word' id='word_1_673' title='bbox 1333 1802 1474 1835; x_wconf 84' lang='lat' dir='ltr'><strong><em>admittit,</em></strong></span> <span class='ocrx_word' id='word_1_674' title='bbox 1492 1802 1522 1829; x_wconf 92' lang='lat' dir='ltr'><strong><em>in</em></strong></span> <span class='ocrx_word' id='word_1_675' title='bbox 1535 1802 1593 1829; x_wconf 86' lang='lat' dir='ltr'><strong><em>hoc</em></strong></span> <span class='ocrx_word' id='word_1_676' title='bbox 1604 1809 1622 1828; x_wconf 87' lang='lat' dir='ltr'><strong><em>a</em></strong></span> <span class='ocrx_word' id='word_1_677' title='bbox 1630 1800 1759 1828; x_wconf 82' lang='lat' dir='ltr'><strong><em>Sabellio</em></strong></span> <span class='ocrx_word' id='word_1_678' title='bbox 1769 1807 1831 1828; x_wconf 90' lang='lat' dir='ltr'><strong><em>non</em></strong></span> <span class='ocrx_word' id='word_1_679' title='bbox 1843 1800 1936 1828; x_wconf 88' lang='lat' dir='ltr'><strong><em>disce-</em></strong></span> 
     </span>
    </p>
   </div>
   <div class='ocr_carea' id='block_1_96' title="bbox 1107 1845 1933 1885">
    <p class='ocr_par' dir='ltr' id='par_1_96' title="bbox 1107 1845 1933 1885">
     <span class='ocr_line' id='line_1_96' title="bbox 1107 1845 1933 1885; baseline -0.006 -8"><span class='ocrx_word' id='word_1_680' title='bbox 1107 1849 1168 1884; x_wconf 89' lang='lat' dir='ltr'><strong><em>dat,</em></strong></span> <span class='ocrx_word' id='word_1_681' title='bbox 1183 1848 1236 1885; x_wconf 86' lang='lat' dir='ltr'><strong>qui</strong></span> <span class='ocrx_word' id='word_1_682' title='bbox 1250 1847 1361 1884; x_wconf 85' lang='lat' dir='ltr'><strong><em>pariter</em></strong></span> <span class='ocrx_word' id='word_1_683' title='bbox 1371 1854 1465 1874; x_wconf 88' lang='lat' dir='ltr'><strong>unam</strong></span> <span class='ocrx_word' id='word_1_684' title='bbox 1476 1845 1708 1882; x_wconf 87' lang='lat' dir='ltr'><strong><em>hypostasim,et</em></strong></span> <span class='ocrx_word' id='word_1_685' title='bbox 1717 1847 1777 1873; x_wconf 89' lang='lat' dir='ltr'><strong>tres</strong></span> <span class='ocrx_word' id='word_1_686' title='bbox 1787 1852 1933 1881; x_wconf 87' lang='lat' dir='ltr'><strong><em>personas</em></strong></span> 
     </span>
    </p>
   </div>
   <div class='ocr_carea' id='block_1_97' title="bbox 1107 1888 1934 1925">
    <p class='ocr_par' dir='ltr' id='par_1_97' title="bbox 1107 1888 1934 1925">
     <span class='ocr_line' id='line_1_97' title="bbox 1107 1888 1934 1925; baseline -0.007 -3"><span class='ocrx_word' id='word_1_687' title='bbox 1107 1893 1280 1922; x_wconf 83' lang='lat' dir='ltr'><strong><em>admiserat.</em></strong></span> <span class='ocrx_word' id='word_1_688' title='bbox 1296 1892 1393 1925; x_wconf 89' lang='lat' dir='ltr'><strong><em>Quare</em></strong></span> <span class='ocrx_word' id='word_1_689' title='bbox 1415 1890 1566 1919; x_wconf 87' lang='lat' dir='ltr'><strong><em>contendit</em></strong></span> <span class='ocrx_word' id='word_1_690' title='bbox 1591 1889 1719 1917; x_wconf 85' lang='lat' dir='ltr'><strong><em>Basilius</em></strong></span> <span class='ocrx_word' id='word_1_691' title='bbox 1747 1888 1934 1925; x_wconf 86' lang='lat' dir='ltr'><strong>coniunctio-</strong></span> 
     </span>
    </p>
   </div>
   <div class='ocr_carea' id='block_1_98' title="bbox 1107 1933 1936 1972">
    <p class='ocr_par' dir='ltr' id='par_1_98' title="bbox 1107 1933 1936 1972">
     <span class='ocr_line' id='line_1_98' title="bbox 1107 1933 1936 1972; baseline -0.006 -6"><span class='ocrx_word' id='word_1_692' title='bbox 1107 1946 1178 1966; x_wconf 87' lang='lat' dir='ltr'><strong><em>nem</em></strong></span> <span class='ocrx_word' id='word_1_693' title='bbox 1190 1945 1261 1965; x_wconf 91' lang='lat' dir='ltr'><strong><em>cum</em></strong></span> <span class='ocrx_word' id='word_1_694' title='bbox 1277 1936 1427 1972; x_wconf 89' lang='lat' dir='ltr'><strong><em>ejusmodi</em></strong></span> <span class='ocrx_word' id='word_1_695' title='bbox 1443 1934 1619 1963; x_wconf 89' lang='lat' dir='ltr'><strong><em>hominibus</em></strong></span> <span class='ocrx_word' id='word_1_696' title='bbox 1634 1942 1727 1962; x_wconf 87' lang='lat' dir='ltr'><strong><em>unam</em></strong></span> <span class='ocrx_word' id='word_1_697' title='bbox 1743 1933 1936 1970; x_wconf 88' lang='lat' dir='ltr'><strong><em>hypostasim</em></strong></span> 
     </span>
    </p>
   </div>
   <div class='ocr_carea' id='block_1_99' title="bbox 1106 1978 1936 2020">
    <p class='ocr_par' dir='ltr' id='par_1_99' title="bbox 1106 1978 1936 2020">
     <span class='ocr_line' id='line_1_99' title="bbox 1106 1978 1936 2020; baseline -0.006 -9"><span class='ocrx_word' id='word_1_698' title='bbox 1106 1981 1326 2020; x_wconf 86' lang='lat' dir='ltr'><strong><em>proﬁtentibus.</em></strong></span> <span class='ocrx_word' id='word_1_699' title='bbox 1339 1981 1403 2008; x_wconf 87' lang='lat' dir='ltr'><strong><em>sine</em></strong></span> <span class='ocrx_word' id='word_1_700' title='bbox 1425 1979 1612 2015; x_wconf 85' lang='lat' dir='ltr'><strong><em>gravissimis</em></strong></span> <span class='ocrx_word' id='word_1_701' title='bbox 1639 1978 1843 2008; x_wconf 89' lang='lat' dir='ltr'><strong><em>incommodis</em></strong></span> <span class='ocrx_word' id='word_1_702' title='bbox 1865 1978 1936 2006; x_wconf 87' lang='lat' dir='ltr'><strong><em>iniri</em></strong></span> 
     </span>
    </p>
   </div>
   <div class='ocr_carea' id='block_1_100' title="bbox 1106 2023 1936 2063">
    <p class='ocr_par' dir='ltr' id='par_1_100' title="bbox 1106 2023 1936 2063">
     <span class='ocr_line' id='line_1_100' title="bbox 1106 2023 1936 2063; baseline -0.008 -7"><span class='ocrx_word' id='word_1_703' title='bbox 1106 2035 1168 2056; x_wconf 90' lang='lat' dir='ltr'><strong><em>non</em></strong></span> <span class='ocrx_word' id='word_1_704' title='bbox 1191 2034 1298 2063; x_wconf 81' lang='lat' dir='ltr'><strong><em>posse:</em></strong></span> <span class='ocrx_word' id='word_1_705' title='bbox 1315 2028 1359 2056; x_wconf 84' lang='grc' dir='ltr'><strong><em>Τίς</em></strong></span> <span class='ocrx_word' id='word_1_706' title='bbox 1379 2024 1405 2052; x_wconf 79' lang='grc' dir='ltr'><strong><em>δ’</em></strong></span> <span class='ocrx_word' id='word_1_707' title='bbox 1429 2025 1460 2051; x_wconf 86' lang='grc' dir='ltr'>ἆν</span> <span class='ocrx_word' id='word_1_708' title='bbox 1478 2027 1577 2060; x_wconf 85' lang='grc' dir='ltr'>γένοιτο</span> <span class='ocrx_word' id='word_1_709' title='bbox 1603 2028 1648 2055; x_wconf 88' lang='grc' dir='ltr'>τῆς</span> <span class='ocrx_word' id='word_1_710' title='bbox 1677 2023 1800 2054; x_wconf 75' lang='grc' dir='ltr'>διαϐολῆς</span> <span class='ocrx_word' id='word_1_711' title='bbox 1838 2024 1936 2054; x_wconf 78' lang='grc' dir='ltr'>ταύτης</span> 
     </span>
    </p>
   </div>
   <div class='ocr_carea' id='block_1_101' title="bbox 1106 2066 1936 2109">
    <p class='ocr_par' dir='ltr' id='par_1_101' title="bbox 1106 2066 1936 2109">
     <span class='ocr_line' id='line_1_101' title="bbox 1106 2066 1936 2109; baseline -0.006 -11"><span class='ocrx_word' id='word_1_712' title='bbox 1106 2072 1286 2109; x_wconf 71' lang='grc' dir='ltr'>χαλεπωτέρα,</span> <span class='ocrx_word' id='word_1_713' title='bbox 1317 2073 1362 2097; x_wconf 80' lang='grc' dir='ltr'><strong><em>καὶ</em></strong></span> <span class='ocrx_word' id='word_1_714' title='bbox 1391 2070 1486 2106; x_wconf 84' lang='grc' dir='ltr'>μᾶλλον</span> <span class='ocrx_word' id='word_1_715' title='bbox 1516 2068 1646 2106; x_wconf 79' lang='grc' dir='ltr'><strong><em>δυναμένη</em></strong></span> <span class='ocrx_word' id='word_1_716' title='bbox 1674 2071 1732 2099; x_wconf 86' lang='grc' dir='ltr'>τοὺς</span> <span class='ocrx_word' id='word_1_717' title='bbox 1746 2068 1855 2099; x_wconf 87' lang='grc' dir='ltr'>πολλοὺς</span> <span class='ocrx_word' id='word_1_718' title='bbox 1870 2066 1888 2093; x_wconf 77' lang='grc' dir='ltr'><em>δ</em></span> <span class='ocrx_word' id='word_1_719' title='bbox 1891 2077 1936 2093; x_wconf 91' lang='grc' dir='ltr'>ια-</span> 
     </span>
    </p>
   </div>
   <div class='ocr_carea' id='block_1_102' title="bbox 1107 2114 1938 2152">
    <p class='ocr_par' dir='ltr' id='par_1_102' title="bbox 1107 2114 1938 2152">
     <span class='ocr_line' id='line_1_102' title="bbox 1107 2114 1938 2152; baseline -0.005 -9"><span class='ocrx_word' id='word_1_720' title='bbox 1107 2117 1243 2149; x_wconf 78' lang='grc' dir='ltr'>σαλεῡσαι,</span> <span class='ocrx_word' id='word_1_721' title='bbox 1272 2117 1286 2146; x_wconf 81' lang='grc' dir='ltr'><strong>ἣ</strong></span> <span class='ocrx_word' id='word_1_722' title='bbox 1318 2115 1339 2142; x_wconf 79' lang='grc' dir='ltr'><strong><em>εἰ</em></strong></span> <span class='ocrx_word' id='word_1_723' title='bbox 1369 2115 1509 2152; x_wconf 71' lang='grc' dir='ltr'>φανιίησάν</span> <span class='ocrx_word' id='word_1_724' title='bbox 1530 2125 1593 2145; x_wconf 83' lang='grc' dir='ltr'>τινες</span> <span class='ocrx_word' id='word_1_725' title='bbox 1622 2114 1647 2145; x_wconf 81' lang='grc' dir='ltr'><strong>ἐξ</strong></span> <span class='ocrx_word' id='word_1_726' title='bbox 1673 2115 1746 2150; x_wconf 79' lang='grc' dir='ltr'>ἡμῶν</span> <span class='ocrx_word' id='word_1_727' title='bbox 1775 2114 1875 2149; x_wconf 79' lang='grc' dir='ltr'>Πατρός</span> <span class='ocrx_word' id='word_1_728' title='bbox 1890 2115 1938 2139; x_wconf 77' lang='grc' dir='ltr'><strong><em>καί</em></strong></span> 
     </span>
    </p>
   </div>
   <div class='ocr_carea' id='block_1_103' title="bbox 1106 2157 1938 2196">
    <p class='ocr_par' dir='ltr' id='par_1_103' title="bbox 1106 2157 1938 2196">
     <span class='ocr_line' id='line_1_103' title="bbox 1106 2157 1938 2196; baseline -0.006 -8"><span class='ocrx_word' id='word_1_729' title='bbox 1106 2163 1167 2189; x_wconf 81' lang='grc' dir='ltr'><strong><em>Υἱοῡ</em></strong></span> <span class='ocrx_word' id='word_1_730' title='bbox 1197 2163 1243 2187; x_wconf 82' lang='grc' dir='ltr'><strong><em>καὶ</em></strong></span> <span class='ocrx_word' id='word_1_731' title='bbox 1277 2160 1354 2195; x_wconf 79' lang='grc' dir='ltr'>ἁγίου</span> <span class='ocrx_word' id='word_1_732' title='bbox 1395 2161 1544 2196; x_wconf 71' lang='grc' dir='ltr'>Πντύματος</span> <span class='ocrx_word' id='word_1_733' title='bbox 1581 2161 1642 2193; x_wconf 86' lang='grc' dir='ltr'>μίαν</span> <span class='ocrx_word' id='word_1_734' title='bbox 1675 2160 1822 2185; x_wconf 74' lang='grc' dir='ltr'>ὑπόστασιν</span> <span class='ocrx_word' id='word_1_735' title='bbox 1850 2157 1938 2194; x_wconf 76' lang='grc' dir='ltr'>λέγον-</span> 
     </span>
    </p>
   </div>
   <div class='ocr_carea' id='block_1_104' title="bbox 1106 2204 1935 2241">
    <p class='ocr_par' dir='ltr' id='par_1_104' title="bbox 1106 2204 1935 2241">
     <span class='ocr_line' id='line_1_104' title="bbox 1106 2204 1935 2241; baseline -0.004 -8"><span class='ocrx_word' id='word_1_736' title='bbox 1106 2215 1158 2237; x_wconf 72' lang='grc' dir='ltr'>τεςο</span> <span class='ocrx_word' id='word_1_737' title='bbox 1172 2207 1315 2241; x_wconf 61' lang='lat' dir='ltr'><strong><em>Quasnam</em></strong></span> <span class='ocrx_word' id='word_1_738' title='bbox 1326 2207 1426 2234; x_wconf 86' lang='lat' dir='ltr'><strong><em>autem</em></strong></span> <span class='ocrx_word' id='word_1_739' title='bbox 1437 2204 1494 2233; x_wconf 87' lang='lat' dir='ltr'><strong><em>hac</em></strong></span> <span class='ocrx_word' id='word_1_740' title='bbox 1505 2204 1661 2232; x_wconf 85' lang='lat' dir='ltr'><strong><em>calumnia</em></strong></span> <span class='ocrx_word' id='word_1_741' title='bbox 1669 2204 1794 2239; x_wconf 84' lang='lat' dir='ltr'><strong><em>gravior</em></strong></span> <span class='ocrx_word' id='word_1_742' title='bbox 1801 2210 1863 2231; x_wconf 84' lang='lat' dir='ltr'><strong><em>esse</em></strong></span> <span class='ocrx_word' id='word_1_743' title='bbox 1870 2210 1935 2237; x_wconf 78' lang='lat' dir='ltr'><strong><em>pos-</em></strong></span> 
     </span>
    </p>
   </div>
   <div class='ocr_carea' id='block_1_105' title="bbox 1107 2247 1938 2285">
    <p class='ocr_par' dir='ltr' id='par_1_105' title="bbox 1107 2247 1938 2285">
     <span class='ocr_line' id='line_1_105' title="bbox 1107 2247 1938 2285; baseline -0.007 -5"><span class='ocrx_word' id='word_1_744' title='bbox 1107 2252 1153 2285; x_wconf 86' lang='lat' dir='ltr'><strong><em>sit,</em></strong></span> <span class='ocrx_word' id='word_1_745' title='bbox 1169 2254 1197 2280; x_wconf 86' lang='lat' dir='ltr'><strong><em>et</em></strong></span> <span class='ocrx_word' id='word_1_746' title='bbox 1207 2251 1248 2279; x_wconf 87' lang='lat' dir='ltr'><strong><em>ad</em></strong></span> <span class='ocrx_word' id='word_1_747' title='bbox 1261 2251 1372 2278; x_wconf 86' lang='lat' dir='ltr'><strong><em>multos</em></strong></span> <span class='ocrx_word' id='word_1_748' title='bbox 1386 2249 1608 2278; x_wconf 77' lang='lat' dir='ltr'><strong><em>commovendos</em></strong></span> <span class='ocrx_word' id='word_1_749' title='bbox 1619 2249 1730 2283; x_wconf 85' lang='lat' dir='ltr'><strong><em>aptior,</em></strong></span> <span class='ocrx_word' id='word_1_750' title='bbox 1741 2255 1832 2284; x_wconf 86' lang='lat' dir='ltr'><strong><em>quam</em></strong></span> <span class='ocrx_word' id='word_1_751' title='bbox 1845 2248 1872 2274; x_wconf 81' lang='lat' dir='ltr'><strong><em>si</em></strong></span> <span class='ocrx_word' id='word_1_752' title='bbox 1885 2247 1938 2282; x_wconf 88' lang='lat' dir='ltr'><strong><em>qui</em></strong></span> 
     </span>
    </p>
   </div>
   <div class='ocr_carea' id='block_1_106' title="bbox 1108 2292 1939 2327">
    <p class='ocr_par' dir='ltr' id='par_1_106' title="bbox 1108 2292 1939 2327">
     <span class='ocr_line' id='line_1_106' title="bbox 1108 2292 1939 2327; baseline -0.006 -3"><span class='ocrx_word' id='word_1_753' title='bbox 1108 2304 1145 2325; x_wconf 75' lang='lat' dir='ltr'><strong><em>ex</em></strong></span> <span class='ocrx_word' id='word_1_754' title='bbox 1152 2296 1236 2324; x_wconf 85' lang='lat' dir='ltr'><strong><em>nobis</em></strong></span> <span class='ocrx_word' id='word_1_755' title='bbox 1248 2295 1410 2323; x_wconf 87' lang='lat' dir='ltr'><strong><em>videantur</em></strong></span> <span class='ocrx_word' id='word_1_756' title='bbox 1421 2294 1522 2322; x_wconf 83' lang='lat' dir='ltr'><strong><em>Patris</em></strong></span> <span class='ocrx_word' id='word_1_757' title='bbox 1534 2296 1561 2321; x_wconf 91' lang='lat' dir='ltr'><strong><em>et</em></strong></span> <span class='ocrx_word' id='word_1_758' title='bbox 1572 2294 1648 2322; x_wconf 82' lang='lat' dir='ltr'><strong><em>Filii</em></strong></span> <span class='ocrx_word' id='word_1_759' title='bbox 1656 2295 1682 2321; x_wconf 85' lang='lat' dir='ltr'><strong><em>et</em></strong></span> <span class='ocrx_word' id='word_1_760' title='bbox 1694 2292 1824 2327; x_wconf 85' lang='lat' dir='ltr'><strong><em>Spiritus</em></strong></span> <span class='ocrx_word' id='word_1_761' title='bbox 1839 2292 1939 2320; x_wconf 83' lang='lat' dir='ltr'><strong><em>sancti</em></strong></span> 
     </span>
    </p>
   </div>
   <div class='ocr_carea' id='block_1_107' title="bbox 1108 2337 1938 2377">
    <p class='ocr_par' dir='ltr' id='par_1_107' title="bbox 1108 2337 1938 2377">
     <span class='ocr_line' id='line_1_107' title="bbox 1108 2337 1938 2377; baseline -0.008 -7"><span class='ocrx_word' id='word_1_762' title='bbox 1108 2349 1201 2370; x_wconf 87' lang='lat' dir='ltr'><strong><em>unam</em></strong></span> <span class='ocrx_word' id='word_1_763' title='bbox 1217 2340 1400 2377; x_wconf 82' lang='lat' dir='ltr'><strong><em>hypostasim</em></strong></span> <span class='ocrx_word' id='word_1_764' title='bbox 1415 2339 1538 2368; x_wconf 75' lang='lat' dir='ltr'><strong><em>dicere?</em></strong></span> <span class='ocrx_word' id='word_1_765' title='bbox 1549 2340 1580 2366; x_wconf 93' lang='lat' dir='ltr'><strong>ln</strong></span> <span class='ocrx_word' id='word_1_766' title='bbox 1600 2338 1740 2366; x_wconf 89' lang='lat' dir='ltr'><strong><em>eamdem</em></strong></span> <span class='ocrx_word' id='word_1_767' title='bbox 1758 2337 1938 2365; x_wconf 85' lang='lat' dir='ltr'><strong><em>sententiam</em></strong></span> 
     </span>
    </p>
   </div>
   <div class='ocr_carea' id='block_1_108' title="bbox 1110 2382 1937 2422">
    <p class='ocr_par' dir='ltr' id='par_1_108' title="bbox 1110 2382 1937 2422">
     <span class='ocr_line' id='line_1_108' title="bbox 1110 2382 1937 2422; baseline -0.007 -7"><span class='ocrx_word' id='word_1_768' title='bbox 1110 2387 1152 2415; x_wconf 90' lang='lat' dir='ltr'><strong>sic</strong></span> <span class='ocrx_word' id='word_1_769' title='bbox 1177 2386 1340 2422; x_wconf 84' lang='lat' dir='ltr'><strong><em>alloquitur</em></strong></span> <span class='ocrx_word' id='word_1_770' title='bbox 1364 2385 1567 2421; x_wconf 84' lang='lat' dir='ltr'><strong><em>Epiphanium</em></strong></span> <span class='ocrx_word' id='word_1_771' title='bbox 1588 2384 1618 2411; x_wconf 91' lang='lat' dir='ltr'><strong>in</strong></span> <span class='ocrx_word' id='word_1_772' title='bbox 1630 2382 1758 2419; x_wconf 90' lang='lat' dir='ltr'><strong>epistola</strong></span> <span class='ocrx_word' id='word_1_773' title='bbox 1770 2383 1834 2414; x_wconf 81' lang='lat'><strong><em>258,</em></strong></span> <span class='ocrx_word' id='word_1_774' title='bbox 1850 2390 1881 2410; x_wconf 88' lang='grc' dir='ltr'>ιι.</span> <span class='ocrx_word' id='word_1_775' title='bbox 1896 2384 1911 2410; x_wconf 89' lang='lat'><em>3</em></span> <span class='ocrx_word' id='word_1_776' title='bbox 1931 2397 1937 2416; x_wconf 84' lang='grc'>;</span> 
     </span>
    </p>
   </div>
   <div class='ocr_carea' id='block_1_109' title="bbox 1108 2427 1938 2466">
    <p class='ocr_par' dir='ltr' id='par_1_109' title="bbox 1108 2427 1938 2466">
     <span class='ocr_line' id='line_1_109' title="bbox 1108 2427 1938 2466; baseline -0.007 -8"><span class='ocrx_word' id='word_1_777' title='bbox 1108 2432 1210 2462; x_wconf 79' lang='grc' dir='ltr'>Ἱκανῶς</span> <span class='ocrx_word' id='word_1_778' title='bbox 1235 2429 1264 2457; x_wconf 66' lang='grc' dir='ltr'><strong><em>δὲ</em></strong></span> <span class='ocrx_word' id='word_1_779' title='bbox 1291 2440 1341 2466; x_wconf 85' lang='grc' dir='ltr'><strong><em>μου</em></strong></span> <span class='ocrx_word' id='word_1_780' title='bbox 1370 2429 1473 2456; x_wconf 73' lang='grc' dir='ltr'>κάκεῖνο</span> <span class='ocrx_word' id='word_1_781' title='bbox 1502 2431 1548 2458; x_wconf 79' lang='grc' dir='ltr'>τὴν</span> <span class='ocrx_word' id='word_1_782' title='bbox 1583 2428 1677 2464; x_wconf 74' lang='grc' dir='ltr'>ψυχὴν</span> <span class='ocrx_word' id='word_1_783' title='bbox 1705 2427 1874 2464; x_wconf 79' lang='grc' dir='ltr'><strong><em>παρεκάλεσε,</em></strong></span> <span class='ocrx_word' id='word_1_784' title='bbox 1909 2429 1938 2453; x_wconf 84' lang='grc' dir='ltr'>τὸ</span> 
     </span>
    </p>
   </div>
   <div class='ocr_carea' id='block_1_110' title="bbox 1109 2471 1938 2515">
    <p class='ocr_par' dir='ltr' id='par_1_110' title="bbox 1109 2471 1938 2515">
     <span class='ocr_line' id='line_1_110' title="bbox 1109 2471 1938 2515; baseline -0.008 -12"><span class='ocrx_word' id='word_1_785' title='bbox 1109 2476 1250 2515; x_wconf 70' lang='grc' dir='ltr'>προστεθὲν</span> <span class='ocrx_word' id='word_1_786' title='bbox 1276 2476 1348 2511; x_wconf 78' lang='grc' dir='ltr'>παρὰ</span> <span class='ocrx_word' id='word_1_787' title='bbox 1369 2479 1415 2505; x_wconf 82' lang='grc' dir='ltr'>τῆς</span> <span class='ocrx_word' id='word_1_788' title='bbox 1445 2478 1494 2505; x_wconf 85' lang='grc' dir='ltr'>σῆς</span> <span class='ocrx_word' id='word_1_789' title='bbox 1517 2473 1650 2510; x_wconf 77' lang='grc' dir='ltr'>ἀκριϐείας</span> <span class='ocrx_word' id='word_1_790' title='bbox 1671 2475 1727 2503; x_wconf 82' lang='grc' dir='ltr'>τοῖς</span> <span class='ocrx_word' id='word_1_791' title='bbox 1755 2471 1856 2501; x_wconf 80' lang='grc' dir='ltr'>λοιποῖς</span> <span class='ocrx_word' id='word_1_792' title='bbox 1893 2481 1938 2497; x_wconf 75' lang='grc' dir='ltr'>κα-</span> 
     </span>
    </p>
   </div>
   <div class='ocr_carea' id='block_1_111' title="bbox 1109 2516 1938 2557">
    <p class='ocr_par' dir='ltr' id='par_1_111' title="bbox 1109 2516 1938 2557">
     <span class='ocr_line' id='line_1_111' title="bbox 1109 2516 1938 2557; baseline -0.008 -9"><span class='ocrx_word' id='word_1_793' title='bbox 1109 2521 1160 2552; x_wconf 87' lang='grc' dir='ltr'>λῶς</span> <span class='ocrx_word' id='word_1_794' title='bbox 1189 2523 1235 2547; x_wconf 80' lang='grc' dir='ltr'>καὶ</span> <span class='ocrx_word' id='word_1_795' title='bbox 1269 2519 1380 2557; x_wconf 75' lang='grc' dir='ltr'>ἀκριϐῶς</span> <span class='ocrx_word' id='word_1_796' title='bbox 1419 2519 1606 2554; x_wconf 82' lang='grc' dir='ltr'>θεολογηθεῖσι·</span> <span class='ocrx_word' id='word_1_797' title='bbox 1637 2519 1667 2544; x_wconf 84' lang='grc' dir='ltr'>τὸ</span> <span class='ocrx_word' id='word_1_798' title='bbox 1697 2520 1766 2554; x_wconf 82' lang='grc' dir='ltr'>τρεῖς</span> <span class='ocrx_word' id='word_1_799' title='bbox 1797 2516 1938 2551; x_wconf 75' lang='grc' dir='ltr'>ἀναγκαῖον</span> 
     </span>
    </p>
   </div>
   <div class='ocr_carea' id='block_1_112' title="bbox 1111 2562 1938 2600">
    <p class='ocr_par' dir='ltr' id='par_1_112' title="bbox 1111 2562 1938 2600">
     <span class='ocr_line' id='line_1_112' title="bbox 1111 2562 1938 2600; baseline -0.008 -7"><span class='ocrx_word' id='word_1_800' title='bbox 1111 2565 1174 2593; x_wconf 85' lang='grc' dir='ltr'>εἶναι</span> <span class='ocrx_word' id='word_1_801' title='bbox 1200 2567 1244 2596; x_wconf 81' lang='grc' dir='ltr'><strong><em>τὰς</em></strong></span> <span class='ocrx_word' id='word_1_802' title='bbox 1267 2565 1428 2594; x_wconf 76' lang='grc' dir='ltr'>ὑποστάσεις</span> <span class='ocrx_word' id='word_1_803' title='bbox 1450 2563 1592 2600; x_wconf 79' lang='grc' dir='ltr'>ὁμολογεῖν.</span> <span class='ocrx_word' id='word_1_804' title='bbox 1619 2562 1700 2588; x_wconf 78' lang='grc' dir='ltr'>Ὠστε</span> <span class='ocrx_word' id='word_1_805' title='bbox 1728 2565 1805 2588; x_wconf 80' lang='grc' dir='ltr'>τοῦτο</span> <span class='ocrx_word' id='word_1_806' title='bbox 1834 2563 1876 2586; x_wconf 76' lang='grc' dir='ltr'>καὶ</span> <span class='ocrx_word' id='word_1_807' title='bbox 1914 2562 1938 2586; x_wconf 86' lang='grc' dir='ltr'>οὶ</span> 
     </span>
    </p>
   </div>
   <div class='ocr_carea' id='block_1_113' title="bbox 1109 2605 1938 2646">
    <p class='ocr_par' dir='ltr' id='par_1_113' title="bbox 1109 2605 1938 2646">
     <span class='ocr_line' id='line_1_113' title="bbox 1109 2605 1938 2646; baseline -0.01 -8"><span class='ocrx_word' id='word_1_808' title='bbox 1109 2612 1176 2638; x_wconf 75' lang='grc' dir='ltr'>κατὰ</span> <span class='ocrx_word' id='word_1_809' title='bbox 1209 2610 1372 2646; x_wconf 82' lang='grc' dir='ltr'>Ἀντιόχειαν</span> <span class='ocrx_word' id='word_1_810' title='bbox 1410 2607 1517 2644; x_wconf 72' lang='grc' dir='ltr'><strong><em>ἀδελφοὶ</em></strong></span> <span class='ocrx_word' id='word_1_811' title='bbox 1547 2605 1769 2633; x_wconf 69' lang='grc' dir='ltr'>διδασκέσθωσαν</span> <span class='ocrx_word' id='word_1_812' title='bbox 1793 2606 1865 2642; x_wconf 82' lang='grc' dir='ltr'>παρὰ</span> <span class='ocrx_word' id='word_1_813' title='bbox 1890 2609 1938 2631; x_wconf 82' lang='grc' dir='ltr'>σοῦ</span> 
     </span>
    </p>
   </div>
   <div class='ocr_carea' id='block_1_114' title="bbox 1109 2648 1939 2689">
    <p class='ocr_par' dir='ltr' id='par_1_114' title="bbox 1109 2648 1939 2689">
     <span class='ocr_line' id='line_1_114' title="bbox 1109 2648 1939 2689; baseline -0.008 -7"><span class='ocrx_word' id='word_1_814' title='bbox 1109 2657 1208 2685; x_wconf 71' lang='grc' dir='ltr'>πάντως</span> <span class='ocrx_word' id='word_1_815' title='bbox 1230 2653 1260 2685; x_wconf 76' lang='grc' dir='ltr'><strong><em>δε</em></strong></span> <span class='ocrx_word' id='word_1_816' title='bbox 1277 2664 1326 2680; x_wconf 84' lang='grc' dir='ltr'>που</span> <span class='ocrx_word' id='word_1_817' title='bbox 1348 2656 1393 2680; x_wconf 87' lang='grc' dir='ltr'><strong><em>καὶ</em></strong></span> <span class='ocrx_word' id='word_1_818' title='bbox 1413 2651 1610 2689; x_wconf 77' lang='grc' dir='ltr'><strong><em>ἐδιδάχθησαν·</em></strong></span> <span class='ocrx_word' id='word_1_819' title='bbox 1639 2651 1668 2677; x_wconf 76' lang='grc' dir='ltr'>οὐ</span> <span class='ocrx_word' id='word_1_820' title='bbox 1692 2652 1740 2687; x_wconf 73' lang='grc' dir='ltr'><strong><em>γὰρ</em></strong></span> <span class='ocrx_word' id='word_1_821' title='bbox 1760 2649 1789 2676; x_wconf 80' lang='grc' dir='ltr'>ἂν</span> <span class='ocrx_word' id='word_1_822' title='bbox 1807 2650 1873 2676; x_wconf 80' lang='grc' dir='ltr'>εἵλου</span> <span class='ocrx_word' id='word_1_823' title='bbox 1891 2648 1939 2678; x_wconf 69' lang='grc' dir='ltr'><strong><em>δη-</em></strong></span> 
     </span>
    </p>
   </div>
   <div class='ocr_carea' id='block_1_115' title="bbox 1108 2694 1938 2736">
    <p class='ocr_par' dir='ltr' id='par_1_115' title="bbox 1108 2694 1938 2736">
     <span class='ocr_line' id='line_1_115' title="bbox 1108 2694 1938 2736; baseline -0.008 -10"><span class='ocrx_word' id='word_1_824' title='bbox 1108 2700 1191 2727; x_wconf 77' lang='grc' dir='ltr'>λονότι</span> <span class='ocrx_word' id='word_1_825' title='bbox 1220 2702 1267 2729; x_wconf 84' lang='grc' dir='ltr'>τὴν</span> <span class='ocrx_word' id='word_1_826' title='bbox 1296 2700 1359 2736; x_wconf 83' lang='grc' dir='ltr'>πρὸς</span> <span class='ocrx_word' id='word_1_827' title='bbox 1386 2698 1480 2728; x_wconf 79' lang='grc' dir='ltr'>αὐτοὺς</span> <span class='ocrx_word' id='word_1_828' title='bbox 1508 2699 1652 2728; x_wconf 74' lang='grc' dir='ltr'>κοινωνίαν,</span> <span class='ocrx_word' id='word_1_829' title='bbox 1680 2697 1716 2731; x_wconf 89' lang='grc' dir='ltr'>μὴ</span> <span class='ocrx_word' id='word_1_830' title='bbox 1751 2698 1827 2720; x_wconf 81' lang='grc' dir='ltr'>τοῦτο</span> <span class='ocrx_word' id='word_1_831' title='bbox 1855 2694 1938 2720; x_wconf 75' lang='grc' dir='ltr'>αὐτῶν</span> 
     </span>
    </p>
   </div>
   <div class='ocr_carea' id='block_1_116' title="bbox 1108 2739 1938 2781">
    <p class='ocr_par' dir='ltr' id='par_1_116' title="bbox 1108 2739 1938 2781">
     <span class='ocr_line' id='line_1_116' title="bbox 1108 2739 1938 2781; baseline -0.006 -10"><span class='ocrx_word' id='word_1_832' title='bbox 1108 2745 1224 2781; x_wconf 81' lang='grc' dir='ltr'>μάλιστα</span> <span class='ocrx_word' id='word_1_833' title='bbox 1243 2746 1272 2770; x_wconf 85' lang='grc' dir='ltr'>τὸ</span> <span class='ocrx_word' id='word_1_834' title='bbox 1292 2746 1366 2780; x_wconf 79' lang='grc' dir='ltr'>μέρος</span> <span class='ocrx_word' id='word_1_835' title='bbox 1382 2742 1601 2779; x_wconf 61' lang='grc' dir='ltr'>ἀσφαλισάμενος</span> <span class='ocrx_word' id='word_1_836' title='bbox 1621 2739 1713 2768; x_wconf 83' lang='lat' dir='ltr'><strong><em>Valde</em></strong></span> <span class='ocrx_word' id='word_1_837' title='bbox 1729 2742 1825 2767; x_wconf 87' lang='lat' dir='ltr'><strong><em>autem</em></strong></span> <span class='ocrx_word' id='word_1_838' title='bbox 1840 2747 1938 2767; x_wconf 84' lang='lat' dir='ltr'><strong><em>meum</em></strong></span> 
     </span>
    </p>
   </div>
   <div class='ocr_carea' id='block_1_117' title="bbox 1108 2784 1938 2820">
    <p class='ocr_par' dir='ltr' id='par_1_117' title="bbox 1108 2784 1938 2820">
     <span class='ocr_line' id='line_1_117' title="bbox 1108 2784 1938 2820; baseline -0.008 -2"><span class='ocrx_word' id='word_1_839' title='bbox 1108 2790 1188 2818; x_wconf 85' lang='lat' dir='ltr'><strong><em>illud</em></strong></span> <span class='ocrx_word' id='word_1_840' title='bbox 1209 2790 1298 2818; x_wconf 84' lang='lat' dir='ltr'><strong><em>etiam</em></strong></span> <span class='ocrx_word' id='word_1_841' title='bbox 1322 2789 1454 2816; x_wconf 84' lang='lat' dir='ltr'><strong><em>animum</em></strong></span> <span class='ocrx_word' id='word_1_842' title='bbox 1485 2785 1643 2818; x_wconf 84' lang='lat' dir='ltr'><strong><em>recreavit,</em></strong></span> <span class='ocrx_word' id='word_1_843' title='bbox 1673 2784 1752 2820; x_wconf 87' lang='lat' dir='ltr'><strong><em>quod</em></strong></span> <span class='ocrx_word' id='word_1_844' title='bbox 1776 2784 1938 2819; x_wconf 82' lang='lat' dir='ltr'><strong><em>diligentia</em></strong></span> 
     </span>
    </p>
   </div>
   <div class='ocr_carea' id='block_1_118' title="bbox 1108 2829 1943 2870">
    <p class='ocr_par' dir='ltr' id='par_1_118' title="bbox 1108 2829 1943 2870">
     <span class='ocr_line' id='line_1_118' title="bbox 1108 2829 1943 2870; baseline -0.01 -6"><span class='ocrx_word' id='word_1_845' title='bbox 1108 2838 1160 2864; x_wconf 86' lang='lat' dir='ltr'><strong><em>tua</em></strong></span> <span class='ocrx_word' id='word_1_846' title='bbox 1171 2835 1285 2864; x_wconf 67' lang='grc' dir='ltr'><strong><em>δίεισι-ξε</em></strong></span> <span class='ocrx_word' id='word_1_847' title='bbox 1299 2834 1449 2870; x_wconf 71' lang='grc' dir='ltr'><strong><em>ρνωσιανε</em></strong></span> <span class='ocrx_word' id='word_1_848' title='bbox 1463 2835 1490 2861; x_wconf 86' lang='lat' dir='ltr'><strong><em>et</em></strong></span> <span class='ocrx_word' id='word_1_849' title='bbox 1503 2833 1645 2860; x_wconf 84' lang='lat' dir='ltr'><strong><em>accurate</em></strong></span> <span class='ocrx_word' id='word_1_850' title='bbox 1655 2829 1795 2858; x_wconf 82' lang='lat' dir='ltr'><strong><em>tractatis</em></strong></span> <span class='ocrx_word' id='word_1_851' title='bbox 1810 2829 1920 2864; x_wconf 83' lang='lat' dir='ltr'><strong><em>adjecit</em></strong></span> <span class='ocrx_word' id='word_1_852' title='bbox 1937 2850 1943 2861; x_wconf 86' lang='lat'><strong><em>,</em></strong></span> 
     </span>
    </p>
   </div>
  </div>
