  <div class='ocr_page' id='page_1' title='image "/cluster/home/n/w/nwhite01/storage/ocr_20150623/32/njp.32101077772539/018.png"; bbox 0 0 2027 3144; ppageno 0'>
   <div class='ocr_carea' id='block_1_1' title="bbox 108 148 142 176">
    <p class='ocr_par' dir='ltr' id='par_1_1' title="bbox 108 148 142 176">
     <span class='ocr_line' id='line_1_1' title="bbox 108 148 142 176; baseline 0 0"><span class='ocrx_word' id='word_1_1' title='bbox 108 148 142 176; x_wconf 77' lang='grc'>21</span> 
     </span>
    </p>
   </div>
   <div class='ocr_carea' id='block_1_2' title="bbox 879 139 1070 171">
    <p class='ocr_par' dir='ltr' id='par_1_2' title="bbox 879 139 1070 171">
     <span class='ocr_line' id='line_1_2' title="bbox 879 139 1070 171; baseline -0.01 0"><span class='ocrx_word' id='word_1_2' title='bbox 879 139 1070 171; x_wconf 72' lang='grc' dir='ltr'>ΡΒΕΡΛΤΙΟ.</span> 
     </span>
    </p>
   </div>
   <div class='ocr_carea' id='block_1_3' title="bbox 1795 136 1830 163">
    <p class='ocr_par' dir='ltr' id='par_1_3' title="bbox 1795 136 1830 163">
     <span class='ocr_line' id='line_1_3' title="bbox 1795 136 1830 163; baseline 0.029 -1"><span class='ocrx_word' id='word_1_3' title='bbox 1795 136 1830 163; x_wconf 81' lang='lat'><strong>22</strong></span> 
     </span>
    </p>
   </div>
   <div class='ocr_carea' id='block_1_4' title="bbox 110 197 1829 246">
    <p class='ocr_par' dir='ltr' id='par_1_4' title="bbox 110 197 1829 246">
     <span class='ocr_line' id='line_1_4' title="bbox 110 197 1829 246; baseline -0.008 -7"><span class='ocrx_word' id='word_1_4' title='bbox 110 218 226 240; x_wconf 78' lang='lat' dir='ltr'>necesse</span> <span class='ocrx_word' id='word_1_5' title='bbox 245 218 307 239; x_wconf 86' lang='lat' dir='ltr'>esse</span> <span class='ocrx_word' id='word_1_6' title='bbox 321 212 379 238; x_wconf 84' lang='lat' dir='ltr'>tres</span> <span class='ocrx_word' id='word_1_7' title='bbox 395 210 570 246; x_wconf 84' lang='lat' dir='ltr'>hypostascs</span> <span class='ocrx_word' id='word_1_8' title='bbox 584 210 732 244; x_wconf 79' lang='lat' dir='ltr'>conﬁteri.</span> <span class='ocrx_word' id='word_1_9' title='bbox 754 209 943 243; x_wconf 75' lang='lat' dir='ltr'>Quapropter</span> <span class='ocrx_word' id='word_1_10' title='bbox 959 205 982 233; x_wconf 89' lang='lat' dir='ltr'>A</span> <span class='ocrx_word' id='word_1_11' title='bbox 996 204 1055 232; x_wconf 87' lang='lat' dir='ltr'>bus</span> <span class='ocrx_word' id='word_1_12' title='bbox 1064 204 1173 232; x_wconf 80' lang='lat' dir='ltr'>eximia</span> <span class='ocrx_word' id='word_1_13' title='bbox 1180 203 1233 233; x_wconf 85' lang='lat' dir='ltr'>illa</span> <span class='ocrx_word' id='word_1_14' title='bbox 1247 203 1424 239; x_wconf 80' lang='lat' dir='ltr'>virtus,quse</span> <span class='ocrx_word' id='word_1_15' title='bbox 1432 202 1463 230; x_wconf 89' lang='lat' dir='ltr'>in</span> <span class='ocrx_word' id='word_1_16' title='bbox 1473 200 1618 246; x_wconf 72' lang='lat' dir='ltr'>omnibus</span> <span class='ocrx_word' id='word_1_17' title='bbox 1630 197 1829 246; x_wconf 28' lang='lat' dir='ltr'>Basilii‘dicti-s</span> 
     </span>
    </p>
   </div>
   <div class='ocr_carea' id='block_1_5' title="bbox 107 254 943 291">
    <p class='ocr_par' dir='ltr' id='par_1_5' title="bbox 107 254 943 291">
     <span class='ocr_line' id='line_1_5' title="bbox 107 254 943 291; baseline -0.005 -8"><span class='ocrx_word' id='word_1_18' title='bbox 107 256 224 291; x_wconf 79' lang='lat' dir='ltr'>fratres</span> <span class='ocrx_word' id='word_1_19' title='bbox 240 254 426 283; x_wconf 75' lang='lat' dir='ltr'>Antioc/teni</span> <span class='ocrx_word' id='word_1_20' title='bbox 432 255 488 283; x_wconf 79' lang='lat' dir='ltr'>hoc</span> <span class='ocrx_word' id='word_1_21' title='bbox 501 256 589 283; x_wconf 85' lang='lat' dir='ltr'>etiam</span> <span class='ocrx_word' id='word_1_22' title='bbox 600 262 619 282; x_wconf 86' lang='grc' dir='ltr'>(ι</span> <span class='ocrx_word' id='word_1_23' title='bbox 632 257 658 282; x_wconf 88' lang='lat' dir='ltr'>te</span> <span class='ocrx_word' id='word_1_24' title='bbox 666 255 846 282; x_wconf 85' lang='lat' dir='ltr'>edoceanlur</span> <span class='ocrx_word' id='word_1_25' title='bbox 855 259 866 288; x_wconf 89' lang='lat'>,&#39;</span> <span class='ocrx_word' id='word_1_26' title='bbox 876 259 943 287; x_wconf 90' lang='lat' dir='ltr'>pro-</span> 
     </span>
    </p>
   </div>
   <div class='ocr_carea' id='block_1_6' title="bbox 110 298 943 336">
    <p class='ocr_par' dir='ltr' id='par_1_6' title="bbox 110 298 943 336">
     <span class='ocr_line' id='line_1_6' title="bbox 110 298 943 336; baseline -0.004 -8"><span class='ocrx_word' id='word_1_27' title='bbox 110 301 186 336; x_wconf 87' lang='lat' dir='ltr'>fecto</span> <span class='ocrx_word' id='word_1_28' title='bbox 196 300 369 335; x_wconf 85' lang='lat' dir='ltr'>autemjam</span> <span class='ocrx_word' id='word_1_29' title='bbox 381 299 478 328; x_wconf 83' lang='lat' dir='ltr'>edocti</span> <span class='ocrx_word' id='word_1_30' title='bbox 487 301 557 326; x_wconf 82' lang='lat' dir='ltr'>sunt</span> <span class='ocrx_word' id='word_1_31' title='bbox 569 307 575 326; x_wconf 87' lang='lat'>:</span> <span class='ocrx_word' id='word_1_32' title='bbox 588 306 658 327; x_wconf 90' lang='lat' dir='ltr'>nam</span> <span class='ocrx_word' id='word_1_33' title='bbox 669 299 732 327; x_wconf 86' lang='lat' dir='ltr'>sine</span> <span class='ocrx_word' id='word_1_34' title='bbox 741 298 831 326; x_wconf 86' lang='lat' dir='ltr'>dubio</span> <span class='ocrx_word' id='word_1_35' title='bbox 842 304 943 325; x_wconf 87' lang='lat' dir='ltr'>eorum</span> 
     </span>
    </p>
   </div>
   <div class='ocr_carea' id='block_1_7' title="bbox 111 341 944 380">
    <p class='ocr_par' dir='ltr' id='par_1_7' title="bbox 111 341 944 380">
     <span class='ocr_line' id='line_1_7' title="bbox 111 341 944 380; baseline -0.005 -7"><span class='ocrx_word' id='word_1_36' title='bbox 111 345 270 379; x_wconf 68' lang='lat' dir='ltr'>amplexus</span> <span class='ocrx_word' id='word_1_37' title='bbox 281 352 343 372; x_wconf 88' lang='lat' dir='ltr'>non</span> <span class='ocrx_word' id='word_1_38' title='bbox 352 352 425 372; x_wconf 89' lang='lat' dir='ltr'>esses</span> <span class='ocrx_word' id='word_1_39' title='bbox 437 344 746 380; x_wconf 86' lang='lat' dir='ltr'>communianem,nisi</span> <span class='ocrx_word' id='word_1_40' title='bbox 753 341 944 371; x_wconf 71' lang='lat' dir='ltr'>maximelibi</span> 
     </span>
    </p>
   </div>
   <div class='ocr_carea' id='block_1_8' title="bbox 112 389 569 424">
    <p class='ocr_par' dir='ltr' id='par_1_8' title="bbox 112 389 569 424">
     <span class='ocr_line' id='line_1_8' title="bbox 112 389 569 424; baseline 0 -6"><span class='ocrx_word' id='word_1_41' title='bbox 112 390 150 418; x_wconf 86' lang='lat' dir='ltr'>de</span> <span class='ocrx_word' id='word_1_42' title='bbox 166 390 219 418; x_wconf 86' lang='lat' dir='ltr'>hoc</span> <span class='ocrx_word' id='word_1_43' title='bbox 234 389 335 424; x_wconf 80' lang='lat' dir='ltr'>capite</span> <span class='ocrx_word' id='word_1_44' title='bbox 349 392 472 418; x_wconf 86' lang='lat' dir='ltr'>cautum</span> <span class='ocrx_word' id='word_1_45' title='bbox 485 392 569 418; x_wconf 87' lang='lat' dir='ltr'>esset.</span> 
     </span>
    </p>
   </div>
   <div class='ocr_carea' id='block_1_9' title="bbox 149 431 945 470">
    <p class='ocr_par' dir='ltr' id='par_1_9' title="bbox 149 431 945 470">
     <span class='ocr_line' id='line_1_9' title="bbox 149 431 945 470; baseline -0.003 -8"><span class='ocrx_word' id='word_1_46' title='bbox 149 434 294 462; x_wconf 74' lang='lat' dir='ltr'>Videntur</span> <span class='ocrx_word' id='word_1_47' title='bbox 300 433 365 462; x_wconf 67' lang='lat'><strong>11830</strong></span> <span class='ocrx_word' id='word_1_48' title='bbox 373 434 473 470; x_wconf 88' lang='lat' dir='ltr'>prima</span> <span class='ocrx_word' id='word_1_49' title='bbox 481 434 580 470; x_wconf 88' lang='lat' dir='ltr'>specie</span> <span class='ocrx_word' id='word_1_50' title='bbox 586 441 722 470; x_wconf 81' lang='lat' dir='ltr'>pugnare</span> <span class='ocrx_word' id='word_1_51' title='bbox 734 441 803 462; x_wconf 88' lang='lat' dir='ltr'>cum</span> <span class='ocrx_word' id='word_1_52' title='bbox 814 431 945 468; x_wconf 84' lang='lat' dir='ltr'>Gregorii</span> 
     </span>
    </p>
   </div>
   <div class='ocr_carea' id='block_1_10' title="bbox 113 478 945 516">
    <p class='ocr_par' dir='ltr' id='par_1_10' title="bbox 113 478 945 516">
     <span class='ocr_line' id='line_1_10' title="bbox 113 478 945 516; baseline -0.004 -9"><span class='ocrx_word' id='word_1_53' title='bbox 113 479 290 508; x_wconf 74' lang='lat' dir='ltr'>Nazianzeni</span> <span class='ocrx_word' id='word_1_54' title='bbox 311 478 350 507; x_wconf 87' lang='lat' dir='ltr'>de</span> <span class='ocrx_word' id='word_1_55' title='bbox 374 479 434 507; x_wconf 81' lang='lat' dir='ltr'>hac</span> <span class='ocrx_word' id='word_1_56' title='bbox 451 479 618 516; x_wconf 76' lang='lat' dir='ltr'>quaestione</span> <span class='ocrx_word' id='word_1_57' title='bbox 635 479 760 514; x_wconf 89' lang='lat' dir='ltr'>judicio,</span> <span class='ocrx_word' id='word_1_58' title='bbox 777 480 806 506; x_wconf 87' lang='lat' dir='ltr'>et</span> <span class='ocrx_word' id='word_1_59' title='bbox 824 484 945 505; x_wconf 85' lang='lat' dir='ltr'>summa</span> 
     </span>
    </p>
   </div>
   <div class='ocr_carea' id='block_1_11' title="bbox 113 522 960 552">
    <p class='ocr_par' dir='ltr' id='par_1_11' title="bbox 113 522 960 552">
     <span class='ocr_line' id='line_1_11' title="bbox 113 522 960 552; baseline -0.004 0"><span class='ocrx_word' id='word_1_60' title='bbox 113 523 269 552; x_wconf 87' lang='lat' dir='ltr'>Athanasii</span> <span class='ocrx_word' id='word_1_61' title='bbox 278 523 310 552; x_wconf 91' lang='lat' dir='ltr'>in</span> <span class='ocrx_word' id='word_1_62' title='bbox 322 524 459 552; x_wconf 81' lang='lat' dir='ltr'>sedanda</span> <span class='ocrx_word' id='word_1_63' title='bbox 465 523 716 552; x_wconf 87' lang='lat' dir='ltr'>discordiaanimi</span> <span class='ocrx_word' id='word_1_64' title='bbox 724 522 942 551; x_wconf 69' lang='lat' dir='ltr'>moderatione.</span> <span class='ocrx_word' id='word_1_65' title='bbox 957 548 960 550; x_wconf 33' lang='grc' dir='ltr'><strong>ν</strong></span> 
     </span>
    </p>
   </div>
   <div class='ocr_carea' id='block_1_12' title="bbox 112 567 942 602">
    <p class='ocr_par' dir='ltr' id='par_1_12' title="bbox 112 567 942 602">
     <span class='ocr_line' id='line_1_12' title="bbox 112 567 942 602; baseline -0.002 -7"><span class='ocrx_word' id='word_1_66' title='bbox 112 568 180 595; x_wconf 69' lang='lat' dir='ltr'>Haec</span> <span class='ocrx_word' id='word_1_67' title='bbox 193 567 275 596; x_wconf 89' lang='lat' dir='ltr'>enim</span> <span class='ocrx_word' id='word_1_68' title='bbox 298 568 504 596; x_wconf 76' lang='lat' dir='ltr'>controversia</span> <span class='ocrx_word' id='word_1_69' title='bbox 528 567 646 595; x_wconf 87' lang='lat' dir='ltr'>videtur</span> <span class='ocrx_word' id='word_1_70' title='bbox 671 567 812 602; x_wconf 74' lang='lat' dir='ltr'>Gregorio</span> <span class='ocrx_word' id='word_1_71' title='bbox 827 567 883 602; x_wconf 92' lang='lat' dir='ltr'>(or.</span> <span class='ocrx_word' id='word_1_72' title='bbox 897 568 942 600; x_wconf 86' lang='grc'>21,</span> 
     </span>
    </p>
   </div>
   <div class='ocr_carea' id='block_1_13' title="bbox 111 609 944 648">
    <p class='ocr_par' dir='ltr' id='par_1_13' title="bbox 111 609 944 648">
     <span class='ocr_line' id='line_1_13' title="bbox 111 609 944 648; baseline 0.005 -9"><span class='ocrx_word' id='word_1_73' title='bbox 111 620 141 648; x_wconf 91' lang='lat' dir='ltr'>p.</span> <span class='ocrx_word' id='word_1_74' title='bbox 158 613 221 647; x_wconf 82' lang='lat'>396)</span> <span class='ocrx_word' id='word_1_75' title='bbox 237 620 285 641; x_wconf 89' lang='lat' dir='ltr'>res</span> <span class='ocrx_word' id='word_1_76' title='bbox 293 620 421 647; x_wconf 79' lang='lat' dir='ltr'>prorsus</span> <span class='ocrx_word' id='word_1_77' title='bbox 436 612 568 640; x_wconf 85' lang='lat' dir='ltr'>ridicula</span> <span class='ocrx_word' id='word_1_78' title='bbox 581 613 628 640; x_wconf 90' lang='lat' dir='ltr'>vel</span> <span class='ocrx_word' id='word_1_79' title='bbox 638 612 821 647; x_wconf 86' lang='lat' dir='ltr'>miseranda,</span> <span class='ocrx_word' id='word_1_80' title='bbox 839 612 873 642; x_wconf 83' lang='grc' dir='ltr'>ὡς</span> <span class='ocrx_word' id='word_1_81' title='bbox 887 609 944 636; x_wconf 81' lang='grc' dir='ltr'>λίαν</span> 
     </span>
    </p>
   </div>
   <div class='ocr_carea' id='block_1_14' title="bbox 109 656 944 692">
    <p class='ocr_par' dir='ltr' id='par_1_14' title="bbox 109 656 944 692">
     <span class='ocr_line' id='line_1_14' title="bbox 109 656 944 692; baseline 0 -9"><span class='ocrx_word' id='word_1_82' title='bbox 109 656 207 692; x_wconf 72' lang='grc' dir='ltr'>γελοῖον</span> <span class='ocrx_word' id='word_1_83' title='bbox 218 657 232 686; x_wconf 81' lang='grc' dir='ltr'><em>ὴ</em></span> <span class='ocrx_word' id='word_1_84' title='bbox 246 656 360 683; x_wconf 75' lang='grc' dir='ltr'>ἐλεεινόν·</span> <span class='ocrx_word' id='word_1_85' title='bbox 375 657 447 685; x_wconf 88' lang='lat' dir='ltr'>levis</span> <span class='ocrx_word' id='word_1_86' title='bbox 457 660 483 685; x_wconf 91' lang='lat' dir='ltr'>et</span> <span class='ocrx_word' id='word_1_87' title='bbox 490 658 600 692; x_wconf 85' lang='lat' dir='ltr'>jejuna</span> <span class='ocrx_word' id='word_1_88' title='bbox 610 657 646 685; x_wconf 90' lang='lat' dir='ltr'>de</span> <span class='ocrx_word' id='word_1_89' title='bbox 656 664 760 685; x_wconf 82' lang='lat' dir='ltr'>vocum</span> <span class='ocrx_word' id='word_1_90' title='bbox 771 663 843 684; x_wconf 87' lang='lat' dir='ltr'>sono</span> <span class='ocrx_word' id='word_1_91' title='bbox 853 656 944 684; x_wconf 85' lang='lat' dir='ltr'>alter-</span> 
     </span>
    </p>
   </div>
   <div class='ocr_carea' id='block_1_15' title="bbox 109 700 943 738">
    <p class='ocr_par' dir='ltr' id='par_1_15' title="bbox 109 700 943 738">
     <span class='ocr_line' id='line_1_15' title="bbox 109 700 943 738; baseline -0.001 -9"><span class='ocrx_word' id='word_1_92' title='bbox 109 702 228 736; x_wconf 75' lang='lat' dir='ltr'>cali0,ii</span> <span class='ocrx_word' id='word_1_93' title='bbox 259 704 319 738; x_wconf 84' lang='grc' dir='ltr'>περὶ</span> <span class='ocrx_word' id='word_1_94' title='bbox 343 704 386 728; x_wconf 82' lang='grc' dir='ltr'>τὸν</span> <span class='ocrx_word' id='word_1_95' title='bbox 409 700 476 738; x_wconf 71' lang='grc' dir='ltr'>ἦχον</span> <span class='ocrx_word' id='word_1_96' title='bbox 502 701 667 738; x_wconf 77' lang='grc' dir='ltr'>μικρολογία.</span> <span class='ocrx_word' id='word_1_97' title='bbox 682 701 778 730; x_wconf 86' lang='lat' dir='ltr'>Plenis</span> <span class='ocrx_word' id='word_1_98' title='bbox 801 700 943 729; x_wconf 84' lang='lat' dir='ltr'>manibus</span> 
     </span>
    </p>
   </div>
   <div class='ocr_carea' id='block_1_16' title="bbox 111 745 944 783">
    <p class='ocr_par' dir='ltr' id='par_1_16' title="bbox 111 745 944 783">
     <span class='ocr_line' id='line_1_16' title="bbox 111 745 944 783; baseline -0.001 -9"><span class='ocrx_word' id='word_1_99' title='bbox 111 746 313 775; x_wconf 79' lang='lat' dir='ltr'>Athanasium</span> <span class='ocrx_word' id='word_1_100' title='bbox 343 746 458 780; x_wconf 80' lang='lat' dir='ltr'>laudat,</span> <span class='ocrx_word' id='word_1_101' title='bbox 488 747 542 783; x_wconf 88' lang='lat' dir='ltr'>qui</span> <span class='ocrx_word' id='word_1_102' title='bbox 570 750 698 782; x_wconf 86' lang='lat' dir='ltr'>utraque</span> <span class='ocrx_word' id='word_1_103' title='bbox 723 749 811 781; x_wconf 84' lang='lat' dir='ltr'>parte</span> <span class='ocrx_word' id='word_1_104' title='bbox 837 745 944 774; x_wconf 89' lang='lat' dir='ltr'>leniter</span> 
     </span>
    </p>
   </div>
   <div class='ocr_carea' id='block_1_17' title="bbox 110 790 943 827">
    <p class='ocr_par' dir='ltr' id='par_1_17' title="bbox 110 790 943 827">
     <span class='ocr_line' id='line_1_17' title="bbox 110 790 943 827; baseline -0.002 -8"><span class='ocrx_word' id='word_1_105' title='bbox 110 794 135 819; x_wconf 88' lang='lat' dir='ltr'>et</span> <span class='ocrx_word' id='word_1_106' title='bbox 154 791 280 826; x_wconf 83' lang='lat' dir='ltr'>benigne</span> <span class='ocrx_word' id='word_1_107' title='bbox 295 792 404 824; x_wconf 84' lang='lat' dir='ltr'>accita,</span> <span class='ocrx_word' id='word_1_108' title='bbox 420 790 638 827; x_wconf 81' lang='lat' dir='ltr'>verborumque</span> <span class='ocrx_word' id='word_1_109' title='bbox 649 791 797 819; x_wconf 79' lang='lat' dir='ltr'>sententia</span> <span class='ocrx_word' id='word_1_110' title='bbox 817 790 943 824; x_wconf 34' lang='lat' dir='ltr'>diligens</span> 
     </span>
    </p>
   </div>
   <div class='ocr_carea' id='block_1_18' title="bbox 111 835 943 872">
    <p class='ocr_par' dir='ltr' id='par_1_18' title="bbox 111 835 943 872">
     <span class='ocr_line' id='line_1_18' title="bbox 111 835 943 872; baseline -0.004 -8"><span class='ocrx_word' id='word_1_111' title='bbox 111 839 158 864; x_wconf 83' lang='lat' dir='ltr'>ter</span> <span class='ocrx_word' id='word_1_112' title='bbox 169 838 196 864; x_wconf 91' lang='lat' dir='ltr'>et</span> <span class='ocrx_word' id='word_1_113' title='bbox 206 838 349 864; x_wconf 81' lang='lat' dir='ltr'>accurate</span> <span class='ocrx_word' id='word_1_114' title='bbox 359 843 514 872; x_wconf 79' lang='lat' dir='ltr'>perpensa,</span> <span class='ocrx_word' id='word_1_115' title='bbox 522 839 714 871; x_wconf 76' lang='lat' dir='ltr'>posteaquam</span> <span class='ocrx_word' id='word_1_116' title='bbox 725 835 885 863; x_wconf 73' lang='lat' dir='ltr'>concordes</span> <span class='ocrx_word' id='word_1_117' title='bbox 899 841 943 862; x_wconf 84' lang='lat' dir='ltr'>re-</span> 
     </span>
    </p>
   </div>
   <div class='ocr_carea' id='block_1_19' title="bbox 112 879 978 916">
    <p class='ocr_par' dir='ltr' id='par_1_19' title="bbox 112 879 978 916">
     <span class='ocr_line' id='line_1_19' title="bbox 112 879 978 916; baseline -0.002 -8"><span class='ocrx_word' id='word_1_118' title='bbox 112 881 200 915; x_wconf 87' lang='lat' dir='ltr'>perit,</span> <span class='ocrx_word' id='word_1_119' title='bbox 214 888 278 914; x_wconf 88' lang='lat' dir='ltr'>nec,</span> <span class='ocrx_word' id='word_1_120' title='bbox 291 883 438 916; x_wconf 87' lang='lat' dir='ltr'>quantum</span> <span class='ocrx_word' id='word_1_121' title='bbox 451 881 488 909; x_wconf 85' lang='lat' dir='ltr'>ad</span> <span class='ocrx_word' id='word_1_122' title='bbox 503 881 683 914; x_wconf 74' lang='lat' dir='ltr'>doctrinam,</span> <span class='ocrx_word' id='word_1_123' title='bbox 695 880 758 908; x_wconf 85' lang='lat' dir='ltr'>ullo</span> <span class='ocrx_word' id='word_1_124' title='bbox 769 880 855 908; x_wconf 86' lang='lat' dir='ltr'>modo</span> <span class='ocrx_word' id='word_1_125' title='bbox 865 879 944 907; x_wconf 88' lang='lat' dir='ltr'>inter</span> <span class='ocrx_word' id='word_1_126' title='bbox 958 885 978 912; x_wconf 81' lang='grc' dir='ltr'>Β</span> 
     </span>
    </p>
   </div>
   <div class='ocr_carea' id='block_1_20' title="bbox 116 924 943 960">
    <p class='ocr_par' dir='ltr' id='par_1_20' title="bbox 116 924 943 960">
     <span class='ocr_line' id='line_1_20' title="bbox 116 924 943 960; baseline -0.001 -8"><span class='ocrx_word' id='word_1_127' title='bbox 116 933 143 952; x_wconf 89' lang='lat' dir='ltr'>se</span> <span class='ocrx_word' id='word_1_128' title='bbox 156 925 342 959; x_wconf 74' lang='lat' dir='ltr'>dissidentes,</span> <span class='ocrx_word' id='word_1_129' title='bbox 355 926 398 953; x_wconf 86' lang='lat' dir='ltr'>ita</span> <span class='ocrx_word' id='word_1_130' title='bbox 414 926 565 960; x_wconf 82' lang='lat' dir='ltr'>negotium</span> <span class='ocrx_word' id='word_1_131' title='bbox 573 925 731 960; x_wconf 79' lang='lat' dir='ltr'>transegit,</span> <span class='ocrx_word' id='word_1_132' title='bbox 745 927 778 952; x_wconf 89' lang='lat' dir='ltr'>ut</span> <span class='ocrx_word' id='word_1_133' title='bbox 788 924 943 952; x_wconf 80' lang='lat' dir='ltr'>nominum</span> 
     </span>
    </p>
   </div>
   <div class='ocr_carea' id='block_1_21' title="bbox 116 970 943 1005">
    <p class='ocr_par' dir='ltr' id='par_1_21' title="bbox 116 970 943 1005">
     <span class='ocr_line' id='line_1_21' title="bbox 116 970 943 1005; baseline 0.002 -9"><span class='ocrx_word' id='word_1_134' title='bbox 116 978 200 998; x_wconf 82' lang='lat' dir='ltr'>usum</span> <span class='ocrx_word' id='word_1_135' title='bbox 231 970 396 999; x_wconf 83' lang='lat' dir='ltr'>concedens</span> <span class='ocrx_word' id='word_1_136' title='bbox 427 970 514 998; x_wconf 85' lang='lat' dir='ltr'>rebus</span> <span class='ocrx_word' id='word_1_137' title='bbox 541 977 587 998; x_wconf 86' lang='lat' dir='ltr'>eos</span> <span class='ocrx_word' id='word_1_138' title='bbox 614 971 842 1005; x_wconf 76' lang='lat' dir='ltr'>constringeret.</span> <span class='ocrx_word' id='word_1_139' title='bbox 866 971 943 998; x_wconf 87' lang='lat' dir='ltr'>Num</span> 
     </span>
    </p>
   </div>
   <div class='ocr_carea' id='block_1_22' title="bbox 112 1014 941 1051">
    <p class='ocr_par' dir='ltr' id='par_1_22' title="bbox 112 1014 941 1051">
     <span class='ocr_line' id='line_1_22' title="bbox 112 1014 941 1051; baseline 0.001 -10"><span class='ocrx_word' id='word_1_140' title='bbox 112 1014 201 1051; x_wconf 81' lang='lat' dir='ltr'>igitur</span> <span class='ocrx_word' id='word_1_141' title='bbox 213 1014 354 1043; x_wconf 86' lang='lat' dir='ltr'>Basiliius</span> <span class='ocrx_word' id='word_1_142' title='bbox 367 1022 436 1042; x_wconf 88' lang='lat' dir='ltr'>cum</span> <span class='ocrx_word' id='word_1_143' title='bbox 448 1014 589 1049; x_wconf 84' lang='lat' dir='ltr'>Gregorio</span> <span class='ocrx_word' id='word_1_144' title='bbox 603 1017 631 1042; x_wconf 91' lang='lat' dir='ltr'>et</span> <span class='ocrx_word' id='word_1_145' title='bbox 641 1014 804 1042; x_wconf 79' lang='lat' dir='ltr'>Athanasio</span> <span class='ocrx_word' id='word_1_146' title='bbox 815 1016 941 1050; x_wconf 76' lang='lat' dir='ltr'>pugnat,</span> 
     </span>
    </p>
   </div>
   <div class='ocr_carea' id='block_1_23' title="bbox 112 1059 942 1095">
    <p class='ocr_par' dir='ltr' id='par_1_23' title="bbox 112 1059 942 1095">
     <span class='ocr_line' id='line_1_23' title="bbox 112 1059 942 1095; baseline -0.001 -8"><span class='ocrx_word' id='word_1_147' title='bbox 112 1067 147 1087; x_wconf 87' lang='lat' dir='ltr'>ac</span> <span class='ocrx_word' id='word_1_148' title='bbox 169 1059 332 1095; x_wconf 81' lang='lat' dir='ltr'>permagni</span> <span class='ocrx_word' id='word_1_149' title='bbox 346 1059 386 1087; x_wconf 82' lang='lat' dir='ltr'>ad</span> <span class='ocrx_word' id='word_1_150' title='bbox 399 1059 543 1095; x_wconf 83' lang='lat' dir='ltr'>pietatem</span> <span class='ocrx_word' id='word_1_151' title='bbox 570 1059 716 1087; x_wconf 86' lang='lat' dir='ltr'>momenti</span> <span class='ocrx_word' id='word_1_152' title='bbox 739 1067 804 1087; x_wconf 89' lang='lat' dir='ltr'>esse</span> <span class='ocrx_word' id='word_1_153' title='bbox 831 1061 942 1093; x_wconf 87' lang='lat' dir='ltr'>censet,</span> 
     </span>
    </p>
   </div>
   <div class='ocr_carea' id='block_1_24' title="bbox 110 1103 943 1140">
    <p class='ocr_par' dir='ltr' id='par_1_24' title="bbox 110 1103 943 1140">
     <span class='ocr_line' id='line_1_24' title="bbox 110 1103 943 1140; baseline 0.001 -9"><span class='ocrx_word' id='word_1_154' title='bbox 110 1103 194 1140; x_wconf 89' lang='lat' dir='ltr'>quod</span> <span class='ocrx_word' id='word_1_155' title='bbox 208 1103 257 1131; x_wconf 83' lang='lat' dir='ltr'>isti</span> <span class='ocrx_word' id='word_1_156' title='bbox 272 1103 421 1132; x_wconf 87' lang='lat' dir='ltr'>levissimi</span> <span class='ocrx_word' id='word_1_157' title='bbox 436 1111 501 1132; x_wconf 89' lang='lat' dir='ltr'>esse</span> <span class='ocrx_word' id='word_1_158' title='bbox 514 1103 661 1131; x_wconf 81' lang='lat' dir='ltr'>momenti</span> <span class='ocrx_word' id='word_1_159' title='bbox 676 1103 851 1132; x_wconf 80' lang='lat' dir='ltr'>ducebant?</span> <span class='ocrx_word' id='word_1_160' title='bbox 867 1105 943 1132; x_wconf 80' lang='lat' dir='ltr'>Num</span> 
     </span>
    </p>
   </div>
   <div class='ocr_carea' id='block_1_25' title="bbox 111 1148 943 1184">
    <p class='ocr_par' dir='ltr' id='par_1_25' title="bbox 111 1148 943 1184">
     <span class='ocr_line' id='line_1_25' title="bbox 111 1148 943 1184; baseline 0 -8"><span class='ocrx_word' id='word_1_161' title='bbox 111 1148 318 1176; x_wconf 82' lang='lat' dir='ltr'>necessarium</span> <span class='ocrx_word' id='word_1_162' title='bbox 333 1148 470 1176; x_wconf 81' lang='lat' dir='ltr'>conﬁteri</span> <span class='ocrx_word' id='word_1_163' title='bbox 489 1156 555 1176; x_wconf 88' lang='lat' dir='ltr'>esse</span> <span class='ocrx_word' id='word_1_164' title='bbox 568 1148 681 1182; x_wconf 83' lang='lat' dir='ltr'>statuit,</span> <span class='ocrx_word' id='word_1_165' title='bbox 695 1148 778 1184; x_wconf 90' lang='lat' dir='ltr'>quod</span> <span class='ocrx_word' id='word_1_166' title='bbox 797 1149 943 1184; x_wconf 88' lang='lat' dir='ltr'>cujusque</span> 
     </span>
    </p>
   </div>
   <div class='ocr_carea' id='block_1_26' title="bbox 113 1192 943 1229">
    <p class='ocr_par' dir='ltr' id='par_1_26' title="bbox 113 1192 943 1229">
     <span class='ocr_line' id='line_1_26' title="bbox 113 1192 943 1229; baseline 0.001 -10"><span class='ocrx_word' id='word_1_167' title='bbox 113 1192 236 1220; x_wconf 83' lang='lat' dir='ltr'>arbitrio</span> <span class='ocrx_word' id='word_1_168' title='bbox 251 1192 486 1229; x_wconf 85' lang='lat' dir='ltr'>relinquebant;</span> <span class='ocrx_word' id='word_1_169' title='bbox 502 1195 530 1220; x_wconf 90' lang='lat' dir='ltr'>et</span> <span class='ocrx_word' id='word_1_170' title='bbox 546 1192 657 1229; x_wconf 86' lang='lat' dir='ltr'>quibus</span> <span class='ocrx_word' id='word_1_171' title='bbox 679 1192 795 1221; x_wconf 86' lang='lat' dir='ltr'>nullam</span> <span class='ocrx_word' id='word_1_172' title='bbox 818 1201 943 1229; x_wconf 84' lang='lat' dir='ltr'>prorsus</span> 
     </span>
    </p>
   </div>
   <div class='ocr_carea' id='block_1_27' title="bbox 114 1236 942 1271">
    <p class='ocr_par' dir='ltr' id='par_1_27' title="bbox 114 1236 942 1271">
     <span class='ocr_line' id='line_1_27' title="bbox 114 1236 942 1271; baseline 0.001 -7"><span class='ocrx_word' id='word_1_173' title='bbox 114 1236 296 1265; x_wconf 84' lang='lat' dir='ltr'>modestiam</span> <span class='ocrx_word' id='word_1_174' title='bbox 311 1237 453 1266; x_wconf 84' lang='lat' dir='ltr'>volebant</span> <span class='ocrx_word' id='word_1_175' title='bbox 465 1237 609 1271; x_wconf 71' lang='lat' dir='ltr'>exhiberi,</span> <span class='ocrx_word' id='word_1_176' title='bbox 626 1245 678 1265; x_wconf 89' lang='lat' dir='ltr'>eos</span> <span class='ocrx_word' id='word_1_177' title='bbox 695 1238 735 1265; x_wconf 88' lang='lat' dir='ltr'>ad</span> <span class='ocrx_word' id='word_1_178' title='bbox 754 1237 942 1266; x_wconf 87' lang='lat' dir='ltr'>communio-</span> 
     </span>
    </p>
   </div>
   <div class='ocr_carea' id='block_1_28' title="bbox 115 1282 598 1318">
    <p class='ocr_par' dir='ltr' id='par_1_28' title="bbox 115 1282 598 1318">
     <span class='ocr_line' id='line_1_28' title="bbox 115 1282 598 1318; baseline 0 -10"><span class='ocrx_word' id='word_1_179' title='bbox 115 1289 187 1309; x_wconf 87' lang='lat' dir='ltr'>nem</span> <span class='ocrx_word' id='word_1_180' title='bbox 202 1284 294 1317; x_wconf 81' lang='lat' dir='ltr'>negat</span> <span class='ocrx_word' id='word_1_181' title='bbox 308 1282 423 1310; x_wconf 81' lang='lat' dir='ltr'>admitti</span> <span class='ocrx_word' id='word_1_182' title='bbox 438 1284 575 1318; x_wconf 86' lang='lat' dir='ltr'>oportere</span> <span class='ocrx_word' id='word_1_183' title='bbox 585 1282 598 1308; x_wconf 84' lang='lat'>‘2</span> 
     </span>
    </p>
   </div>
   <div class='ocr_carea' id='block_1_29' title="bbox 150 1326 945 1363">
    <p class='ocr_par' dir='ltr' id='par_1_29' title="bbox 150 1326 945 1363">
     <span class='ocr_line' id='line_1_29' title="bbox 150 1326 945 1363; baseline 0 -9"><span class='ocrx_word' id='word_1_184' title='bbox 150 1326 348 1354; x_wconf 85' lang='lat' dir='ltr'>tl.UtS.Patris</span> <span class='ocrx_word' id='word_1_185' title='bbox 355 1327 501 1354; x_wconf 83' lang='lat' dir='ltr'>sententia</span> <span class='ocrx_word' id='word_1_186' title='bbox 507 1326 945 1363; x_wconf 85' lang='lat' dir='ltr'>perspiciatur,observandum</span> 
     </span>
    </p>
   </div>
   <div class='ocr_carea' id='block_1_30' title="bbox 113 1370 944 1407">
    <p class='ocr_par' dir='ltr' id='par_1_30' title="bbox 113 1370 944 1407">
     <span class='ocr_line' id='line_1_30' title="bbox 113 1370 944 1407; baseline 0.001 -10"><span class='ocrx_word' id='word_1_187' title='bbox 113 1373 159 1398; x_wconf 87' lang='lat' dir='ltr'>est</span> <span class='ocrx_word' id='word_1_188' title='bbox 174 1378 180 1396; x_wconf 92' lang='lat'>:</span> <span class='ocrx_word' id='word_1_189' title='bbox 198 1373 224 1398; x_wconf 76' lang='grc' dir='ltr'>ι·</span> <span class='ocrx_word' id='word_1_190' title='bbox 236 1371 535 1400; x_wconf 84' lang='lat' dir='ltr'>eumaccuratissime</span> <span class='ocrx_word' id='word_1_191' title='bbox 556 1379 675 1399; x_wconf 89' lang='lat' dir='ltr'>servare</span> <span class='ocrx_word' id='word_1_192' title='bbox 694 1371 778 1407; x_wconf 90' lang='lat' dir='ltr'>quod</span> <span class='ocrx_word' id='word_1_193' title='bbox 793 1370 944 1407; x_wconf 65' lang='lat' dir='ltr'>praecipue</span> 
     </span>
    </p>
   </div>
   <div class='ocr_carea' id='block_1_31' title="bbox 111 1415 944 1453">
    <p class='ocr_par' dir='ltr' id='par_1_31' title="bbox 111 1415 944 1453">
     <span class='ocr_line' id='line_1_31' title="bbox 111 1415 944 1453; baseline 0.002 -11"><span class='ocrx_word' id='word_1_194' title='bbox 111 1415 152 1443; x_wconf 80' lang='lat' dir='ltr'>ab</span> <span class='ocrx_word' id='word_1_195' title='bbox 169 1415 374 1444; x_wconf 85' lang='lat' dir='ltr'>Alexandrina</span> <span class='ocrx_word' id='word_1_196' title='bbox 386 1416 505 1453; x_wconf 82' lang='lat' dir='ltr'>synodo</span> <span class='ocrx_word' id='word_1_197' title='bbox 517 1417 668 1444; x_wconf 85' lang='lat' dir='ltr'>sancitum</span> <span class='ocrx_word' id='word_1_198' title='bbox 678 1416 785 1450; x_wconf 83' lang='lat' dir='ltr'>fuerat,</span> <span class='ocrx_word' id='word_1_199' title='bbox 795 1420 826 1444; x_wconf 88' lang='lat' dir='ltr'>ut</span> <span class='ocrx_word' id='word_1_200' title='bbox 838 1418 944 1444; x_wconf 89' lang='lat' dir='ltr'>neutra</span> 
     </span>
    </p>
   </div>
   <div class='ocr_carea' id='block_1_32' title="bbox 111 1460 944 1496">
    <p class='ocr_par' dir='ltr' id='par_1_32' title="bbox 111 1460 944 1496">
     <span class='ocr_line' id='line_1_32' title="bbox 111 1460 944 1496; baseline 0.001 -9"><span class='ocrx_word' id='word_1_201' title='bbox 111 1468 183 1496; x_wconf 83' lang='lat' dir='ltr'>pars</span> <span class='ocrx_word' id='word_1_202' title='bbox 192 1460 278 1489; x_wconf 81' lang='lat' dir='ltr'>alteri</span> <span class='ocrx_word' id='word_1_203' title='bbox 291 1460 414 1489; x_wconf 58' lang='lat' dir='ltr'>haeresis</span> <span class='ocrx_word' id='word_1_204' title='bbox 429 1463 480 1489; x_wconf 84' lang='lat' dir='ltr'>aut</span> <span class='ocrx_word' id='word_1_205' title='bbox 491 1461 600 1489; x_wconf 87' lang='lat' dir='ltr'>erroris</span> <span class='ocrx_word' id='word_1_206' title='bbox 610 1463 712 1489; x_wconf 86' lang='lat' dir='ltr'>notam</span> <span class='ocrx_word' id='word_1_207' title='bbox 729 1461 870 1489; x_wconf 89' lang='lat' dir='ltr'>inureret.</span> <span class='ocrx_word' id='word_1_208' title='bbox 882 1460 944 1488; x_wconf 86' lang='lat' dir='ltr'>Hoc</span> 
     </span>
    </p>
   </div>
   <div class='ocr_carea' id='block_1_33' title="bbox 109 1505 943 1542">
    <p class='ocr_par' dir='ltr' id='par_1_33' title="bbox 109 1505 943 1542">
     <span class='ocr_line' id='line_1_33' title="bbox 109 1505 943 1542; baseline 0.001 -9"><span class='ocrx_word' id='word_1_209' title='bbox 109 1505 412 1534; x_wconf 77' lang='lat' dir='ltr'>maximeridiculum</span> <span class='ocrx_word' id='word_1_210' title='bbox 418 1505 465 1533; x_wconf 88' lang='lat' dir='ltr'>vel</span> <span class='ocrx_word' id='word_1_211' title='bbox 473 1506 574 1542; x_wconf 86' lang='lat' dir='ltr'>potius</span> <span class='ocrx_word' id='word_1_212' title='bbox 583 1505 788 1533; x_wconf 87' lang='lat' dir='ltr'>miserandum</span> <span class='ocrx_word' id='word_1_213' title='bbox 801 1506 943 1541; x_wconf 85' lang='lat' dir='ltr'>Gregorio</span> 
     </span>
    </p>
   </div>
   <div class='ocr_carea' id='block_1_34' title="bbox 111 1550 977 1591">
    <p class='ocr_par' dir='ltr' id='par_1_34' title="bbox 111 1550 977 1591">
     <span class='ocr_line' id='line_1_34' title="bbox 111 1550 977 1591; baseline 0.001 -14"><span class='ocrx_word' id='word_1_214' title='bbox 111 1550 278 1585; x_wconf 78' lang='lat' dir='ltr'>videbatur,</span> <span class='ocrx_word' id='word_1_215' title='bbox 295 1551 378 1586; x_wconf 88' lang='lat' dir='ltr'>quod</span> <span class='ocrx_word' id='word_1_216' title='bbox 391 1551 426 1578; x_wconf 89' lang='lat' dir='ltr'>de</span> <span class='ocrx_word' id='word_1_217' title='bbox 435 1551 495 1585; x_wconf 79' lang='lat' dir='ltr'>fide</span> <span class='ocrx_word' id='word_1_218' title='bbox 505 1553 708 1580; x_wconf 81' lang='lat' dir='ltr'>controversia</span> <span class='ocrx_word' id='word_1_219' title='bbox 719 1559 779 1580; x_wconf 90' lang='lat' dir='ltr'>esse</span> <span class='ocrx_word' id='word_1_220' title='bbox 792 1552 944 1579; x_wconf 84' lang='lat' dir='ltr'>videretur</span> <span class='ocrx_word' id='word_1_221' title='bbox 957 1564 977 1591; x_wconf 68' lang='grc' dir='ltr'><strong>ρ</strong></span> 
     </span>
    </p>
   </div>
   <div class='ocr_carea' id='block_1_35' title="bbox 111 1595 942 1632">
    <p class='ocr_par' dir='ltr' id='par_1_35' title="bbox 111 1595 942 1632">
     <span class='ocr_line' id='line_1_35' title="bbox 111 1595 942 1632; baseline 0.002 -10"><span class='ocrx_word' id='word_1_222' title='bbox 111 1595 181 1622; x_wconf 85' lang='lat' dir='ltr'>levis</span> <span class='ocrx_word' id='word_1_223' title='bbox 193 1598 222 1623; x_wconf 91' lang='lat' dir='ltr'>et</span> <span class='ocrx_word' id='word_1_224' title='bbox 227 1596 340 1630; x_wconf 83' lang='lat' dir='ltr'>jejuna</span> <span class='ocrx_word' id='word_1_225' title='bbox 353 1595 390 1623; x_wconf 87' lang='lat' dir='ltr'>de</span> <span class='ocrx_word' id='word_1_226' title='bbox 402 1603 506 1623; x_wconf 89' lang='lat' dir='ltr'>vocum</span> <span class='ocrx_word' id='word_1_227' title='bbox 517 1604 587 1623; x_wconf 90' lang='lat' dir='ltr'>sono</span> <span class='ocrx_word' id='word_1_228' title='bbox 597 1597 770 1624; x_wconf 81' lang='lat' dir='ltr'>altercatio:</span> <span class='ocrx_word' id='word_1_229' title='bbox 780 1596 862 1632; x_wconf 89' lang='lat' dir='ltr'>quod</span> <span class='ocrx_word' id='word_1_230' title='bbox 868 1595 942 1631; x_wconf 88' lang='lat' dir='ltr'>obji-</span> 
     </span>
    </p>
   </div>
   <div class='ocr_carea' id='block_1_36' title="bbox 108 1640 942 1676">
    <p class='ocr_par' dir='ltr' id='par_1_36' title="bbox 108 1640 942 1676">
     <span class='ocr_line' id='line_1_36' title="bbox 108 1640 942 1676; baseline 0.002 -10"><span class='ocrx_word' id='word_1_231' title='bbox 108 1641 234 1667; x_wconf 89' lang='lat' dir='ltr'>ceretur.</span> <span class='ocrx_word' id='word_1_232' title='bbox 251 1640 501 1668; x_wconf 83' lang='lat' dir='ltr'>Sabellianismus</span> <span class='ocrx_word' id='word_1_233' title='bbox 520 1641 554 1669; x_wconf 87' lang='lat' dir='ltr'>ob</span> <span class='ocrx_word' id='word_1_234' title='bbox 574 1644 633 1669; x_wconf 85' lang='lat' dir='ltr'>tres</span> <span class='ocrx_word' id='word_1_235' title='bbox 645 1648 801 1676; x_wconf 85' lang='lat' dir='ltr'>personas,</span> <span class='ocrx_word' id='word_1_236' title='bbox 814 1641 942 1669; x_wconf 79' lang='lat' dir='ltr'>etAria-</span> 
     </span>
    </p>
   </div>
   <div class='ocr_carea' id='block_1_37' title="bbox 110 1685 943 1722">
    <p class='ocr_par' dir='ltr' id='par_1_37' title="bbox 110 1685 943 1722">
     <span class='ocr_line' id='line_1_37' title="bbox 110 1685 943 1722; baseline 0 -10"><span class='ocrx_word' id='word_1_237' title='bbox 110 1685 223 1712; x_wconf 76' lang='lat' dir='ltr'>nismus</span> <span class='ocrx_word' id='word_1_238' title='bbox 250 1685 287 1712; x_wconf 91' lang='lat' dir='ltr'>ob</span> <span class='ocrx_word' id='word_1_239' title='bbox 314 1688 373 1713; x_wconf 82' lang='lat' dir='ltr'>(res</span> <span class='ocrx_word' id='word_1_240' title='bbox 399 1685 595 1721; x_wconf 79' lang='lat' dir='ltr'>hypostases;</span> <span class='ocrx_word' id='word_1_241' title='bbox 612 1686 695 1722; x_wconf 91' lang='lat' dir='ltr'>quod</span> <span class='ocrx_word' id='word_1_242' title='bbox 710 1694 744 1714; x_wconf 89' lang='lat' dir='ltr'>eo</span> <span class='ocrx_word' id='word_1_243' title='bbox 759 1686 880 1714; x_wconf 85' lang='lat' dir='ltr'>tandem</span> <span class='ocrx_word' id='word_1_244' title='bbox 895 1693 943 1713; x_wconf 90' lang='lat' dir='ltr'>res</span> 
     </span>
    </p>
   </div>
   <div class='ocr_carea' id='block_1_38' title="bbox 109 1729 942 1765">
    <p class='ocr_par' dir='ltr' id='par_1_38' title="bbox 109 1729 942 1765">
     <span class='ocr_line' id='line_1_38' title="bbox 109 1729 942 1765; baseline 0.002 -9"><span class='ocrx_word' id='word_1_245' title='bbox 109 1729 243 1757; x_wconf 74' lang='lat' dir='ltr'>adducta</span> <span class='ocrx_word' id='word_1_246' title='bbox 251 1731 377 1763; x_wconf 83' lang='lat' dir='ltr'>esset,ut</span> <span class='ocrx_word' id='word_1_247' title='bbox 386 1731 558 1765; x_wconf 74' lang='lat' dir='ltr'>periculum</span> <span class='ocrx_word' id='word_1_248' title='bbox 572 1733 694 1764; x_wconf 87' lang='lat' dir='ltr'>esset,ne</span> <span class='ocrx_word' id='word_1_249' title='bbox 702 1731 781 1758; x_wconf 83' lang='lat' dir='ltr'>orbis</span> <span class='ocrx_word' id='word_1_250' title='bbox 791 1733 942 1759; x_wconf 87' lang='lat' dir='ltr'>terrarum</span> 
     </span>
    </p>
   </div>
   <div class='ocr_carea' id='block_1_39' title="bbox 106 1775 942 1811">
    <p class='ocr_par' dir='ltr' id='par_1_39' title="bbox 106 1775 942 1811">
     <span class='ocr_line' id='line_1_39' title="bbox 106 1775 942 1811; baseline 0.001 -9"><span class='ocrx_word' id='word_1_251' title='bbox 106 1775 182 1808; x_wconf 78' lang='lat' dir='ltr'>ﬁnes</span> <span class='ocrx_word' id='word_1_252' title='bbox 194 1782 257 1802; x_wconf 91' lang='lat' dir='ltr'>una</span> <span class='ocrx_word' id='word_1_253' title='bbox 278 1782 346 1802; x_wconf 84' lang='lat' dir='ltr'>cum</span> <span class='ocrx_word' id='word_1_254' title='bbox 356 1775 483 1810; x_wconf 80' lang='lat' dir='ltr'>syllabis</span> <span class='ocrx_word' id='word_1_255' title='bbox 497 1775 762 1810; x_wconf 85' lang='lat' dir='ltr'>abrumperentur.</span> <span class='ocrx_word' id='word_1_256' title='bbox 773 1775 849 1803; x_wconf 86' lang='lat' dir='ltr'>Nihil</span> <span class='ocrx_word' id='word_1_257' title='bbox 862 1775 942 1811; x_wconf 76' lang='lat' dir='ltr'>ejus—</span> 
     </span>
    </p>
   </div>
   <div class='ocr_carea' id='block_1_40' title="bbox 108 1819 942 1857">
    <p class='ocr_par' dir='ltr' id='par_1_40' title="bbox 108 1819 942 1857">
     <span class='ocr_line' id='line_1_40' title="bbox 108 1819 942 1857; baseline 0.002 -11"><span class='ocrx_word' id='word_1_258' title='bbox 108 1819 194 1846; x_wconf 87' lang='lat' dir='ltr'>modi</span> <span class='ocrx_word' id='word_1_259' title='bbox 209 1819 409 1847; x_wconf 87' lang='lat' dir='ltr'>commissum</span> <span class='ocrx_word' id='word_1_260' title='bbox 422 1827 439 1847; x_wconf 87' lang='lat' dir='ltr'>a</span> <span class='ocrx_word' id='word_1_261' title='bbox 455 1819 572 1853; x_wconf 82' lang='lat' dir='ltr'>Basilio,</span> <span class='ocrx_word' id='word_1_262' title='bbox 585 1820 679 1856; x_wconf 87' lang='lat' dir='ltr'>quiin</span> <span class='ocrx_word' id='word_1_263' title='bbox 689 1820 746 1848; x_wconf 85' lang='lat' dir='ltr'>hac</span> <span class='ocrx_word' id='word_1_264' title='bbox 757 1819 826 1857; x_wconf 90' lang='lat' dir='ltr'>ipsa</span> <span class='ocrx_word' id='word_1_265' title='bbox 837 1820 876 1848; x_wconf 88' lang='lat' dir='ltr'>ad</span> <span class='ocrx_word' id='word_1_266' title='bbox 885 1820 942 1848; x_wconf 91' lang='lat' dir='ltr'>Te-</span> 
     </span>
    </p>
   </div>
   <div class='ocr_carea' id='block_1_41' title="bbox 107 1863 942 1900">
    <p class='ocr_par' dir='ltr' id='par_1_41' title="bbox 107 1863 942 1900">
     <span class='ocr_line' id='line_1_41' title="bbox 107 1863 942 1900; baseline 0.001 -9"><span class='ocrx_word' id='word_1_267' title='bbox 107 1863 240 1891; x_wconf 88' lang='lat' dir='ltr'>rentium</span> <span class='ocrx_word' id='word_1_268' title='bbox 256 1863 385 1900; x_wconf 88' lang='lat' dir='ltr'>epistola</span> <span class='ocrx_word' id='word_1_269' title='bbox 392 1863 583 1893; x_wconf 87' lang='lat' dir='ltr'>adversarios</span> <span class='ocrx_word' id='word_1_270' title='bbox 595 1872 667 1893; x_wconf 90' lang='lat' dir='ltr'>suos</span> <span class='ocrx_word' id='word_1_271' title='bbox 677 1865 859 1893; x_wconf 88' lang='lat' dir='ltr'>domesticos</span> <span class='ocrx_word' id='word_1_272' title='bbox 871 1864 942 1892; x_wconf 85' lang='lat' dir='ltr'>ﬁdei</span> 
     </span>
    </p>
   </div>
   <div class='ocr_carea' id='block_1_42' title="bbox 108 1908 943 1945">
    <p class='ocr_par' dir='ltr' id='par_1_42' title="bbox 108 1908 943 1945">
     <span class='ocr_line' id='line_1_42' title="bbox 108 1908 943 1945; baseline 0.001 -9"><span class='ocrx_word' id='word_1_273' title='bbox 108 1908 254 1944; x_wconf 84' lang='lat' dir='ltr'>appellat,</span> <span class='ocrx_word' id='word_1_274' title='bbox 268 1917 381 1945; x_wconf 89' lang='lat' dir='ltr'>eosque</span> <span class='ocrx_word' id='word_1_275' title='bbox 393 1909 583 1945; x_wconf 84' lang='lat' dir='ltr'>simplicitate</span> <span class='ocrx_word' id='word_1_276' title='bbox 597 1910 705 1945; x_wconf 87' lang='lat' dir='ltr'>magis,</span> <span class='ocrx_word' id='word_1_277' title='bbox 721 1918 813 1945; x_wconf 81' lang='lat' dir='ltr'>quam</span> <span class='ocrx_word' id='word_1_278' title='bbox 827 1909 943 1937; x_wconf 87' lang='lat' dir='ltr'>malitia</span> 
     </span>
    </p>
   </div>
   <div class='ocr_carea' id='block_1_43' title="bbox 108 1953 943 1991">
    <p class='ocr_par' dir='ltr' id='par_1_43' title="bbox 108 1953 943 1991">
     <span class='ocr_line' id='line_1_43' title="bbox 108 1953 943 1991; baseline 0.002 -11"><span class='ocrx_word' id='word_1_279' title='bbox 108 1953 147 1980; x_wconf 82' lang='lat' dir='ltr'>ad</span> <span class='ocrx_word' id='word_1_280' title='bbox 161 1953 401 1982; x_wconf 81' lang='lat' dir='ltr'>Sabellianorum</span> <span class='ocrx_word' id='word_1_281' title='bbox 410 1954 554 1991; x_wconf 86' lang='lat' dir='ltr'>loquendi</span> <span class='ocrx_word' id='word_1_282' title='bbox 564 1954 790 1982; x_wconf 73' lang='lat' dir='ltr'>similitudinem</span> <span class='ocrx_word' id='word_1_283' title='bbox 800 1954 943 1983; x_wconf 85' lang='lat' dir='ltr'>accedere</span> 
     </span>
    </p>
   </div>
   <div class='ocr_carea' id='block_1_44' title="bbox 106 1997 943 2035">
    <p class='ocr_par' dir='ltr' id='par_1_44' title="bbox 106 1997 943 2035">
     <span class='ocr_line' id='line_1_44' title="bbox 106 1997 943 2035; baseline 0.002 -10"><span class='ocrx_word' id='word_1_284' title='bbox 106 1997 228 2031; x_wconf 79' lang='lat' dir='ltr'>fatetur,</span> <span class='ocrx_word' id='word_1_285' title='bbox 240 1999 309 2027; x_wconf 89' lang='lat' dir='ltr'>etin</span> <span class='ocrx_word' id='word_1_286' title='bbox 322 1999 460 2035; x_wconf 86' lang='lat' dir='ltr'>pluribus</span> <span class='ocrx_word' id='word_1_287' title='bbox 476 1999 542 2027; x_wconf 81' lang='lat' dir='ltr'>aliis</span> <span class='ocrx_word' id='word_1_288' title='bbox 556 1999 629 2028; x_wconf 87' lang='lat' dir='ltr'>locis</span> <span class='ocrx_word' id='word_1_289' title='bbox 643 2007 748 2028; x_wconf 90' lang='lat' dir='ltr'>eorum</span> <span class='ocrx_word' id='word_1_290' title='bbox 771 1999 843 2027; x_wconf 89' lang='lat' dir='ltr'>ﬁdei</span> <span class='ocrx_word' id='word_1_291' title='bbox 862 1999 943 2027; x_wconf 86' lang='lat' dir='ltr'>testi-</span> 
     </span>
    </p>
   </div>
   <div class='ocr_carea' id='block_1_45' title="bbox 107 2042 955 2080">
    <p class='ocr_par' dir='ltr' id='par_1_45' title="bbox 107 2042 955 2080">
     <span class='ocr_line' id='line_1_45' title="bbox 107 2042 955 2080; baseline 0.001 -10"><span class='ocrx_word' id='word_1_292' title='bbox 107 2042 249 2071; x_wconf 88' lang='lat' dir='ltr'>monium</span> <span class='ocrx_word' id='word_1_293' title='bbox 263 2043 374 2077; x_wconf 87' lang='lat' dir='ltr'>tribuit,</span> <span class='ocrx_word' id='word_1_294' title='bbox 389 2046 422 2071; x_wconf 91' lang='lat' dir='ltr'>ut</span> <span class='ocrx_word' id='word_1_295' title='bbox 437 2043 468 2071; x_wconf 92' lang='lat' dir='ltr'>in</span> <span class='ocrx_word' id='word_1_296' title='bbox 483 2044 569 2080; x_wconf 85' lang='lat' dir='ltr'>epist.</span> <span class='ocrx_word' id='word_1_297' title='bbox 587 2046 647 2076; x_wconf 74' lang='lat'>156,</span> <span class='ocrx_word' id='word_1_298' title='bbox 661 2052 693 2073; x_wconf 79' lang='grc' dir='ltr'>Π.</span> <span class='ocrx_word' id='word_1_299' title='bbox 707 2047 731 2080; x_wconf 82' lang='lat' dir='ltr'>i,</span> <span class='ocrx_word' id='word_1_300' title='bbox 745 2043 798 2072; x_wconf 90' lang='lat' dir='ltr'>ubi</span> <span class='ocrx_word' id='word_1_301' title='bbox 813 2052 875 2079; x_wconf 89' lang='lat' dir='ltr'>eos,</span> <span class='ocrx_word' id='word_1_302' title='bbox 889 2043 955 2080; x_wconf 83' lang='lat' dir='ltr'>qui&#39;</span> 
     </span>
    </p>
   </div>
   <div class='ocr_carea' id='block_1_46' title="bbox 106 2087 942 2117">
    <p class='ocr_par' dir='ltr' id='par_1_46' title="bbox 106 2087 942 2117">
     <span class='ocr_line' id='line_1_46' title="bbox 106 2087 942 2117; baseline 0.001 -2"><span class='ocrx_word' id='word_1_303' title='bbox 106 2087 273 2115; x_wconf 71' lang='lat' dir='ltr'>Antiochia:</span> <span class='ocrx_word' id='word_1_304' title='bbox 288 2088 364 2116; x_wconf 89' lang='lat' dir='ltr'>inter</span> <span class='ocrx_word' id='word_1_305' title='bbox 379 2097 410 2116; x_wconf 88' lang='lat' dir='ltr'>se</span> <span class='ocrx_word' id='word_1_306' title='bbox 425 2088 571 2116; x_wconf 87' lang='lat' dir='ltr'>dissident</span> <span class='ocrx_word' id='word_1_307' title='bbox 587 2089 736 2117; x_wconf 84' lang='lat' dir='ltr'>sententia</span> <span class='ocrx_word' id='word_1_308' title='bbox 750 2088 864 2116; x_wconf 90' lang='lat' dir='ltr'>divisos</span> <span class='ocrx_word' id='word_1_309' title='bbox 875 2096 942 2116; x_wconf 90' lang='lat' dir='ltr'>esse</span> 
     </span>
    </p>
   </div>
   <div class='ocr_carea' id='block_1_47' title="bbox 106 2133 938 2169">
    <p class='ocr_par' dir='ltr' id='par_1_47' title="bbox 106 2133 938 2169">
     <span class='ocr_line' id='line_1_47' title="bbox 106 2133 938 2169; baseline 0.001 -9"><span class='ocrx_word' id='word_1_310' title='bbox 106 2134 207 2167; x_wconf 82' lang='lat' dir='ltr'>negat.</span> <span class='ocrx_word' id='word_1_311' title='bbox 222 2133 296 2160; x_wconf 83' lang='lat' dir='ltr'>Hinc</span> <span class='ocrx_word' id='word_1_312' title='bbox 309 2133 400 2161; x_wconf 81' lang='lat' dir='ltr'>etiam</span> <span class='ocrx_word' id='word_1_313' title='bbox 412 2133 443 2161; x_wconf 91' lang='lat' dir='ltr'>in</span> <span class='ocrx_word' id='word_1_314' title='bbox 459 2133 548 2169; x_wconf 86' lang='lat' dir='ltr'>epist.</span> <span class='ocrx_word' id='word_1_315' title='bbox 559 2135 621 2167; x_wconf 75' lang='lat'>258,</span> <span class='ocrx_word' id='word_1_316' title='bbox 636 2142 667 2162; x_wconf 95' lang='lat' dir='ltr'>n.</span> <span class='ocrx_word' id='word_1_317' title='bbox 681 2136 707 2167; x_wconf 86' lang='lat'>3,</span> <span class='ocrx_word' id='word_1_318' title='bbox 719 2133 825 2161; x_wconf 81' lang='lat' dir='ltr'>fratres</span> <span class='ocrx_word' id='word_1_319' title='bbox 839 2133 938 2161; x_wconf 81' lang='lat' dir='ltr'>Antio-</span> 
     </span>
    </p>
   </div>
   <div class='ocr_carea' id='block_1_48' title="bbox 106 2177 938 2214">
    <p class='ocr_par' dir='ltr' id='par_1_48' title="bbox 106 2177 938 2214">
     <span class='ocr_line' id='line_1_48' title="bbox 106 2177 938 2214; baseline 0.002 -10"><span class='ocrx_word' id='word_1_320' title='bbox 106 2177 221 2205; x_wconf 88' lang='lat' dir='ltr'>chenos</span> <span class='ocrx_word' id='word_1_321' title='bbox 235 2179 325 2205; x_wconf 86' lang='lat' dir='ltr'>vocat</span> <span class='ocrx_word' id='word_1_322' title='bbox 344 2185 396 2205; x_wconf 84' lang='lat' dir='ltr'>eos</span> <span class='ocrx_word' id='word_1_323' title='bbox 421 2177 473 2214; x_wconf 90' lang='lat' dir='ltr'>qui</span> <span class='ocrx_word' id='word_1_324' title='bbox 492 2186 510 2206; x_wconf 88' lang='lat' dir='ltr'>a</span> <span class='ocrx_word' id='word_1_325' title='bbox 526 2178 641 2206; x_wconf 83' lang='lat' dir='ltr'>Paulini</span> <span class='ocrx_word' id='word_1_326' title='bbox 656 2178 792 2214; x_wconf 87' lang='lat' dir='ltr'>partibus</span> <span class='ocrx_word' id='word_1_327' title='bbox 808 2178 938 2211; x_wconf 84' lang='lat' dir='ltr'>stabant,</span> 
     </span>
    </p>
   </div>
   <div class='ocr_carea' id='block_1_49' title="bbox 105 2221 975 2268">
    <p class='ocr_par' dir='ltr' id='par_1_49' title="bbox 105 2221 975 2268">
     <span class='ocr_line' id='line_1_49' title="bbox 105 2221 975 2268; baseline 0.001 -19"><span class='ocrx_word' id='word_1_328' title='bbox 105 2223 247 2268; x_wconf 81' lang='lat' dir='ltr'>precatur</span> <span class='ocrx_word' id='word_1_329' title='bbox 263 2224 295 2250; x_wconf 88' lang='lat' dir='ltr'>ut</span> <span class='ocrx_word' id='word_1_330' title='bbox 310 2221 474 2268; x_wconf 81' lang='lat' dir='ltr'>Ecclesiam</span> <span class='ocrx_word' id='word_1_331' title='bbox 499 2222 728 2268; x_wconf 81' lang='lat' dir='ltr'>Antiochenam,</span> <span class='ocrx_word' id='word_1_332' title='bbox 746 2231 814 2268; x_wconf 73' lang='lat' dir='ltr'>quze</span> <span class='ocrx_word' id='word_1_333' title='bbox 838 2223 869 2250; x_wconf 92' lang='lat' dir='ltr'>in</span> <span class='ocrx_word' id='word_1_334' title='bbox 883 2222 938 2250; x_wconf 89' lang='lat' dir='ltr'>do-</span> <span class='ocrx_word' id='word_1_335' title='bbox 953 2241 975 2268; x_wconf 67' lang='grc' dir='ltr'>Β</span> 
     </span>
    </p>
   </div>
   <div class='ocr_carea' id='block_1_50' title="bbox 106 2266 939 2304">
    <p class='ocr_par' dir='ltr' id='par_1_50' title="bbox 106 2266 939 2304">
     <span class='ocr_line' id='line_1_50' title="bbox 106 2266 939 2304; baseline 0.001 -10"><span class='ocrx_word' id='word_1_336' title='bbox 106 2266 202 2295; x_wconf 82' lang='lat' dir='ltr'>ctrina</span> <span class='ocrx_word' id='word_1_337' title='bbox 210 2266 368 2302; x_wconf 86' lang='lat' dir='ltr'>consentit,</span> <span class='ocrx_word' id='word_1_338' title='bbox 377 2266 542 2304; x_wconf 84' lang='lat' dir='ltr'>aliquando</span> <span class='ocrx_word' id='word_1_339' title='bbox 554 2267 621 2302; x_wconf 87' lang='lat' dir='ltr'>conj</span> <span class='ocrx_word' id='word_1_340' title='bbox 628 2269 749 2295; x_wconf 87' lang='lat' dir='ltr'>unctam</span> <span class='ocrx_word' id='word_1_341' title='bbox 758 2267 859 2295; x_wconf 87' lang='lat' dir='ltr'>videre</span> <span class='ocrx_word' id='word_1_342' title='bbox 869 2275 939 2295; x_wconf 78' lang='lat' dir='ltr'>con-</span> 
     </span>
    </p>
   </div>
   <div class='ocr_carea' id='block_1_51' title="bbox 105 2311 938 2347">
    <p class='ocr_par' dir='ltr' id='par_1_51' title="bbox 105 2311 938 2347">
     <span class='ocr_line' id='line_1_51' title="bbox 105 2311 938 2347; baseline 0.001 -8"><span class='ocrx_word' id='word_1_343' title='bbox 105 2311 275 2346; x_wconf 80' lang='lat' dir='ltr'>tingat,nec</span> <span class='ocrx_word' id='word_1_344' title='bbox 283 2311 347 2346; x_wconf 89' lang='lat' dir='ltr'>jam</span> <span class='ocrx_word' id='word_1_345' title='bbox 361 2312 427 2347; x_wconf 88' lang='lat' dir='ltr'>ipsa</span> <span class='ocrx_word' id='word_1_346' title='bbox 440 2314 545 2340; x_wconf 86' lang='lat' dir='ltr'>contra</span> <span class='ocrx_word' id='word_1_347' title='bbox 556 2320 587 2339; x_wconf 90' lang='lat' dir='ltr'>se</span> <span class='ocrx_word' id='word_1_348' title='bbox 600 2314 681 2340; x_wconf 85' lang='lat' dir='ltr'>recta</span> <span class='ocrx_word' id='word_1_349' title='bbox 690 2312 766 2340; x_wconf 87' lang='lat' dir='ltr'>tides</span> <span class='ocrx_word' id='word_1_350' title='bbox 782 2312 879 2340; x_wconf 89' lang='lat' dir='ltr'>scissa</span> <span class='ocrx_word' id='word_1_351' title='bbox 890 2313 938 2341; x_wconf 89' lang='lat' dir='ltr'>sit.</span> 
     </span>
    </p>
   </div>
   <div class='ocr_carea' id='block_1_52' title="bbox 139 2357 935 2391">
    <p class='ocr_par' dir='ltr' id='par_1_52' title="bbox 139 2357 935 2391">
     <span class='ocr_line' id='line_1_52' title="bbox 139 2357 935 2391; baseline 0.001 -7"><span class='ocrx_word' id='word_1_352' title='bbox 139 2357 207 2384; x_wconf 86' lang='lat' dir='ltr'>Non</span> <span class='ocrx_word' id='word_1_353' title='bbox 221 2359 283 2384; x_wconf 88' lang='lat' dir='ltr'>erat</span> <span class='ocrx_word' id='word_1_354' title='bbox 303 2364 375 2391; x_wconf 79' lang='lat' dir='ltr'>ergo</span> <span class='ocrx_word' id='word_1_355' title='bbox 393 2357 520 2385; x_wconf 80' lang='lat' dir='ltr'>Basilius</span> <span class='ocrx_word' id='word_1_356' title='bbox 532 2364 568 2384; x_wconf 88' lang='lat' dir='ltr'>ex</span> <span class='ocrx_word' id='word_1_357' title='bbox 584 2357 754 2385; x_wconf 86' lang='lat' dir='ltr'>vehementi</span> <span class='ocrx_word' id='word_1_358' title='bbox 768 2357 819 2385; x_wconf 89' lang='lat' dir='ltr'>illo</span> <span class='ocrx_word' id='word_1_359' title='bbox 835 2357 935 2386; x_wconf 89' lang='lat' dir='ltr'>homi-</span> 
     </span>
    </p>
   </div>
   <div class='ocr_carea' id='block_1_53' title="bbox 104 2401 934 2437">
    <p class='ocr_par' dir='ltr' id='par_1_53' title="bbox 104 2401 934 2437">
     <span class='ocr_line' id='line_1_53' title="bbox 104 2401 934 2437; baseline 0.004 -9"><span class='ocrx_word' id='word_1_360' title='bbox 104 2409 179 2429; x_wconf 87' lang='lat' dir='ltr'>num</span> <span class='ocrx_word' id='word_1_361' title='bbox 191 2408 312 2435; x_wconf 81' lang='lat' dir='ltr'>genere,</span> <span class='ocrx_word' id='word_1_362' title='bbox 323 2401 361 2428; x_wconf 80' lang='lat' dir='ltr'>de</span> <span class='ocrx_word' id='word_1_363' title='bbox 376 2401 487 2437; x_wconf 91' lang='lat' dir='ltr'>quibus</span> <span class='ocrx_word' id='word_1_364' title='bbox 503 2401 703 2437; x_wconf 82' lang='lat' dir='ltr'>Hieronymus</span> <span class='ocrx_word' id='word_1_365' title='bbox 718 2401 749 2429; x_wconf 91' lang='lat' dir='ltr'>in</span> <span class='ocrx_word' id='word_1_366' title='bbox 760 2402 887 2437; x_wconf 81' lang='lat' dir='ltr'>epistola</span> <span class='ocrx_word' id='word_1_367' title='bbox 898 2403 934 2431; x_wconf 89' lang='lat' dir='ltr'>ad</span> 
     </span>
    </p>
   </div>
   <div class='ocr_carea' id='block_1_54' title="bbox 103 2446 936 2482">
    <p class='ocr_par' dir='ltr' id='par_1_54' title="bbox 103 2446 936 2482">
     <span class='ocr_line' id='line_1_54' title="bbox 103 2446 936 2482; baseline 0 -8"><span class='ocrx_word' id='word_1_368' title='bbox 103 2447 273 2474; x_wconf 78' lang='lat' dir='ltr'>Damasum</span> <span class='ocrx_word' id='word_1_369' title='bbox 289 2453 402 2481; x_wconf 87' lang='lat' dir='ltr'>papam</span> <span class='ocrx_word' id='word_1_370' title='bbox 419 2446 462 2474; x_wconf 88' lang='lat' dir='ltr'>sic</span> <span class='ocrx_word' id='word_1_371' title='bbox 477 2446 630 2482; x_wconf 82' lang='lat' dir='ltr'>loquitur:</span> <span class='ocrx_word' id='word_1_372' title='bbox 650 2447 881 2482; x_wconf 83' lang='lat' dir='ltr'>[nlerrogemus,</span> <span class='ocrx_word' id='word_1_373' title='bbox 894 2447 936 2474; x_wconf 79' lang='lat' dir='ltr'>in‘</span> 
     </span>
    </p>
   </div>
   <div class='ocr_carea' id='block_1_55' title="bbox 100 2490 933 2527">
    <p class='ocr_par' dir='ltr' id='par_1_55' title="bbox 100 2490 933 2527">
     <span class='ocr_line' id='line_1_55' title="bbox 100 2490 933 2527; baseline 0.004 -10"><span class='ocrx_word' id='word_1_374' title='bbox 100 2490 257 2526; x_wconf 85' lang='lat' dir='ltr'>quil,quid</span> <span class='ocrx_word' id='word_1_375' title='bbox 267 2493 325 2518; x_wconf 84' lang='lat' dir='ltr'>tres</span> <span class='ocrx_word' id='word_1_376' title='bbox 332 2490 491 2525; x_wconf 82' lang='lat' dir='ltr'>hypotases</span> <span class='ocrx_word' id='word_1_377' title='bbox 497 2498 584 2525; x_wconf 85' lang='lat' dir='ltr'>posse</span> <span class='ocrx_word' id='word_1_378' title='bbox 595 2491 783 2519; x_wconf 82' lang='lat' dir='ltr'>arbitrentur</span> <span class='ocrx_word' id='word_1_379' title='bbox 794 2491 933 2527; x_wconf 76' lang='lat' dir='ltr'>intelligi.</span> 
     </span>
    </p>
   </div>
   <div class='ocr_carea' id='block_1_56' title="bbox 104 2535 934 2570">
    <p class='ocr_par' dir='ltr' id='par_1_56' title="bbox 104 2535 934 2570">
     <span class='ocr_line' id='line_1_56' title="bbox 104 2535 934 2570; baseline 0.002 -8"><span class='ocrx_word' id='word_1_380' title='bbox 104 2535 176 2563; x_wconf 84' lang='lat' dir='ltr'>Tres</span> <span class='ocrx_word' id='word_1_381' title='bbox 183 2542 331 2569; x_wconf 82' lang='lat' dir='ltr'>personas</span> <span class='ocrx_word' id='word_1_382' title='bbox 344 2535 533 2563; x_wconf 85' lang='lat' dir='ltr'>subsistentes</span> <span class='ocrx_word' id='word_1_383' title='bbox 546 2536 630 2563; x_wconf 84' lang='lat' dir='ltr'>aiunt</span> <span class='ocrx_word' id='word_1_384' title='bbox 639 2543 645 2562; x_wconf 74' lang='grc' dir='ltr'>ε</span> <span class='ocrx_word' id='word_1_385' title='bbox 654 2536 867 2570; x_wconf 85' lang='lat' dir='ltr'>respondemus</span> <span class='ocrx_word' id='word_1_386' title='bbox 881 2544 934 2564; x_wconf 88' lang='lat' dir='ltr'>nos</span> 
     </span>
    </p>
   </div>
   <div class='ocr_carea' id='block_1_57' title="bbox 99 2579 934 2616">
    <p class='ocr_par' dir='ltr' id='par_1_57' title="bbox 99 2579 934 2616">
     <span class='ocr_line' id='line_1_57' title="bbox 99 2579 934 2616; baseline 0.002 -9"><span class='ocrx_word' id='word_1_387' title='bbox 99 2580 144 2607; x_wconf 87' lang='lat' dir='ltr'>ita</span> <span class='ocrx_word' id='word_1_388' title='bbox 155 2579 285 2607; x_wconf 84' lang='lat' dir='ltr'>credere.</span> <span class='ocrx_word' id='word_1_389' title='bbox 302 2579 371 2606; x_wconf 89' lang='lat' dir='ltr'>Non</span> <span class='ocrx_word' id='word_1_390' title='bbox 382 2579 495 2614; x_wconf 82' lang='lat' dir='ltr'>sufﬁcit</span> <span class='ocrx_word' id='word_1_391' title='bbox 504 2579 722 2614; x_wconf 83' lang='lat' dir='ltr'>sensus,ipsum</span> <span class='ocrx_word' id='word_1_392' title='bbox 732 2588 838 2608; x_wconf 89' lang='lat' dir='ltr'>nomen</span> <span class='ocrx_word' id='word_1_393' title='bbox 849 2581 934 2616; x_wconf 75' lang='lat' dir='ltr'>efﬂa-</span> 
     </span>
    </p>
   </div>
   <div class='ocr_carea' id='block_1_58' title="bbox 98 2624 931 2660">
    <p class='ocr_par' dir='ltr' id='par_1_58' title="bbox 98 2624 931 2660">
     <span class='ocr_line' id='line_1_58' title="bbox 98 2624 931 2660; baseline 0.001 -9"><span class='ocrx_word' id='word_1_394' title='bbox 98 2624 201 2659; x_wconf 84' lang='lat' dir='ltr'>gitant</span> <span class='ocrx_word' id='word_1_395' title='bbox 213 2625 306 2659; x_wconf 69' lang='lat' dir='ltr'>squia</span> <span class='ocrx_word' id='word_1_396' title='bbox 322 2624 420 2652; x_wconf 85' lang='lat' dir='ltr'>nescio</span> <span class='ocrx_word' id='word_1_397' title='bbox 435 2625 509 2660; x_wconf 85' lang='lat' dir='ltr'>quid</span> <span class='ocrx_word' id='word_1_398' title='bbox 530 2625 636 2652; x_wconf 64' lang='lat' dir='ltr'>veneni</span> <span class='ocrx_word' id='word_1_399' title='bbox 652 2625 684 2652; x_wconf 86' lang='lat' dir='ltr'>in</span> <span class='ocrx_word' id='word_1_400' title='bbox 703 2625 831 2659; x_wconf 80' lang='lat' dir='ltr'>syllabis</span> <span class='ocrx_word' id='word_1_401' title='bbox 848 2626 931 2654; x_wconf 86' lang='lat' dir='ltr'>latet.</span> 
     </span>
    </p>
   </div>
   <div class='ocr_carea' id='block_1_59' title="bbox 100 2668 933 2705">
    <p class='ocr_par' dir='ltr' id='par_1_59' title="bbox 100 2668 933 2705">
     <span class='ocr_line' id='line_1_59' title="bbox 100 2668 933 2705; baseline 0 -10"><span class='ocrx_word' id='word_1_402' title='bbox 100 2668 289 2700; x_wconf 81' lang='lat' dir='ltr'>Clamamus,</span> <span class='ocrx_word' id='word_1_403' title='bbox 304 2669 331 2696; x_wconf 83' lang='lat' dir='ltr'>si</span> <span class='ocrx_word' id='word_1_404' title='bbox 341 2669 407 2704; x_wconf 85' lang='lat' dir='ltr'>quis</span> <span class='ocrx_word' id='word_1_405' title='bbox 418 2671 477 2696; x_wconf 88' lang='lat' dir='ltr'>tres</span> <span class='ocrx_word' id='word_1_406' title='bbox 488 2669 672 2704; x_wconf 81' lang='lat' dir='ltr'>hypostases,</span> <span class='ocrx_word' id='word_1_407' title='bbox 686 2672 718 2697; x_wconf 89' lang='lat' dir='ltr'>ut</span> <span class='ocrx_word' id='word_1_408' title='bbox 732 2670 793 2697; x_wconf 86' lang='lat' dir='ltr'>tria</span> <span class='ocrx_word' id='word_1_409' title='bbox 811 2677 933 2705; x_wconf 76' lang='lat' dir='ltr'>enypos-</span> 
     </span>
    </p>
   </div>
   <div class='ocr_carea' id='block_1_60' title="bbox 99 2712 933 2750">
    <p class='ocr_par' dir='ltr' id='par_1_60' title="bbox 99 2712 933 2750">
     <span class='ocr_line' id='line_1_60' title="bbox 99 2712 933 2750; baseline 0.004 -10"><span class='ocrx_word' id='word_1_410' title='bbox 99 2716 174 2745; x_wconf 83' lang='lat' dir='ltr'>tata.</span> <span class='ocrx_word' id='word_1_411' title='bbox 189 2712 241 2741; x_wconf 84' lang='lat' dir='ltr'>hoc</span> <span class='ocrx_word' id='word_1_412' title='bbox 253 2717 295 2741; x_wconf 81' lang='lat' dir='ltr'>est</span> <span class='ocrx_word' id='word_1_413' title='bbox 311 2716 370 2741; x_wconf 88' lang='lat' dir='ltr'>tres</span> <span class='ocrx_word' id='word_1_414' title='bbox 383 2713 577 2742; x_wconf 84' lang='lat' dir='ltr'>subsistentes</span> <span class='ocrx_word' id='word_1_415' title='bbox 588 2721 807 2748; x_wconf 88' lang='lat' dir='ltr'>personas,non</span> <span class='ocrx_word' id='word_1_416' title='bbox 817 2715 933 2750; x_wconf 87' lang='lat' dir='ltr'>conﬁte-</span> 
     </span>
    </p>
   </div>
   <div class='ocr_carea' id='block_1_61' title="bbox 98 2758 933 2794">
    <p class='ocr_par' dir='ltr' id='par_1_61' title="bbox 98 2758 933 2794">
     <span class='ocr_line' id='line_1_61' title="bbox 98 2758 933 2794; baseline 0.004 -9"><span class='ocrx_word' id='word_1_417' title='bbox 98 2758 329 2792; x_wconf 84' lang='lat' dir='ltr'>tur,anathema</span> <span class='ocrx_word' id='word_1_418' title='bbox 341 2758 436 2786; x_wconf 85' lang='lat' dir='ltr'>sit.El</span> <span class='ocrx_word' id='word_1_419' title='bbox 447 2759 518 2793; x_wconf 85' lang='lat' dir='ltr'>quia</span> <span class='ocrx_word' id='word_1_420' title='bbox 532 2758 678 2787; x_wconf 78' lang='lat' dir='ltr'>vocabula</span> <span class='ocrx_word' id='word_1_421' title='bbox 689 2767 748 2786; x_wconf 85' lang='lat' dir='ltr'>non</span> <span class='ocrx_word' id='word_1_422' title='bbox 759 2759 933 2794; x_wconf 79' lang='lat' dir='ltr'>ediscimus,</span> 
     </span>
    </p>
   </div>
   <div class='ocr_carea' id='block_1_62' title="bbox 102 2803 932 2839">
    <p class='ocr_par' dir='ltr' id='par_1_62' title="bbox 102 2803 932 2839">
     <span class='ocr_line' id='line_1_62' title="bbox 102 2803 932 2839; baseline 0.002 -8"><span class='ocrx_word' id='word_1_423' title='bbox 102 2803 433 2839; x_wconf 67' lang='lat' dir='ltr'>hmreticijudicamur.</span> <span class='ocrx_word' id='word_1_424' title='bbox 443 2805 548 2832; x_wconf 82' lang='lat' dir='ltr'>Deerat</span> <span class='ocrx_word' id='word_1_425' title='bbox 558 2811 631 2832; x_wconf 86' lang='lat' dir='ltr'>sane</span> <span class='ocrx_word' id='word_1_426' title='bbox 641 2804 792 2839; x_wconf 86' lang='lat' dir='ltr'>ejusmodi</span> <span class='ocrx_word' id='word_1_427' title='bbox 803 2805 932 2833; x_wconf 87' lang='lat' dir='ltr'>homini-</span> 
     </span>
    </p>
   </div>
   <div class='ocr_carea' id='block_1_63' title="bbox 998 242 1830 284">
    <p class='ocr_par' dir='ltr' id='par_1_63' title="bbox 998 242 1830 284">
     <span class='ocr_line' id='line_1_63' title="bbox 998 242 1830 284; baseline -0.01 -7"><span class='ocrx_word' id='word_1_428' title='bbox 998 248 1116 277; x_wconf 83' lang='lat' dir='ltr'>etfactis</span> <span class='ocrx_word' id='word_1_429' title='bbox 1125 247 1383 284; x_wconf 84' lang='lat' dir='ltr'>elucebat,lenitas</span> <span class='ocrx_word' id='word_1_430' title='bbox 1397 248 1426 275; x_wconf 89' lang='lat' dir='ltr'>et</span> <span class='ocrx_word' id='word_1_431' title='bbox 1437 245 1529 274; x_wconf 88' lang='lat' dir='ltr'>animi</span> <span class='ocrx_word' id='word_1_432' title='bbox 1543 242 1830 279; x_wconf 86' lang='lat' dir='ltr'>moderatio.Suspi-</span> 
     </span>
    </p>
   </div>
   <div class='ocr_carea' id='block_1_64' title="bbox 998 289 1829 328">
    <p class='ocr_par' dir='ltr' id='par_1_64' title="bbox 998 289 1829 328">
     <span class='ocr_line' id='line_1_64' title="bbox 998 289 1829 328; baseline -0.01 -6"><span class='ocrx_word' id='word_1_433' title='bbox 998 296 1083 322; x_wconf 87' lang='lat' dir='ltr'>catur</span> <span class='ocrx_word' id='word_1_434' title='bbox 1096 296 1196 321; x_wconf 88' lang='lat' dir='ltr'>tamen</span> <span class='ocrx_word' id='word_1_435' title='bbox 1207 291 1514 328; x_wconf 81' lang='lat' dir='ltr'>Tillemontius(t.x11,</span> <span class='ocrx_word' id='word_1_436' title='bbox 1522 298 1552 327; x_wconf 90' lang='lat' dir='ltr'>p.</span> <span class='ocrx_word' id='word_1_437' title='bbox 1560 289 1829 325; x_wconf 68' lang='lat' dir='ltr'>46)Hieronymum</span> 
     </span>
    </p>
   </div>
   <div class='ocr_carea' id='block_1_65' title="bbox 997 332 1830 368">
    <p class='ocr_par' dir='ltr' id='par_1_65' title="bbox 997 332 1830 368">
     <span class='ocr_line' id='line_1_65' title="bbox 997 332 1830 368; baseline -0.01 -1"><span class='ocrx_word' id='word_1_438' title='bbox 997 346 1059 368; x_wconf 88' lang='lat' dir='ltr'>non</span> <span class='ocrx_word' id='word_1_439' title='bbox 1070 338 1127 366; x_wconf 87' lang='lat' dir='ltr'>sibi</span> <span class='ocrx_word' id='word_1_440' title='bbox 1140 340 1277 366; x_wconf 84' lang='lat' dir='ltr'>constare</span> <span class='ocrx_word' id='word_1_441' title='bbox 1292 337 1323 364; x_wconf 89' lang='lat' dir='ltr'>in</span> <span class='ocrx_word' id='word_1_442' title='bbox 1333 337 1380 364; x_wconf 89' lang='lat' dir='ltr'>his</span> <span class='ocrx_word' id='word_1_443' title='bbox 1390 334 1643 364; x_wconf 84' lang='lat' dir='ltr'>narrandis.Nam</span> <span class='ocrx_word' id='word_1_444' title='bbox 1658 341 1728 361; x_wconf 91' lang='lat' dir='ltr'>cum</span> <span class='ocrx_word' id='word_1_445' title='bbox 1741 332 1830 360; x_wconf 89' lang='lat' dir='ltr'>vehe-</span> 
     </span>
    </p>
   </div>
   <div class='ocr_carea' id='block_1_66' title="bbox 998 376 1829 418">
    <p class='ocr_par' dir='ltr' id='par_1_66' title="bbox 998 376 1829 418">
     <span class='ocr_line' id='line_1_66' title="bbox 998 376 1829 418; baseline -0.008 -7"><span class='ocrx_word' id='word_1_446' title='bbox 998 385 1115 411; x_wconf 86' lang='lat' dir='ltr'>mentes</span> <span class='ocrx_word' id='word_1_447' title='bbox 1130 382 1170 410; x_wconf 89' lang='lat' dir='ltr'>illi</span> <span class='ocrx_word' id='word_1_448' title='bbox 1183 382 1274 410; x_wconf 76' lang='lat' dir='ltr'>triuni</span> <span class='ocrx_word' id='word_1_449' title='bbox 1296 380 1507 418; x_wconf 78' lang='lat' dir='ltr'>hypostasium</span> <span class='ocrx_word' id='word_1_450' title='bbox 1533 378 1719 412; x_wconf 84' lang='lat' dir='ltr'>defensores,</span> <span class='ocrx_word' id='word_1_451' title='bbox 1730 376 1829 413; x_wconf 89' lang='lat' dir='ltr'>inquit</span> 
     </span>
    </p>
   </div>
   <div class='ocr_carea' id='block_1_67' title="bbox 999 422 1828 463">
    <p class='ocr_par' dir='ltr' id='par_1_67' title="bbox 999 422 1828 463">
     <span class='ocr_line' id='line_1_67' title="bbox 999 422 1828 463; baseline -0.01 -7"><span class='ocrx_word' id='word_1_452' title='bbox 999 427 1132 457; x_wconf 88' lang='lat' dir='ltr'>eruditus</span> <span class='ocrx_word' id='word_1_453' title='bbox 1138 427 1275 463; x_wconf 84' lang='lat' dir='ltr'>scriptor,</span> <span class='ocrx_word' id='word_1_454' title='bbox 1282 423 1626 461; x_wconf 88' lang='lat' dir='ltr'>nihilaliudpeterentab</span> <span class='ocrx_word' id='word_1_455' title='bbox 1632 422 1828 458; x_wconf 83' lang='lat' dir='ltr'>Hieronymo,</span> 
     </span>
    </p>
   </div>
   <div class='ocr_carea' id='block_1_68' title="bbox 998 467 1828 508">
    <p class='ocr_par' dir='ltr' id='par_1_68' title="bbox 998 467 1828 508">
     <span class='ocr_line' id='line_1_68' title="bbox 998 467 1828 508; baseline -0.008 -7"><span class='ocrx_word' id='word_1_456' title='bbox 998 473 1056 501; x_wconf 89' lang='lat' dir='ltr'>nisi</span> <span class='ocrx_word' id='word_1_457' title='bbox 1066 475 1099 501; x_wconf 89' lang='lat' dir='ltr'>ut</span> <span class='ocrx_word' id='word_1_458' title='bbox 1109 475 1166 500; x_wconf 88' lang='lat' dir='ltr'>tres</span> <span class='ocrx_word' id='word_1_459' title='bbox 1180 472 1362 508; x_wconf 87' lang='lat' dir='ltr'>hyposlases</span> <span class='ocrx_word' id='word_1_460' title='bbox 1377 469 1583 503; x_wconf 82' lang='lat' dir='ltr'>conﬁteretur;</span> <span class='ocrx_word' id='word_1_461' title='bbox 1593 467 1751 505; x_wconf 88' lang='lat' dir='ltr'>quomodo</span> <span class='ocrx_word' id='word_1_462' title='bbox 1765 474 1828 495; x_wconf 88' lang='lat' dir='ltr'>non</span> 
     </span>
    </p>
   </div>
   <div class='ocr_carea' id='block_1_69' title="bbox 999 511 1828 554">
    <p class='ocr_par' dir='ltr' id='par_1_69' title="bbox 999 511 1828 554">
     <span class='ocr_line' id='line_1_69' title="bbox 999 511 1828 554; baseline -0.008 -8"><span class='ocrx_word' id='word_1_463' title='bbox 999 526 1051 546; x_wconf 89' lang='lat' dir='ltr'>eos</span> <span class='ocrx_word' id='word_1_464' title='bbox 1079 518 1231 554; x_wconf 84' lang='lat' dir='ltr'>placasset</span> <span class='ocrx_word' id='word_1_465' title='bbox 1256 516 1346 545; x_wconf 88' lang='lat' dir='ltr'>trium</span> <span class='ocrx_word' id='word_1_466' title='bbox 1367 513 1580 552; x_wconf 87' lang='lat' dir='ltr'>hypostasium</span> <span class='ocrx_word' id='word_1_467' title='bbox 1608 511 1828 541; x_wconf 82' lang='lat' dir='ltr'>confessione?</span> 
     </span>
    </p>
   </div>
   <div class='ocr_carea' id='block_1_70' title="bbox 999 557 1826 598">
    <p class='ocr_par' dir='ltr' id='par_1_70' title="bbox 999 557 1826 598">
     <span class='ocr_line' id='line_1_70' title="bbox 999 557 1826 598; baseline -0.01 -7"><span class='ocrx_word' id='word_1_468' title='bbox 999 561 1111 591; x_wconf 81' lang='lat' dir='ltr'>Deinde</span> <span class='ocrx_word' id='word_1_469' title='bbox 1121 570 1191 590; x_wconf 82' lang='lat' dir='ltr'>vero</span> <span class='ocrx_word' id='word_1_470' title='bbox 1201 565 1366 598; x_wconf 86' lang='lat' dir='ltr'>postquam</span> <span class='ocrx_word' id='word_1_471' title='bbox 1377 562 1437 588; x_wconf 89' lang='lat' dir='ltr'>tres</span> <span class='ocrx_word' id='word_1_472' title='bbox 1450 559 1633 595; x_wconf 87' lang='lat' dir='ltr'>hypostases</span> <span class='ocrx_word' id='word_1_473' title='bbox 1652 557 1826 585; x_wconf 87' lang='lat' dir='ltr'>confessum</span> 
     </span>
    </p>
   </div>
   <div class='ocr_carea' id='block_1_71' title="bbox 999 601 1826 641">
    <p class='ocr_par' dir='ltr' id='par_1_71' title="bbox 999 601 1826 641">
     <span class='ocr_line' id='line_1_71' title="bbox 999 601 1826 641; baseline -0.007 -5"><span class='ocrx_word' id='word_1_474' title='bbox 999 616 1030 636; x_wconf 89' lang='lat' dir='ltr'>se</span> <span class='ocrx_word' id='word_1_475' title='bbox 1043 615 1107 636; x_wconf 87' lang='lat' dir='ltr'>esse</span> <span class='ocrx_word' id='word_1_476' title='bbox 1118 606 1260 641; x_wconf 88' lang='lat' dir='ltr'>narravit,</span> <span class='ocrx_word' id='word_1_477' title='bbox 1272 613 1325 634; x_wconf 92' lang='lat' dir='ltr'>cur</span> <span class='ocrx_word' id='word_1_478' title='bbox 1338 605 1439 633; x_wconf 79' lang='lat' dir='ltr'>statim</span> <span class='ocrx_word' id='word_1_479' title='bbox 1451 603 1588 637; x_wconf 87' lang='lat' dir='ltr'>addit,El</span> <span class='ocrx_word' id='word_1_480' title='bbox 1600 602 1670 638; x_wconf 86' lang='lat' dir='ltr'>quia</span> <span class='ocrx_word' id='word_1_481' title='bbox 1680 601 1826 630; x_wconf 88' lang='lat' dir='ltr'>vocabula</span> 
     </span>
    </p>
   </div>
   <div class='ocr_carea' id='block_1_72' title="bbox 998 644 1824 685">
    <p class='ocr_par' dir='ltr' id='par_1_72' title="bbox 998 644 1824 685">
     <span class='ocr_line' id='line_1_72' title="bbox 998 644 1824 685; baseline -0.01 -5"><span class='ocrx_word' id='word_1_482' title='bbox 998 660 1057 680; x_wconf 87' lang='lat' dir='ltr'>non</span> <span class='ocrx_word' id='word_1_483' title='bbox 1065 651 1225 680; x_wconf 83' lang='lat' dir='ltr'>edicimus?</span> <span class='ocrx_word' id='word_1_484' title='bbox 1235 649 1449 678; x_wconf 68' lang='lat' dir='ltr'>Videnturhiec</span> <span class='ocrx_word' id='word_1_485' title='bbox 1457 647 1624 685; x_wconf 84' lang='lat' dir='ltr'>pugnantia</span> <span class='ocrx_word' id='word_1_486' title='bbox 1630 644 1824 674; x_wconf 87' lang='lat' dir='ltr'>Tillemontio.</span> 
     </span>
    </p>
   </div>
   <div class='ocr_carea' id='block_1_73' title="bbox 999 689 1827 726">
    <p class='ocr_par' dir='ltr' id='par_1_73' title="bbox 999 689 1827 726">
     <span class='ocr_line' id='line_1_73' title="bbox 999 689 1827 726; baseline -0.01 -1"><span class='ocrx_word' id='word_1_487' title='bbox 999 696 1057 726; x_wconf 87' lang='lat' dir='ltr'>Sed</span> <span class='ocrx_word' id='word_1_488' title='bbox 1071 696 1174 724; x_wconf 86' lang='lat' dir='ltr'>minus</span> <span class='ocrx_word' id='word_1_489' title='bbox 1189 694 1403 723; x_wconf 83' lang='lat' dir='ltr'>animadvertit</span> <span class='ocrx_word' id='word_1_490' title='bbox 1416 692 1610 721; x_wconf 88' lang='lat' dir='ltr'>doctissimus</span> <span class='ocrx_word' id='word_1_491' title='bbox 1626 690 1744 719; x_wconf 88' lang='lat' dir='ltr'>criticus</span> <span class='ocrx_word' id='word_1_492' title='bbox 1759 689 1827 718; x_wconf 83' lang='lat' dir='ltr'>Hie-</span> 
     </span>
    </p>
   </div>
   <div class='ocr_carea' id='block_1_74' title="bbox 997 734 1825 778">
    <p class='ocr_par' dir='ltr' id='par_1_74' title="bbox 997 734 1825 778">
     <span class='ocr_line' id='line_1_74' title="bbox 997 734 1825 778; baseline -0.01 -8"><span class='ocrx_word' id='word_1_493' title='bbox 997 749 1163 778; x_wconf 88' lang='lat' dir='ltr'>ronymum</span> <span class='ocrx_word' id='word_1_494' title='bbox 1178 740 1236 769; x_wconf 90' lang='lat' dir='ltr'>hoc</span> <span class='ocrx_word' id='word_1_495' title='bbox 1248 740 1315 768; x_wconf 91' lang='lat' dir='ltr'>loco</span> <span class='ocrx_word' id='word_1_496' title='bbox 1330 747 1393 768; x_wconf 91' lang='lat' dir='ltr'>non</span> <span class='ocrx_word' id='word_1_497' title='bbox 1403 741 1463 767; x_wconf 87' lang='lat' dir='ltr'>tres</span> <span class='ocrx_word' id='word_1_498' title='bbox 1477 738 1660 774; x_wconf 84' lang='lat' dir='ltr'>hypostases</span> <span class='ocrx_word' id='word_1_499' title='bbox 1679 734 1825 766; x_wconf 83' lang='lat' dir='ltr'>conﬁteri,</span> 
     </span>
    </p>
   </div>
   <div class='ocr_carea' id='block_1_75' title="bbox 998 782 1825 817">
    <p class='ocr_par' dir='ltr' id='par_1_75' title="bbox 998 782 1825 817">
     <span class='ocr_line' id='line_1_75' title="bbox 998 782 1825 817; baseline -0.008 -3"><span class='ocrx_word' id='word_1_500' title='bbox 998 786 1051 814; x_wconf 88' lang='lat' dir='ltr'>sed</span> <span class='ocrx_word' id='word_1_501' title='bbox 1065 786 1201 814; x_wconf 88' lang='lat' dir='ltr'>medium</span> <span class='ocrx_word' id='word_1_502' title='bbox 1216 793 1249 813; x_wconf 89' lang='lat' dir='ltr'>se</span> <span class='ocrx_word' id='word_1_503' title='bbox 1262 792 1328 813; x_wconf 88' lang='lat' dir='ltr'>esse</span> <span class='ocrx_word' id='word_1_504' title='bbox 1348 784 1424 812; x_wconf 86' lang='lat' dir='ltr'>velle</span> <span class='ocrx_word' id='word_1_505' title='bbox 1448 783 1526 811; x_wconf 89' lang='lat' dir='ltr'>inter</span> <span class='ocrx_word' id='word_1_506' title='bbox 1541 784 1684 817; x_wconf 86' lang='lat' dir='ltr'>utrasque</span> <span class='ocrx_word' id='word_1_507' title='bbox 1711 782 1825 816; x_wconf 80' lang='lat' dir='ltr'>partes.</span> 
     </span>
    </p>
   </div>
   <div class='ocr_carea' id='block_1_76' title="bbox 997 824 1826 866">
    <p class='ocr_par' dir='ltr' id='par_1_76' title="bbox 997 824 1826 866">
     <span class='ocr_line' id='line_1_76' title="bbox 997 824 1826 866; baseline -0.01 -6"><span class='ocrx_word' id='word_1_508' title='bbox 997 833 1061 860; x_wconf 89' lang='lat' dir='ltr'>Non</span> <span class='ocrx_word' id='word_1_509' title='bbox 1076 831 1157 860; x_wconf 90' lang='lat' dir='ltr'>enim</span> <span class='ocrx_word' id='word_1_510' title='bbox 1171 830 1251 865; x_wconf 85' lang='lat' dir='ltr'>dicit,</span> <span class='ocrx_word' id='word_1_511' title='bbox 1260 830 1288 858; x_wconf 89' lang='lat' dir='ltr'>Si</span> <span class='ocrx_word' id='word_1_512' title='bbox 1296 829 1363 866; x_wconf 89' lang='lat' dir='ltr'>quis</span> <span class='ocrx_word' id='word_1_513' title='bbox 1374 831 1433 857; x_wconf 88' lang='lat' dir='ltr'>tres</span> <span class='ocrx_word' id='word_1_514' title='bbox 1444 828 1624 864; x_wconf 88' lang='lat' dir='ltr'>hypostases</span> <span class='ocrx_word' id='word_1_515' title='bbox 1634 833 1695 854; x_wconf 92' lang='lat' dir='ltr'>non</span> <span class='ocrx_word' id='word_1_516' title='bbox 1705 824 1826 853; x_wconf 78' lang='lat' dir='ltr'>confite-</span> 
     </span>
    </p>
   </div>
   <div class='ocr_carea' id='block_1_77' title="bbox 997 869 1823 911">
    <p class='ocr_par' dir='ltr' id='par_1_77' title="bbox 997 869 1823 911">
     <span class='ocr_line' id='line_1_77' title="bbox 997 869 1823 911; baseline -0.01 -6"><span class='ocrx_word' id='word_1_517' title='bbox 997 876 1220 911; x_wconf 83' lang='lat' dir='ltr'>tur,anathema</span> <span class='ocrx_word' id='word_1_518' title='bbox 1232 874 1345 903; x_wconf 88' lang='lat' dir='ltr'>sit:sed</span> <span class='ocrx_word' id='word_1_519' title='bbox 1355 874 1380 902; x_wconf 86' lang='lat' dir='ltr'>is</span> <span class='ocrx_word' id='word_1_520' title='bbox 1390 875 1436 902; x_wconf 92' lang='lat' dir='ltr'>est</span> <span class='ocrx_word' id='word_1_521' title='bbox 1446 880 1553 901; x_wconf 87' lang='lat' dir='ltr'>sensus</span> <span class='ocrx_word' id='word_1_522' title='bbox 1564 871 1644 899; x_wconf 88' lang='lat' dir='ltr'>illius</span> <span class='ocrx_word' id='word_1_523' title='bbox 1651 869 1823 898; x_wconf 88' lang='lat' dir='ltr'>verborum:</span> 
     </span>
    </p>
   </div>
   <div class='ocr_carea' id='block_1_78' title="bbox 998 916 1825 958">
    <p class='ocr_par' dir='ltr' id='par_1_78' title="bbox 998 916 1825 958">
     <span class='ocr_line' id='line_1_78' title="bbox 998 916 1825 958; baseline -0.01 -8"><span class='ocrx_word' id='word_1_524' title='bbox 998 921 1109 958; x_wconf 85' lang='lat' dir='ltr'>Siquis</span> <span class='ocrx_word' id='word_1_525' title='bbox 1134 922 1194 949; x_wconf 86' lang='lat' dir='ltr'>tres</span> <span class='ocrx_word' id='word_1_526' title='bbox 1217 920 1399 956; x_wconf 83' lang='lat' dir='ltr'>hypostases</span> <span class='ocrx_word' id='word_1_527' title='bbox 1430 916 1613 953; x_wconf 83' lang='lat' dir='ltr'>conﬁtendo,</span> <span class='ocrx_word' id='word_1_528' title='bbox 1625 923 1688 944; x_wconf 89' lang='lat' dir='ltr'>non</span> <span class='ocrx_word' id='word_1_529' title='bbox 1710 916 1743 943; x_wconf 88' lang='lat' dir='ltr'>ut</span> <span class='ocrx_word' id='word_1_530' title='bbox 1766 917 1825 942; x_wconf 86' lang='lat' dir='ltr'>tres</span> 
     </span>
    </p>
   </div>
   <div class='ocr_carea' id='block_1_79' title="bbox 996 960 1824 1004">
    <p class='ocr_par' dir='ltr' id='par_1_79' title="bbox 996 960 1824 1004">
     <span class='ocr_line' id='line_1_79' title="bbox 996 960 1824 1004; baseline -0.01 -9"><span class='ocrx_word' id='word_1_531' title='bbox 996 974 1142 1004; x_wconf 87' lang='lat' dir='ltr'>personas</span> <span class='ocrx_word' id='word_1_532' title='bbox 1157 963 1421 999; x_wconf 88' lang='lat' dir='ltr'>subsistentes,sed</span> <span class='ocrx_word' id='word_1_533' title='bbox 1433 964 1466 991; x_wconf 91' lang='lat' dir='ltr'>ut</span> <span class='ocrx_word' id='word_1_534' title='bbox 1480 965 1540 990; x_wconf 88' lang='lat' dir='ltr'>tres</span> <span class='ocrx_word' id='word_1_535' title='bbox 1555 960 1739 989; x_wconf 87' lang='lat' dir='ltr'>substantias</span> <span class='ocrx_word' id='word_1_536' title='bbox 1754 966 1824 987; x_wconf 90' lang='lat' dir='ltr'>con-</span> 
     </span>
    </p>
   </div>
   <div class='ocr_carea' id='block_1_80' title="bbox 996 1006 1824 1046">
    <p class='ocr_par' dir='ltr' id='par_1_80' title="bbox 996 1006 1824 1046">
     <span class='ocr_line' id='line_1_80' title="bbox 996 1006 1824 1046; baseline -0.01 -7"><span class='ocrx_word' id='word_1_537' title='bbox 996 1010 1293 1046; x_wconf 86' lang='lat' dir='ltr'>ﬁtemur,anathema</span> <span class='ocrx_word' id='word_1_538' title='bbox 1306 1009 1352 1037; x_wconf 90' lang='lat' dir='ltr'>sit.</span> <span class='ocrx_word' id='word_1_539' title='bbox 1362 1008 1394 1036; x_wconf 88' lang='lat' dir='ltr'>td</span> <span class='ocrx_word' id='word_1_540' title='bbox 1409 1008 1490 1044; x_wconf 85' lang='lat' dir='ltr'>patet</span> <span class='ocrx_word' id='word_1_541' title='bbox 1503 1014 1540 1035; x_wconf 77' lang='lat' dir='ltr'>ex</span> <span class='ocrx_word' id='word_1_542' title='bbox 1551 1006 1599 1034; x_wconf 88' lang='lat' dir='ltr'>his</span> <span class='ocrx_word' id='word_1_543' title='bbox 1609 1013 1678 1042; x_wconf 66' lang='lat' dir='ltr'>qua:</span> <span class='ocrx_word' id='word_1_544' title='bbox 1694 1012 1824 1041; x_wconf 89' lang='lat' dir='ltr'>sequun-</span> 
     </span>
    </p>
   </div>
   <div class='ocr_carea' id='block_1_81' title="bbox 997 1050 1823 1091">
    <p class='ocr_par' dir='ltr' id='par_1_81' title="bbox 997 1050 1823 1091">
     <span class='ocr_line' id='line_1_81' title="bbox 997 1050 1823 1091; baseline -0.011 -6"><span class='ocrx_word' id='word_1_545' title='bbox 997 1058 1045 1084; x_wconf 88' lang='lat' dir='ltr'>tur</span> <span class='ocrx_word' id='word_1_546' title='bbox 1061 1065 1068 1084; x_wconf 86' lang='lat'><strong>:</strong></span> <span class='ocrx_word' id='word_1_547' title='bbox 1083 1055 1116 1084; x_wconf 87' lang='lat' dir='ltr'>Si</span> <span class='ocrx_word' id='word_1_548' title='bbox 1134 1055 1199 1091; x_wconf 87' lang='lat' dir='ltr'>quis</span> <span class='ocrx_word' id='word_1_549' title='bbox 1219 1059 1316 1083; x_wconf 88' lang='lat' dir='ltr'>autem</span> <span class='ocrx_word' id='word_1_550' title='bbox 1333 1052 1518 1088; x_wconf 86' lang='lat' dir='ltr'>hypostasim</span> <span class='ocrx_word' id='word_1_551' title='bbox 1535 1051 1631 1078; x_wconf 75' lang='lat' dir='ltr'>asiam</span> <span class='ocrx_word' id='word_1_552' title='bbox 1641 1050 1823 1085; x_wconf 84' lang='lat' dir='ltr'>intelligens,</span> 
     </span>
    </p>
   </div>
   <div class='ocr_carea' id='block_1_82' title="bbox 997 1093 1825 1134">
    <p class='ocr_par' dir='ltr' id='par_1_82' title="bbox 997 1093 1825 1134">
     <span class='ocr_line' id='line_1_82' title="bbox 997 1093 1825 1134; baseline -0.011 -5"><span class='ocrx_word' id='word_1_553' title='bbox 997 1108 1057 1129; x_wconf 88' lang='lat' dir='ltr'>non</span> <span class='ocrx_word' id='word_1_554' title='bbox 1085 1101 1117 1128; x_wconf 89' lang='lat' dir='ltr'>in</span> <span class='ocrx_word' id='word_1_555' title='bbox 1146 1100 1241 1128; x_wconf 89' lang='lat' dir='ltr'>tribus</span> <span class='ocrx_word' id='word_1_556' title='bbox 1263 1098 1399 1134; x_wconf 75' lang='lat' dir='ltr'>personis</span> <span class='ocrx_word' id='word_1_557' title='bbox 1424 1104 1515 1125; x_wconf 87' lang='lat' dir='ltr'>unam</span> <span class='ocrx_word' id='word_1_558' title='bbox 1540 1094 1725 1130; x_wconf 86' lang='lat' dir='ltr'>hypostasim</span> <span class='ocrx_word' id='word_1_559' title='bbox 1739 1093 1825 1128; x_wconf 85' lang='lat' dir='ltr'>dicit,</span> 
     </span>
    </p>
   </div>
   <div class='ocr_carea' id='block_1_83' title="bbox 998 1137 1826 1176">
    <p class='ocr_par' dir='ltr' id='par_1_83' title="bbox 998 1137 1826 1176">
     <span class='ocr_line' id='line_1_83' title="bbox 998 1137 1826 1176; baseline -0.011 -2"><span class='ocrx_word' id='word_1_560' title='bbox 998 1146 1115 1174; x_wconf 86' lang='lat' dir='ltr'>alienus</span> <span class='ocrx_word' id='word_1_561' title='bbox 1130 1153 1148 1172; x_wconf 87' lang='lat' dir='ltr'>a</span> <span class='ocrx_word' id='word_1_562' title='bbox 1169 1144 1287 1173; x_wconf 82' lang='lat' dir='ltr'>Christo</span> <span class='ocrx_word' id='word_1_563' title='bbox 1303 1146 1354 1172; x_wconf 90' lang='lat' dir='ltr'>est.</span> <span class='ocrx_word' id='word_1_564' title='bbox 1372 1143 1480 1171; x_wconf 86' lang='lat' dir='ltr'>Secum</span> <span class='ocrx_word' id='word_1_565' title='bbox 1499 1148 1570 1176; x_wconf 88' lang='lat' dir='ltr'>ergo</span> <span class='ocrx_word' id='word_1_566' title='bbox 1585 1147 1647 1168; x_wconf 88' lang='lat' dir='ltr'>non</span> <span class='ocrx_word' id='word_1_567' title='bbox 1667 1137 1826 1176; x_wconf 80' lang='lat' dir='ltr'>pugnabat</span> 
     </span>
    </p>
   </div>
   <div class='ocr_carea' id='block_1_84' title="bbox 999 1185 1827 1226">
    <p class='ocr_par' dir='ltr' id='par_1_84' title="bbox 999 1185 1827 1226">
     <span class='ocr_line' id='line_1_84' title="bbox 999 1185 1827 1226; baseline -0.01 -7"><span class='ocrx_word' id='word_1_568' title='bbox 999 1191 1209 1226; x_wconf 85' lang='lat' dir='ltr'>Hieronymus,</span> <span class='ocrx_word' id='word_1_569' title='bbox 1223 1189 1277 1217; x_wconf 92' lang='lat' dir='ltr'>sed</span> <span class='ocrx_word' id='word_1_570' title='bbox 1291 1190 1431 1217; x_wconf 90' lang='lat' dir='ltr'>neutram</span> <span class='ocrx_word' id='word_1_571' title='bbox 1444 1185 1590 1222; x_wconf 88' lang='lat' dir='ltr'>loquendi</span> <span class='ocrx_word' id='word_1_572' title='bbox 1603 1185 1752 1213; x_wconf 87' lang='lat' dir='ltr'>rationem</span> <span class='ocrx_word' id='word_1_573' title='bbox 1764 1191 1827 1212; x_wconf 77' lang='lat' dir='ltr'>am-</span> 
     </span>
    </p>
   </div>
   <div class='ocr_carea' id='block_1_85' title="bbox 998 1228 1827 1273">
    <p class='ocr_par' dir='ltr' id='par_1_85' title="bbox 998 1228 1827 1273">
     <span class='ocr_line' id='line_1_85' title="bbox 998 1228 1827 1273; baseline -0.01 -9"><span class='ocrx_word' id='word_1_574' title='bbox 998 1236 1144 1273; x_wconf 90' lang='lat' dir='ltr'>plectens,</span> <span class='ocrx_word' id='word_1_575' title='bbox 1157 1234 1306 1272; x_wconf 87' lang='lat' dir='ltr'>quidquid</span> <span class='ocrx_word' id='word_1_576' title='bbox 1326 1232 1446 1269; x_wconf 86' lang='lat' dir='ltr'>utrique</span> <span class='ocrx_word' id='word_1_577' title='bbox 1465 1232 1582 1268; x_wconf 84' lang='lat' dir='ltr'>poterat</span> <span class='ocrx_word' id='word_1_578' title='bbox 1596 1230 1695 1258; x_wconf 85' lang='lat' dir='ltr'>inesse</span> <span class='ocrx_word' id='word_1_579' title='bbox 1710 1228 1782 1263; x_wconf 87' lang='lat' dir='ltr'>vitii,</span> <span class='ocrx_word' id='word_1_580' title='bbox 1795 1229 1827 1257; x_wconf 91' lang='lat' dir='ltr'>id</span> 
     </span>
    </p>
   </div>
   <div class='ocr_carea' id='block_1_86' title="bbox 998 1276 1826 1317">
    <p class='ocr_par' dir='ltr' id='par_1_86' title="bbox 998 1276 1826 1317">
     <span class='ocr_line' id='line_1_86' title="bbox 998 1276 1826 1317; baseline -0.008 -8"><span class='ocrx_word' id='word_1_581' title='bbox 998 1289 1124 1317; x_wconf 90' lang='lat' dir='ltr'>prorsus</span> <span class='ocrx_word' id='word_1_582' title='bbox 1136 1279 1300 1315; x_wconf 88' lang='lat' dir='ltr'>rejiciebat,</span> <span class='ocrx_word' id='word_1_583' title='bbox 1315 1286 1370 1306; x_wconf 87' lang='lat' dir='ltr'>nec</span> <span class='ocrx_word' id='word_1_584' title='bbox 1383 1280 1487 1306; x_wconf 85' lang='lat' dir='ltr'>tamen</span> <span class='ocrx_word' id='word_1_585' title='bbox 1502 1276 1623 1313; x_wconf 88' lang='lat' dir='ltr'>placare</span> <span class='ocrx_word' id='word_1_586' title='bbox 1633 1276 1750 1311; x_wconf 85' lang='lat' dir='ltr'>poterat</span> <span class='ocrx_word' id='word_1_587' title='bbox 1760 1282 1826 1303; x_wconf 92' lang='lat' dir='ltr'>mo-</span> 
     </span>
    </p>
   </div>
   <div class='ocr_carea' id='block_1_87' title="bbox 999 1323 1384 1354">
    <p class='ocr_par' dir='ltr' id='par_1_87' title="bbox 999 1323 1384 1354">
     <span class='ocr_line' id='line_1_87' title="bbox 999 1323 1384 1354; baseline -0.01 0"><span class='ocrx_word' id='word_1_588' title='bbox 999 1333 1086 1354; x_wconf 90' lang='lat' dir='ltr'>rosos</span> <span class='ocrx_word' id='word_1_589' title='bbox 1101 1325 1168 1353; x_wconf 91' lang='lat' dir='ltr'>illos</span> <span class='ocrx_word' id='word_1_590' title='bbox 1182 1323 1384 1352; x_wconf 81' lang='lat' dir='ltr'>adversarios.</span> 
     </span>
    </p>
   </div>
   <div class='ocr_carea' id='block_1_88' title="bbox 1034 1364 1828 1404">
    <p class='ocr_par' dir='ltr' id='par_1_88' title="bbox 1034 1364 1828 1404">
     <span class='ocr_line' id='line_1_88' title="bbox 1034 1364 1828 1404; baseline -0.008 -6"><span class='ocrx_word' id='word_1_591' title='bbox 1034 1372 1065 1397; x_wconf 84' lang='lat'>20</span> <span class='ocrx_word' id='word_1_592' title='bbox 1080 1371 1182 1404; x_wconf 86' lang='lat' dir='ltr'>Neque</span> <span class='ocrx_word' id='word_1_593' title='bbox 1195 1368 1286 1397; x_wconf 89' lang='lat' dir='ltr'>etiam</span> <span class='ocrx_word' id='word_1_594' title='bbox 1300 1366 1570 1403; x_wconf 86' lang='lat' dir='ltr'>reprehendendus</span> <span class='ocrx_word' id='word_1_595' title='bbox 1590 1364 1727 1397; x_wconf 87' lang='lat' dir='ltr'>Basilius,</span> <span class='ocrx_word' id='word_1_596' title='bbox 1743 1365 1828 1401; x_wconf 89' lang='lat' dir='ltr'>quod</span> 
     </span>
    </p>
   </div>
   <div class='ocr_carea' id='block_1_89' title="bbox 999 1409 1828 1450">
    <p class='ocr_par' dir='ltr' id='par_1_89' title="bbox 999 1409 1828 1450">
     <span class='ocr_line' id='line_1_89' title="bbox 999 1409 1828 1450; baseline -0.008 -7"><span class='ocrx_word' id='word_1_597' title='bbox 999 1417 1134 1443; x_wconf 81' lang='lat' dir='ltr'>exortam</span> <span class='ocrx_word' id='word_1_598' title='bbox 1140 1413 1177 1442; x_wconf 93' lang='lat' dir='ltr'>de</span> <span class='ocrx_word' id='word_1_599' title='bbox 1183 1412 1401 1450; x_wconf 83' lang='lat' dir='ltr'>hypostasibus</span> <span class='ocrx_word' id='word_1_600' title='bbox 1411 1410 1645 1439; x_wconf 79' lang='lat' dir='ltr'>controversiam</span> <span class='ocrx_word' id='word_1_601' title='bbox 1652 1409 1756 1445; x_wconf 80' lang='lat' dir='ltr'>magni</span> <span class='ocrx_word' id='word_1_602' title='bbox 1763 1416 1828 1436; x_wconf 87' lang='lat' dir='ltr'>esse</span> 
     </span>
    </p>
   </div>
   <div class='ocr_carea' id='block_1_90' title="bbox 997 1453 1828 1493">
    <p class='ocr_par' dir='ltr' id='par_1_90' title="bbox 997 1453 1828 1493">
     <span class='ocr_line' id='line_1_90' title="bbox 997 1453 1828 1493; baseline -0.008 -5"><span class='ocrx_word' id='word_1_603' title='bbox 997 1459 1143 1489; x_wconf 89' lang='lat' dir='ltr'>momenti</span> <span class='ocrx_word' id='word_1_604' title='bbox 1155 1457 1387 1493; x_wconf 66' lang='lat' dir='ltr'>duxeritmeque</span> <span class='ocrx_word' id='word_1_605' title='bbox 1396 1456 1428 1485; x_wconf 84' lang='lat' dir='ltr'>in</span> <span class='ocrx_word' id='word_1_606' title='bbox 1437 1456 1494 1484; x_wconf 92' lang='lat' dir='ltr'>hoc</span> <span class='ocrx_word' id='word_1_607' title='bbox 1501 1457 1617 1492; x_wconf 81' lang='lat' dir='ltr'>pugnat</span> <span class='ocrx_word' id='word_1_608' title='bbox 1626 1463 1698 1483; x_wconf 89' lang='lat' dir='ltr'>cum</span> <span class='ocrx_word' id='word_1_609' title='bbox 1709 1453 1828 1490; x_wconf 84' lang='lat' dir='ltr'>synodo</span> 
     </span>
    </p>
   </div>
   <div class='ocr_carea' id='block_1_91' title="bbox 997 1499 1828 1537">
    <p class='ocr_par' dir='ltr' id='par_1_91' title="bbox 997 1499 1828 1537">
     <span class='ocr_line' id='line_1_91' title="bbox 997 1499 1828 1537; baseline -0.008 -4"><span class='ocrx_word' id='word_1_610' title='bbox 997 1503 1208 1533; x_wconf 79' lang='lat' dir='ltr'>Alexandrina.</span> <span class='ocrx_word' id='word_1_611' title='bbox 1225 1502 1284 1530; x_wconf 86' lang='lat' dir='ltr'>Etsi</span> <span class='ocrx_word' id='word_1_612' title='bbox 1294 1502 1376 1530; x_wconf 86' lang='lat' dir='ltr'>enim</span> <span class='ocrx_word' id='word_1_613' title='bbox 1386 1501 1452 1529; x_wconf 65' lang='lat' dir='ltr'>haec</span> <span class='ocrx_word' id='word_1_614' title='bbox 1465 1500 1592 1537; x_wconf 66' lang='lat' dir='ltr'>quaestio</span> <span class='ocrx_word' id='word_1_615' title='bbox 1603 1499 1677 1528; x_wconf 84' lang='lat' dir='ltr'>tanti</span> <span class='ocrx_word' id='word_1_616' title='bbox 1688 1507 1752 1527; x_wconf 89' lang='lat' dir='ltr'>esse</span> <span class='ocrx_word' id='word_1_617' title='bbox 1765 1506 1828 1526; x_wconf 92' lang='lat' dir='ltr'>non</span> 
     </span>
    </p>
   </div>
   <div class='ocr_carea' id='block_1_92' title="bbox 997 1543 1828 1584">
    <p class='ocr_par' dir='ltr' id='par_1_92' title="bbox 997 1543 1828 1584">
     <span class='ocr_line' id='line_1_92' title="bbox 997 1543 1828 1584; baseline -0.01 -6"><span class='ocrx_word' id='word_1_618' title='bbox 997 1549 1138 1584; x_wconf 87' lang='lat' dir='ltr'>debebat,</span> <span class='ocrx_word' id='word_1_619' title='bbox 1155 1550 1188 1576; x_wconf 89' lang='lat' dir='ltr'>ut</span> <span class='ocrx_word' id='word_1_620' title='bbox 1202 1548 1278 1576; x_wconf 87' lang='lat' dir='ltr'>inter</span> <span class='ocrx_word' id='word_1_621' title='bbox 1293 1546 1462 1576; x_wconf 84' lang='lat' dir='ltr'>Catholicos</span> <span class='ocrx_word' id='word_1_622' title='bbox 1485 1545 1567 1573; x_wconf 88' lang='lat' dir='ltr'>idem</span> <span class='ocrx_word' id='word_1_623' title='bbox 1591 1543 1753 1572; x_wconf 89' lang='lat' dir='ltr'>sentientes</span> <span class='ocrx_word' id='word_1_624' title='bbox 1767 1550 1828 1579; x_wconf 87' lang='lat' dir='ltr'>pax</span> 
     </span>
    </p>
   </div>
   <div class='ocr_carea' id='block_1_93' title="bbox 997 1588 1829 1626">
    <p class='ocr_par' dir='ltr' id='par_1_93' title="bbox 997 1588 1829 1626">
     <span class='ocr_line' id='line_1_93' title="bbox 997 1588 1829 1626; baseline -0.006 -4"><span class='ocrx_word' id='word_1_625' title='bbox 997 1594 1136 1625; x_wconf 87' lang='lat' dir='ltr'>dissiliret</span> <span class='ocrx_word' id='word_1_626' title='bbox 1157 1601 1163 1626; x_wconf 91' lang='lat'><strong>;</strong></span> <span class='ocrx_word' id='word_1_627' title='bbox 1189 1595 1253 1620; x_wconf 90' lang='lat' dir='ltr'>erat</span> <span class='ocrx_word' id='word_1_628' title='bbox 1274 1594 1377 1620; x_wconf 86' lang='lat' dir='ltr'>tamen</span> <span class='ocrx_word' id='word_1_629' title='bbox 1402 1590 1474 1619; x_wconf 87' lang='lat' dir='ltr'>satis</span> <span class='ocrx_word' id='word_1_630' title='bbox 1497 1589 1602 1625; x_wconf 80' lang='lat' dir='ltr'>magni</span> <span class='ocrx_word' id='word_1_631' title='bbox 1626 1588 1783 1623; x_wconf 87' lang='lat' dir='ltr'>momenti,</span> <span class='ocrx_word' id='word_1_632' title='bbox 1804 1589 1829 1617; x_wconf 91' lang='lat' dir='ltr'>si</span> 
     </span>
    </p>
   </div>
   <div class='ocr_carea' id='block_1_94' title="bbox 997 1632 1828 1676">
    <p class='ocr_par' dir='ltr' id='par_1_94' title="bbox 997 1632 1828 1676">
     <span class='ocr_line' id='line_1_94' title="bbox 997 1632 1828 1676; baseline -0.008 -9"><span class='ocrx_word' id='word_1_633' title='bbox 997 1640 1148 1676; x_wconf 84' lang='lat' dir='ltr'>spectetur</span> <span class='ocrx_word' id='word_1_634' title='bbox 1167 1637 1378 1666; x_wconf 64' lang='lat' dir='ltr'>haereticorum</span> <span class='ocrx_word' id='word_1_635' title='bbox 1392 1635 1432 1664; x_wconf 89' lang='lat' dir='ltr'>ad</span> <span class='ocrx_word' id='word_1_636' title='bbox 1448 1635 1654 1664; x_wconf 87' lang='lat' dir='ltr'>accusandam</span> <span class='ocrx_word' id='word_1_637' title='bbox 1667 1632 1828 1662; x_wconf 71' lang='lat' dir='ltr'>Ecclesium</span> 
     </span>
    </p>
   </div>
   <div class='ocr_carea' id='block_1_95' title="bbox 996 1678 1829 1719">
    <p class='ocr_par' dir='ltr' id='par_1_95' title="bbox 996 1678 1829 1719">
     <span class='ocr_line' id='line_1_95' title="bbox 996 1678 1829 1719; baseline -0.008 -6"><span class='ocrx_word' id='word_1_638' title='bbox 996 1684 1152 1719; x_wconf 83' lang='lat' dir='ltr'>ingenium</span> <span class='ocrx_word' id='word_1_639' title='bbox 1164 1682 1307 1719; x_wconf 89' lang='lat' dir='ltr'>proclive.</span> <span class='ocrx_word' id='word_1_640' title='bbox 1325 1681 1401 1709; x_wconf 89' lang='lat' dir='ltr'>Cum</span> <span class='ocrx_word' id='word_1_641' title='bbox 1416 1680 1497 1709; x_wconf 89' lang='lat' dir='ltr'>enim</span> <span class='ocrx_word' id='word_1_642' title='bbox 1513 1678 1670 1709; x_wconf 83' lang='lat' dir='ltr'>Catholicis</span> <span class='ocrx_word' id='word_1_643' title='bbox 1687 1678 1829 1707; x_wconf 84' lang='lat' dir='ltr'>Sabellia-</span> 
     </span>
    </p>
   </div>
   <div class='ocr_carea' id='block_1_96' title="bbox 996 1722 1828 1763">
    <p class='ocr_par' dir='ltr' id='par_1_96' title="bbox 996 1722 1828 1763">
     <span class='ocr_line' id='line_1_96' title="bbox 996 1722 1828 1763; baseline -0.008 -6"><span class='ocrx_word' id='word_1_644' title='bbox 996 1730 1130 1758; x_wconf 88' lang='lat' dir='ltr'>nismum</span> <span class='ocrx_word' id='word_1_645' title='bbox 1158 1728 1302 1763; x_wconf 79' lang='lat' dir='ltr'>aﬂingere</span> <span class='ocrx_word' id='word_1_646' title='bbox 1328 1734 1391 1755; x_wconf 91' lang='lat' dir='ltr'>non</span> <span class='ocrx_word' id='word_1_647' title='bbox 1415 1725 1595 1758; x_wconf 89' lang='lat' dir='ltr'>desinerent,</span> <span class='ocrx_word' id='word_1_648' title='bbox 1612 1731 1756 1760; x_wconf 90' lang='lat' dir='ltr'>campum</span> <span class='ocrx_word' id='word_1_649' title='bbox 1770 1722 1828 1751; x_wconf 90' lang='lat' dir='ltr'>illis</span> 
     </span>
    </p>
   </div>
   <div class='ocr_carea' id='block_1_97' title="bbox 997 1768 1828 1809">
    <p class='ocr_par' dir='ltr' id='par_1_97' title="bbox 997 1768 1828 1809">
     <span class='ocr_line' id='line_1_97' title="bbox 997 1768 1828 1809; baseline -0.01 -6"><span class='ocrx_word' id='word_1_650' title='bbox 997 1774 1037 1803; x_wconf 89' lang='lat' dir='ltr'>ad</span> <span class='ocrx_word' id='word_1_651' title='bbox 1052 1773 1220 1802; x_wconf 88' lang='lat' dir='ltr'>calumnias</span> <span class='ocrx_word' id='word_1_652' title='bbox 1230 1772 1398 1809; x_wconf 87' lang='lat' dir='ltr'>aperuisset</span> <span class='ocrx_word' id='word_1_653' title='bbox 1406 1768 1719 1806; x_wconf 84' lang='lat' dir='ltr'>uniushypostasisad</span> <span class='ocrx_word' id='word_1_654' title='bbox 1729 1775 1828 1796; x_wconf 79' lang='lat' dir='ltr'>exem-</span> 
     </span>
    </p>
   </div>
   <div class='ocr_carea' id='block_1_98' title="bbox 996 1813 1827 1856">
    <p class='ocr_par' dir='ltr' id='par_1_98' title="bbox 996 1813 1827 1856">
     <span class='ocr_line' id='line_1_98' title="bbox 996 1813 1827 1856; baseline -0.01 -8"><span class='ocrx_word' id='word_1_655' title='bbox 996 1820 1082 1856; x_wconf 90' lang='lat' dir='ltr'>plum</span> <span class='ocrx_word' id='word_1_656' title='bbox 1109 1818 1229 1848; x_wconf 86' lang='lat' dir='ltr'>Sabellii</span> <span class='ocrx_word' id='word_1_657' title='bbox 1257 1817 1420 1845; x_wconf 81' lang='lat' dir='ltr'>confessio.</span> <span class='ocrx_word' id='word_1_658' title='bbox 1438 1816 1537 1849; x_wconf 86' lang='lat' dir='ltr'>Quare</span> <span class='ocrx_word' id='word_1_659' title='bbox 1564 1822 1635 1842; x_wconf 89' lang='lat' dir='ltr'>cum</span> <span class='ocrx_word' id='word_1_660' title='bbox 1660 1813 1827 1850; x_wconf 84' lang='lat' dir='ltr'>Epiphanio</span> 
     </span>
    </p>
   </div>
   <div class='ocr_carea' id='block_1_99' title="bbox 996 1857 1826 1897">
    <p class='ocr_par' dir='ltr' id='par_1_99' title="bbox 996 1857 1826 1897">
     <span class='ocr_line' id='line_1_99' title="bbox 996 1857 1826 1897; baseline -0.008 -4"><span class='ocrx_word' id='word_1_661' title='bbox 996 1864 1169 1897; x_wconf 86' lang='lat' dir='ltr'>assentitur,</span> <span class='ocrx_word' id='word_1_662' title='bbox 1183 1870 1305 1891; x_wconf 89' lang='lat' dir='ltr'>necesse</span> <span class='ocrx_word' id='word_1_663' title='bbox 1320 1869 1386 1890; x_wconf 88' lang='lat' dir='ltr'>esse</span> <span class='ocrx_word' id='word_1_664' title='bbox 1405 1863 1462 1889; x_wconf 87' lang='lat' dir='ltr'>tres</span> <span class='ocrx_word' id='word_1_665' title='bbox 1476 1860 1656 1897; x_wconf 84' lang='lat' dir='ltr'>hypostases</span> <span class='ocrx_word' id='word_1_666' title='bbox 1667 1857 1803 1887; x_wconf 85' lang='lat' dir='ltr'>conﬁteri</span> <span class='ocrx_word' id='word_1_667' title='bbox 1819 1867 1826 1892; x_wconf 88' lang='lat'><strong>;</strong></span> 
     </span>
    </p>
   </div>
   <div class='ocr_carea' id='block_1_100' title="bbox 996 1903 1824 1945">
    <p class='ocr_par' dir='ltr' id='par_1_100' title="bbox 996 1903 1824 1945">
     <span class='ocr_line' id='line_1_100' title="bbox 996 1903 1824 1945; baseline -0.007 -8"><span class='ocrx_word' id='word_1_668' title='bbox 996 1916 1192 1945; x_wconf 84' lang='lat' dir='ltr'>nequaquam</span> <span class='ocrx_word' id='word_1_669' title='bbox 1207 1907 1238 1935; x_wconf 92' lang='lat' dir='ltr'>id</span> <span class='ocrx_word' id='word_1_670' title='bbox 1253 1906 1460 1935; x_wconf 88' lang='lat' dir='ltr'>necessarium</span> <span class='ocrx_word' id='word_1_671' title='bbox 1475 1913 1540 1933; x_wconf 90' lang='lat' dir='ltr'>esse</span> <span class='ocrx_word' id='word_1_672' title='bbox 1555 1906 1650 1941; x_wconf 87' lang='lat' dir='ltr'>putat,</span> <span class='ocrx_word' id='word_1_673' title='bbox 1665 1906 1698 1932; x_wconf 87' lang='lat' dir='ltr'>ut</span> <span class='ocrx_word' id='word_1_674' title='bbox 1712 1903 1824 1932; x_wconf 88' lang='lat' dir='ltr'>Catho-</span> 
     </span>
    </p>
   </div>
   <div class='ocr_carea' id='block_1_101' title="bbox 995 1948 1824 1989">
    <p class='ocr_par' dir='ltr' id='par_1_101' title="bbox 995 1948 1824 1989">
     <span class='ocr_line' id='line_1_101' title="bbox 995 1948 1824 1989; baseline -0.008 -7"><span class='ocrx_word' id='word_1_675' title='bbox 995 1953 1072 1982; x_wconf 89' lang='lat' dir='ltr'>licus</span> <span class='ocrx_word' id='word_1_676' title='bbox 1099 1953 1207 1989; x_wconf 89' lang='lat' dir='ltr'>aliquis</span> <span class='ocrx_word' id='word_1_677' title='bbox 1230 1951 1385 1982; x_wconf 78' lang='lat' dir='ltr'>habeatur,</span> <span class='ocrx_word' id='word_1_678' title='bbox 1400 1950 1453 1978; x_wconf 89' lang='lat' dir='ltr'>sed</span> <span class='ocrx_word' id='word_1_679' title='bbox 1477 1952 1509 1978; x_wconf 93' lang='lat' dir='ltr'>ut</span> <span class='ocrx_word' id='word_1_680' title='bbox 1532 1949 1617 1978; x_wconf 91' lang='lat' dir='ltr'>locus</span> <span class='ocrx_word' id='word_1_681' title='bbox 1643 1948 1824 1977; x_wconf 82' lang='lat' dir='ltr'>Arianorum</span> 
     </span>
    </p>
   </div>
   <div class='ocr_carea' id='block_1_102' title="bbox 997 1994 1824 2031">
    <p class='ocr_par' dir='ltr' id='par_1_102' title="bbox 997 1994 1824 2031">
     <span class='ocr_line' id='line_1_102' title="bbox 997 1994 1824 2031; baseline -0.007 -4"><span class='ocrx_word' id='word_1_682' title='bbox 997 1998 1157 2027; x_wconf 83' lang='lat' dir='ltr'>calumniis</span> <span class='ocrx_word' id='word_1_683' title='bbox 1182 2005 1244 2026; x_wconf 88' lang='lat' dir='ltr'>non</span> <span class='ocrx_word' id='word_1_684' title='bbox 1273 1996 1371 2031; x_wconf 91' lang='lat' dir='ltr'>detur,</span> <span class='ocrx_word' id='word_1_685' title='bbox 1395 1995 1475 2024; x_wconf 82' lang='lat' dir='ltr'>addo</span> <span class='ocrx_word' id='word_1_686' title='bbox 1505 1994 1606 2029; x_wconf 87' lang='lat' dir='ltr'>etiam,</span> <span class='ocrx_word' id='word_1_687' title='bbox 1630 1996 1663 2022; x_wconf 90' lang='lat' dir='ltr'>ut</span> <span class='ocrx_word' id='word_1_688' title='bbox 1691 1994 1824 2023; x_wconf 87' lang='lat' dir='ltr'>servetur</span> 
     </span>
    </p>
   </div>
   <div class='ocr_carea' id='block_1_103' title="bbox 996 2041 1484 2080">
    <p class='ocr_par' dir='ltr' id='par_1_103' title="bbox 996 2041 1484 2080">
     <span class='ocr_line' id='line_1_103' title="bbox 996 2041 1484 2080; baseline -0.006 -8"><span class='ocrx_word' id='word_1_689' title='bbox 996 2046 1120 2080; x_wconf 90' lang='lat' dir='ltr'>accepta</span> <span class='ocrx_word' id='word_1_690' title='bbox 1135 2051 1154 2071; x_wconf 90' lang='lat' dir='ltr'>a</span> <span class='ocrx_word' id='word_1_691' title='bbox 1167 2041 1336 2078; x_wconf 89' lang='lat' dir='ltr'>majoribus</span> <span class='ocrx_word' id='word_1_692' title='bbox 1351 2041 1484 2070; x_wconf 80' lang='lat' dir='ltr'>traditio.</span> 
     </span>
    </p>
   </div>
   <div class='ocr_carea' id='block_1_104' title="bbox 1031 2083 1823 2118">
    <p class='ocr_par' dir='ltr' id='par_1_104' title="bbox 1031 2083 1823 2118">
     <span class='ocr_line' id='line_1_104' title="bbox 1031 2083 1823 2118; baseline -0.006 -1"><span class='ocrx_word' id='word_1_693' title='bbox 1031 2092 1060 2118; x_wconf 84' lang='lat'>3°</span> <span class='ocrx_word' id='word_1_694' title='bbox 1075 2090 1150 2116; x_wconf 89' lang='lat' dir='ltr'>Cum</span> <span class='ocrx_word' id='word_1_695' title='bbox 1162 2090 1247 2117; x_wconf 88' lang='lat' dir='ltr'>tanto</span> <span class='ocrx_word' id='word_1_696' title='bbox 1266 2087 1361 2116; x_wconf 87' lang='lat' dir='ltr'>animi</span> <span class='ocrx_word' id='word_1_697' title='bbox 1373 2087 1481 2116; x_wconf 84' lang='lat' dir='ltr'>ardore</span> <span class='ocrx_word' id='word_1_698' title='bbox 1491 2086 1522 2115; x_wconf 90' lang='lat' dir='ltr'>in</span> <span class='ocrx_word' id='word_1_699' title='bbox 1536 2086 1567 2114; x_wconf 90' lang='lat' dir='ltr'>id</span> <span class='ocrx_word' id='word_1_700' title='bbox 1582 2084 1730 2114; x_wconf 84' lang='lat' dir='ltr'>incumbit</span> <span class='ocrx_word' id='word_1_701' title='bbox 1739 2083 1823 2113; x_wconf 87' lang='lat' dir='ltr'>Basi-</span> 
     </span>
    </p>
   </div>
   <div class='ocr_carea' id='block_1_105' title="bbox 993 2130 1823 2169">
    <p class='ocr_par' dir='ltr' id='par_1_105' title="bbox 993 2130 1823 2169">
     <span class='ocr_line' id='line_1_105' title="bbox 993 2130 1823 2169; baseline -0.004 -7"><span class='ocrx_word' id='word_1_702' title='bbox 993 2135 1061 2169; x_wconf 87' lang='lat' dir='ltr'>lius,</span> <span class='ocrx_word' id='word_1_703' title='bbox 1078 2142 1116 2162; x_wconf 90' lang='lat' dir='ltr'>ne</span> <span class='ocrx_word' id='word_1_704' title='bbox 1131 2134 1220 2161; x_wconf 89' lang='lat' dir='ltr'>unius</span> <span class='ocrx_word' id='word_1_705' title='bbox 1234 2132 1412 2169; x_wconf 80' lang='lat' dir='ltr'>hypostasis</span> <span class='ocrx_word' id='word_1_706' title='bbox 1422 2132 1596 2160; x_wconf 79' lang='lat' dir='ltr'>defensores</span> <span class='ocrx_word' id='word_1_707' title='bbox 1609 2139 1679 2159; x_wconf 88' lang='lat' dir='ltr'>cum</span> <span class='ocrx_word' id='word_1_708' title='bbox 1694 2130 1823 2159; x_wconf 83' lang='lat' dir='ltr'>Ecclesia</span> 
     </span>
    </p>
   </div>
   <div class='ocr_carea' id='block_1_106' title="bbox 994 2177 1821 2214">
    <p class='ocr_par' dir='ltr' id='par_1_106' title="bbox 994 2177 1821 2214">
     <span class='ocr_line' id='line_1_106' title="bbox 994 2177 1821 2214; baseline -0.005 -6"><span class='ocrx_word' id='word_1_709' title='bbox 994 2179 1098 2209; x_wconf 86' lang='lat' dir='ltr'>Meletii</span> <span class='ocrx_word' id='word_1_710' title='bbox 1124 2179 1358 2214; x_wconf 86' lang='lat' dir='ltr'>conjungantur,</span> <span class='ocrx_word' id='word_1_711' title='bbox 1373 2185 1465 2214; x_wconf 88' lang='lat' dir='ltr'>seque</span> <span class='ocrx_word' id='word_1_712' title='bbox 1484 2177 1594 2206; x_wconf 90' lang='lat' dir='ltr'>adduci</span> <span class='ocrx_word' id='word_1_713' title='bbox 1615 2183 1704 2213; x_wconf 88' lang='lat' dir='ltr'>posse</span> <span class='ocrx_word' id='word_1_714' title='bbox 1719 2177 1821 2210; x_wconf 80' lang='lat' dir='ltr'>negat,</span> 
     </span>
    </p>
   </div>
   <div class='ocr_carea' id='block_1_107' title="bbox 994 2219 1820 2257">
    <p class='ocr_par' dir='ltr' id='par_1_107' title="bbox 994 2219 1820 2257">
     <span class='ocr_line' id='line_1_107' title="bbox 994 2219 1820 2257; baseline -0.005 -4"><span class='ocrx_word' id='word_1_715' title='bbox 994 2227 1028 2252; x_wconf 87' lang='lat' dir='ltr'>ut</span> <span class='ocrx_word' id='word_1_716' title='bbox 1041 2223 1199 2253; x_wconf 88' lang='lat' dir='ltr'>Paulinum</span> <span class='ocrx_word' id='word_1_717' title='bbox 1215 2222 1439 2252; x_wconf 89' lang='lat' dir='ltr'>communionis</span> <span class='ocrx_word' id='word_1_718' title='bbox 1455 2223 1629 2250; x_wconf 89' lang='lat' dir='ltr'>sanctorum</span> <span class='ocrx_word' id='word_1_719' title='bbox 1644 2219 1820 2257; x_wconf 88' lang='lat' dir='ltr'>participem</span> 
     </span>
    </p>
   </div>
   <div class='ocr_carea' id='block_1_108' title="bbox 994 2265 1820 2305">
    <p class='ocr_par' dir='ltr' id='par_1_108' title="bbox 994 2265 1820 2305">
     <span class='ocr_line' id='line_1_108' title="bbox 994 2265 1820 2305; baseline -0.006 -7"><span class='ocrx_word' id='word_1_720' title='bbox 994 2271 1141 2305; x_wconf 84' lang='lat' dir='ltr'>agnoscat</span> <span class='ocrx_word' id='word_1_721' title='bbox 1152 2278 1158 2302; x_wconf 89' lang='lat'>;</span> <span class='ocrx_word' id='word_1_722' title='bbox 1174 2268 1333 2302; x_wconf 83' lang='lat' dir='ltr'>diligenter</span> <span class='ocrx_word' id='word_1_723' title='bbox 1343 2266 1579 2304; x_wconf 86' lang='lat' dir='ltr'>expendendum</span> <span class='ocrx_word' id='word_1_724' title='bbox 1589 2266 1663 2303; x_wconf 88' lang='lat' dir='ltr'>quid</span> <span class='ocrx_word' id='word_1_725' title='bbox 1674 2265 1700 2294; x_wconf 88' lang='lat' dir='ltr'>ei</span> <span class='ocrx_word' id='word_1_726' title='bbox 1709 2273 1820 2302; x_wconf 89' lang='lat' dir='ltr'>propo-</span> 
     </span>
    </p>
   </div>
   <div class='ocr_carea' id='block_1_109' title="bbox 993 2311 1820 2348">
    <p class='ocr_par' dir='ltr' id='par_1_109' title="bbox 993 2311 1820 2348">
     <span class='ocr_line' id='line_1_109' title="bbox 993 2311 1820 2348; baseline -0.004 -6"><span class='ocrx_word' id='word_1_727' title='bbox 993 2315 1084 2342; x_wconf 86' lang='lat' dir='ltr'>situm</span> <span class='ocrx_word' id='word_1_728' title='bbox 1112 2314 1207 2342; x_wconf 84' lang='lat' dir='ltr'>fuerit.</span> <span class='ocrx_word' id='word_1_729' title='bbox 1221 2315 1286 2342; x_wconf 89' lang='lat' dir='ltr'>Non</span> <span class='ocrx_word' id='word_1_730' title='bbox 1306 2313 1386 2341; x_wconf 90' lang='lat' dir='ltr'>enim</span> <span class='ocrx_word' id='word_1_731' title='bbox 1399 2312 1430 2340; x_wconf 91' lang='lat' dir='ltr'>id</span> <span class='ocrx_word' id='word_1_732' title='bbox 1443 2312 1598 2348; x_wconf 82' lang='lat' dir='ltr'>agebatur,</span> <span class='ocrx_word' id='word_1_733' title='bbox 1612 2313 1644 2339; x_wconf 89' lang='lat' dir='ltr'>ut</span> <span class='ocrx_word' id='word_1_734' title='bbox 1663 2311 1820 2340; x_wconf 87' lang='lat' dir='ltr'>schismati</span> 
     </span>
    </p>
   </div>
   <div class='ocr_carea' id='block_1_110' title="bbox 992 2356 1819 2394">
    <p class='ocr_par' dir='ltr' id='par_1_110' title="bbox 992 2356 1819 2394">
     <span class='ocr_line' id='line_1_110' title="bbox 992 2356 1819 2394; baseline -0.001 -7"><span class='ocrx_word' id='word_1_735' title='bbox 992 2359 1177 2388; x_wconf 87' lang='lat' dir='ltr'>Antiocheno</span> <span class='ocrx_word' id='word_1_736' title='bbox 1192 2358 1261 2386; x_wconf 81' lang='lat' dir='ltr'>ﬁnis</span> <span class='ocrx_word' id='word_1_737' title='bbox 1275 2357 1572 2394; x_wconf 87' lang='lat' dir='ltr'>imponeretur,etad</span> <span class='ocrx_word' id='word_1_738' title='bbox 1584 2356 1752 2391; x_wconf 83' lang='lat' dir='ltr'>legitimum</span> <span class='ocrx_word' id='word_1_739' title='bbox 1767 2364 1819 2393; x_wconf 79' lang='lat' dir='ltr'>pa-</span> 
     </span>
    </p>
   </div>
   <div class='ocr_carea' id='block_1_111' title="bbox 991 2401 1818 2433">
    <p class='ocr_par' dir='ltr' id='par_1_111' title="bbox 991 2401 1818 2433">
     <span class='ocr_line' id='line_1_111' title="bbox 991 2401 1818 2433; baseline -0.005 0"><span class='ocrx_word' id='word_1_740' title='bbox 991 2407 1103 2433; x_wconf 88' lang='lat' dir='ltr'>storem</span> <span class='ocrx_word' id='word_1_741' title='bbox 1118 2405 1145 2432; x_wconf 87' lang='lat' dir='ltr'>S.</span> <span class='ocrx_word' id='word_1_742' title='bbox 1161 2403 1309 2433; x_wconf 87' lang='lat' dir='ltr'>Meletium</span> <span class='ocrx_word' id='word_1_743' title='bbox 1335 2410 1408 2431; x_wconf 86' lang='lat' dir='ltr'>oves</span> <span class='ocrx_word' id='word_1_744' title='bbox 1433 2402 1575 2431; x_wconf 86' lang='lat' dir='ltr'>redirent.</span> <span class='ocrx_word' id='word_1_745' title='bbox 1591 2401 1620 2430; x_wconf 88' lang='lat' dir='ltr'>Si</span> <span class='ocrx_word' id='word_1_746' title='bbox 1635 2401 1710 2430; x_wconf 84' lang='lat' dir='ltr'>tanti</span> <span class='ocrx_word' id='word_1_747' title='bbox 1732 2409 1818 2430; x_wconf 91' lang='lat' dir='ltr'>com-</span> 
     </span>
    </p>
   </div>
   <div class='ocr_carea' id='block_1_112' title="bbox 991 2446 1818 2484">
    <p class='ocr_par' dir='ltr' id='par_1_112' title="bbox 991 2446 1818 2484">
     <span class='ocr_line' id='line_1_112' title="bbox 991 2446 1818 2484; baseline -0.002 -8"><span class='ocrx_word' id='word_1_748' title='bbox 991 2448 1076 2477; x_wconf 89' lang='lat' dir='ltr'>modi</span> <span class='ocrx_word' id='word_1_749' title='bbox 1088 2456 1157 2484; x_wconf 90' lang='lat' dir='ltr'>spes</span> <span class='ocrx_word' id='word_1_750' title='bbox 1173 2447 1345 2481; x_wconf 71' lang='lat' dir='ltr'>affulsisset,</span> <span class='ocrx_word' id='word_1_751' title='bbox 1360 2448 1440 2476; x_wconf 86' lang='lat' dir='ltr'>certo</span> <span class='ocrx_word' id='word_1_752' title='bbox 1461 2447 1523 2475; x_wconf 85' lang='lat' dir='ltr'>scio</span> <span class='ocrx_word' id='word_1_753' title='bbox 1550 2446 1692 2476; x_wconf 86' lang='lat' dir='ltr'>Basilium</span> <span class='ocrx_word' id='word_1_754' title='bbox 1714 2446 1818 2474; x_wconf 89' lang='lat' dir='ltr'>omnia</span> 
     </span>
    </p>
   </div>
   <div class='ocr_carea' id='block_1_113' title="bbox 991 2491 1817 2530">
    <p class='ocr_par' dir='ltr' id='par_1_113' title="bbox 991 2491 1817 2530">
     <span class='ocr_line' id='line_1_113' title="bbox 991 2491 1817 2530; baseline -0.002 -8"><span class='ocrx_word' id='word_1_755' title='bbox 991 2494 1056 2530; x_wconf 90' lang='lat' dir='ltr'>paci</span> <span class='ocrx_word' id='word_1_756' title='bbox 1067 2495 1095 2522; x_wconf 90' lang='lat' dir='ltr'>et</span> <span class='ocrx_word' id='word_1_757' title='bbox 1107 2492 1244 2521; x_wconf 87' lang='lat' dir='ltr'>charitati</span> <span class='ocrx_word' id='word_1_758' title='bbox 1267 2492 1511 2528; x_wconf 83' lang='lat' dir='ltr'>posthabiturum</span> <span class='ocrx_word' id='word_1_759' title='bbox 1525 2492 1629 2527; x_wconf 84' lang='lat' dir='ltr'>fuisse,</span> <span class='ocrx_word' id='word_1_760' title='bbox 1641 2500 1676 2520; x_wconf 88' lang='lat' dir='ltr'>ac</span> <span class='ocrx_word' id='word_1_761' title='bbox 1690 2491 1817 2520; x_wconf 77' lang='lat' dir='ltr'>libenter</span> 
     </span>
    </p>
   </div>
   <div class='ocr_carea' id='block_1_114' title="bbox 989 2537 1817 2574">
    <p class='ocr_par' dir='ltr' id='par_1_114' title="bbox 989 2537 1817 2574">
     <span class='ocr_line' id='line_1_114' title="bbox 989 2537 1817 2574; baseline 0 -8"><span class='ocrx_word' id='word_1_762' title='bbox 989 2540 1201 2574; x_wconf 88' lang='lat' dir='ltr'>suscepturum</span> <span class='ocrx_word' id='word_1_763' title='bbox 1227 2537 1341 2566; x_wconf 84' lang='lat' dir='ltr'>Paulini</span> <span class='ocrx_word' id='word_1_764' title='bbox 1365 2537 1485 2574; x_wconf 88' lang='lat' dir='ltr'>plebem</span> <span class='ocrx_word' id='word_1_765' title='bbox 1509 2538 1538 2566; x_wconf 83' lang='lat' dir='ltr'>et</span> <span class='ocrx_word' id='word_1_766' title='bbox 1559 2537 1683 2571; x_wconf 89' lang='lat' dir='ltr'>clerum,</span> <span class='ocrx_word' id='word_1_767' title='bbox 1699 2538 1817 2567; x_wconf 86' lang='lat' dir='ltr'>etiamsi</span> 
     </span>
    </p>
   </div>
   <div class='ocr_carea' id='block_1_115' title="bbox 987 2581 1818 2618">
    <p class='ocr_par' dir='ltr' id='par_1_115' title="bbox 987 2581 1818 2618">
     <span class='ocr_line' id='line_1_115' title="bbox 987 2581 1818 2618; baseline 0 -8"><span class='ocrx_word' id='word_1_768' title='bbox 987 2590 1082 2610; x_wconf 85' lang='lat' dir='ltr'>unam</span> <span class='ocrx_word' id='word_1_769' title='bbox 1092 2581 1282 2618; x_wconf 82' lang='lat' dir='ltr'>hypostasim</span> <span class='ocrx_word' id='word_1_770' title='bbox 1297 2581 1497 2611; x_wconf 84' lang='lat' dir='ltr'>admitterent.</span> <span class='ocrx_word' id='word_1_771' title='bbox 1507 2582 1565 2610; x_wconf 90' lang='lat' dir='ltr'>Sed</span> <span class='ocrx_word' id='word_1_772' title='bbox 1579 2581 1695 2611; x_wconf 82' lang='lat' dir='ltr'>Paulini</span> <span class='ocrx_word' id='word_1_773' title='bbox 1707 2582 1818 2611; x_wconf 76' lang='lat' dir='ltr'>amico.</span> 
     </span>
    </p>
   </div>
   <div class='ocr_carea' id='block_1_116' title="bbox 987 2626 1814 2663">
    <p class='ocr_par' dir='ltr' id='par_1_116' title="bbox 987 2626 1814 2663">
     <span class='ocr_line' id='line_1_116' title="bbox 987 2626 1814 2663; baseline 0.001 -7"><span class='ocrx_word' id='word_1_774' title='bbox 987 2635 1055 2656; x_wconf 82' lang='lat' dir='ltr'>rum</span> <span class='ocrx_word' id='word_1_775' title='bbox 1084 2626 1210 2654; x_wconf 81' lang='lat' dir='ltr'>consilia</span> <span class='ocrx_word' id='word_1_776' title='bbox 1234 2626 1337 2655; x_wconf 87' lang='lat' dir='ltr'>omnia</span> <span class='ocrx_word' id='word_1_777' title='bbox 1351 2635 1387 2655; x_wconf 88' lang='lat' dir='ltr'>eo</span> <span class='ocrx_word' id='word_1_778' title='bbox 1399 2626 1588 2663; x_wconf 85' lang='lat' dir='ltr'>spectabant,</span> <span class='ocrx_word' id='word_1_779' title='bbox 1603 2630 1648 2661; x_wconf 68' lang='grc' dir='ltr'>ιιι,</span> <span class='ocrx_word' id='word_1_780' title='bbox 1661 2628 1814 2662; x_wconf 81' lang='lat' dir='ltr'>Paulinus,</span> 
     </span>
    </p>
   </div>
   <div class='ocr_carea' id='block_1_117' title="bbox 988 2670 1815 2708">
    <p class='ocr_par' dir='ltr' id='par_1_117' title="bbox 988 2670 1815 2708">
     <span class='ocr_line' id='line_1_117' title="bbox 988 2670 1815 2708; baseline 0.002 -8"><span class='ocrx_word' id='word_1_781' title='bbox 988 2671 1109 2700; x_wconf 81' lang='lat' dir='ltr'>excluso</span> <span class='ocrx_word' id='word_1_782' title='bbox 1124 2672 1152 2699; x_wconf 90' lang='lat' dir='ltr'>S.</span> <span class='ocrx_word' id='word_1_783' title='bbox 1167 2670 1289 2704; x_wconf 82' lang='lat' dir='ltr'>Meletio,</span> <span class='ocrx_word' id='word_1_784' title='bbox 1301 2671 1383 2699; x_wconf 87' lang='lat' dir='ltr'>solus</span> <span class='ocrx_word' id='word_1_785' title='bbox 1400 2671 1563 2700; x_wconf 68' lang='lat' dir='ltr'>Antiochiae.</span> <span class='ocrx_word' id='word_1_786' title='bbox 1576 2675 1727 2708; x_wconf 70' lang='lat' dir='ltr'>praeesset.</span> <span class='ocrx_word' id='word_1_787' title='bbox 1742 2673 1815 2702; x_wconf 89' lang='lat' dir='ltr'>Ilinc</span> 
     </span>
    </p>
   </div>
   <div class='ocr_carea' id='block_1_118' title="bbox 990 2715 1815 2754">
    <p class='ocr_par' dir='ltr' id='par_1_118' title="bbox 990 2715 1815 2754">
     <span class='ocr_line' id='line_1_118' title="bbox 990 2715 1815 2754; baseline 0.004 -11"><span class='ocrx_word' id='word_1_788' title='bbox 990 2715 1114 2744; x_wconf 88' lang='lat' dir='ltr'>Basilius</span> <span class='ocrx_word' id='word_1_789' title='bbox 1126 2715 1157 2744; x_wconf 90' lang='lat' dir='ltr'>in</span> <span class='ocrx_word' id='word_1_790' title='bbox 1170 2715 1280 2744; x_wconf 71' lang='lat' dir='ltr'>eadem</span> <span class='ocrx_word' id='word_1_791' title='bbox 1292 2716 1379 2753; x_wconf 86' lang='lat' dir='ltr'>epist.</span> <span class='ocrx_word' id='word_1_792' title='bbox 1391 2717 1454 2752; x_wconf 79' lang='grc'><strong>214,</strong></span> <span class='ocrx_word' id='word_1_793' title='bbox 1470 2724 1501 2746; x_wconf 88' lang='lat' dir='ltr'>n.</span> <span class='ocrx_word' id='word_1_794' title='bbox 1516 2719 1540 2751; x_wconf 86' lang='grc'>1,</span> <span class='ocrx_word' id='word_1_795' title='bbox 1556 2716 1666 2745; x_wconf 82' lang='lat' dir='ltr'>adduci</span> <span class='ocrx_word' id='word_1_796' title='bbox 1678 2725 1709 2745; x_wconf 91' lang='lat' dir='ltr'>se</span> <span class='ocrx_word' id='word_1_797' title='bbox 1723 2725 1815 2754; x_wconf 88' lang='lat' dir='ltr'>posse</span> 
     </span>
    </p>
   </div>
   <div class='ocr_carea' id='block_1_119' title="bbox 988 2761 1816 2798">
    <p class='ocr_par' dir='ltr' id='par_1_119' title="bbox 988 2761 1816 2798">
     <span class='ocr_line' id='line_1_119' title="bbox 988 2761 1816 2798; baseline 0.004 -9"><span class='ocrx_word' id='word_1_798' title='bbox 988 2763 1089 2797; x_wconf 81' lang='lat' dir='ltr'>negat,</span> <span class='ocrx_word' id='word_1_799' title='bbox 1102 2763 1135 2789; x_wconf 89' lang='lat' dir='ltr'>ut</span> <span class='ocrx_word' id='word_1_800' title='bbox 1150 2764 1203 2789; x_wconf 82' lang='lat' dir='ltr'>aut</span> <span class='ocrx_word' id='word_1_801' title='bbox 1217 2761 1368 2790; x_wconf 79' lang='lat' dir='ltr'>Meletium</span> <span class='ocrx_word' id='word_1_802' title='bbox 1386 2761 1514 2798; x_wconf 85' lang='lat' dir='ltr'>ignoret,</span> <span class='ocrx_word' id='word_1_803' title='bbox 1530 2764 1583 2790; x_wconf 85' lang='lat' dir='ltr'>aut</span> <span class='ocrx_word' id='word_1_804' title='bbox 1599 2762 1742 2792; x_wconf 62' lang='lat' dir='ltr'>Ecclesia</span> <span class='ocrx_word' id='word_1_805' title='bbox 1766 2764 1816 2792; x_wconf 83' lang='lat' dir='ltr'>cui</span> 
     </span>
    </p>
   </div>
   <div class='ocr_carea' id='block_1_120' title="bbox 988 2805 1813 2843">
    <p class='ocr_par' dir='ltr' id='par_1_120' title="bbox 988 2805 1813 2843">
     <span class='ocr_line' id='line_1_120' title="bbox 988 2805 1813 2843; baseline 0.004 -9"><span class='ocrx_word' id='word_1_806' title='bbox 988 2808 1096 2841; x_wconf 60' lang='lat' dir='ltr'>praest</span> <span class='ocrx_word' id='word_1_807' title='bbox 1119 2805 1257 2835; x_wconf 78' lang='lat' dir='ltr'>Meletius</span> <span class='ocrx_word' id='word_1_808' title='bbox 1280 2806 1484 2835; x_wconf 84' lang='lat' dir='ltr'>obliviscatur.</span> <span class='ocrx_word' id='word_1_809' title='bbox 1500 2808 1565 2836; x_wconf 91' lang='lat' dir='ltr'>Non</span> <span class='ocrx_word' id='word_1_810' title='bbox 1578 2806 1728 2837; x_wconf 86' lang='lat' dir='ltr'>immerito</span> <span class='ocrx_word' id='word_1_811' title='bbox 1742 2814 1813 2843; x_wconf 83' lang='lat' dir='ltr'>ergo</span> 
     </span>
    </p>
   </div>
  </div>
