2027 3144
214 171 247 197 23
971 172 1163 200 PREFATIO.
1889 175 1924 201 24

213 231 461 259 communionem
476 239 545 261 cum
566 233 689 262 Paulino
705 233 871 262 ineundam
885 233 1039 269 negabat;
1055 236 1079 263 Α
1098 235 1232 272 undique
1260 236 1416 272 exquisitis
1448 237 1476 263 et
1504 235 1708 271 comportatis,
1738 242 1799 262 non
1827 235 1927 272 prima

213 275 327 312 quippe
340 284 410 304 cum
424 277 492 305 iniri
505 286 566 306 non
579 281 692 314 posset,
708 278 782 315 quin
797 277 927 306 Meletius
941 278 1043 314 rejice-

213 322 305 353 retur,
312 320 365 357 qui
374 321 454 349 solus
462 322 624 350 Antiochia:
635 323 787 358 legitimus
796 325 859 350 erat
869 323 1041 359 episcopus.

215 364 326 392 Eadem
341 364 378 392 de
392 373 486 394 causa
512 366 640 395 Basilius
656 367 753 403 (epist.
769 368 832 400 258,
850 374 881 396 n.
898 367 923 403 3)
939 367 1044 395 leniter

214 409 408 446 reprehendit
421 411 452 438 in
468 412 634 448 Epiphanio
650 411 756 440 initam
772 420 842 439 cum
859 411 974 440 Paulini
989 413 1043 440 Ec-

215 454 306 482 clesia
316 455 560 484 communionem
573 465 579 483 ε
596 464 658 484 non
673 456 755 493 quod
771 457 860 484 unius
870 457 1043 493 hypostasis

216 499 389 528 defensores
414 500 724 529 excommunicandos
744 504 772 529 et
794 501 833 529 ab
849 501 979 529 Ecclesia
992 502 1042 537 eji-

216 544 301 572 ciend
307 553 340 572 os
354 544 490 579 duceret;
503 545 556 573 sed
567 546 727 582 Epiphanii
738 546 937 574 constantiam
947 546 1044 583 requi-

215 589 310 623 rebat,
335 589 388 625 qui
403 597 473 617 cum
487 592 546 618 tres
561 590 744 627 hypostases
758 598 880 619 necesse
896 598 960 619 esse
973 598 1042 619 con-

215 634 290 662 ﬁteri
305 636 450 669 censeret,
467 642 536 663 cum
552 635 728 664 hominibus
744 643 838 664 unam
853 636 1043 672 hypostasim

214 678 427 715 proﬁtentibus
449 680 736 715 communicaverat,
750 683 852 716 spreta
877 683 906 708 et
934 681 1045 716 rejecta

215 722 317 751 Meletii
362 724 588 752 communione.
618 725 694 753 Fecit
721 725 828 753 eadem
862 724 1044 753 defendendi

214 768 317 796 Meletii
339 769 512 802 necessitas,
529 771 562 797 ut
576 769 666 797 unius
692 770 868 806 hypostasis
883 769 1042 806 professio,

213 821 282 850 quae
303 821 416 849 magno
439 812 542 850 aliquo
558 814 719 843 commodo
746 816 954 851 compensate,
969 814 1044 842 levis

213 857 281 886 visa
295 860 382 892 esset,
393 866 463 886 cum
478 859 620 887 maximis
635 859 665 886 in
681 859 828 888 Meletium
843 859 961 894 injuriis
975 867 1044 887 con-

1098 280 1197 315 specie
1212 288 1322 309 manus
1346 280 1465 308 dandas
1489 288 1554 308 esse
1578 282 1672 316 putet.
1684 279 1740 307 Sed
1757 279 1781 306 si
1806 280 1925 315 singula

1097 325 1282 359 vestigentur
1296 325 1476 361 accuratius,
1484 324 1566 353 aliud
1577 332 1702 360 prorsus
1713 325 1823 352 feretur
1837 325 1875 352 de
1895 326 1924 354 S.

1098 369 1204 397 Basilio
1217 370 1228 405 j
1234 370 1375 398 udicium.

1134 415 1165 440 ll.
1181 415 1300 442 Duabus
1325 414 1517 451 potissimum
1539 413 1576 442 de
1596 414 1695 442 causis
1712 414 1740 441 S.
1754 413 1860 441 doctor
1875 413 1926 440 Dei

1097 465 1171 486 voce
1184 458 1334 486 interdum
1349 458 1379 486 in
1391 458 1584 494 praedicanda
1600 458 1757 494 S.Spiritns
1773 457 1926 485 divinitate

1098 502 1250 530 abstinuit.
1258 503 1359 531 Prima
1373 505 1483 534 erat,ut
1492 503 1622 530 inﬁrmis
1634 503 1803 531 consuleret
1815 511 1822 529 :
1834 502 1928 530 altera

1098 549 1130 575 ut
1145 547 1312 576 furentibus
1337 547 1482 576 haereticis
1503 547 1604 576 locum
1618 547 1791 584 praeriperet
1810 549 1927 583 pertur-

1098 591 1207 620 bandae
1220 595 1248 620 et
1263 592 1422 621 vastandas
1433 592 1644 628 Cappadociae.

1134 637 1208 665 Cum
1234 637 1387 665 Tarsensis
1410 637 1541 665 Ecclesia
1556 637 1586 664 in
1608 636 1790 664 Arianorum
1816 643 1929 664 manus

1098 681 1262 716 incidisset,
1270 681 1408 709 catholici
1419 681 1586 718 presbyteri
1599 689 1669 709 cum
1679 681 1823 717 episcopo
1833 680 1929 708 haere-

1099 727 1157 753 tico
1169 726 1394 754 communicare
1406 725 1561 757 nolebant,
1575 732 1609 753 ac
1625 725 1761 758 seorsim,
1773 727 1806 752 ut
1819 724 1850 752 in
1866 724 1931 760 plu-

1097 769 1181 798 ribus
1196 769 1264 798 aliis
1278 770 1416 798 Ecclesiis
1430 770 1543 798 factum
1554 769 1733 805 est,plebem
1745 777 1831 796 suam
1845 776 1929 803 rege-

1098 814 1181 842 bant.
1198 814 1255 842 Sed
1278 815 1355 843 inter
1379 822 1431 842 eos
1451 816 1554 842 exorta
1578 813 1736 849 diSsensio,
1753 821 1788 841 ac
1804 813 1930 849 Cyriaco

1098 859 1284 895 presbytero,
1302 859 1386 895 cujus
1409 859 1485 887 ﬁdes
1511 859 1541 887 in
1565 858 1768 894 suspicionem
1795 860 1928 892 venerat,

211 903 327 938 juncta,
338 903 497 940 permagni
510 912 574 932 esse
589 904 735 932 momenti
761 904 921 932 videretur.
943 905 1050 940 Neque
1060 915 1079 942 Β
1098 904 1148 932 alii
1160 904 1328 940 presbyteri
1343 903 1530 932 conditiones
1541 903 1703 931 nonnullas
1713 902 1930 938 ferebant,qui-

213 948 304 976 etiam
320 948 359 976 ab
374 948 553 976 Arianorum
566 948 726 977 calumniis
743 948 828 977 valde
844 949 1043 976 metuendum

213 993 328 1026 fuisset,
343 993 367 1020 si
382 1001 443 1021 una
469 993 654 1029 hypostasis,
670 993 762 1022 veluti
788 1001 893 1021 naevus
918 993 1044 1030 quidam

213 1037 376 1066 tolerabilis
397 1041 426 1066 et
439 1038 655 1073 ignoscendus,
671 1039 791 1067 veniam
808 1038 890 1074 apud
913 1038 1042 1067 Catholi-

211 1089 263 1110 cos
288 1082 455 1116 habuisset,
471 1083 524 1111 sed
537 1082 562 1110 si
578 1091 733 1111 summum
748 1083 896 1111 honorem
912 1090 947 1110 ac
964 1082 1041 1110 cele-

210 1126 351 1154 britatem
371 1127 482 1163 adepta
506 1129 595 1161 esset,
607 1135 642 1155 ac
657 1135 770 1162 magna
785 1127 888 1156 Meletii
910 1127 1044 1155 Ecclesia

210 1171 321 1208 pusillo
337 1171 453 1199 Paulini
481 1173 642 1200 conventui
664 1172 767 1200 fuisset
792 1172 948 1207 adjuncta,
964 1172 1044 1200 velut

212 1216 237 1244 si
248 1216 361 1245 ﬂumen
382 1216 480 1244 rivulo
494 1216 696 1252 adjungatur;
710 1220 782 1245 tunc
794 1217 912 1244 Arianis
929 1217 1043 1252 patuis-

212 1264 255 1290 set
264 1261 430 1290 latissimus
443 1261 482 1290 ad
495 1261 746 1290 calumniandum
762 1269 899 1298 campus.

585 1318 598 1350 ξ
621 1317 667 1344 lll.

211 1370 232 1397 1.
255 1370 446 1404 Vituperatus
469 1376 488 1397 a
503 1369 659 1397 nonnullis
678 1369 711 1397 S.
730 1369 872 1401 Basilius,
886 1368 965 1404 quod
990 1368 1045 1396 Dei

248 1405 369 1432 titulum
397 1405 527 1439 Spiritui
554 1408 659 1433 sancto
688 1412 748 1432 non
761 1412 876 1439 semper
892 1404 1044 1431 tribuerit.

247 1441 353 1468 ll.Hoc
364 1443 595 1475 temperamento
608 1447 678 1468 usus
695 1443 788 1474 est,ut
800 1440 928 1474 inﬁrmis
942 1447 1045 1467 consu-

247 1477 320 1504 leret
333 1479 360 1504 et
374 1476 538 1504 Ecclesiam
550 1484 634 1504 suam
644 1476 853 1504 hareticorum
862 1475 962 1510 furori
979 1475 1045 1502 sub-

249 1512 392 1540 traheret.
415 1513 462 1540 lll.
476 1512 626 1540 Neutrum
647 1519 773 1545 prorsus
799 1511 1044 1545 vituperandum.

251 1549 293 1575 ιν.
320 1548 440 1583 Objecta
462 1548 680 1583 solvunturrv.
694 1547 828 1583 Basilius
842 1553 956 1580 semper
969 1546 1045 1583 idem

1098 948 1155 976 bus
1170 948 1218 977 ille
1238 948 1376 976 assentiri
1389 947 1519 976 nolebat.
1537 947 1696 975 Consultus
1712 946 1837 975 Basilius
1853 946 1931 974 duas

1098 1001 1134 1021 ea
1149 993 1186 1021 de
1199 1001 1230 1021 re
1241 993 1383 1029 epistolas
1396 993 1525 1029 scripsit,
1540 992 1666 1020 alteram
1682 992 1722 1020 ad
1735 991 1930 1028 presbyteros

1097 1039 1266 1070 Tarsenses,
1283 1037 1408 1065 alteram
1431 1037 1470 1065 ad
1494 1037 1595 1073 ipsum
1618 1037 1787 1072 Cyriacum.
1805 1037 1932 1063 Demon-

1099 1084 1172 1110 strat
1186 1083 1282 1118 (epist.
1302 1084 1363 1115 “3)
1378 1082 1563 1119 presbyteris
1587 1082 1617 1109 in
1643 1089 1678 1109 eo
1704 1083 1784 1109 statu
1809 1089 1856 1108 res
1881 1082 1932 1109 Ec~

1098 1126 1195 1154 clesiaa
1203 1127 1364 1159 versari,ut
1377 1126 1451 1154 nihil
1468 1126 1621 1162 antiquius
1634 1134 1700 1154 esse
1713 1125 1931 1161 debeat,quam

1098 1171 1238 1199 membra
1244 1171 1361 1199 divulsa
1369 1171 1633 1206 conjungere.Fiet
1640 1174 1737 1199 autem
1744 1170 1926 1205 conjunctio,

1099 1216 1205 1252 inquit,
1217 1217 1242 1244 si
1260 1217 1396 1249 velimus,
1412 1216 1518 1251 quibus
1534 1217 1565 1243 in
1578 1216 1666 1243 rebus
1675 1216 1794 1243 animas
1804 1222 1862 1242 non
1880 1215 1928 1242 lav-

1099 1261 1158 1289 dim
1164 1262 1242 1293 us,in
1252 1261 1297 1289 his
1310 1269 1362 1289 nos
1373 1261 1414 1289 ad
1428 1261 1606 1295 inﬁrmiores
1617 1260 1930 1288 accommodare.Cum

1100 1307 1194 1341 igitur
1207 1314 1260 1334 ora
1276 1307 1374 1334 multa
1390 1306 1420 1333 in
1430 1306 1576 1340 Spiritum
1588 1308 1724 1333 sanctum
1736 1308 1843 1339 aperta
1858 1305 1928 1339 sint,

1099 1359 1134 1379 ac
1156 1351 1268 1386 lingua
1283 1351 1323 1378 ad
1332 1350 1493 1385 jacientlas
1506 1351 1536 1378 in
1548 1351 1635 1377 illum
1652 1349 1855 1384 btasphemias
1869 1350 1930 1376 sint

1099 1398 1246 1429 θεῖαι-αἰαῖ,
1258 1403 1398 1430 rogamus
1413 1403 1462 1423 vos
1472 1398 1513 1427 ut,
1531 1398 1676 1430 quantum
1688 1395 1719 1421 in
1735 1394 1815 1421 vobis
1828 1397 1881 1426 est,
1894 1394 1935 1421 ad

1098 1447 1227 1475 parvum
1245 1448 1402 1468 numerum
1419 1439 1658 1473 blasphemantes
1671 1437 1835 1472 rcdigatis;
1844 1440 1870 1465 et
1882 1444 1937 1473 qui

1099 1486 1246 1520 Spiritum
1260 1487 1397 1512 sanctum
1421 1486 1591 1511 creaturam
1608 1489 1669 1510 esse
1679 1490 1738 1510 non
1754 1482 1870 1514 dicunt,
1887 1490 1937 1510 eos

1101 1531 1253 1565 recipiatis
1260 1531 1290 1557 in
1298 1529 1580 1563 communionem,ut
1590 1527 1757 1562 blasphemi
1761 1527 1938 1563 relinquan-

248 1573 444 1612 gemeam;
453 1573 684 1617 sanguineam
695 1573 784 1610 mea
795 1573 826 1610 in
842 1573 991 1610 meum
1004 1573 1047 1610 re-

1105 1579 1152 1603 tur
1159 1575 1226 1610 soli,
1238 1582 1273 1602 ac
1285 1575 1333 1602 vel
1342 1574 1456 1608 pudore
1463 1573 1570 1608 suffusi
1578 1573 1619 1600 ad
1628 1573 1784 1600 veritatem
1797 1573 1935 1602 redeant.

247 1619 389 1654 fellendis
400 1621 549 1647 versatur.

251 1671 273 1700 Ι.
285 1673 368 1700 Nunc
379 1671 460 1700 aliud
476 1670 721 1707 reprehensionis
736 1670 938 1706 genus,longe
951 1670 1046 1698 diver-

218 1724 285 1745 sum
309 1715 467 1752 superiori,
480 1715 724 1752 propulsandum
744 1723 762 1743 a
783 1716 810 1744 S.
826 1715 944 1743 Basilio.
961 1714 1049 1748 Quod

217 1761 298 1789 enim
325 1760 478 1788 interdum
504 1760 541 1788 de
564 1762 669 1788 sancto
695 1760 805 1796 Spiritu
821 1760 863 1787 sic
876 1759 1006 1793 disserit,
1017 1761 1050 1787 ut

217 1813 330 1835 nomen
346 1805 396 1833 Dei
412 1812 473 1833 non
493 1804 648 1839 tribuat,id
674 1806 703 1832 et
722 1804 875 1832 nonnullis
890 1804 962 1832 olim
973 1803 1049 1832 indi-

218 1850 394 1887 gnationem
406 1849 508 1884 movit,
520 1857 575 1877 nec
586 1849 696 1878 desunt
710 1849 800 1877 hodie
815 1849 867 1886 qui
879 1848 978 1877 Basilii
992 1849 1049 1877 hac

218 1896 250 1924 in
260 1903 291 1923 re
301 1895 506 1923 fortitudinem
517 1894 611 1923 animi
623 1897 651 1922 et
666 1893 869 1922 constantiam
884 1893 1049 1930 requirant.

219 1940 330 1969 Prodiit
342 1939 447 1976 paucis
459 1939 497 1967 ab
511 1939 581 1967 hinc
592 1940 679 1967 annis
690 1938 870 1975 opusculum
882 1937 1051 1974 quoddam,

220 1985 252 2013 in
268 1992 329 2020 quo
344 1984 382 2012 de
397 1983 496 2011 Basilii
511 1983 590 2012 facto
615 1982 782 2011 disseritur.
796 1982 937 2010 Basilium
953 1989 1052 2018 repre-

221 2028 327 2058 hendit
356 2030 460 2057 auctor
484 2028 632 2064 opusculi,
649 2035 711 2056 non
737 2029 838 2056 tamen
863 2027 928 2055 sine
951 2026 1053 2054 debita

223 2076 308 2102 tanto
329 2073 445 2102 doctori
460 2073 637 2105 reverentia,
653 2072 737 2110 quod
761 2072 855 2100 animi
869 2071 1053 2100 moderatio-

224 2126 295 2147 nem
321 2121 350 2146 ct
371 2118 524 2146 lenitatem
552 2117 672 2153 longius
697 2116 882 2153 produxerit.
899 2116 1055 2144 Existimat

225 2163 303 2191 illius
313 2163 470 2191 consilium
482 2170 543 2190 non
554 2162 647 2190 modo
659 2169 710 2190 eos
722 2162 818 2189 exitus
826 2168 888 2189 non
898 2160 1053 2192 habuisse,

225 2216 304 2245 qu05
328 2207 384 2235 sibi
405 2206 606 2244 proponebat,
620 2208 654 2234 ut
667 2206 862 2242 placarentur
876 2206 1055 2233 Pneumato-

1102 1620 1159 1655 vel,
1173 1620 1199 1647 si
1213 1619 1245 1647 in
1266 1621 1387 1654 peccato
1410 1621 1543 1651 manent,
1557 1617 1739 1646 auctoritate
1763 1617 1934 1645 careantob

1101 1665 1296 1700 paucitatem.
1312 1663 1399 1691 Nihil
1411 1663 1505 1698 igitur
1514 1663 1645 1696 amplius
1656 1668 1853 1696 erposcamus
1865 1669 1873 1688 :
1885 1661 1934 1688 sed

1104 1709 1272 1738 volentibus
1282 1709 1433 1737 nobiscum
1441 1708 1586 1743 conjungi
1590 1707 1742 1742 fratribus
1752 1706 1925 1741 ﬁdemNicze

1104 1763 1174 1782 nam
1191 1761 1416 1789 proponamus:
1424 1760 1460 1780 ac
1471 1754 1498 1780 si
1508 1753 1535 1780 ei
1545 1752 1756 1785 assentientur,
1774 1750 1854 1778 illud
1864 1758 1936 1786 quo-

1104 1807 1160 1834 que
1177 1799 1341 1833 erigath,
1361 1797 1508 1832 Spiritum
1529 1800 1665 1824 sanctum
1684 1799 1857 1824 creaturam
1879 1795 1939 1822 dict

1104 1852 1164 1872 non
1189 1845 1366 1878 oportere,et
1391 1849 1437 1870 eos
1456 1841 1509 1876 qui
1528 1841 1644 1875 dicunt,
1658 1841 1752 1875 recipi
1763 1840 1801 1868 ab
1820 1840 1890 1876 ipsis
1905 1839 1936 1866 in

1106 1888 1343 1917 communionem
1353 1895 1412 1915 non
1421 1886 1626 1914 debere.Nthil
1640 1889 1740 1913 autem
1753 1883 1938 1920 preterth

1106 1933 1325 1969 exposcendum
1342 1940 1402 1961 esse
1417 1940 1529 1960 censeo.
1544 1933 1643 1968 Ipsum
1665 1933 1766 1959 autem
1779 1930 1940 1966 Cyriacum

1106 1979 1245 2007 hortatur
1261 1978 1357 2014 (epist.
1375 1979 1447 2010 114),
1463 1979 1496 2005 ut
1511 1976 1602 2004 ﬁdem
1626 1976 1776 2003 Nlcwnam
1798 1974 1939 2011 proﬁtea-

1107 2026 1163 2059 tur,
1181 2031 1235 2051 nec
1250 2022 1343 2050 ullam
1366 2022 1397 2050 in
1419 2029 1454 2050 ea
1468 2029 1574 2049 vocem
1605 2020 1729 2056 rejiciat,
1747 2028 1782 2048 ac
1795 2021 1943 2056 przeterea

1085 2062 1088 2065 ’
1107 2067 1249 2104 Spiritum
1264 2069 1404 2095 sanctum
1420 2068 1588 2094 creaturam
1605 2065 1664 2093 dici
1678 2072 1740 2093 non
1754 2064 1874 2097 debere,
1888 2071 1944 2092 nec

1109 2121 1178 2141 cum
1189 2112 1225 2140 iis
1238 2112 1289 2148 qui
1301 2110 1707 2147 dicunt,communicandum
1722 2117 1786 2137 eSSe
1797 2108 1943 2136 declaret.

1109 2159 1173 2186 Non
1192 2157 1343 2194 probabat
1369 2165 1441 2192 ergo
1467 2156 1591 2184 Basilius
1604 2155 1683 2183 hanc
1702 2154 1799 2189 legem
1821 2153 1945 2189 Cyriaco

1110 2203 1236 2239 imponi,
1255 2206 1285 2231 ut
1305 2202 1354 2230 Dei
1375 2209 1488 2230 nomen
1516 2200 1636 2237 Spiritui
1661 2202 1764 2227 sancto
1788 2198 1944 2233 tribueret,

226 2243 337 2288 machi,
349 2255 377 2280 et
391 2243 606 2280 reducerentur
629 2251 750 2287 inﬁrmi,
769 2251 823 2278 sed
842 2250 932 2278 etiam
955 2249 1056 2278 locum
1073 2259 1094 2286 ι)
1111 2248 1204 2277 modo
1219 2256 1283 2276 rem
1296 2247 1354 2275 hoc
1367 2247 1490 2275 nomine
1507 2245 1706 2281 signiﬁcatam
1723 2243 1923 2288 conﬁteretur.

227 2297 348 2326 dedisse
367 2297 491 2325 occultis
512 2296 672 2330 haereticis,
687 2295 785 2332 qualis
805 2297 868 2323 erat
882 2294 1056 2323 Eustathius

229 2342 424 2377 Sebastenus,
441 2349 505 2370 sese
521 2349 589 2369 cum
605 2341 712 2370 Basilio
726 2340 933 2376 coniungendi
947 2350 952 2370 ;
966 2339 1055 2376 pluri-

228 2387 286 2415 bus
301 2388 402 2414 autem
424 2385 614 2422 displicuisse
629 2393 691 2414 non
705 2385 803 2413 solum
817 2383 985 2417 monachis,
1004 2383 1057 2410 sed

228 2431 318 2459 etiam
348 2430 496 2467 episcopis
524 2438 559 2458 ac
583 2430 639 2466 ipsi
665 2429 832 2458 S.Me1etio.
853 2430 948 2463 Negat
976 2427 1057 2455 idem

230 2476 357 2512 scriptor
377 2478 457 2504 certo
484 2477 623 2504 constare
647 2482 686 2503 an
699 2475 726 2503 S.
738 2473 902 2502 Athanasio
930 2472 1058 2509 probata

229 2521 318 2549 fuerit
332 2520 430 2548 Basilii
444 2519 554 2556 agendi
575 2520 652 2548 ratio
666 2527 672 2547 :
685 2519 802 2547 variam
815 2526 851 2546 ea
862 2517 899 2545 de
913 2525 944 2545 re
958 2518 1058 2545 censet

229 2565 321 2593 fuisse
337 2565 469 2600 Gregorii
491 2564 669 2593 Nazianzeni
696 2563 941 2591 sententiam:ac
955 2562 1058 2597 ipsum

229 2610 320 2638 etiam
343 2610 494 2642 Basilium,
511 2617 581 2637 cum
607 2609 720 2637 videret
732 2616 763 2635 se
779 2615 842 2635 rem
868 2605 1058 2642 praeclarissi-

228 2662 313 2682 mam
338 2662 399 2682 non
421 2654 528 2689 facere,
546 2654 575 2682 in
601 2653 704 2689 gratiae
725 2652 792 2680 loco
818 2652 875 2679 hoc
899 2650 1020 2686 petiisse
1041 2658 1058 2678 a

227 2699 338 2736 Spiritu
362 2701 467 2728 sancto
482 2701 609 2736 ejusque
633 2697 797 2725 divinitatis
820 2695 1055 2728 defensoribus;

227 2746 337 2780 postea
345 2746 446 2772 autem
454 2744 512 2772 hoc
522 2744 795 2779 temperamentum
805 2741 932 2769 missum
940 2740 1056 2772 fecisse,

228 2796 290 2825 quo
301 2795 462 2824 nunquam
477 2796 553 2816 usus
565 2790 609 2816 est
621 2787 651 2815 in
666 2785 857 2815 defendendo
873 2784 1057 2813 consubtan

228 2833 300 2862 tiali.
317 2834 408 2861 Nemo
436 2833 496 2861 fere
518 2832 627 2869 estqui
648 2835 691 2861 tot
714 2831 867 2860 rationum
894 2829 1055 2858 momentis

1147 2292 1232 2326 Quod
1247 2295 1348 2320 autem
1362 2289 1516 2319 observari
1533 2289 1625 2317 voluit
1641 2288 1680 2316 ad
1696 2287 1851 2316 sanandos
1862 2289 1890 2314 et
1901 2295 1946 2315 re-

1112 2337 1267 2365 ducendos
1279 2335 1471 2368 inﬁrmiores,
1483 2334 1512 2361 id
1525 2334 1589 2369 ipse
1605 2332 1824 2365 observavit,ut
1837 2339 1945 2367 pravo-

1112 2389 1180 2409 rum
1209 2380 1419 2408 haereticorum
1449 2378 1573 2406 insidias
1600 2377 1730 2404 Ecclesia
1755 2376 1948 2404 Caesariensis

1113 2426 1264 2460 effugeret.
1282 2426 1336 2452 Res
1350 2432 1368 2452 a
1385 2425 1413 2452 S.
1430 2422 1570 2458 Gregorio
1587 2422 1773 2450 Nazianzeno
1789 2421 1831 2448 sic
1842 2428 1945 2448 narra-

1112 2472 1169 2503 tur,
1195 2478 1239 2498 or.
1263 2471 1306 2502 20,
1332 2477 1363 2505 p.
1392 2469 1463 2496 364ε
1479 2467 1629 2503 Οἱκονομεῖν
1659 2465 1688 2492 δὲ
1710 2467 1771 2496 τοὺς
1799 2465 1891 2500 λογους
1920 2465 1945 2490 ἐν

1112 2517 1207 2550 κρίσει,
1238 2519 1288 2540 τῶν
1316 2513 1461 2549 ἀναγκαίων
1494 2512 1606 2548 ἐνὸμιζε,
1627 2515 1663 2537 τῶ
1693 2512 1751 2546 θείῳ
1781 2508 1864 2536 Δαϐὶδ
1886 2512 1945 2546 περὶ

1111 2561 1205 2588 τούτου
1233 2558 1371 2595 συμϐούλῳ
1394 2561 1538 2595 χρθζηιμκιοςΥ
1557 2559 1600 2582 καὶ
1627 2558 1719 2592 μικρὸν
1747 2556 1806 2581 ὅσην
1829 2557 1873 2580 τὸν
1900 2558 1945 2580 τοῦ

1112 2606 1223 2642 πολέμου
1261 2606 1350 2640 καιρὸν
1385 2602 1526 2639 διαφέρειν.
1557 2611 1601 2627 και
1639 2604 1686 2629 τὴν
1724 2605 1773 2626 τῶν
1808 2601 1945 2636 αἱρετιιὼν

1113 2649 1280 2683 δυναστείαν,
1317 2648 1360 2678 ἓως
1388 2649 1400 2672 ὁ
1431 2651 1478 2677 τῆς
1515 2645 1656 2683 ἐλευθερίας
1687 2644 1805 2670 ἐπιλάϐοι
1844 2645 1943 2680 καίρός,

1112 2698 1156 2722 χαὶ
1187 2693 1225 2730 δῷ
1253 2697 1283 2729 τῇ
1318 2692 1426 2728 νὶώσσῃ
1455 2694 1501 2720 τὴν
1525 2690 1684 2728 παρῥησίαν,
1702 2690 1735 2715 Oi.
1761 2690 1805 2724 μὶν
1835 2688 1944 2718 ἐζήτουν

1111 2740 1236 2766 λαϐέσθαι
1263 2742 1364 2774 γυμνῆς
1393 2741 1437 2767 τῆς
1461 2739 1521 2772 περὶ
1547 2739 1592 2761 τοῦ
1622 2736 1769 2769 “stupro;
1796 2737 1891 2769 φωνῆς,
1913 2735 1944 2762 ὼς

1112 2787 1150 2814 εἵη
1182 2786 1242 2815 Θεὸς
1259 2783 1330 2820 (ὅπερ
1361 2785 1386 2808 ὥς
1420 2781 1522 2815 ἀληθὲς,
1550 2779 1640 2809 ἀσεϐὲς
1669 2778 1773 2808 ἐκείνοις
1796 2777 1941 2813 ὑπελαμϐά-

1111 2838 1177 2863 νιτο,
1194 2831 1238 2854 καὶ
1271 2831 1307 2862 τῷ
1335 2831 1406 2862 κακῲ
1439 2826 1572 2863 προστάτῃ
1599 2828 1644 2854 τῆς
1675 2822 1815 2856 ἁσεϐεὶας),
1833 2824 1875 2847 ἵνα
1903 2824 1932 2847 τό
