2027 3144
104 155 141 182 25
868 156 1057 185 PREFATIO.
1783 161 1816 187 26

105 218 151 252 μὲν
167 219 216 246 τῆς
233 216 333 248 πόλεως
347 218 412 253 μετὰ
429 221 477 247 τῆς
500 217 620 253 θεολόγον
634 217 759 253 γλώσσης
774 219 935 254 ὐπαρορίσω-

995 219 1089 246 verbis
1100 221 1199 254 potius
1211 227 1298 256 quam
1311 221 1342 248 in
1355 221 1443 248 rebus
1451 221 1622 249 consistere.“
1631 221 1740 256 quippe
1750 228 1816 249 cum

105 271 158 290 σιν,
183 261 260 287 αὐτοι
288 259 317 287 δί
350 264 529 297 κατασχόντες
559 265 605 291 τήν
630 262 796 296 Ἐκκλησίαν,
821 265 865 288 καὶ
890 266 937 293 τῆς

105 307 204 333 ἑαυτῶν
236 309 330 336 κακίας
355 307 515 343 ὁρμητήριον
549 309 731 343 ποιησάμενοι,
765 307 876 333 ὶντιῡθσν
908 309 936 333 τὸ

105 351 255 387 λειπόμῖνον
277 351 357 384 ἅπαν,
381 353 415 382 ὡς
441 353 469 377 εκ
492 361 561 383 τινος
581 352 743 389 ἀκροπόλεως
757 350 935 389 καταδράμω-

107 405 160 423 σιν.
182 395 211 421 ’0
227 393 256 422 δὲ
273 395 296 420 ἐν
316 395 406 426 ἄλλαις
426 397 471 431 μὲν
494 399 588 431 φωναῖς
603 401 744 433 γραφικαίς
766 399 810 422 καὶ
834 406 936 432 μαρτυ-

104 443 178 477 ρίαις
208 440 406 476 ἀναμφιλέκτοις
429 442 524 466 ταυτὸν
549 439 715 477 δυναμέναις,
740 444 785 467 καὶ
806 445 864 470 ταῖς
887 444 936 466 τῶν

106 484 290 521 συλλογισμῶν
314 485 442 521 ἀνάγκαις
465 486 548 517 οὕτως
573 487 642 522 ἦγχε
665 488 726 517 τοὺς
749 485 935 522 ἀντιλέγοντας,

105 531 175 556 ὥστε
204 533 240 566 μὴ
270 530 426 556 ἀντιϐαίνειν
454 532 535 566 ἔχεινν
564 530 616 556 ἀλλ’
644 531 750 562 οἰκείαις
780 529 936 557 πνδτίσοαι

104 579 210 610 φωναῖς,
245 576 309 611 ἤπερ
342 573 376 603 δὴ
410 578 454 601 καὶ
487 578 598 611 μεγίστη
632 576 709 611 λόγου
744 575 934 612 δύναμιςκαὶ

105 620 218 649 σύνεσις·
245 617 360 648 δηλώσει
386 617 416 645 δέ
439 622 483 646 καὶ
507 621 520 645 ὁ
539 620 614 656 λόγος
637 621 664 646 ὃν
678 623 737 656 περὶ
753 622 846 646 τούτου
863 623 935 646 συνέ-

102 664 190 701 γραψε
212 668 290 689 κινῶν
316 666 363 693 τήν
382 663 510 701 γραφίδα,
540 666 572 695 ὡς
601 665 628 691 ἐκ
652 664 761 697 πυξίδας
784 669 830 692 τοῦ
859 667 935 691 um—

103 718 198 744 ματος,
215 711 268 737 Τήν
284 707 314 734 δὲ
334 712 426 745 κυρίαν
450 712 535 745 φωνὴν
559 712 619 740 τέως
634 711 806 746 ὑπερετίθετο,
823 710 895 746 παρά
909 719 936 735 τι

102 757 149 779 τοῦ
166 757 314 788 Πνενματος
330 753 420 788 αὑτοῦ,
442 756 485 780 καὶ
501 758 551 779 τῶν
565 757 679 789 γνησίων
693 756 786 780 τούτου
803 764 936 789 συναγων-

107 803 187 824 ιστῶν
215 799 296 834 χάριν
326 799 414 831 αἰτῶν,
442 803 473 834 τῇ
501 799 635 835 οἰκονομίᾳ
667 802 702 835 μὴ
738 798 934 835 δυσχεραίνειν,

104 841 176 879 μηδὲ
199 846 262 879 μιᾶς
287 842 475 879 ἀντεχομένους
502 848 594 879 φωνῆς,
625 846 654 869 τὸ
679 847 729 870 πᾶν
749 843 875 870 ἀπολέσαι
898 842 934 869 δι’

106 888 273 921 ἀπληστίαν,
306 892 342 923 τῷ
372 893 455 924 καιρῷ
483 891 683 925 παρασυριίσης
714 893 762 919 τῆς
792 888 933 919 εὐσεϐείας.
951 897 970 923 Β

109 933 197 962 Αὑτοῐς
211 934 257 968 μὲν
276 934 327 968 γὰρ
351 931 474 968 οὐδεμίαν
494 931 558 958 εἶναι
581 933 678 969 ζημίαν
705 933 934 969 ὑπαλλαττομένων

105 978 197 1012 μικρὸν
211 980 264 1002 τῶν
279 976 378 1009 λέξεων,
401 980 444 1002 καὶ
467 981 560 1013 φωναῖς
581 977 671 1008 ἄλλαις
691 980 720 1004 τὸ
736 980 792 1004 ἴσον
806 977 936 1004 διδασκο-

103 1023 202 1056 μένοιςα
220 1019 283 1047 οὐδὲ
297 1023 347 1057 γὰρ
372 1021 396 1047 ἐν
421 1022 538 1058 ῥήμασιν
562 1023 624 1058 ἡμῖν
650 1022 714 1048 εἶναι
734 1025 779 1051 τὴν
807 1024 937 1058 σωτηρίαν

103 1065 199 1101 μᾶλλον
229 1066 244 1094 ἦ
275 1066 425 1102 πράγμασι·
454 1065 523 1102 μηδὶ
551 1068 602 1102 γὰρ
637 1069 665 1093 τό
702 1066 837 1093 Ἰουδαίων
866 1069 937 1098 ἔθνος

106 1109 247 1136 ἀποϐαλεῖν
275 1110 328 1143 ἂν,
357 1111 377 1136 εἱ
405 1113 452 1139 τὴν
490 1111 642 1148 ὴλειμμένον
681 1115 764 1147 φωνὴν
805 1111 862 1138 ἀντὶ
892 1116 937 1143 τῆς

107 1158 228 1191 Χριστοῦ
258 1157 324 1192 πρὸς
347 1155 433 1191 ὀλίγον
455 1155 648 1189 ἆπιζητοῠντες,
674 1156 760 1187 ἠξίουν
787 1156 842 1193 μεθ’
866 1158 937 1192 ἡμῶν

106 1201 259 1225 τάττεσθαι-
282 1204 316 1236 τῷ
338 1199 366 1226 δὲ
388 1205 465 1236 κοινῷ
486 1203 614 1237 μεγίστην
632 1201 661 1226 ἂν
681 1201 780 1237 βλάϐην
806 1202 937 1237 γενέσθαι,

107 1248 154 1274 τῆς
177 1244 336 1275 Ἐκκλησίας
362 1247 583 1281 κατασχεθείσης¹
613 1246 760 1274 Caeterum
790 1254 938 1274 sermones

108 1297 178 1317 cum
195 1289 304 1321 iudicio
321 1290 487 1325 disponere,
501 1291 538 1318 de
549 1291 675 1319 Davidis
691 1292 814 1319 consilio
830 1295 857 1318 et
872 1299 936 1319 sen-

113 1334 208 1361 tentia
219 1335 240 1366 δ,
257 1335 452 1362 necessarium
467 1335 705 1369 cssejudicabal,
721 1343 755 1363 ac
776 1336 847 1363 belli
867 1339 938 1363 tem-

106 1385 177 1412 pus,
191 1380 219 1405 et
233 1377 437 1406 haereticorum
450 1379 654 1413 principatum
666 1380 888 1415 aliquantisper
899 1381 938 1406 to-

106 1423 217 1455 lerarc,
238 1423 338 1457 quoad
367 1423 512 1451 libertatis
540 1426 653 1458 tempus
673 1424 856 1452 successisset
878 1425 937 1451 lin-

105 1474 234 1502 guzque
258 1467 425 1495 libertatem
456 1476 492 1496 ac
523 1468 675 1496 licentiam
700 1469 859 1497 attulisset.
889 1469 940 1496 Illi

106 1512 184 1539 enim
203 1512 318 1539 nudam
333 1515 361 1539 et
374 1515 510 1546 apertam
526 1520 624 1541 vocem
638 1513 674 1540 de
685 1513 802 1547 Spiritu
822 1517 937 1547 sancto,

111 1556 189 1591 quod
198 1557 279 1584 Deus
292 1560 375 1589 esset,
387 1558 525 1591 arripere
538 1558 698 1586 studebant
713 1558 807 1593 (quod
821 1559 938 1593 quidem
953 1571 972 1598 ρ

108 1601 230 1628 tametsi
239 1608 342 1628 verum
358 1604 436 1633 erat,
452 1602 575 1636 impium
591 1605 691 1629 tamen
705 1603 766 1629 illis
781 1606 870 1637 atque
883 1603 937 1630 im-

107 1644 204 1678 probo
215 1645 382 1679 impietatis
397 1646 530 1674 antistiti
542 1646 721 1681 videbatur),
744 1649 776 1673 ut
792 1653 857 1673 eum
873 1646 938 1681 qui-

106 1689 170 1717 dem
188 1697 256 1717 cum
273 1689 441 1725 theologica
458 1691 563 1725 lingua
578 1691 698 1718 ciuitate
706 1691 866 1725 pellerent,
881 1692 940 1725 ipsi

107 1737 209 1762 autem
224 1734 390 1762 Ecclesiam
407 1738 598 1770 occuparent,
615 1743 740 1770 eamque
751 1736 873 1763 sceleris
890 1736 939 1762 sui

103 1779 374 1814 propugnaculum
387 1779 552 1813 efﬁcerent,
573 1782 662 1815 atque
675 1780 745 1807 hinc
761 1780 878 1813 deinde,
894 1787 940 1808 ve-

107 1824 151 1850 lut
165 1830 204 1851 ex
216 1830 287 1851 arce
300 1823 441 1858 quadam,
458 1824 491 1851 id
504 1831 599 1856 omne,
616 1825 696 1860 quod
710 1825 860 1860 reliquum
874 1827 939 1852 erat

105 1868 343 1902 popularentur.
367 1868 407 1896 At
428 1869 481 1896 ille
504 1869 536 1896 in
560 1869 630 1896 aliis
652 1869 769 1904 quidem
793 1869 940 1897 vocibuse

108 1914 273 1947 Scriptura
295 1914 407 1947 petitis,
433 1914 669 1949 testimoniisque
695 1915 817 1942 minime
842 1914 940 1942 dubiis

108 1958 241 1986 eamdem
258 1959 318 1986 vim
330 1958 519 1993 habentibus,
535 1959 768 1994 necessariisque
782 1967 941 1994 argumen-

108 2003 156 2037 tis,
173 2003 364 2031 adversarios
381 2004 424 2031 ita
449 2004 674 2038 comprimebat,
691 2007 723 2031 ut
747 2005 832 2031 nullo
854 2005 940 2032 modo

108 2055 282 2082 repugnare
289 2055 325 2075 ac
335 2050 443 2076 contra
453 2048 513 2076 niti
521 2051 659 2082 possent:
671 2048 723 2076 sed
732 2056 797 2084 qum
807 2050 941 2077 maxima

107 2092 254 2125 sermonis
272 2093 370 2119 uirtus
389 2095 415 2120 el
432 2093 596 2127 prudentia
607 2095 659 2124 est,
669 2093 804 2127 propriis
821 2093 941 2121 vocibus

108 2137 399 2172 Constringerentur,
408 2137 657 2172 quemadmodum
668 2139 692 2164 is
702 2137 784 2172 liber,
793 2145 876 2173 quem
887 2138 942 2166 hoc

110 2185 288 2217 argumento
299 2182 403 2216 edidit,
413 2182 573 2216 perspicue
587 2182 732 2213 ostendet,
745 2182 775 2209 in
789 2190 847 2217 quo
860 2183 941 2210 cala-

110 2235 191 2254 mum
205 2226 294 2261 quasi
305 2233 342 2254 ex
359 2226 493 2260 Spiritus
519 2227 633 2261 pyxide
649 2230 755 2255 movet.
771 2227 829 2254 Sed
843 2229 942 2255 tamen

109 2274 266 2306 propriam
278 2279 377 2299 vocem
389 2272 508 2299 interim
523 2279 674 2306 usurpare
695 2272 862 2306 di/ferebat,
881 2276 942 2300 tum

110 2317 147 2345 ab
158 2318 281 2351 ipsumet
292 2317 421 2350 Spiritu,
432 2321 495 2344 tum
505 2324 523 2344 a
535 2317 656 2345 sinceris
668 2318 761 2351 ipsius
771 2325 944 2352 propugna-

109 2362 225 2389 toribus
234 2362 265 2388 in
274 2361 382 2396 gratia
392 2361 454 2388 loco
464 2361 518 2389 hoc
524 2364 640 2396 petens,
648 2369 685 2389 ne
693 2361 748 2389 hoc
756 2369 809 2389 suo
820 2362 944 2389 consilio

109 2406 408 2441 o/fenderentur;nec
414 2406 679 2437 cummitterent,ut
687 2405 755 2433 dum
765 2414 854 2434 unam
863 2413 945 2433 vocu-

111 2451 171 2479 lam
183 2449 336 2478 mordicus
346 2451 475 2478 retinere
483 2453 676 2484 conarentur,
684 2453 807 2484 propter
816 2450 946 2484 inexple.

109 2496 197 2524 bilem
211 2495 405 2529 cupiditatem
418 2495 519 2522 omnia
525 2495 697 2529 perderent,
707 2495 852 2522 convulsa
861 2495 946 2522 nimi-

113 2549 181 2569 rum
195 2541 372 2568 turbulento
384 2543 515 2574 tempore
525 2548 562 2568 ac
571 2540 720 2568 distracta
730 2533 851 2574 pietate.
864 2540 946 2574 Ipsos

107 2586 187 2614 enim
195 2585 274 2612 nihil
285 2591 323 2612 ea:
332 2592 364 2612 eo
376 2585 527 2612 incomodi
534 2592 570 2612 ac
577 2585 752 2612 detrimenti
760 2588 944 2619 accepturos,

107 2631 134 2658 si
140 2629 289 2658 vocabula
294 2629 422 2663 paulum
432 2629 767 2663 immutarenlur,moda
774 2629 842 2657 aliis
850 2629 946 2657 verbis

108 2675 212 2703 eadem
225 2674 409 2701 docerentur
419 2674 526 2709 (neque
535 2674 612 2701 enim
628 2674 757 2702 salutem
768 2676 902 2701 nostram
914 2674 945 2701 in

146 2747 157 2762 θ
177 2745 255 2773 Psal.
271 2753 324 2780 cxx,
341 2746 365 2771 5.
405 2746 413 2761 ⁷
437 2746 520 2773 Rom.
534 2752 594 2780 vm,
609 2747 653 2772 28.

150 2810 189 2843 (5)
206 2808 456 2844 Nyss.l,Eunom.
466 2807 528 2835 3M.
542 2806 731 2839 Theodoret,
743 2806 795 2834 lib.
808 2815 845 2837 ιν,
859 2815 886 2834 c.
900 2808 940 2835 t8.

991 270 1028 290 ne
1037 263 1262 299 Judan‘quidem
1273 265 1432 299 rejiciendi
1442 266 1511 298 sint,
1520 266 1547 293 si
1559 266 1599 293 ad
1613 265 1738 301 aliquod
1749 268 1818 293 tem-

989 315 1047 341 pus
1060 316 1116 342 pro
1127 309 1245 336 Christo
1258 316 1356 337 vocem
1368 310 1457 338 Uncti
1468 310 1525 337 sibi
1534 310 1656 338 concedi
1663 310 1818 344 postulan-

992 354 1044 386 tes,
1063 353 1094 380 in
1110 356 1246 381 nostrum
1268 361 1425 382 numerum
1442 357 1532 390 atque
1553 354 1688 382 ordinem
1708 354 1820 382 ascribi

991 397 1109 431 velint):
1120 401 1151 425 at
1172 398 1343 432 reipublicaz
1358 406 1418 426 non
1437 399 1580 432 majorem
1599 398 1762 432 perniciem
1782 405 1819 426 ac

989 444 1098 476 pestem
1110 442 1226 476 a/ferri,
1241 450 1329 478 quam
1343 443 1369 470 si
1378 442 1513 471 Ecclesia
1526 443 1563 470 ab
1577 443 1724 471 hereticis
1734 450 1819 471 occu-

991 489 1128 520 paretur.
1147 488 1178 514 ln
1193 486 1249 514 hac
1272 486 1374 515 Basilii
1389 486 1499 521 agendi
1513 487 1638 521 ratione,
1654 487 1717 515 sive
1731 486 1817 514 inﬁr-

992 530 1048 556 mis
1062 530 1208 565 consulat,
1226 530 1287 559 sive
1306 531 1516 559 haereticorum
1538 530 1640 558 furori,
1656 530 1817 558 Ecclesium

990 582 1077 602 suam
1091 574 1221 610 objicerc
1243 577 1356 608 caveat,
1380 575 1462 603 haud
1483 575 1623 611 equidem
1639 575 1726 603 video
1743 574 1817 610 quid

990 619 1170 655 reprehendi
1180 620 1285 656 possit.

1026 665 1070 691 Ill.
1092 665 1178 697 Quod
1194 666 1306 700 spectat
1324 664 1363 692 ad
1387 664 1542 692 leuitatem
1562 665 1591 691 in
1607 664 1744 692 inﬁrmos
1767 663 1818 691 ad-

990 709 1135 736 hibitam:
1152 709 1265 737 1°nihil
1278 709 1329 737 illa
1345 709 1492 737 catholico
1508 709 1651 744 dogmati,
1667 709 1740 737 nihil
1754 709 1817 736 usi-

990 755 1051 782 tato
1067 754 1104 781 ad
1132 754 1363 790 exprimendum
1386 754 1499 789 dogma
1524 753 1655 782 sermoni
1678 753 1816 781 nocebat.

990 799 1095 826 Tutum
1109 801 1172 826 erat
1185 799 1298 833 dogma
1310 807 1379 827 cum
1394 798 1520 826 Nicmnm
1536 798 1608 826 ﬁdet
1622 798 1819 834 professione,

990 844 1055 871 tum
1071 843 1106 871 iis
1126 851 1193 880 quae
1209 844 1278 871 huic
1295 844 1431 872 formulae
1447 843 1572 871 Basilius
1588 843 1750 878 adjicenda
1766 842 1822 870 du-

991 888 1088 916 cebat.
1105 889 1273 921 Quinetiam
1287 890 1347 917 tota
1361 888 1412 916 illa
1427 888 1638 916 accomodatio
1654 895 1689 915 eo
1705 889 1821 923 specta-

991 933 1053 968 bat,
1071 936 1103 960 ut
1121 933 1338 969 quamplurimi
1359 933 1398 961 ad
1418 932 1623 961 conﬁtendam
1646 932 1676 960 in
1692 931 1822 960 Ecclesia

991 978 1177 1006 divinitatem
1195 978 1289 1006 sancti
1307 978 1432 1013 Spiritus
1449 978 1655 1005 allicerentur:
1676 985 1732 1005 nec
1748 983 1822 1004 sane

993 1025 1233 1050 consentaneum
1249 1025 1314 1049 erat
1328 1023 1386 1057 (ep.
1407 1024 1477 1056 H3),
1502 1025 1532 1050 ut
1545 1030 1616 1049 cum
1639 1020 1769 1049 haeretici
1790 1020 1822 1048 li-

992 1067 1096 1094 benter
1106 1067 1136 1094 in
1148 1075 1203 1094 sua
1215 1067 1429 1094 communione
1440 1067 1601 1094 retinerent
1609 1074 1661 1094 eos
1671 1065 1761 1093 etiam
1770 1064 1823 1101 qui

992 1111 1130 1139 haeretice
1145 1119 1205 1139 non
1223 1111 1402 1139 sentiebant.
1427 1111 1570 1139 Catholici
1586 1119 1604 1138 a
1619 1119 1675 1138 sua
1689 1117 1822 1138 remove-

992 1158 1059 1183 rent
1072 1164 1124 1183 eos
1140 1156 1192 1191 qui
1209 1155 1354 1184 catholice
1370 1155 1550 1183 sentiebant.
1568 1156 1668 1191 Neque
1681 1154 1773 1182 etiam
1785 1153 1822 1181 de

993 1200 1133 1228 catholici
1149 1200 1298 1228 sermonis
1313 1200 1488 1228 auctoritate
1504 1199 1672 1235 quidquam
1687 1198 1823 1226 detrahe-

992 1244 1094 1272 batur.
1106 1244 1163 1272 Etsi
1172 1244 1252 1271 enim
1266 1244 1393 1272 inﬁrmis
1405 1243 1628 1272 concedebatur
1640 1245 1671 1270 ut
1680 1241 1820 1278 Spiritum

993 1291 1133 1316 sanctum
1149 1296 1211 1316 non
1228 1288 1415 1325 appellarent
1433 1290 1537 1321 Deum,
1554 1296 1615 1316 non
1632 1291 1733 1315 tamen
1748 1293 1823 1314 oon-

994 1333 1157 1361 cedebatur
1170 1336 1202 1361 ut
1216 1333 1295 1361 hanc
1312 1342 1417 1361 vocem
1433 1333 1623 1366 damnarent,
1640 1340 1695 1360 nec
1709 1331 1823 1359 idcirco

993 1377 1076 1405 illam
1089 1377 1139 1405 alii
1154 1377 1295 1405 Catholici
1317 1386 1463 1413 usurpare
1478 1380 1506 1405 et
1524 1377 1690 1413 praedicare
1704 1376 1822 1404 desine-

994 1422 1078 1450 bant.
1096 1423 1194 1454 Quare
1209 1430 1277 1458 spes
1294 1425 1357 1449 erat
1379 1422 1527 1456 inﬁrmos,
1544 1423 1617 1449 dum
1636 1421 1771 1457 quotidie
1792 1420 1823 1448 in

995 1466 1274 1502 EcclesiaSpirltum
1282 1468 1422 1494 sanctum
1431 1468 1521 1494 Deum
1531 1464 1821 1502 appelluriaudiunt,

994 1515 1085 1548 atque
1098 1512 1167 1539 huic
1184 1511 1249 1539 voci
1266 1519 1355 1539 aures
1371 1511 1585 1543 assuefaciunt,
1603 1510 1687 1538 brevi
1699 1510 1822 1537 inanem

994 1557 1078 1585 illum
1095 1557 1275 1593 scrupulum
1290 1557 1493 1593 deposituros.
1508 1559 1603 1592 Atque
1613 1556 1678 1584 haec
1691 1555 1823 1582 maxime

995 1611 1064 1638 spes
1078 1602 1219 1630 Basilium
1236 1602 1368 1630 fovebat.
1384 1602 1546 1630 Enimvero
1558 1608 1734 1636 persuasum
1748 1599 1824 1627 mihi

994 1650 1047 1681 est,
1061 1647 1156 1683 inquit
1170 1651 1227 1683 (ep.
1248 1649 1319 1680 H3),
1337 1647 1530 1674 diuturniore
1545 1646 1625 1674 inter
1638 1653 1690 1673 nos
1706 1652 1825 1673 consue-

994 1692 1099 1720 tudine
1113 1700 1149 1720 ac
1161 1695 1265 1720 mutua
1280 1693 1359 1720 citra
1371 1692 1589 1719 contentionem
1600 1690 1823 1721 exercitatione,

993 1737 1019 1764 si
1028 1737 1103 1771 quid
1115 1737 1204 1764 etiam
1217 1737 1351 1770 amplius
1366 1735 1571 1770 adjiciendum
1583 1736 1621 1762 sit
1637 1733 1827 1768 explanandi

994 1788 1094 1812 causa.
1108 1781 1253 1808 daturum
1266 1781 1298 1807 id
1309 1781 1479 1811 Dominum,
1496 1780 1549 1815 qui
1564 1780 1659 1810 ipsum
1674 1778 1825 1813 diligenti-

995 1826 1048 1853 bus
1061 1826 1161 1853 omnia
1172 1828 1353 1859 cooperatur
1368 1825 1400 1852 in
1416 1825 1524 1852 bonum
1534 1825 1557 1851 ⁷.

1029 1872 1059 1897 2"
1069 1869 1134 1897 Non
1150 1869 1397 1897 animadvertunt
1408 1869 1438 1902 ii,
1452 1868 1563 1904 quibus
1577 1868 1641 1895 [RBG
1652 1866 1763 1902 agendi
1775 1874 1825 1894 ra—

995 1914 1034 1942 tio
1054 1922 1115 1942 non
1140 1914 1247 1950 placet,
1271 1921 1419 1948 magnum
1435 1921 1500 1941 esse
1521 1912 1681 1940 discrimen
1698 1911 1774 1939 inter
1790 1917 1826 1938 ea

995 1967 1062 1996 qua:
1077 1959 1223 1986 haereticis
1238 1959 1347 1994 ignave
1360 1961 1389 1986 et
1410 1958 1546 1993 turpiter,
1567 1960 1595 1985 et
1614 1965 1650 1985 ea
1662 1965 1731 1993 quin
1743 1955 1825 1983 inﬁr-

995 2003 1051 2031 mis
1066 2003 1199 2038 benigna
1214 2003 1349 2039 quadam
1360 2002 1642 2031 accommodatione
1658 2000 1828 2029 concedun-

997 2047 1051 2075 tur.
1069 2049 1118 2082 (5).
1135 2049 1195 2075 Hoc
1208 2050 1325 2076 tantum
1337 2047 1458 2084 petebat
1467 2055 1484 2075 a
1495 2046 1601 2075 Basilio
1613 2045 1764 2074 Modestus
1773 2045 1827 2072 im-

997 2092 1145 2128 peratoris
1161 2092 1292 2127 nomine,
1308 2094 1340 2120 ut
1351 2099 1444 2119 unam
1456 2099 1570 2124 vocem,
1579 2098 1688 2126 nempe
1699 2089 1827 2118 consub-

997 2136 1145 2169 stantialc,
1163 2145 1177 2164 e
1194 2137 1263 2164 ﬁdei
1281 2136 1421 2172 symbolo
1441 2135 1500 2163 tolli
1525 2138 1683 2171 pateretur.
1700 2137 1737 2162 At
1751 2133 1828 2162 Basi-

996 2181 1055 2208 lius
1079 2188 1115 2208 ne
1142 2189 1236 2208 unam
1263 2181 1388 2216 quidem
1419 2180 1570 2215 syllabam
1597 2187 1751 2207 sacrorum
1777 2177 1828 2205 do-

998 2227 1134 2260 gmatum
1158 2225 1253 2260 prodi,
1274 2225 1348 2252 nihil
1370 2232 1496 2260 prorsus
1522 2224 1592 2251 addi
1614 2226 1667 2251 aut
1685 2223 1776 2257 demi,
1792 2230 1828 2250 ac

998 2277 1035 2297 ne
1051 2269 1151 2305 ipsum
1177 2269 1302 2305 quidem
1328 2268 1464 2297 formula:
1480 2268 1617 2296 ordinem
1642 2267 1753 2295 mutari
1776 2267 1828 2294 de-

997 2314 1069 2342 bere
1081 2314 1248 2350 respondit.
1258 2314 1339 2341 Idem
1356 2317 1456 2342 tamen
1470 2314 1506 2341 iis
1520 2313 1583 2349 qui,
1599 2321 1668 2340 cum
1684 2311 1829 2340 catholico

999 2359 1153 2395 sentirent,
1161 2360 1296 2387 nondum
1312 2360 1462 2388 Niczenam
1471 2358 1632 2387 formulam
1642 2359 1828 2394 receperant,

1000 2404 1140 2439 benignae
1155 2405 1358 2433 excusationis
1369 2404 1490 2432 veniam
1508 2411 1570 2431 non
1582 2402 1763 2438 denegabat,
1774 2401 1830 2429 sal-

1001 2452 1060 2477 tem
1075 2449 1105 2476 iu
1125 2449 1318 2485 episcopatus
1340 2448 1523 2484 primordiis,
1549 2450 1581 2475 ut
1603 2447 1780 2484 perspicitur
1793 2454 1831 2474 ex

1002 2493 1079 2529 epist
1106 2496 1148 2521 52.
1166 2493 1252 2521 Aliud
1275 2496 1319 2520 est
1338 2494 1417 2521 enim
1439 2493 1567 2520 infirmis
1584 2500 1675 2520 unum
1697 2491 1830 2526 aliquam

1001 2545 1106 2566 vocem
1122 2539 1280 2573 remittere,
1300 2538 1382 2566 aliud
1403 2538 1614 2565 haereticorum
1639 2536 1754 2564 artibus
1779 2537 1831 2563 aut

1000 2582 1092 2610 minis
1107 2582 1273 2610 concedere
1287 2591 1293 2616 ;
1316 2585 1346 2610 ut
1367 2590 1402 2609 ea
1424 2590 1480 2609 vox
1497 2590 1512 2610 e
1528 2581 1667 2609 catholici
1682 2579 1829 2608 sermonis

1000 2635 1056 2655 usu
1077 2627 1268 2655 amandatur.
1281 2627 1309 2655 Si
1325 2635 1505 2654 conceSSum
1521 2626 1625 2654 fuisset
1639 2624 1785 2653 hereticus
1800 2627 1833 2652 ut

999 2671 1256 2700 consubstantiale
1272 2671 1429 2703 deleretur,
1443 2671 1630 2708 triumphum
1645 2669 1685 2699 illi
1701 2669 1832 2703 egissent
