2027 3144
226 166 259 193 27
980 162 1172 192 PREFATIO.
1897 162 1935 190 28

225 234 263 255 ex
280 227 420 261 Ecclesia,
432 234 500 263 quae
512 234 575 255 non
585 235 638 256 eos
653 228 812 264 recepisse,
827 227 880 256 sed
895 226 934 255 ab
949 226 992 254 eis
1006 233 1053 254 re-
1067 226 1091 253 Α
1107 233 1187 261 ergo,
1204 233 1257 254 nos
1268 226 1300 254 in
1312 226 1425 254 crimen
1441 227 1549 255 vocetis
1561 226 1626 262 (nec
1637 224 1714 254 enim
1725 224 1841 253 invidia
1849 226 1875 252 et
1887 231 1935 252 re-

226 274 313 308 cepta
327 272 478 300 videretur
490 280 496 305 ;
512 272 595 308 quod
606 272 730 309 quidem
743 279 902 309 nunquam
915 271 1052 299 commit-

225 316 352 344 tendum
367 323 433 344 esse
450 316 556 344 merito
575 317 663 345 docet
686 316 812 344 Basilius
827 316 858 344 in
879 316 967 352 epist.
981 317 1046 344 266.

224 362 261 389 At
279 361 387 389 iisdem
405 361 601 389 redeuntibus
625 361 688 389 sine
704 360 970 389 consubstantialis
985 367 1052 396 pro-

224 405 365 440 fessione,
376 413 439 434 non
449 408 551 434 tamen
561 406 625 434 sine
633 406 821 442 professione
831 405 901 434 ﬁdei
911 406 969 433 hac
979 412 1052 433 voce

225 452 384 484 contentae;
399 458 560 479 numerum
572 450 703 478 ﬁliorum
719 458 843 479 suorum
856 450 988 485 augebat
1003 451 1053 477 Ec-

225 494 326 530 clesia,
340 495 483 523 incolumi
495 503 621 531 prorsus
634 495 801 523 traditionis
816 495 965 531 deposito.

260 542 288 567 3°
308 539 465 567 Sententiae
478 547 540 567 suae
555 547 684 575 magnos
698 539 878 575 ascriptores
887 541 916 567 et
926 539 1053 567 imitato-

224 591 272 611 res
285 583 391 611 habuit
406 583 544 611 Basilius.
558 585 665 612 Praeter
680 584 888 618 Athanasium,
899 583 953 620 qui
968 583 1053 612 Basi-

223 627 254 655 lii
267 627 380 655 factum
391 627 531 663 probavit
540 630 569 656 et
578 628 720 664 defendit,
728 630 760 657 ut
771 629 862 656 modo
869 628 1053 662 videbimus,

225 671 366 700 Basilium
385 672 520 700 imitatur
533 673 693 708 Gregorius
713 673 918 701 Nazianzenus
930 672 962 701 in
985 680 1053 701 ora-

226 716 305 744 tione
320 716 364 749 44,
384 724 414 752 p.
440 717 503 752 710,
527 717 581 746 ubi
606 718 649 746 sic
672 717 823 754 loquitur:
846 717 985 754 Συμϐῶμιν
1005 717 1053 743 ἁλ-

225 760 314 791 λήλοις
336 766 531 797 πνευματικῶς·
562 763 696 798 γενώμεθα
729 761 881 799 φιλάδελφοι
915 762 1009 798 μᾶλλον
1037 763 1051 792 ἦ

226 805 354 841 φίλαυτοι.
371 808 432 832 Δότε
455 808 502 835 τὴν
528 805 640 843 δύναμιν
663 811 710 838 τῆς
736 808 866 840 θεότητος,
890 809 935 833 καὶ
965 805 1053 834 δώσο-

225 859 271 885 μεν
299 851 360 886 ὑμῖν
386 855 433 881 τῆς
458 855 541 887 φωνῆς
569 854 616 880 τὴν
645 854 840 888 συγχώρησιν
873 851 1054 888 ὃμολογήσατε

1103 271 1301 305 prehensione
1314 272 1412 306 premi
1423 271 1506 299 debet
1518 269 1693 306 hujusmodi
1705 269 1868 304 ascensus),
1878 276 1935 296 nec

1106 323 1158 343 nos
1173 316 1302 344 vicissim
1315 323 1381 344 eam
1394 323 1503 349 vocem,
1514 317 1599 351 cujus
1614 315 1698 343 modo
1712 321 1835 348 capaces
1850 313 1933 346 estis,

1107 360 1187 387 vobis
1206 359 1398 395 objiciemus:
1423 360 1559 395 qulndz'u
1581 360 1643 388 alio
1668 359 1774 387 itinere
1795 358 1835 386 ad
1854 357 1934 385 idem

1107 403 1267 438 hospitium
1278 405 1429 439 feremini.
1437 405 1505 434 Non
1513 405 1591 433 enim
1604 403 1758 432 victoriam
1773 402 1934 434 ambimus,

1105 448 1158 476 sed
1171 451 1203 476 ut
1215 449 1341 484 fratres,
1357 457 1484 486 quorum
1498 450 1689 484 separatione
1699 448 1934 482 distorquemur,

1106 493 1147 522 ad
1160 501 1214 521 nos
1228 495 1364 530 redeant,
1385 495 1566 523 laboramus.
1584 495 1651 521 Haec
1663 493 1822 528 Gregorius
1835 491 1934 519 disse-

1106 538 1191 566 rebat
1206 539 1477 576 Constantinopoli:
1499 539 1626 575 ejusque
1645 537 1739 566 animi
1752 535 1938 564 moderatio-

1106 590 1176 611 nem
1188 583 1279 619 paulo
1290 586 1361 620 post
1373 584 1441 620 ipsa
1451 584 1588 620 synodus
1601 580 1937 617 Constantinopolitano

1105 627 1210 662 judicii
1224 627 1270 656 sui
1281 629 1458 657 auctoritate
1466 627 1759 664 comprobavit,qute
1772 624 1936 654 Dominum

1108 672 1273 708 appellavit
1287 673 1429 709 Spiritum
1445 676 1597 707 sanctum,
1608 672 1661 700 sed
1672 674 1704 699 ut
1716 671 1753 699 iis
1766 669 1939 698 consuleret

1107 725 1239 753 quorum
1259 718 1369 746 animis
1390 717 1562 754 scrupulus,
1575 715 1788 745 subabsurdus
1804 714 1852 742 ille
1866 713 1938 750 qui-

1108 762 1187 797 dem,
1201 762 1255 790 sed
1265 764 1367 791 tamen
1377 763 1582 798 ignoscendus
1593 761 1753 792 insidebat,
1767 760 1817 788 Dei
1827 766 1938 787 vocem

1107 806 1138 834 in
1153 807 1328 842 symbolum
1343 807 1538 836 inserendam
1553 815 1618 835 esse
1633 814 1695 834 non
1711 804 1837 833 censuit.

1144 851 1201 878 Sed
1208 851 1282 879 forte
1288 852 1476 887 indulgentia
1483 852 1514 880 in
1523 847 1939 886 inﬁrmosipsahumanitatis

225 896 270 923 τὴν
299 896 376 930 φύσιν
406 894 430 921 ἦν
456 895 546 927 ἄλλαις
580 899 691 932 φωναῖς,
725 897 766 926 αἶς
795 895 914 923 αἰδεῖσθε
946 895 1050 932 μᾶλλον·

1109 895 1207 931 specie
1220 895 1360 932 placebit,
1373 899 1404 925 at
1418 897 1519 924 minus
1533 895 1732 926 considerata,
1745 893 1938 928 nimiumque

225 941 270 965 καὶ
294 940 328 970 ὡς
353 939 468 970 ἀσθενεῖς
497 941 565 976 ὑμᾶς
591 940 770 977 ἰατριύσομεν,
801 942 871 968 ἔστιν
892 941 910 966 ἆ
932 943 977 967 καὶ
1003 944 1053 967 τῶν

225 985 290 1020 πρὸς
318 982 416 1013 ἡδονὴν
445 985 668 1021 παρακλέψαντες.
699 986 819 1023 Λὶσχρὸν
850 987 894 1022 μὲν
918 985 980 1022 γὰρ,
1006 985 1051 1011 αἰ.

225 1030 310 1064 σχρὸν
340 1031 384 1055 καὶ
417 1030 510 1060 ἱκανῶς
538 1031 640 1066 ἄλογον,
666 1031 734 1056 κατὰ
761 1030 854 1066 ψυχὴν
883 1030 1052 1068 ἐρρωμένους,

224 1073 439 1110 μικρολογεῖσθαι
463 1077 522 1112 περὶ
549 1076 593 1100 τόν
622 1073 702 1110 ἦχον,
729 1077 775 1101 καὶ
801 1076 922 1112 κρύπτειν
944 1077 987 1101 τὸν
1003 1076 1053 1104 θη-

225 1119 322 1154 σαυρὸν
340 1139 346 1151 ,
376 1119 462 1156 ὥσπερ
487 1119 572 1149 ἄλλοις
596 1119 798 1155 βασκαίνοντας,
824 1120 839 1149 ἡ
867 1122 903 1156 μὴ
933 1122 979 1146 καὶ
1005 1122 1052 1149 τὴν

223 1161 346 1197 γλῶσσαν
380 1162 509 1198 ἁγιάσητε
538 1162 712 1195 δεδοικότας·
742 1166 850 1200 αἴσχιον
880 1162 909 1190 δὲ
946 1165 1009 1200 ἡμῖν
1039 1163 1052 1189 ὃ

224 1205 381 1243 ἐγκαλοῦμεν
419 1209 530 1241 παθεῖν,
573 1211 618 1234 καὶ
648 1208 816 1246 μικρολογίαν
845 1211 1052 1244 καταγινώσκον-

223 1260 277 1284 rus,
305 1251 399 1282 αὐτοὺς
428 1252 644 1289 μικρολογεῖσθαι
663 1255 722 1290 περὶ
743 1255 777 1280 τὰ
803 1255 957 1290 γράμματα.
983 1256 1052 1283 Μιᾶς

224 1296 356 1331 Θεότητος,
385 1297 405 1322 ὦ
435 1297 516 1330 οὗτοι,
544 1300 591 1327 τὴν
618 1296 724 1335 Τριάδα
745 1298 935 1334 ὁμολογησατε,
971 1297 992 1324 εἰ
1022 1296 1051 1324 δε

224 1339 361 1375 βούλεσθε,
377 1344 440 1377 μιᾶς
465 1343 575 1378 φύσεως·
601 1345 646 1368 καὶ
665 1345 712 1372 τὴν
730 1344 792 1373 Θεὸς
813 1345 896 1378 φωνὴν
919 1343 991 1380 παρὰ
1005 1340 1050 1368 τοῦ

223 1385 370 1420 Πνεύματος
393 1386 454 1422 ὑμῖν
477 1385 627 1423 αἰτήσομεν.
653 1390 735 1413 Δὼσει
762 1389 824 1424 γὰρ,
849 1385 876 1413 εὖ
896 1385 967 1419 οῖδα,
993 1388 1006 1412 ὁ
1021 1388 1049 1413 τὸ

221 1432 323 1465 πρῶτον
339 1429 402 1460 δοὺς
425 1432 470 1456 καὶ
496 1432 526 1457 τὸ
551 1429 680 1468 δεύτερον,
707 1434 752 1457 καὶ
775 1431 901 1467 μάλιστα,
922 1431 944 1457 εἰ
966 1429 1051 1457 δειλία

221 1483 262 1504 τις
286 1476 324 1503 εἴη
349 1477 523 1510 πνευματικὴ,
545 1475 609 1502 ἀλλὰ
633 1479 668 1512 μὴ
697 1477 820 1507 ἔνστασις
852 1474 990 1505 διαϐολικὴ
1019 1477 1047 1502 τὸ

221 1521 379 1555 μαχόμενον.
406 1519 465 1546 Ἔτι
492 1522 647 1558 σαφέστερον
678 1521 740 1547 εῑπω
769 1523 813 1546 καὶ
843 1523 1047 1557 συντομώτερον,

221 1565 287 1599 μήτε
301 1564 372 1608 ὑμεῖς
387 1565 454 1600 ἡμᾶς
470 1564 592 1593 εὐθύνητε
606 1569 653 1595 τῆς
668 1565 829 1603 ὑψηλοτέρας
845 1569 926 1601 φωνῆς
946 1566 1048 1600 (φθόνος
1067 1582 1088 1608 ο

220 1608 270 1643 γὰρ
299 1606 384 1638 οὐδεὶς
409 1607 580 1642 ἀναϐάσεως),
611 1611 668 1635 οὔτε
691 1611 764 1646 ἡμεῖς
789 1612 835 1639 τὴν
857 1611 962 1646 ίφικτὴν
985 1611 1049 1640 τέως

221 1651 282 1687 ὑμῖν
310 1651 492 1689 ἧκαλέσομιν,
522 1653 568 1684 ἕως
588 1653 618 1679 ἂν
642 1656 687 1680 χαὶ
716 1653 754 1680 δι’
782 1653 861 1685 illa»;
890 1652 954 1681 ὁδου
983 1656 1050 1692 πρὸς

220 1697 248 1722 τὸ
264 1696 326 1722 αὐτό
342 1698 454 1734 φέρησθε
469 1701 644 1734 καταγώγιον·
661 1699 691 1724 οὔ
713 1700 763 1735 γὰρ
784 1704 892 1728 νικῆσαι
909 1699 1047 1735 ζητουμεν,

222 1739 286 1766 ἀλλὰ
309 1741 466 1777 προσλαϐεῖν
496 1740 629 1778 ἀδελφοὺς,
653 1743 686 1768 ὧν
710 1747 746 1778 τῷ
773 1747 905 1781 χωρισμῷ
927 1753 1048 1780 σπαρασ-

222 1786 330 1821 σόμεθα’
351 1786 456 1814 Verum
469 1787 674 1821 spiritualiter
685 1787 766 1816 inter
779 1796 832 1816 nos
842 1788 921 1816 hanc
931 1791 1049 1816 contro-

221 1830 350 1858 versiam
367 1831 573 1865 transt‘gamus
586 1840 591 1859 :
612 1833 762 1867 fraterna
774 1833 874 1867 potius
889 1833 1050 1861 charitatzs

220 1874 362 1909 studium,
379 1883 469 1910 quam
485 1876 583 1904 nostri
596 1884 725 1905 amorem
733 1885 798 1911 prae
806 1878 890 1905 nobis
903 1878 1048 1912 feramus.

226 1918 288 1946 Vim
303 1919 471 1947 divinitatis
482 1928 518 1948 ac
530 1922 694 1955 potentiam
711 1921 795 1949 nobis
810 1921 889 1954 date,
905 1924 931 1949 et
947 1929 999 1949 nos
1011 1922 1051 1949 vi-

221 1963 318 1991 cissim
333 1964 503 1992 divinitatis
518 1972 615 1993 vocem
633 1966 714 1993 vobis
735 1966 938 1994 concedamus.
954 1967 1051 1994 Natu-

221 2015 288 2036 ram
307 2009 377 2036 aliis
397 2009 528 2044 vocibus,
539 2010 647 2045 quibus
665 2011 735 2045 plus
749 2011 892 2046 tribuitis,
913 2011 1052 2045 conﬁtea'

219 2052 296 2080 mini
313 2060 325 2079 .'
348 2060 384 2080 ac
414 2061 474 2089 vos,
499 2057 530 2081 ut
552 2054 685 2089 inﬁrmos
701 2055 883 2089 curabimus,
902 2055 1054 2083 nonnulla

221 2096 303 2125 vobis
317 2100 408 2132 grata
421 2102 449 2126 et
458 2099 600 2133 jucunda
615 2099 812 2134 suffurantes.
831 2100 949 2129 Etenim
966 2103 1054 2134 turpe

223 2141 340 2177 quidem
354 2142 432 2170 illud
447 2147 499 2176 est,
515 2146 614 2178 turpe,
624 2144 759 2180 inquam,
773 2152 809 2172 ac
819 2145 1051 2180 perabsurdum,

221 2193 289 2214 cum
301 2187 402 2215 animo
412 2188 521 2222 optime
532 2189 668 2219 valeatis,
681 2189 762 2217 circa
775 2189 853 2217 vocis
863 2197 968 2217 sonum
975 2190 1053 2224 jeju-

224 2239 278 2260 nos
284 2235 310 2260 et
321 2233 450 2260 minutos
459 2241 508 2261 vos
513 2233 656 2268 praebere,
664 2241 699 2261 ac
707 2237 716 2260 t
721 2233 880 2262 hesaurum
889 2235 1052 2268 occultare,

221 2277 310 2311 quasi
327 2277 396 2304 aliis
417 2285 483 2305 eum
499 2278 664 2305 invidentes
678 2282 730 2307 aut
750 2282 921 2313 metuentes,
945 2286 982 2306 ne
998 2279 1052 2306 lin-

220 2328 312 2355 quam
327 2328 445 2357 quoque
457 2325 587 2350 vestram
600 2323 809 2358 sanctiﬁcetis;
819 2324 938 2358 turpius
952 2327 1051 2352 autem

220 2365 305 2392 nobis
317 2368 360 2393 est
373 2366 472 2394 eodem
486 2367 558 2394 vitio
571 2368 676 2400 teneri,
691 2368 771 2402 quod
787 2368 868 2395 vobis
881 2368 1048 2402 obiicimus,

219 2412 319 2444 atque,
331 2417 399 2438 cum
413 2411 538 2439 anxiam
553 2414 682 2439 vestram
697 2412 734 2440 de
743 2412 864 2439 minutis
879 2412 966 2440 rebus
979 2420 1047 2440 con-

221 2455 382 2482 tentionem
397 2455 584 2491 damnemus,
602 2456 773 2484 litterarum
789 2460 888 2485 tamen
903 2457 1046 2484 minutias

220 2500 312 2527 anxie
323 2507 440 2534 urgere.
456 2500 643 2535 Trinitatem,
651 2509 668 2528 ο
678 2502 747 2535 viri,
755 2502 844 2529 unius
857 2501 976 2529 deitatis
988 2508 1048 2529 esse

219 2543 390 2578 fateamini,
397 2547 461 2577 aut,
468 2546 496 2572 si
503 2546 599 2580 magis
606 2546 717 2580 placet,
724 2546 813 2574 unius
823 2549 952 2573 naturae:
959 2549 1049 2581 atque

221 2587 301 2616 hanc
320 2596 430 2623 vocem,
448 2589 538 2624 Deus,
558 2597 577 2617 a
592 2590 712 2624 Spiritu
728 2590 808 2618 vobis
816 2590 1047 2624 postulabimus.

220 2633 311 2661 Dabit
326 2634 403 2662 enim
417 2635 553 2669 profecto
568 2635 803 2670 secundum,qui
810 2636 943 2670 primum
956 2635 1047 2669 dedit,

220 2678 312 2714 idque
324 2679 520 2713 potissimum,
533 2680 558 2708 si
571 2680 605 2707 id
618 2680 655 2708 de
663 2687 722 2716 quo
731 2683 896 2715 pugnatur,
907 2681 1049 2715 spiritua-

222 2723 258 2751 lis
268 2723 403 2759 quadam
420 2725 566 2752 timiditas
579 2724 686 2758 fuerit,
700 2732 736 2752 ac
750 2733 809 2752 non
820 2725 971 2753 diabolica
982 2733 1049 2753 con-

220 2768 322 2795 tentio.
333 2768 440 2804 Atque,
453 2772 486 2796 ut
497 2769 632 2803 apertius
643 2772 670 2796 et
682 2769 917 2803 compendiosius
929 2770 1047 2805 loquar,

220 2813 262 2841 sic
277 2813 355 2842 inter
367 2822 420 2842 nos
436 2821 571 2850 agamus,
589 2816 621 2841 ut
634 2820 687 2843 nec
700 2821 759 2850 vos,
775 2814 955 2842 sublimioris
971 2815 1048 2842 vocis

1108 941 1238 968 remissa.
1253 941 1404 969 videbitur
1419 941 1518 969 Basilii
1533 949 1602 969 cum
1617 938 1763 976 improbis
1785 936 1936 965 haereticis

1107 985 1217 1019 agendi
1229 986 1314 1013 ratio.
1333 986 1390 1014 Sed
1405 988 1506 1014 tamen
1517 986 1542 1013 si
1552 985 1679 1013 alterum
1694 983 1848 1020 probetur,
1864 981 1938 1009 alte-

1107 1036 1175 1057 rum
1189 1029 1354 1066 improbari
1374 1038 1436 1058 non
1451 1032 1559 1066 potest.
1572 1031 1649 1058 Nam
1662 1036 1732 1056 cum
1752 1026 1867 1055 Arianis
1882 1025 1938 1054 ad-

1107 1073 1219 1102 itumin
1226 1075 1450 1111 Cappadociam
1455 1074 1513 1103 hoc
1520 1074 1756 1111 temperamento
1761 1070 1937 1099 interclude-

1107 1120 1151 1146 ret
1162 1118 1296 1154 Basilius,
1314 1121 1394 1155 tunc,
1411 1119 1436 1147 si
1451 1127 1588 1155 unquam
1601 1118 1689 1152 alias,
1703 1115 1840 1153 plurimis
1853 1114 1935 1142 inﬁr-

1107 1163 1164 1191 mis
1179 1164 1365 1198 consulebat,
1373 1172 1451 1201 quos
1462 1163 1630 1201 persecutio
1640 1163 1671 1191 in
1682 1161 1849 1190 maximum
1859 1158 1937 1195 peri-

1107 1208 1208 1236 culum
1216 1209 1518 1244 conjecisset.Deinde
1528 1216 1599 1236 vero
1608 1215 1670 1236 non
1678 1206 1804 1241 indigna
1813 1212 1860 1232 res
1871 1207 1936 1231 erat

1107 1253 1249 1281 charitate
1265 1253 1374 1287 Basilii,
1396 1261 1436 1282 ne
1457 1253 1627 1281 furentibus
1644 1251 1767 1287 quidem
1787 1247 1934 1277 haereticis

1106 1297 1237 1333 amplius
1247 1298 1417 1334 quidquam
1427 1305 1603 1334 proponere,
1613 1304 1707 1333 quam
1716 1294 1798 1331 quod
1808 1292 1934 1322 omnino

1105 1343 1310 1372 necessarium
1325 1343 1362 1371 ad
1378 1343 1561 1372 catholicum
1576 1342 1690 1377 dogma
1699 1338 1880 1376 judicabat?

1142 1386 1216 1415 Illud
1228 1390 1330 1416 autem
1345 1388 1376 1415 in
1390 1388 1496 1424 primis
1510 1385 1738 1415 observandum
1751 1385 1805 1417 est,
1819 1389 1936 1418 nequa-

1104 1439 1198 1467 quam
1211 1432 1398 1460 commisisse
1408 1431 1559 1465 Basilium,
1575 1433 1608 1458 ut
1622 1429 1672 1458 Dei
1686 1435 1798 1456 nomen
1813 1426 1936 1462 Spiritui

1104 1477 1208 1503 sancto
1222 1476 1253 1504 in
1274 1476 1404 1504 Ecclesia
1426 1475 1518 1504 tribui
1536 1475 1697 1508 desineret,
1723 1472 1776 1500 sed
1796 1478 1877 1507 saepe
1892 1470 1936 1498 illi

1102 1519 1184 1547 hunc
1197 1519 1316 1548 titulum
1331 1522 1359 1548 et
1380 1528 1435 1556 per
1459 1528 1491 1547 se
1515 1521 1544 1548 et
1558 1527 1612 1556 per
1633 1518 1762 1546 alterum
1785 1515 1934 1551 seipsum,

1103 1564 1278 1599 Gregorium
1304 1564 1537 1597 Nazianzeuum,
1562 1563 1723 1592 tribuisse.
1751 1561 1783 1588 Id
1809 1561 1935 1588 testatur

1104 1609 1261 1644 Gregorius
1274 1610 1489 1644 Nazianzenus,
1506 1609 1559 1645 qui
1572 1609 1632 1641 his,
1652 1614 1721 1644 quae
1741 1604 1835 1633 modo
1856 1605 1932 1631 retu-

1102 1648 1201 1689 limus,
1225 1654 1326 1682 statim
1346 1654 1432 1683 addit
1458 1655 1499 1690 (ρ.
1516 1655 1596 1687 364μ
1627 1653 1699 1679 Ἐπεὶ
1718 1651 1759 1677 ὃτι
1783 1659 1812 1685 γε
1837 1648 1932 1677 παντὸς

1102 1698 1197 1734 μᾶλλον
1212 1697 1273 1735 ᾔδει
1295 1701 1325 1725 τὸ
1346 1702 1451 1736 Πνεῦμα
1473 1700 1549 1732 Θεὸν,
1566 1696 1645 1727 δῆλον
1661 1698 1706 1733 μὶν
1726 1695 1752 1727 εξ
1769 1695 1802 1720 ὧν
1826 1695 1871 1718 καὶ
1885 1690 1934 1720 δη-

1103 1745 1185 1778 μοσία
1206 1747 1283 1770 τοῦτο
1306 1743 1432 1774 πολλάκις
1452 1743 1584 1780 ἐκήρυξεν,
1605 1744 1627 1768 εἷ
1648 1750 1710 1768 ποτε
1724 1740 1813 1776 καιρὸς
1833 1736 1874 1770 ἦν,
1888 1738 1933 1762 καὶ

1105 1785 1162 1823 ἰδίᾳ
1183 1791 1235 1818 τοῖς
1254 1788 1370 1825 ἐρωτῶσι
1392 1789 1531 1825 προθύμως
1555 1786 1750 1823 ἀνωμολόγησε,
1775 1784 1930 1833 aclyde???”

1104 1831 1134 1859 δὲ
1152 1835 1290 1862 πεποίηκεν
1315 1832 1338 1858 ἐν
1363 1836 1415 1863 τοῖς
1441 1834 1504 1870 πρὸς
1533 1831 1576 1868 ἔμε
1591 1831 1689 1866 λογοις,
1714 1830 1777 1866 πρὸς
1803 1827 1831 1853 ὂν
1856 1826 1928 1852 οὐδέν

1105 1876 1250 1914 ἀπόρρητον
1287 1875 1317 1905 ἧν
1350 1877 1421 1913 αὐτῷ
1458 1879 1518 1913 περὶ
1551 1877 1650 1902 τούτων
1689 1873 1929 1908 ποινολογουμένῳ,

1105 1920 1174 1957 μηδὲ
1207 1921 1291 1952 ἁπλῶς
1325 1925 1402 1948 τοῦτο
1439 1921 1643 1957 ἀποφηνάμενος,
1678 1919 1750 1951 ἀλλ’,
1777 1918 1790 1943 ὃ
1820 1914 1932 1952 μηδέπω

1105 1968 1228 2002 πρότερον
1259 1966 1381 1996 πολλάκις
1412 1969 1550 1994 πεποίηκεν
1565 1987 1572 2000 ,
1616 1964 1811 2000 ἐπαρασάμενος
1848 1960 1931 1986 ἐαυτῶ

1106 2012 1135 2036 τό
1163 2009 1394 2048 φρικωδέστατον,
1427 2010 1506 2037 αὐτοῦ
1538 2014 1584 2037 τοῦ
1616 2010 1765 2044 Πνεύματος
1794 2005 1930 2036 ἐκπεσεῖν,

1107 2056 1186 2092 εἰμὴ
1217 2055 1287 2082 σέϐοι
1316 2058 1344 2082 τὸ
1381 2060 1486 2092 Πνεῦμα
1510 2056 1574 2091 μετὰ
1604 2055 1705 2090 Πατρός
1731 2054 1776 2078 καὶ
1806 2051 1868 2077 Υὶοῡ
1897 2049 1932 2078 ὡς

1107 2101 1244 2137 ὀμοούσιον
1259 2103 1305 2127 καὶ
1325 2101 1459 2137 ὁμότιμον.
1485 2100 1515 2126 Εἰ
1531 2098 1560 2126 δέ
1581 2101 1612 2135 μέ
1639 2108 1680 2129 τις
1707 2095 1811 2128 δέξαιτο
1837 2103 1931 2120 κοινω-

1106 2148 1148 2171 νὸν
1172 2145 1266 2171 ἐκείνου
1293 2144 1339 2171 κάν
1360 2148 1412 2175 τοῖς
1437 2146 1577 2177 τοιούτοις,
1603 2143 1764 2180 ἐξαγορεύσω
1777 2150 1804 2167 τι
1823 2141 1865 2165 καὶ
1881 2142 1931 2165 τῶν

1106 2193 1161 2221 τοῖς
1172 2189 1276 2220 πολλοῖς
1290 2192 1352 2220 τέως
1366 2189 1550 2226 ἀγνοουμένων,
1567 2190 1607 2215 ὅτι
1622 2192 1667 2214 τοῦ
1682 2190 1774 2224 καιροῦ
1797 2193 1929 2219 στενοχω-

1106 2237 1211 2270 ροῦντος
1234 2235 1312 2270 ἡμᾶς,
1338 2235 1420 2270 ἑαυτῷ
1449 2236 1494 2270 μὲν
1519 2234 1666 2269 οἰκονομίαν
1695 2229 1840 2267 ἐπέτρεψεν,
1870 2229 1928 2263 ἡμῖν

1107 2277 1137 2306 δὲ
1149 2282 1195 2309 τὴν
1210 2280 1368 2317 παρῥησίαν,
1394 2279 1438 2311 οὓς
1454 2278 1539 2310 οὐδεῖς
1561 2277 1645 2314 ἔμελλε
1663 2279 1768 2314 κρίνειν,
1788 2272 1850 2300 οὐδὲ
1864 2282 1929 2298 απο-

1106 2324 1206 2350 ϐάλλειν
1220 2328 1264 2355 τῆς
1279 2322 1406 2360 πατρίδος
1424 2323 1531 2359 ἀφανείᾳ
1545 2323 1737 2358 τετιμημένους,
1754 2321 1789 2350 ὡς
1803 2318 1828 2350 ἐξ
1844 2317 1930 2353 ἀμφο-

1105 2371 1183 2404 τέρων
1199 2369 1311 2406 ἰσχυρὸν
1324 2369 1388 2395 εἰναι
1399 2370 1427 2394 τὸ
1438 2369 1497 2394 καθ’
1508 2369 1575 2404 ἡμᾶς
1583 2366 1747 2402 Εὐαγγέλιον·
1761 2364 1839 2392 Nam
1851 2362 1931 2398 quod

1101 2413 1215 2448 alioqui
1228 2414 1334 2441 melius
1346 2420 1435 2449 quam
1447 2413 1544 2448 quivis
1555 2412 1619 2444 alii,
1627 2411 1775 2445 Spiritum
1792 2411 1929 2437 sam-tum

1101 2458 1195 2485 Deum
1216 2460 1401 2492 agnosceret,
1425 2465 1490 2485 cum
1507 2464 1544 2485 ex
1571 2463 1603 2484 eo
1625 2455 1782 2491 perspicue
1800 2457 1928 2487 constat,

1101 2503 1181 2538 quod
1202 2506 1230 2530 et
1250 2503 1304 2530 hoc
1328 2509 1406 2537 saepe
1430 2502 1466 2530 de
1494 2502 1557 2529 loco
1577 2501 1742 2535 superiore,
1762 2498 1863 2535 quoad
1875 2506 1930 2533 per

1103 2550 1217 2582 tempus
1230 2546 1546 2581 licebat,pr.rdicavit,
1558 2549 1584 2574 et
1596 2545 1742 2580 privatim
1755 2543 1834 2579 apud
1845 2550 1929 2578 eos,a

1103 2592 1209 2628 quibus
1219 2591 1477 2626 interrogabatur,
1486 2590 1568 2619 haud
1582 2592 1762 2618 cunctanter
1778 2588 1928 2621 confessus

1103 2640 1164 2664 est:
1190 2639 1252 2664 tum
1275 2643 1344 2664 vero
1359 2635 1390 2663 in
1410 2635 1472 2663 suis
1484 2635 1524 2664 ad
1537 2643 1582 2663 me
1594 2633 1778 2663 sermonibus
1795 2632 1928 2668 apertius

1102 2681 1134 2708 id
1151 2680 1363 2708 demonstravit
1379 2680 1485 2716 (neque
1501 2680 1579 2708 enim
1598 2679 1761 2715 quidquam
1783 2685 1928 2713 unquam,

1103 2733 1169 2753 cum
1201 2724 1237 2752 de
1258 2725 1303 2752 his
1326 2724 1414 2752 rebus
1438 2732 1552 2753 mecum
1574 2724 1807 2759 colloqueretur,
1828 2723 1928 2750 animo

1103 2773 1212 2798 tectum
1231 2769 1443 2805 occultumque
1462 2770 1579 2805 habuit)
1601 2777 1661 2796 non
1679 2768 1857 2803 simpliciter
1874 2767 1927 2796 hoc

1103 2815 1275 2850 afﬁrmans,
1289 2815 1350 2849 sed,
1359 2815 1439 2851 quod
1451 2818 1542 2844 antea
1549 2815 1607 2850 ipsi
1617 2821 1672 2849 per
1681 2821 1753 2842 rara
1764 2813 1924 2851 acciderat,
