2027 3144
79 145 115 173 29

77 207 138 235 sibi
155 215 226 236 rem
241 209 378 236 omnium
391 217 522 238 maxime
537 210 720 239 horrendam
734 212 926 247 imprecatus,

42 280 45 283 ,
78 259 191 287 nempe
202 255 241 280 ut
255 253 295 281 ab
308 254 372 288 ipso
385 254 508 289 Spiritu
518 256 743 290 excideretmisi
754 264 821 285 cum
830 257 928 286 Patre

77 300 106 325 et
121 297 208 325 Filio
230 298 392 332 Spiritum,
417 302 448 327 ut
464 300 751 329 consubstantialem
769 304 796 330 et
816 302 928 330 honore

77 349 202 376 parem,
219 346 432 372 veneraretur.
463 344 548 378 Quod
575 347 601 372 si
627 346 693 382 quis
712 353 758 374 me
776 347 807 374 in
835 347 928 375 tantis

78 394 202 423 quoque
214 387 321 422 rebus,
332 388 415 416 illius
426 389 538 417 socium
550 390 928 428 admiserit,atiquid,quod

75 432 241 467 plerisque
253 432 443 467 incognitum
454 437 525 462 ante
533 435 847 471 fuit,evulgabo.Nam
860 444 927 464 cum

79 478 205 510 tempus
231 477 266 505 in
279 484 411 506 summas
431 479 586 514 angustias
605 487 658 507 nos
674 480 833 516 redigeret,
848 481 927 509 hanc

78 521 146 556 ipse
155 522 314 550 rationem
330 523 433 558 inibat,
458 526 492 551 ut
511 524 569 552 sibi
591 525 708 560 quidem
722 526 926 562 wconomiam,

77 566 169 595 nobz’s
184 570 304 601 autem,
321 575 393 604 quos
417 569 453 596 ob
466 569 594 597 nominis
614 570 827 599 obscuritatem
842 578 927 599 nemo

76 611 111 639 in
122 612 288 647 judicium
316 612 513 648 adducturus,
535 615 700 650 patriaque
713 616 862 650 ejecturus
886 623 928 643 es-

76 659 132 690 set,
161 657 316 693 loquendi
335 657 502 686 libertatem
526 660 732 688 committeret.
757 660 856 696 Atque
884 661 927 688 ita

79 702 289 738 Evangelium
308 705 444 730 nostrum
471 703 594 737 ﬁrmum
622 707 650 732 et
682 705 818 733 validum
849 707 924 738 erat,

75 747 242 782 utriusque
262 747 404 781 presidio
417 748 587 782 suffultam.

115 792 161 819 IV.
178 792 248 819 Jam
265 799 341 819 vero
355 791 495 827 perfacile
508 793 683 821 refelluntur
693 801 761 829 quae
774 793 926 822 eruditum

79 836 226 873 opusculi
253 837 413 864 auctorem
426 836 629 873 detinueruut,
646 838 811 874 quominus
830 839 926 866 sancti

81 880 180 909 Basilii
196 881 315 916 agendi
330 881 479 909 rationem
495 882 646 917 probaret.
661 883 746 915 Quod
769 883 810 911 ait
825 883 924 911 consi-

83 925 157 954 lium
171 925 255 954 illius
272 933 330 953 nec
342 926 381 954 ad
393 926 583 955 reducendos
595 927 802 963 inﬁrmos,uec
813 928 852 956 ad
863 928 924 964 pla-

85 970 201 998 candos
232 971 535 1000 Pneumatomachos
558 972 718 1008 profuisse,
753 973 848 1001 fateor
875 981 925 1001 me

83 1015 202 1043 nescire
213 1024 252 1043 ex
263 1015 378 1052 quibus
401 1015 433 1043 id
447 1016 580 1044 fontibus
593 1017 735 1046 hauserit.
757 1018 828 1051 Quis
843 1019 924 1046 enim

83 1060 110 1088 ei
126 1060 204 1088 dixit
217 1068 331 1096 pacem
355 1060 432 1089 inter
446 1061 635 1097 presbyterOs
649 1063 809 1090 Tarsenses
826 1057 925 1091 Basilii

83 1112 178 1141 opera
190 1105 365 1133 restitutam
381 1113 442 1133 non
457 1105 550 1133 fuisse
561 1106 575 1133 ?
596 1106 664 1142 quis
679 1106 705 1134 ei
718 1107 792 1135 dixit
807 1107 923 1135 nullum

84 1149 198 1177 exitum
210 1149 358 1177 habuisse
374 1152 531 1186 susceptos
546 1149 586 1178 ab
601 1158 636 1178 eo
652 1151 829 1187 labores,ut,
839 1154 924 1188 quot-

86 1195 161 1229 quot
175 1193 324 1222 catholice
339 1194 516 1227 sentiebant,
532 1203 584 1223 eos
602 1195 632 1223 iu
646 1203 740 1223 unam
753 1196 923 1224 consensio-

87 1244 159 1265 nem
172 1245 208 1266 ac
218 1239 469 1267 communionem
480 1239 653 1273 adduceret;
671 1248 739 1267 cum
755 1241 922 1276 praesertim

88 1281 122 1309 in
133 1282 222 1318 epist.
239 1285 285 1316 69,
296 1283 335 1311 ad
349 1285 488 1312 sanctum
502 1284 715 1319 Athanasium,
731 1292 817 1320 spem
830 1285 922 1321 hujus

91 1326 210 1355 consilii
220 1327 260 1355 ad
273 1327 383 1356 exitum
397 1328 582 1365 perducendi
598 1337 660 1365 prae
672 1337 702 1357 se
713 1329 802 1358 ferat:
817 1330 847 1357 in
864 1330 922 1358 alia

88 1374 191 1400 autem
206 1372 247 1400 ad
262 1372 402 1401 eumdem
418 1374 623 1402 Athanasium
633 1374 691 1410 (ep.
709 1375 753 1410 82)
767 1374 921 1410 aliquanto

87 1417 276 1453 postscripta
282 1417 573 1454 declaret,quidquid
579 1419 703 1446 circaﬁd
709 1427 755 1447 em
763 1427 871 1447 sanum
878 1421 922 1447 est

86 1461 117 1489 in
133 1462 331 1499 Cappadocia
340 1464 368 1490 et
381 1462 487 1490 vicinis
503 1463 576 1491 locis
590 1472 660 1491 vere
682 1464 721 1492 ad
737 1472 852 1498 eorum,
868 1464 920 1500 qui

86 1506 166 1534 idem
182 1507 578 1540 sentiunt,communionem
589 1510 617 1535 et
628 1507 774 1536 unitatem
789 1516 920 1545 propen-

89 1551 154 1579 dere
164 1551 179 1579 ?
192 1551 282 1584 Quod
296 1554 412 1587 spectat
428 1552 468 1580 ad
483 1553 785 1588 Pneumatomachos,
802 1550 921 1590 semper

87 1594 125 1623 illi
134 1595 261 1632 quidem
278 1596 392 1624 bellum
402 1596 582 1632 inexpiabile
594 1605 663 1625 cum
672 1598 778 1626 Basilio
789 1606 918 1633 gessere,

86 1639 138 1667 sed
152 1642 256 1668 tamen
272 1642 355 1668 certa
370 1643 398 1668 et
412 1641 566 1677 explorata
591 1649 638 1669 res
654 1644 708 1676 est,
725 1642 919 1677 gravissimas

85 1691 152 1712 eum
164 1685 318 1721 procellas
333 1693 351 1713 a
365 1685 556 1722 Cappadocia
573 1686 783 1722 propulsasse,
797 1695 858 1715 non
874 1695 920 1714 so-

84 1728 145 1757 lum
155 1730 281 1765 magnis
292 1729 403 1765 praeliis
416 1730 669 1763 sustinendis,sed
679 1731 714 1759 eti
719 1739 768 1759 am
779 1731 920 1767 prudenti

84 1781 295 1807 secessu,cum
310 1774 521 1808 haereticorum
532 1774 657 1803 insidias
673 1783 754 1803 anno
768 1777 815 1803 37l
830 1775 919 1803 decli-

83 1819 276 1847 navit.Eraut
292 1819 373 1846 enim
385 1819 417 1846 in
430 1819 549 1847 insidiis
564 1819 712 1854 collocati,
730 1822 762 1848 ut
771 1829 833 1848 uua
847 1828 919 1848 voce

85 1871 121 1891 ex
136 1863 205 1899 ejus
226 1871 281 1892 ore
306 1866 437 1900 arrepta,
451 1863 599 1900 impetum
612 1865 643 1892 iu
656 1865 820 1893 Ecclesiam
839 1865 919 1893 face-

85 1911 159 1937 rent.
182 1910 281 1942 Quare
298 1911 339 1937 tot
351 1917 386 1937 ac
397 1911 480 1938 tanta
499 1910 602 1945 praelia
614 1918 675 1938 non
688 1910 919 1938 certassetBasi-

84 1953 152 1990 lius,
163 1954 223 1982 nisi
238 1956 329 1982 cauta.
343 1956 372 1982 et
385 1954 515 1990 provida.
531 1954 656 1982 consilia
670 1955 894 1991 prmcessisseut
910 1963 917 1982 :

85 2005 147 2026 non
162 2001 206 2027 tot
219 1998 377 2027 fulsissent
390 1999 612 2030 miracula,non
628 2000 855 2035 Cappadociam
866 2001 918 2028 Va-

85 2043 151 2072 lens
161 2051 259 2072 unam
268 2051 305 2071 ex
317 2044 459 2072 omnibus
469 2045 631 2080 provinciis
645 2045 786 2073 eximiam
798 2045 918 2073 habuis-

86 2091 139 2124 set,
156 2089 183 2116 si
199 2088 344 2117 Basilium
366 2096 428 2117 non
452 2088 521 2125 plus
551 2089 696 2118 movisset
717 2090 917 2118 Ecclesiarum

87 2133 208 2168 utilitas,
223 2141 321 2170 quam
340 2133 519 2162 calidiorum
529 2134 719 2169 ingeniorum
731 2135 871 2171 querelae.

119 2179 183 2206 Non
207 2177 310 2206 tutiori
333 2178 531 2206 fundamento
551 2178 653 2206 nititur
668 2179 751 2215 quod
766 2180 806 2207 ait
833 2179 915 2207 idem

85 2223 222 2268 scriptor,
250 2223 386 2251 occultos
405 2223 574 2268 hmreticos,
604 2224 703 2260 qualis
729 2227 792 2252 erat
816 2226 918 2252 Eusta-
935 2241 956 2268 Ι)

84 2267 235 2301 thius,hac
247 2268 350 2296 Basilii
361 2267 641 2296 accommodatione
652 2271 680 2296 et
692 2269 830 2297 facilitate
845 2277 917 2297 usos

85 2320 160 2347 esse,
177 2316 210 2342 ut
225 2321 294 2341 sese
311 2321 380 2341 cum
396 2320 431 2340 eo
448 2313 675 2348 conjungerent,
689 2322 723 2341 ac
735 2314 917 2349 gravissimis

84 2360 192 2393 postea
208 2357 294 2386 illum
310 2357 470 2385 calumniis
483 2359 631 2385 vexarent.
648 2358 832 2386 Jamdudum
848 2366 918 2386 con-

81 2401 273 2437 junctissime
286 2410 356 2430 cum
372 2401 526 2430 Eustathio
541 2404 569 2429 et
586 2402 795 2430 amantissime
804 2402 919 2431 vixerat

85 2446 222 2481 Basilius,
237 2448 402 2482 antequam
425 2446 490 2474 haec
518 2445 555 2474 de
582 2446 691 2482 Spiritu
713 2447 918 2475 controversia

85 2491 228 2527 prodiret.
247 2492 311 2519 Non
325 2491 418 2519 multo
433 2493 502 2528 post
512 2494 647 2519 exortam
658 2491 736 2519 hanc
747 2494 918 2520 controver-

85 2535 161 2563 siam
172 2535 305 2564 dissiluit
318 2543 424 2563 eorum
438 2535 580 2572 amicitia,
589 2538 750 2572 propterea
765 2537 849 2572 quod
866 2537 917 2565 Ba.-

87 2580 181 2613 silius,
198 2580 252 2608 etsi
269 2580 300 2608 in
315 2580 475 2616 probanda
492 2582 520 2608 et
541 2580 739 2616 periclitauda
758 2580 916 2609 hominum

90 2627 304 2660 suspectorum
318 2624 379 2652 ﬁde
392 2633 530 2652 morosus
543 2633 604 2653 non
620 2627 692 2656 erat,
714 2625 754 2653 ita
769 2628 870 2653 tamen
886 2626 916 2653 in

89 2669 327 2704 constringendo
341 2670 368 2697 et
380 2669 563 2697 ﬁrmissimis
578 2669 805 2698 nodistenendo
816 2671 917 2698 Eusta-

90 2712 151 2740 thio
162 2716 268 2741 cautus
283 2713 349 2745 fuit,
369 2715 402 2741 ut.
418 2721 488 2742 cum
503 2713 557 2741 iste
572 2714 637 2741 haec
655 2714 771 2742 vincula
785 2714 916 2749 effugere

91 2765 153 2784 non
163 2760 274 2793 passet,
295 2758 399 2786 odium
413 2760 442 2786 et
460 2758 651 2786 iracundiam
666 2759 694 2786 in
712 2759 850 2787 Basilium
863 2767 914 2795 pa-

91 2800 151 2830 lam
177 2804 204 2830 et
232 2804 332 2838 aperte
360 2803 535 2832 evomuerit.
553 2802 652 2831 Basilii
667 2811 738 2838 ergo
752 2803 858 2831 lenitas
883 2803 914 2832 in

857 151 1036 180 PREFATIO
1041 173 1047 180 .

1772 155 1808 182 30

943 214 965 241 A
982 213 1173 244 defendenda
1190 216 1314 253 Spiritus
1325 216 1478 244 divinitate
1494 223 1690 252 nequaquam
1706 216 1811 244 Eusta-

984 259 1078 287 thium
1095 268 1164 288 cum
1176 269 1210 289 eo
1226 261 1446 297 conjunxit,sed
1459 261 1559 297 potius
1572 268 1692 289 summa
1707 260 1738 288 in
1752 260 1810 288 hoc

982 303 1124 339 dogmate
1135 305 1246 333 tuendo
1259 305 1428 334 constantia
1438 306 1594 341 disjunxit.

1017 367 1158 395 Formula
1173 369 1283 402 autem,
1297 367 1345 395 cui
1360 367 1537 404 subscripsit
1551 368 1733 403 Eustathius,
1747 375 1809 396 non

982 411 1075 439 solius
1102 412 1211 446 Basilii,
1228 412 1281 440 sed
1294 412 1384 440 etiam
1399 412 1541 440 Theodoti
1557 415 1584 440 et
1603 411 1706 441 Meletii
1730 420 1809 448 opus

981 458 1035 490 est;
1043 458 1072 484 et
1083 464 1151 484 cum
1162 459 1401 492 temperamento
1416 459 1444 485 et
1459 457 1738 485 accOmmodatione
1747 464 1810 485 non

981 502 1090 536 careat,
1104 509 1160 529 nec
1176 501 1316 538 Spiritum
1331 503 1471 529 sanciunt
1483 501 1612 536 appellet
1623 501 1727 537 Deum,
1742 501 1810 537 quis

981 545 1084 574 credat
1106 553 1177 574 cum
1191 546 1329 582 opusculi
1352 547 1484 581 auctore,
1498 545 1639 574 Basiliam
1649 548 1810 582 propterea

980 589 1133 618 Theodoto
1146 593 1174 618 et
1188 590 1302 619 Meletio
1320 590 1352 619 iu
1362 590 1562 619 offensionem
1574 589 1705 623 venisse,
1725 589 1808 625 quod

982 634 1151 662 Deinomen
1165 635 1317 663 interdum
1326 635 1446 671 Spiritui
1459 637 1562 663 sancto
1571 642 1633 662 non
1645 633 1808 662 tribueret?

981 679 1095 714 Magum
1101 679 1234 716 profecto
1241 679 1567 708 exstiteruntTheodoti
1573 678 1771 715 Nicopolitani
1779 678 1810 706 in

981 724 1168 760 Basiliumiuj
1174 724 1420 760 uriae(ep.99);sed
1427 724 1507 751 illius
1514 723 1698 752 morositatis
1706 730 1808 755 causa,

980 768 1078 796 Basilii
1089 769 1264 797 communio
1277 777 1347 797 cum
1362 768 1528 803 Eustathio,
1544 775 1605 796 non
1617 768 1701 795 vocis
1720 767 1810 795 unius

979 813 1205 848 prmtcrmissio.
1217 813 1316 842 Metuit
1326 813 1504 850 aliquandiu
1517 812 1642 840 Basilius
1659 820 1697 840 ne
1709 813 1737 840 S.
1754 813 1809 839 Me-

978 857 1058 892 letio,
1072 857 1102 885 in
1116 857 1151 885 iis
1168 866 1234 894 quae
1248 857 1288 886 ad
1303 857 1491 886 Eustathium
1507 857 1809 893 spectabant,parum

979 910 1066 939 inquo
1082 903 1284 931 uteretur.Sed
1293 903 1394 931 statim
1410 904 1501 939 atque
1514 902 1545 930 in
1556 901 1728 930 Armeniam
1743 909 1810 938 pro-

979 947 1084 981 fectus,
1098 947 1215 975 consilii
1231 947 1277 975 sui
1295 947 1445 976 rationem
1465 949 1568 976 sancto
1594 946 1691 975 exsuli
1717 954 1809 982 expo-

980 992 1048 1028 suit,
1064 1000 1217 1020 summam
1232 992 1310 1020 illius
1324 992 1497 1028 aequitatem
1509 993 1648 1028 expertus
1663 991 1809 1024 est.Quod

980 1039 1080 1065 autem
1095 1039 1196 1072 egerat
1211 1036 1241 1064 iu
1270 1036 1461 1064 defendenda
1487 1036 1614 1073 Spiritus
1641 1035 1807 1070 divinitate,

979 1089 1138 1118 nunquam
1153 1082 1183 1109 id
1210 1082 1236 1109 ei
1251 1083 1303 1109 aut
1317 1081 1400 1117 apud
1429 1081 1522 1109 alium
1542 1080 1720 1117 episcopum
1736 1087 1807 1116 pur-

980 1126 1073 1162 gandi
1086 1126 1131 1154 sui
1146 1125 1281 1154 laborem
1293 1125 1398 1154 attulit.

941 891 960 918 Β

1014 1191 1125 1217 Auctor
1139 1187 1278 1224 opusculi
1289 1195 1352 1216 non
1372 1187 1470 1216 solum
1487 1187 1678 1215 adversarios
1691 1186 1808 1221 afﬁngit

977 1233 1097 1267 Basilio,
1112 1233 1163 1269 qui
1175 1233 1251 1261 nulli
1264 1233 1419 1266 exstitere;
1436 1232 1489 1260 sed
1502 1232 1592 1260 etiam
1612 1240 1690 1268 quos
1702 1231 1808 1260 habuit

976 1277 1161 1310 defensores,
1176 1277 1216 1306 ab
1227 1285 1262 1306 eo
1279 1277 1405 1305 avellere
1417 1279 1552 1312 conatur,
1565 1277 1594 1306 S.
1607 1276 1807 1304 Athanasium

976 1325 1004 1351 et
1018 1323 1046 1350 S.
1063 1323 1238 1358 Gregorium
1252 1322 1471 1350 Nazianzenum
1485 1330 1492 1349 :
1511 1329 1546 1350 ac
1571 1321 1609 1349 de
1634 1321 1726 1349 altero
1741 1321 1808 1357 qui-

975 1368 1045 1395 dem
1060 1367 1232 1402 dubitat,an
1243 1367 1357 1395 factum
1371 1367 1469 1395 Basilii
1479 1366 1644 1403 aliquando
1660 1366 1806 1402 probave-

975 1411 1152 1446 rit,alterum
1164 1418 1225 1438 non
1242 1419 1360 1446 semper
1376 1411 1521 1446 probasse
1537 1410 1699 1438 contendit.
1715 1410 1805 1446 Equi-

975 1457 1046 1484 dem
1061 1464 1123 1484 non
1140 1456 1227 1484 video
1237 1455 1310 1491 quid
1326 1455 1413 1483 nobis
1426 1455 1564 1483 relictum
1579 1455 1625 1488 sit,
1637 1455 1721 1491 quod
1732 1455 1807 1484 nita-

976 1510 1045 1530 mur
1068 1501 1099 1529 in
1114 1501 1204 1529 rebus
1226 1500 1346 1533 criticis,
1371 1500 1394 1527 si
1411 1500 1515 1528 Basilio
1529 1500 1730 1535 patrocinium
1747 1499 1805 1528 eri-

936 1566 956 1595 C
975 1547 1071 1583 piatur
1084 1547 1111 1574 S.
1128 1545 1294 1574 Athanasii.
1310 1547 1433 1573 Exstant
1443 1545 1601 1595 dum‘illiu‘s
1621 1544 1754 1595 epistolae
1773 1545 1804 1572 in

976 1592 1116 1620 Basilium
1130 1590 1465 1627 perhonoriﬁcaamltera
1482 1590 1521 1618 ad
1531 1589 1806 1623 Palladium,altera

974 1636 1013 1664 ad
1027 1637 1174 1664 Joannem
1186 1637 1213 1663 et
1223 1635 1450 1662 Autiochum.ln
1462 1636 1589 1669 utraque
1601 1633 1745 1662 Basilium
1754 1633 1804 1661 de-

973 1680 1257 1713 fendit,accusatum
1269 1688 1286 1707 a
1301 1679 1460 1706 monachis
1472 1677 1805 1714 Cmsariensibusquod

973 1725 1004 1753 in
1022 1725 1174 1760 dogmatis
1192 1724 1368 1752 defensione
1382 1724 1540 1751 remissius
1556 1723 1671 1759 aliquid
1685 1723 1803 1758 egisset.

975 1770 1057 1798 Unde
1068 1769 1248 1797 Athanasius
1260 1768 1316 1796 ait:
1331 1768 1365 1796 Si
1373 1772 1527 1799 suspectus
1538 1771 1610 1796 esset
1622 1768 1757 1796 Basilius
1772 1768 1804 1796 in

973 1815 1079 1850 iisque
1085 1814 1125 1842 ad
1131 1814 1284 1841 veritatem
1291 1812 1697 1848 spectant,taudabitemfore
1703 1819 1805 1840 eorum

973 1858 1341 1887 contentionem.Declarat
1351 1865 1420 1885 eum
1431 1858 1529 1892 magis
1537 1865 1595 1892 pro
1605 1858 1732 1885 veritate
1742 1864 1804 1885 cer-

973 1907 1048 1938 tare,
1060 1906 1087 1932 et
1111 1911 1158 1932 eos
1173 1904 1226 1939 qui
1250 1903 1390 1931 doctrina
1410 1905 1497 1938 egent
1510 1902 1643 1930 edocere.
1666 1903 1805 1929 Hortatur

972 1948 1151 1982 monachos,
1163 1951 1207 1981 ut,
1218 1948 1407 1982 respicientes
1422 1947 1463 1975 ad
1471 1947 1658 1982 propositum
1669 1946 1804 1974 veritatis

972 1993 1056 2022 illius
1072 1997 1098 2022 et
1123 1993 1327 2028 oeconomiam,
1355 1993 1527 2028 gtOriﬁcent
1553 1992 1727 2024 Dominum,
1747 1993 1803 2018 etc.

973 2039 1117 2071 Quaenam
1131 2037 1181 2065 illa
1191 2037 1372 2070 oeconomia,
1386 2044 1454 2072 quas
1469 2036 1627 2064 monachis
1643 2035 1741 2064 Basilii
1755 2043 1804 2063 αο-

972 2082 1099 2110 cusandi
1108 2081 1265 2110 materiam
1276 2081 1372 2108 dedit?
1379 2081 1536 2116 quodnam
1546 2080 1660 2116 dogma
1668 2089 1680 2107 ι
1687 2080 1750 2108 isus
1759 2082 1805 2108 est

972 2127 1126 2155 remissius
1152 2126 1335 2154 defendere?
1361 2125 1438 2153 Nihil
1462 2133 1534 2153 sane
1548 2125 1681 2161 reperias
1696 2126 1804 2161 praeter

971 2171 1170 2208 quaestionem
1186 2170 1223 2197 de
1243 2169 1353 2206 Spiritu
1369 2171 1485 2198 sancto.
1505 2170 1567 2196 Huc
1590 2168 1705 2196 accedit
1726 2168 1802 2196 testi-

972 2216 1107 2243 monium
1121 2214 1251 2250 Gregorii
1265 2214 1453 2246 Nazianzeni,
1469 2215 1556 2250 cujus
1570 2222 1606 2241 ex
1624 2212 1752 2249 epistola
1769 2215 1802 2240 27

972 2260 1118 2288 discimus
1136 2259 1289 2292 Basilium,
1320 2267 1390 2287 cum
1415 2259 1464 2286 die
1490 2259 1564 2287 festo
1589 2259 1617 2286 S.
1641 2252 1804 2293 Eupsychii

973 2306 1065 2332 Deum
1076 2312 1137 2333 non
1144 2304 1325 2340 appellasset
1333 2304 1476 2340 Spiritum
1485 2302 1803 2336 sanctum,monaoho-

971 2357 1039 2377 rum
1052 2349 1190 2386 querelas
1214 2350 1244 2377 in
1265 2357 1298 2377 se
1323 2349 1502 2377 concitasse.
1523 2350 1579 2376 Res
1595 2356 1666 2383 ergo
1691 2349 1720 2375 et
1734 2355 1802 2383 per-

971 2402 1053 2422 sonas
1066 2397 1247 2429 congruunt.
1275 2396 1380 2430 Ipsum
1401 2393 1493 2422 etiam
1518 2392 1658 2428 congruit
1670 2394 1800 2428 tempus.

972 2439 1046 2466 Nam
1070 2438 1195 2466 Basilius
1212 2439 1269 2466 hac
1284 2447 1357 2466 usus
1379 2441 1425 2466 est
1440 2437 1618 2473 (economia,
1634 2445 1669 2465 ac
1692 2436 1723 2464 in
1747 2436 1802 2464 has

971 2482 1096 2511 incurrit
1110 2482 1347 2517 criminationes,
1360 2485 1524 2518 antequam
1540 2483 1663 2510 sanctus
1671 2481 1802 2509 Athana-

971 2528 1033 2555 sius
1049 2535 1064 2555 e
1076 2527 1137 2556 vita
1148 2527 1319 2562 migrasset,
1331 2534 1441 2564 nempe
1458 2534 1540 2554 anno
1553 2527 1618 2554 37L

1006 2581 1090 2615 Quod
1117 2583 1231 2618 spectat
1251 2581 1290 2609 ad
1319 2583 1348 2610 S.
1365 2581 1540 2617 Gregorium
1568 2579 1799 2612 Nazianzenum,

970 2628 1089 2661 tempus
1113 2626 1262 2661 assignari
1291 2633 1379 2662 pOsse
1408 2633 1469 2654 non
1498 2627 1581 2662 puto,
1607 2631 1668 2660 quo
1688 2623 1800 2651 factum

970 2671 1059 2699 amici
1074 2671 1203 2706 probare
1215 2670 1434 2698 desierit.I-lanc
1445 2670 1525 2697 enim
1536 2669 1614 2697 illius
1625 2669 1719 2697 animi
1734 2676 1800 2697 mo-

969 2715 1167 2748 derationem,
1183 2717 1212 2742 et
1232 2715 1350 2743 vivente
1376 2715 1442 2750 ipso
1458 2717 1487 2742 ct
1509 2716 1640 2748 mortuo,
1656 2713 1799 2747 laudavit,

969 2767 1024 2787 nec
1043 2759 1178 2787 laudavit
1199 2759 1309 2792 solum,
1326 2759 1378 2787 sed
1392 2758 1482 2787 etiam
1510 2758 1644 2786 imitatus
1665 2761 1719 2786 est.
1746 2758 1800 2786 Ubi

968 2804 1101 2840 primum
1110 2805 1270 2831 accusatus
1277 2805 1320 2831 est
1328 2803 1356 2830 iu
1368 2802 1502 2840 quodam
1512 2802 1652 2831 convivio
1665 2802 1797 2837 Basilius,
