2027 3144
76 153 110 180 33
837 136 1030 167 ΡΒΑΞΕΛΤΚΟ.
1759 139 1794 166 34

79 259 98 284 1.
117 256 353 284 Celeberrimum
367 255 398 282 S.
412 254 522 282 Basilii
529 254 566 281 de
579 252 765 287 proccssione
775 249 909 284 Spiritus

114 299 152 320 ea:
173 292 253 319 Filio
275 291 476 319 testimonium
500 286 642 323 refertur.
671 288 704 314 ll.
737 286 910 324 Graecorum

115 329 272 362 scriptura
284 327 402 361 magnis
416 321 613 362 incommodis
622 325 750 352 laborat.
773 321 816 348 IlI.
833 321 911 359 Lati-

116 360 225 391 norum
232 363 320 390 lectio
329 360 397 395 apte
405 369 471 389 cun.
480 361 587 388 Basilii
594 360 911 397 doctrina,_necessarto

118 407 185 427 eum
201 399 266 433 ejus
279 394 510 425 ratiocinatione
524 395 721 433 cohwret._lY.
734 394 910 433 Latinorum

118 430 358 463 causa‘codicum
373 440 442 460 mss.
459 433 636 460 auctoritate
648 430 832 463 de/cnditur.

121 481 143 506 l.
158 481 259 506 Exstat
271 478 355 506 initio
379 477 446 505 libri
462 477 539 504 tertii
563 476 712 504 Adversus
733 472 911 502 Eunomium

85 523 213 558 insignis
224 522 318 556 locus,
332 522 386 558 qui
399 529 469 549 cum
483 520 678 548 manifestum
688 519 799 546 habeat
806 516 843 544 de
851 516 914 551 Spi-

85 568 161 596 ritus
172 576 207 595 ex
224 566 297 595 Filio
314 566 507 603 processiono
523 564 737 598 testimonium,
752 562 776 590 si
797 562 862 589 sine
881 561 913 588 li-

86 613 160 641 turis
182 620 218 640 ac
247 612 313 639 sine
339 610 555 639 additamentis
578 609 705 644 legatur,
729 606 913 643 gravissimae

85 659 204 686 Graecos
231 656 309 684 inter
332 657 361 684 et
390 655 510 683 Latinos
525 653 736 682 controversiae
756 651 914 680 materiam

85 702 180 730 dedit.
202 700 340 728 Defendit
353 700 411 728 hoc
424 699 580 727 catholicae
592 698 724 726 veritatis
738 695 914 732 praesidium

84 747 118 775 Β.
136 748 167 775 P.
180 745 351 774 Ludovicus
366 744 473 778 Vallée,
485 744 626 772 emeritus
637 742 794 777 theologia
804 740 916 777 profes-

86 799 136 819 sor
151 799 187 819 ac
201 789 394 818 bibliothecae
410 789 526 817 Sauctze
542 787 700 816 Genovetaa
716 786 875 823 praefectus
886 786 916 813 in

87 835 206 864 erudita
215 834 435 865 dissertatione,
448 841 530 861 anno
539 833 602 860 t72t
617 832 736 860 Parisiis
744 831 824 859 edita
836 829 918 866 apud

924 198 946 226 A
965 199 1138 233 dogmatum
1148 201 1393 229 innovationibus
1406 200 1419 227 Ἰ
1431 200 1493 228 Cur
1499 200 1577 228 enim
1586 207 1702 228 necesse
1709 200 1793 233 ξείνη

965 245 1116 279 dignitate
1125 253 1160 273 ac
1171 246 1278 274 ordine
1292 247 1398 274 tertius
1406 249 1448 273 est
1455 245 1716 280 Spiritus,nalura
1724 252 1797 280 quo-

965 297 1021 325 que
1027 290 1148 317 tertium
1157 291 1235 318 esse?
1243 291 1399 325 Dignitate
1407 290 1526 326 quidem
1532 290 1695 318 secundum
1706 297 1765 317 esse
1776 296 1795 318 α

965 334 1066 366 F‘itio,’
1074 337 1107 362 ut
1117 335 1169 369 qui
1179 342 1239 363 esse
1251 335 1288 363 ab
1298 336 1351 363 illo
1365 335 1484 368 habeat,
1495 338 1522 362 et
1533 334 1570 362 ab
1581 335 1642 369 ipso
1653 334 1794 369 accipiat,

965 382 991 408 et
1008 380 1169 407 annuntiet
1180 380 1264 408 nobis
1276 383 1302 407 et
1313 381 1433 407 omnino
1444 387 1479 407 ex
1490 380 1544 407 illa
1551 379 1797 413 causapendeat'

967 424 1061 451 tradit
1079 424 1228 460 [fortasse]
1245 424 1367 458 pietatis
1390 431 1494 452 sermo.
1510 425 1550 451 At
1570 426 1684 451 natura
1708 423 1798 451 tertia

964 468 1017 502 uti,
1030 475 1124 503 neque
1134 470 1285 497 exsanctis
1300 468 1466 502 Scripturis
1478 468 1576 495 edocti
1586 475 1689 496 sumus
1703 474 1798 503 neque

967 520 1004 541 ex
1011 512 1178 547 Scriptura:
1191 513 1278 541 dictis
1289 512 1496 540 consecutione
1506 512 1572 539 utta
1583 512 1684 547 colligi
1690 514 1796 547 potest.

1003 556 1257 590 Quemadmodum
1269 558 1346 585 enim
1357 557 1454 584 Filius
1461 556 1561 584 ordine
1567 556 1683 592 quidem
1696 563 1797 584 secun-

967 601 1022 629 dus
1033 609 1051 629 a
1061 603 1155 630 Patre
1162 603 1357 637 est,quoniam
1367 601 1404 630 ab
1414 602 1467 629 illo
1476 603 1518 629 est
1523 601 1799 636 ,etldignitate,quia

968 646 1052 680 origo
1063 647 1128 680 ejus
1141 650 1167 674 et
1179 654 1271 674 causa
1285 649 1336 681 est,
1349 649 1498 681 quatenus
1509 648 1551 673 est
1563 645 1646 672 illius
1656 645 1760 677 Pater,
1772 648 1800 672 et

969 692 1109 725 quoniam
1119 698 1175 725 per
1185 691 1282 725 ipsum
1295 697 1430 718 accessus
1441 690 1601 724 aditusque
1608 692 1648 717 est
1657 689 1698 717 ad
1707 689 1800 717 Deum

970 738 997 763 et
1003 736 1125 763 Patrem
1129 742 1201 769 ,‘non
1207 735 1426 770 autemlnatura
1431 733 1735 769 secundus,quoniam
1742 733 1802 761 dei-

971 782 1016 808 tas
1027 781 1059 807 in
1073 783 1196 816 utroque
1207 788 1269 808 una
1280 781 1379 808 estn‘ta
1389 779 1525 814 profecto
1535 781 1562 806 et
1573 777 1802 812 SpiritusSanc-

973 825 1089 859 tus,etsi
1099 827 1160 852 tum
1171 824 1279 852 ordine
1289 827 1350 852 tum
1361 822 1662 858 dignitatesecundus
1672 825 1714 850 est
1724 829 1742 850 a
1752 822 1802 850 Fi-

88 881 251 916 Delaunay,
268 879 320 908 via
334 879 484 907 Jacobma.
500 877 575 906 Nihil
586 878 686 914 potius
697 878 749 905 aut
760 875 866 904 melius
879 875 920 903 ta-
934 874 954 901 Β
974 869 1072 916 (fodit!
1084 868 1139 916 Ιιοιτ⁸
1151 870 1239 916 etiam
1251 869 1371 916 omnino
1382 868 1604 916 concedamus],
1627 869 1727 916 latitet!
1740 873 1801 894 ηοη

90 933 155 953 cere
169 925 301 961 possint,
317 923 369 960 qui
385 931 448 951 rem
462 923 606 951 omnibus
621 922 758 957 vestigiis
774 921 920 955 indagare

90 969 202 1005 volunt,
212 977 310 1005 quam
322 968 346 996 si
358 968 503 996 eximium
515 967 590 995 illud
604 975 682 1003 opus
696 967 835 994 accurate
856 972 920 1001 per-

89 1013 306 1050 legantzquod
331 1012 456 1049 quidem
476 1010 546 1040 cum
568 1011 653 1039 omni
673 1011 920 1046 argumentorum

87 1066 197 1093 genere
207 1058 248 1086 ita
261 1057 451 1086 cumulatum
463 1059 491 1084 et
506 1056 689 1084 illustratum
700 1055 748 1089 sit,
760 1057 792 1083 ut
804 1062 859 1082 nec
868 1054 922 1081 du-

87 1102 205 1130 bitandi
216 1110 274 1130 nec
290 1101 423 1129 addendi
433 1101 535 1129 locum
546 1100 706 1136 relinquat,
718 1107 849 1135 cumque
861 1106 921 1126 non

86 1146 281 1174 incommode
294 1145 515 1181 cumnostrisiS.
529 1144 923 1173 Basiliivoluminibuscom—

90 1191 171 1227 pingi
183 1191 282 1227 possit
291 1200 296 1224 ;
304 1190 432 1218 libenter
443 1198 516 1218 sane
527 1189 771 1218 conticescerem.
784 1189 840 1216 Sed
851 1188 923 1224 quia.

92 1235 304 1263 celeberrimus
325 1234 423 1262 Basilii
436 1235 520 1262 locus
534 1234 564 1261 in
575 1234 631 1262 hac
642 1242 721 1261 nova
731 1233 861 1261 editione
881 1233 923 1260 ita.

91 1280 212 1315 prodiit,
226 1282 259 1307 ut
268 1280 299 1307 in
309 1277 465 1307 codicibus
477 1287 551 1307 mss.
563 1279 620 1306 hac
630 1279 659 1306 in
685 1278 759 1306 urbe
778 1278 922 1305 exstanti-

96 1324 154 1351 bus
166 1323 331 1359 legebatur,
345 1331 407 1352 non
420 1326 452 1351 ut
463 1324 591 1352 aliorum
608 1323 746 1351 codicum
757 1322 847 1356 longe
859 1321 924 1357 plu-

93 1368 174 1396 rium
195 1368 344 1404 longeque
359 1368 564 1404 antiquiorum
585 1367 758 1401 auctoritas,
782 1374 817 1394 ac
828 1366 924 1402 ipsius

91 1414 250 1442 sententia:
262 1413 385 1442 serieset
392 1414 535 1449 junctura
543 1413 852 1449 postulabant,opera:
859 1419 924 1447 pre-

89 1459 165 1486 tium
177 1460 223 1486 est
232 1459 302 1486 huic
312 1458 508 1486 incommodo
519 1458 644 1492 mederi,
656 1460 684 1485 et
697 1466 733 1485 ex
755 1459 925 1484 memorata

89 1504 342 1532 dissertationein
353 1503 480 1538 gratiam
498 1511 612 1535 eorum,
636 1503 747 1539 quibus
765 1502 804 1530 ad
822 1502 923 1537 ipsum

92 1549 207 1577 fontem
221 1548 306 1576 adire
316 1556 378 1576 non
391 1550 486 1583 vacat,
502 1548 651 1576 nonnulla
663 1548 809 1575 derivare.

127 1595 161 1621 Ut
176 1593 297 1621 facilius
308 1593 507 1629 perspiciatur
520 1593 594 1628 quid
609 1592 710 1628 Graeci,
736 1592 809 1628 quid
831 1591 924 1619 Latini

91 1638 301 1666 intestimonio
314 1637 412 1666 Basilii
424 1637 553 1674 probent
572 1639 623 1665 aut
639 1637 786 1672 rejiciant,
808 1635 925 1663 uncinis

91 1683 287 1711 includemus
298 1690 367 1718 quae
378 1690 396 1710 a
405 1682 513 1710 Graecis
526 1682 630 1710 addita
641 1681 734 1709 Latini
745 1682 923 1716 queruntur.

94 1728 241 1756 asteriscis
268 1735 339 1755 vero
363 1735 431 1763 quae
454 1735 472 1755 a
494 1727 604 1755 Latinis
624 1729 816 1763 propugnata
835 1725 926 1754 Graeci

97 1773 285 1799 aversantur.

127 1815 215 1844 Initio
230 1815 301 1842 libri
315 1815 392 1843 tertii
406 1816 550 1851 proponit
576 1815 701 1843 Basilius
721 1816 800 1843 hanc
825 1817 926 1843 Euno-

92 1860 145 1888 mii
161 1859 387 1896 blasphemiam
403 1860 444 1888 ita.
467 1860 637 1896 loquentis:
655 1861 728 1889 Cum
744 1863 844 1889 autem
866 1859 927 1888 hac

93 1905 178 1933 nobis
190 1905 227 1932 de
240 1905 398 1940 Unigem‘to
412 1905 580 1940 sufﬁciant,
591 1913 772 1941 consequens
784 1905 927 1940 fuerit,ut

88 1951 155 1985 jam
168 1949 369 1978 deParacteto
377 1957 495 1985 quoque
501 1951 649 1983 dicamus,
659 1959 719 1978 non
728 1950 928 1985 vutgiopinio-

93 2002 145 2022 nes
155 1995 331 2022 temerarias
340 1995 444 2029 secuti,
452 1996 504 2023 sed
509 1997 681 2024 sanctorum
692 1996 723 2024 in
733 1995 869 2024 omnibus
877 1995 928 2023 do~

95 2040 228 2067 ctrinam
238 2043 391 2068 servantes
402 2049 413 2067 .-
426 2047 445 2068 a
456 2041 563 2076 quibus
574 2048 641 2068 cum
654 2041 849 2069 didicerimus
860 2048 927 2068 cum

95 2084 248 2119 dignitate
255 2087 281 2111 et
292 2084 398 2112 ordine
406 2085 539 2120 tertium,
554 2086 675 2113 tertium
687 2093 803 2121 quoque
812 2088 927 2114 natura

95 2137 158 2156 esse
173 2129 333 2157 credimus.

133 2174 178 2201 Sic
186 2174 350 2209 repondet
360 2174 485 2202 Basilius
497 2183 503 2202 :
513 2175 597 2208 Quod
609 2176 706 2210 igitur
714 2184 775 2203 non
792 2177 876 2210 putet
898 2183 926 2203 o-

94 2221 215 2253 portere
222 2220 252 2246 in
262 2219 394 2254 simplici
402 2227 437 2248 ac
444 2220 527 2248 nuda
534 2221 767 2255 multorum/ide
774 2228 928 2255 permane-
943 2223 966 2251 D

95 2271 139 2298 re,
152 2263 204 2290 sed
216 2264 388 2297 artiﬁczosis
399 2265 579 2299 quibusdam
590 2273 627 2293 ac
640 2266 781 2299 captiosis
802 2265 928 2293 rationi-

96 2308 151 2335 bus
164 2309 318 2336 ceritatem
331 2316 438 2336 rursus
448 2309 489 2337 ad
501 2310 533 2337 id
543 2310 623 2345 quod
633 2311 690 2338 sibi
698 2310 817 2338 videtur
827 2310 928 2337 detru.

95 2352 176 2386 dere,
191 2353 266 2380 satis
275 2360 312 2380 ex
327 2353 362 2380 iis
371 2361 437 2388 qua
447 2354 527 2382 dixit
535 2354 756 2382 ostendit.Nam
763 2355 927 2382 multorum

95 2397 236 2431 opinione
246 2400 417 2432 contempta
427 2406 488 2433 qua
502 2399 651 2433 Spiritum
664 2402 802 2427 sanctum
815 2399 929 2434 gloriﬁ-

96 2444 181 2473 cant,
193 2441 319 2469 simulat
335 2444 434 2470 tenere
443 2450 475 2470 se
488 2446 663 2471 sanctorum
688 2443 859 2472 doctrinam
873 2452 884 2471 .·
897 2451 929 2475 αι

99 2494 147 2514 eos
158 2486 212 2521 qui
219 2493 285 2514 eam
293 2486 352 2520 ipsi
364 2488 566 2521 tradiderunt,
582 2491 669 2522 tacet,
680 2489 770 2517 etiam
785 2496 867 2517 nunc
881 2495 928 2516 ea-

95 2531 161 2559 dem
169 2531 287 2565 faciens
304 2538 379 2566 qua,
391 2532 462 2559 dum
476 2532 512 2560 de
526 2533 684 2568 Unigenito
702 2534 872 2567 dissereret,
886 2534 930 2568 fe-

95 2576 169 2603 cisse
180 2577 335 2602 convictus
346 2578 398 2603 est.
412 2577 527 2605 Deinde
540 2577 614 2605 dicit
633 2585 653 2606 a
676 2579 789 2606 sanctis
809 2578 928 2613 quidem

94 2627 125 2648 se
136 2619 279 2647 didicisse
290 2621 423 2656 tertium,
433 2628 493 2649 esse
502 2622 608 2650 ordine
627 2625 653 2650 et
667 2623 818 2657 dignitate
832 2622 927 2657 Spiri-

96 2667 197 2698 tum,a
206 2664 300 2698 seipso
309 2667 410 2692 autem
415 2665 545 2700 credere,
555 2669 668 2696 natura
677 2675 794 2703 quoque
805 2670 928 2696 tertium

95 2717 166 2737 esse.
184 2708 245 2741 Qui
254 2716 323 2736 vero
337 2709 398 2737 sint
408 2711 507 2738 sancti
515 2711 574 2745 itti,
585 2715 613 2740 et
629 2712 661 2741 in
680 2713 786 2748 quibus
807 2713 928 2747 scriptis

94 2754 173 2782 hanc
179 2753 352 2781 doctrinam
363 2754 520 2790 ediderint,
527 2756 626 2785 dicere
633 2765 693 2785 non
699 2760 806 2793 potest.
819 2757 928 2786 Fuitne

93 2805 233 2834 unquam
251 2797 338 2825 homo
350 2799 391 2827 sic
403 2800 507 2829 audax
515 2801 547 2829 in
562 2801 742 2830 inducendi:
755 2802 927 2831 divinorum

969 914 1041 949 jure
1049 914 1134 949 sequi
1145 916 1177 941 ut
1188 914 1297 942 alienae
1306 913 1344 940 sit
1360 915 1489 943 naturas,
1501 912 1573 940 inde
1584 913 1676 946 patet,
1690 913 1745 939 etc.

1010 959 1083 986 Tum
1099 958 1237 991 Basilius,
1247 959 1427 992 argumento
1438 965 1474 984 ex
1484 956 1600 991 angelis
1611 955 1715 992 petito,
1726 961 1802 990 quo-

974 1010 1042 1030 rum
1052 1002 1161 1030 diversi
1171 1002 1291 1030 ordines
1303 1003 1331 1029 et
1350 1000 1504 1035 dignitatis
1526 999 1651 1035 gradus,
1675 1007 1731 1027 nec
1754 1001 1804 1026 ta-

974 1055 1043 1075 men
1057 1047 1176 1074 diversa
1188 1048 1308 1079 natura,
1322 1045 1363 1073 sic
1378 1044 1530 1073 concludit
1543 1053 1549 1072 :
1562 1044 1612 1072 Sic
1626 1044 1763 1078 profecto
1774 1045 1802 1070 et

974 1092 1105 1126 Spiritus
1115 1091 1308 1119 sanctuszetsi
1314 1090 1461 1125 dignitate
1471 1089 1599 1123 inferior
1608 1090 1650 1116 est
1658 1091 1748 1123 atque
1757 1095 1805 1114 or-

975 1137 1044 1164 dine
1053 1136 1096 1171 [ut
1106 1135 1347 1171 aiunt];acccpim
1353 1142 1386 1162 us
1394 1134 1472 1161 enim
1483 1134 1591 1168 ipsum,
1604 1132 1738 1168 [inquit,]
1748 1135 1804 1160 ter-

976 1182 1050 1209 tium
1060 1189 1079 1209 a
1091 1181 1183 1209 Putre
1194 1183 1221 1208 et
1231 1180 1310 1207 Filio
1323 1181 1596 1211 numeratum;cum
1608 1177 1751 1204 Dominus
1761 1177 1805 1211 ip-

976 1234 1006 1254 se
1016 1226 1048 1253 in
1064 1225 1226 1253 traditione
1255 1224 1401 1252 salutaris
1428 1222 1615 1256 baptismatis
1642 1221 1804 1250 tradiderit

976 1271 1120 1303 ordinem,
1136 1270 1183 1298 his
1195 1268 1291 1297 verbis
1309 1276 1315 1295 :
1330 1269 1452 1303 (Euntes
1468 1267 1619 1302 baptizate
1631 1266 1661 1294 in
1682 1265 1805 1293 nomine

977 1314 1070 1342 Patris
1086 1316 1114 1342 et
1126 1313 1190 1341 Filii
1203 1315 1231 1341 et
1253 1312 1379 1348 Spiritus
1406 1311 1501 1339 sancti
1519 1312 1546 1346 ς)
1561 1314 1592 1339 at
1604 1311 1634 1338 in
1645 1309 1804 1345 quamdam

976 1362 1120 1387 naturam
1149 1359 1267 1385 tertiam
1291 1365 1309 1385 a
1335 1357 1414 1385 Filio
1430 1360 1462 1384 et
1487 1355 1583 1384 Patre
1598 1356 1725 1390 ejectum
1740 1361 1804 1382 eum

977 1404 1071 1438 fuisse
1085 1410 1233 1438 nusquam
1253 1402 1426 1429 didicimus.

1013 1450 1077 1476 Non
1092 1447 1211 1475 diiﬁcile
1225 1448 1270 1474 est
1283 1445 1521 1474 animadvertere
1535 1444 1610 1471 illud
1622 1444 1730 1472 Graecis
1740 1451 1803 1471 ma-

977 1492 1058 1520 xime
1074 1491 1235 1519 molestum
1246 1497 1320 1525 esse,
1341 1488 1424 1525 quod
1439 1488 1564 1524 Spiritus
1581 1489 1609 1515 S.
1621 1495 1640 1515 a
1655 1487 1725 1515 Filio
1739 1495 1806 1515 esse

940 1550 960 1577 ο
978 1537 1090 1566 habere
1114 1536 1223 1564 dicitur
1239 1534 1366 1563 :iisdem
1389 1536 1491 1562 autem
1515 1532 1680 1569 plurimum
1705 1532 1806 1568 place-

978 1589 1019 1616 re,
1035 1587 1225 1617 qusecunque
1235 1578 1354 1606 uncinis
1369 1577 1487 1606 inclusa
1499 1584 1534 1605 eo
1554 1577 1699 1612 spectant,
1713 1578 1744 1604 ut
1755 1577 1807 1603 Ba-

979 1626 1064 1654 silius
1076 1633 1138 1653 non
1150 1625 1358 1652 asseveranter
1368 1621 1576 1658 pronuntiare,
1592 1620 1646 1648 sed
1654 1620 1736 1648 velut
1745 1620 1806 1648 hoe-

980 1671 1073 1698 sitans
1086 1668 1250 1698 concedere
1262 1668 1401 1695 videatur
1417 1665 1560 1702 Spiritum
1580 1664 1686 1692 ordine
1701 1667 1730 1692 et
1742 1664 1806 1698 dig-

980 1716 1071 1744 nitate
1081 1715 1231 1742 minorem
1246 1712 1317 1740 Filio
1331 1719 1409 1740 esse.
1428 1711 1531 1738 Vident
1543 1709 1668 1743 enim,si
1683 1709 1714 1737 id
1727 1709 1810 1737 Basi-

979 1760 1037 1788 lius
1054 1760 1215 1791 asseveret,
1228 1758 1299 1786 inde
1313 1755 1398 1792 sequi
1408 1758 1441 1783 ut
1453 1754 1595 1790 Spiritum
1606 1761 1642 1781 ex
1656 1753 1728 1782 Filio
1740 1760 1807 1789 pro-

980 1805 1085 1834 cedere
1100 1802 1271 1832 crediderit.
1286 1800 1342 1830 Sed
1357 1800 1422 1827 hinc
1437 1799 1596 1835 scriptura,
1610 1805 1706 1833 quam
1717 1797 1809 1826 Graeci

980 1858 1034 1886 per
1055 1849 1100 1878 fas
1125 1851 1155 1876 et
1176 1847 1261 1875 nefas
1283 1844 1492 1878 defenderunt,
1522 1843 1611 1878 longe
1635 1842 1719 1870 alteri
1738 1844 1808 1878 post

981 1893 1134 1927 habenda,
1148 1893 1210 1920 sive
1224 1890 1368 1919 interiora
1381 1888 1525 1925 quaedam
1536 1887 1647 1915 indicia
1667 1888 1807 1922 specten-

983 1942 1038 1974 tur,
1059 1940 1092 1966 ut
1110 1943 1278 1966 consensus
1293 1943 1361 1962 cum
1382 1932 1481 1961 Basilii
1501 1934 1740 1967 ceterorumque
1753 1932 1808 1958 Pa-

982 1987 1060 2014 trum
1075 1982 1223 2015 doctrina,
1234 1983 1264 2008 et
1278 1979 1431 2007 sententia:
1445 1978 1540 2014 ipsius
1561 1977 1653 2005 series
1682 1978 1710 2004 et
1739 1983 1809 2004 con-

983 2026 1203 2061 tinuatio;sive
1214 2033 1251 2053 ex
1265 2024 1460 2059 antiquorum
1483 2021 1623 2049 codicum
1645 2029 1720 2049 mss.
1750 2028 1810 2048 nu-

982 2080 1067 2101 mero
1079 2073 1108 2099 et
1117 2069 1290 2099 auctoritate
1299 2075 1346 2096 res
1358 2066 1549 2102 dijudicetur.
1575 2066 1740 2101 Utrumque
1764 2071 1810 2092 ar-

983 2118 1161 2154 gumentum
1169 2113 1299 2142 breviter
1311 2111 1560 2148 explanabimus,
1575 2110 1681 2146 hisqui
1691 2109 1808 2138 uberio-

982 2170 1046 2191 rem
1059 2161 1150 2196 hujus
1170 2157 1345 2195 quosstionis
1371 2155 1574 2191 cognitionem
1589 2154 1742 2190 percipere
1756 2161 1809 2181 vo-

981 2207 1053 2242 lent,
1069 2205 1110 2234 ad
1123 2206 1216 2240 supra
1229 2202 1342 2231 dictam
1354 2199 1595 2229 dissertationem
1605 2198 1751 2226 dimissis.

1019 2261 1052 2288 ll.
1068 2260 1148 2288 lnest
1157 2265 1229 2286 sane
1244 2262 1391 2290 magnum
1405 2253 1464 2281 hoc
1474 2252 1578 2280 vitium
1595 2251 1715 2279 lectioni
1732 2251 1809 2279 Grae-

982 2312 1099 2338 corum,
1108 2301 1191 2339 quod
1203 2300 1342 2329 Basilium
1352 2298 1476 2326 inducat
1481 2297 1518 2324 de
1527 2304 1560 2324 re
1568 2295 1711 2324 omnibus
1722 2297 1812 2323 testa-

983 2354 1022 2386 ta,
1039 2351 1068 2377 et
1081 2348 1120 2377 ab
1134 2348 1201 2383 ipso
1213 2344 1321 2373 Basilio
1336 2350 1415 2379 saepe
1431 2341 1609 2369 conﬁrmata
1623 2340 1749 2376 turpiter
1758 2339 1812 2366 du.

983 2384 1140 2424 bitantem.
1153 2391 1230 2424 Quid
1236 2389 1316 2418 enim
1326 2386 1599 2422 absurdius,quam
1612 2384 1717 2412 Filium
1728 2385 1812 2412 Patre

984 2440 1133 2468 minorem
1147 2436 1252 2465 ordine
1264 2436 1293 2462 et
1307 2432 1452 2467 dignitate
1465 2437 1651 2463 asseverare,
1668 2429 1811 2465 Spiritum

985 2485 1054 2514 Filio
1070 2483 1219 2511 minorem
1237 2478 1342 2507 ordine
1353 2479 1381 2505 et
1393 2475 1537 2511 dignitate
1552 2474 1652 2502 dicere
1673 2481 1736 2501 non
1754 2481 1808 2501 au-

984 2531 1052 2558 dere
1064 2529 1078 2557 't
1089 2529 1149 2555 Hoc
1165 2523 1299 2561 profecto
1309 2529 1372 2550 non
1388 2520 1516 2548 cadebat
1531 2519 1562 2546 in
1583 2517 1735 2552 Basilium,
1760 2524 1813 2552 qui

984 2572 1137 2608 conceptis
1149 2569 1249 2598 verbis
1265 2567 1353 2595 docet
1366 2566 1397 2593 in
1409 2564 1487 2593 libro
1510 2564 1548 2591 De
1560 2563 1679 2608 Spiritu
1694 2564 1810 2608 sancto,

983 2627 1050 2655 cap.
1065 2605 1108 2650 1⁵1,
1124 2613 1266 2644 eumdem
1282 2611 1419 2639 ordinem
1435 2607 1621 2655 intercedere
1636 2607 1713 2634 inter
1724 2605 1813 2655 Spiri-

983 2650 1048 2692 tum
1076 2669 1112 2690 ac
1132 2659 1249 2691 Filium,
1262 2664 1300 2685 ac
1314 2656 1391 2683 inter
1410 2652 1516 2682 Filium
1532 2654 1562 2680 et
1569 2653 1688 2679 Patrem
1705 2658 1712 2676 :
1732 2650 1769 2678 Ut
1783 2657 1813 2678 se

984 2707 1073 2737 habet
1082 2705 1180 2734 Filius
1192 2702 1234 2731 ad
1246 2702 1376 2734 Patrem,
1385 2697 1492 2734 inquit,
1503 2696 1546 2724 sic
1561 2696 1602 2724 ad
1612 2695 1727 2723 Filium
1746 2695 1803 2729 Spi

982 2754 1060 2781 ritus
1071 2748 1236 2779 secundum
1247 2745 1330 2775 verbi
1339 2743 1394 2772 Dei
1404 2742 1540 2770 ordinent
1550 2741 1582 2768 in
1593 2740 1740 2774 baptismo
1752 2741 1815 2767 tra-

983 2798 1090 2826 ditum.
1103 2792 1272 2823 Ridiculam
1282 2796 1355 2825 ergo
1365 2786 1560 2816 formidinem
1571 2783 1680 2815 Basilio
1698 2783 1814 2819 attingit
