2027 3144
228 145 262 172 as
985 137 1177 166 PREFATIO.
1902 143 1937 169 3,,

227 205 314 238 illud,
326 205 465 240 fortasse,
480 211 515 232 ac
528 203 611 237 illud,
629 207 662 231 ut
679 203 733 231 hoc
746 203 834 231 etiam
847 202 968 230 omnino
983 208 1039 228 con
1066 201 1089 227 Α
1143 201 1314 236 Antequam
1336 201 1456 229 veniam
1481 201 1521 230 ad
1535 202 1760 238 propugnatam
1786 209 1805 230 δ
1824 202 1938 230 Latinis

227 250 375 283 cedamus,
388 251 416 277 et
426 249 514 282 intra,
531 251 564 276 ut
576 249 673 276 aiunt.
694 247 767 275 Huic
782 246 891 275 rationi
911 253 974 274 non
997 252 1051 281 pa-

227 302 296 322 rum
306 294 391 322 addit
406 293 552 321 momenti
564 293 648 329 quod
661 293 702 320 ait
726 291 849 320 Basilius
872 289 1053 318 Eunomium

226 340 316 368 etiam
330 347 413 367 nunc
430 339 531 367 eadem
543 338 651 371 facere,
662 345 728 373 qua.r
742 337 813 364 dum
835 336 872 364 de
895 335 1053 370 Unigenito

227 384 394 417 dissereret,
406 383 511 418 fecisse
521 383 674 410 convictus
684 384 737 410 est.
749 381 862 409 [ndicat
876 380 956 408 enim
972 379 1054 407 Basi-

226 428 285 456 lius
294 428 340 456 his
348 427 447 456 verbis
455 426 646 455 initiumlibri
654 426 754 462 primi,
765 425 817 453 ubi
825 425 921 453 nudat
928 423 1054 452 artiﬁcia

227 472 374 503 Eunomii,
382 471 434 508 qui
441 479 509 499 cum
517 471 598 506 piam
606 471 810 505 traditionem,
818 470 945 498 Patrum
953 469 1053 504 ﬁdem,

226 518 336 553 rejecta
353 516 554 544 multitudinis
570 515 712 552 opinione
738 515 938 551 apposuisset,
953 513 1053 541 statim

226 562 264 590 de
274 569 331 589 suo
345 561 530 594 impietatem
546 563 574 588 ct
598 560 820 596 blasphemiam
847 559 989 587 addebat.
1007 558 1053 586 Sic

225 614 298 641 ergo
312 605 397 633 illum
412 605 577 639 interrogat
590 604 716 632 Basilius
730 604 782 640 :jin
794 604 851 632 hac
862 603 921 631 ﬁde
932 603 1053 631 ubinam

223 651 369 685 scriptum
381 652 434 683 est,
447 649 603 678 Credimus
618 649 940 684 ingenerationemesse
955 655 1053 676 essen-

226 696 299 723 tiam
309 695 364 722 Dei
373 695 493 722 univers
500 702 600 727 orum;
612 697 677 728 aut,
691 694 846 722 Credimus
859 693 1053 728 Unigenitum

225 739 353 768 essentia
360 739 533 767 dissimilem
544 746 605 767 esse
615 739 720 767 Patri?
732 740 920 766 Demonstrat
929 745 999 765 eum
1010 737 1053 764 sic

225 786 328 820 aperte
333 783 416 820 loqui
425 783 641 819 debuisse,non
650 783 774 819 insidias
781 783 942 811 lectoribus
958 785 1053 810 strue~

225 837 267 862 re,
281 832 308 856 et
319 829 454 862 opinioni
467 836 529 856 suae
539 829 620 856 velut
633 828 720 856 hamo
731 829 771 856 ad
784 831 909 856 mortem
920 828 1054 856 trahent:

1107 244 1276 280 lectionem,
1282 245 1442 274 libetaliud
1449 245 1688 274 additamentum
1695 246 1939 275 animadvertere

1107 288 1138 316 in
1157 289 1204 316 his
1226 290 1325 318 verbis
1340 292 1430 321 ζτίνες
1445 288 1475 316 δί
1494 291 1518 316 οὶ
1531 291 1602 326 ἅγιοι
1621 293 1666 317 καὶ
1691 291 1715 317 ἐν
1739 293 1822 321 ποίοις
1850 290 1939 327 λόγοις

1107 336 1154 364 τὴν
1194 332 1373 361 διδασδα).ίαν
1413 338 1578 367 πεποίηνται,
1605 336 1684 361 εἰπεῖν
1710 335 1756 361 οὐκ
1781 337 1848 371 ἔχει’
1877 336 1938 370 Qu:

1108 386 1176 407 vero
1186 380 1245 407 sint
1255 380 1356 408 sancti
1372 380 1428 412 illi,
1454 382 1482 408 et
1510 380 1540 407 in
1564 380 1671 416 quibus
1701 380 1822 415 scriptis
1850 380 1934 409 hanc

1108 425 1276 452 doctrinam
1288 425 1448 461 ediderint,
1465 425 1629 454 dicerenon
1636 427 1745 460 potest.
1758 427 1825 453 Haec
1833 425 1939 460 verba,

1109 469 1187 495 ιὶπιῖν
1203 469 1250 495 οὐκ
1263 471 1320 505 ἔχει
1336 469 1436 498 dicere
1458 477 1518 497 non
1536 472 1645 504 potest,
1661 478 1729 506 quae
1745 477 1782 498 ex
1807 472 1940 506 quatuor

1108 514 1204 548 Regiis
1220 522 1293 542 mss.
1305 516 1391 542 eruta
1406 516 1486 547 sunt,
1502 514 1532 542 in
1546 514 1642 542 tribus
1667 516 1768 542 autem
1782 514 1847 543 aliis
1863 516 1892 542 et
1905 514 1938 542 in

1108 559 1240 595 antiquis
1257 559 1439 587 editionibus
1468 559 1586 592 desunt,
1609 559 1806 588 manifestum
1822 559 1939 588 habent

1108 603 1283 639 perﬁdimiet
1297 603 1473 640 corruptelae
1487 603 1643 632 indicium.
1657 603 1728 636 Quis
1741 604 1820 632 enim
1831 604 1938 632 credat

1108 648 1251 676 Basilium
1261 648 1303 676 ita
1312 649 1343 676 in
1358 648 1561 677 ecclesiastica
1573 648 1733 677 traditione
1743 648 1896 685 hospitem
1908 651 1939 677 et

1106 693 1300 729 peregrinum
1313 693 1417 727 fuisse,
1434 695 1466 721 ut
1489 701 1559 721 cum
1573 693 1639 729 ipse
1654 693 1760 721 Filium
1784 693 1891 721 ordine
1907 695 1939 721 et

1107 737 1252 772 dignitate
1262 738 1410 766 minorem
1426 738 1608 774 pronuntiet,
1619 737 1698 766 illius
1708 738 1937 774 doctrinae,quaa

1107 782 1145 810 dc
1161 782 1270 818 Spiritu
1284 783 1365 810 idem
1377 783 1618 816 tradit,auctores
1627 782 1727 811 nullos
1739 782 1777 811 ab
1788 783 1938 811 Eunomio

1108 827 1191 855 citari
1215 835 1307 863 posse
1333 827 1547 855 diceret?Sive
1566 827 1670 855 Basilii
1680 830 1759 860 sunt,
1775 834 1844 863 quae
1856 827 1940 855 infra

224 873 447 908 simplicitatem
457 873 537 908 ﬁdei,
555 881 606 901 ceu
622 880 720 901 escam
741 873 903 909 quamdam
928 873 1054 900 circum-
1069 878 1089 905 Β
1108 871 1258 908 leguntur,
1269 872 1343 900 Cum
1353 873 1499 900 Dominus
1507 872 1571 906 ipse
1580 872 1612 900 in
1623 872 1939 900 traditionesalutaris

225 917 310 951 dare,
325 920 358 945 ut
372 917 506 951 imperiti
518 917 559 945 ad
569 917 601 945 id
611 917 691 952 quod
709 920 837 952 apparet
864 917 1053 957 festinantes,

224 963 348 990 incaute
359 962 640 996 impietatisscelere
651 963 885 997 trans/ﬁgantur.
897 961 972 990 Cum
983 969 1054 997 ergo

226 1006 408 1034 Eunomium
424 1006 550 1034 Basilius
563 1006 719 1042 disputare
729 1006 924 1042 incipientem
934 1006 972 1034 de
993 1006 1056 1042 Spi-

224 1052 294 1087 ritu,
324 1051 431 1079 eadem
448 1051 548 1079 facere
576 1051 665 1085 dicat,
677 1054 752 1087 ,quz
761 1052 878 1080 dumde
895 1052 1054 1086 Unigenito

223 1096 393 1129 dissereret,
407 1095 515 1130 fecisse
523 1097 675 1124 convictus
685 1099 726 1124 est
742 1105 748 1130 ;
766 1103 890 1124 necesse
910 1097 955 1123 est
975 1098 1008 1123 ut
1024 1096 1053 1123 in

224 1142 353 1176 utroque
366 1139 434 1168 loco
446 1140 596 1176 principia
609 1140 669 1173 illa,
685 1148 754 1176 quae
770 1140 917 1176 impietati
929 1147 1000 1168 mox
1013 1139 1053 1168 ef-

223 1183 356 1212 ferenda:
371 1183 452 1212 velut
465 1191 567 1212 escam
580 1184 673 1212 hamo
688 1184 905 1220 pretendebat,
922 1192 978 1212 nec
1000 1184 1054 1212 du-

223 1228 276 1257 bia
287 1229 352 1257 visa
365 1228 477 1257 fuerint
491 1237 547 1257 nec
557 1229 671 1258 incerta
685 1229 803 1257 Basilio.

260 1275 292 1301 In
315 1281 351 1302 eo
378 1273 470 1301 etiam
497 1281 598 1302 secum
624 1276 726 1309 aperte
745 1276 864 1310 pugnat
876 1274 1011 1308 Basilius,
1028 1275 1054 1303 si

224 1319 395 1346 Grmcorum
410 1318 558 1354 scriptura
566 1318 825 1354 recipiatur,quod
835 1321 997 1355 postquam
1013 1319 1053 1346 ab

223 1363 372 1390 Eunomio
387 1365 525 1390 auctores
541 1363 685 1391 doctrinm
696 1363 786 1391 celari
796 1363 987 1400 dixit,ipsum
1000 1365 1053 1391 Eu-

222 1407 361 1435 nomium
373 1407 453 1435 hanc
463 1407 632 1435 doctrinam
638 1415 674 1435 ex
681 1408 787 1436 Christi
802 1407 903 1436 verbis
918 1410 1052 1444 repetere

222 1453 362 1480 asserat.
372 1451 502 1479 Simulat
514 1459 544 1480 se
553 1459 673 1480 servare
682 1452 852 1481 doctrinam
864 1456 1051 1487 sanctorum;

222 1499 254 1524 at
267 1504 316 1524 eos
329 1497 382 1532 qui
402 1497 488 1524 illam
510 1497 569 1531 ipsi
590 1497 786 1525 tradiderunt
801 1500 890 1525 tacet.
901 1499 934 1524 Et
947 1497 1025 1524 infra
1041 1505 1047 1524 :

1111 916 1298 951 baptismatis
1309 917 1470 945 tradiderit
1480 916 1626 951 ordinem,
1637 918 1704 950 etc.,
1716 916 1818 953 ipsum
1834 916 1939 944 Domi-

1109 969 1183 990 num
1192 961 1327 997 agnoscit
1349 961 1474 989 Basilius
1488 960 1580 996 hujus
1594 961 1738 989 doctrinae
1769 962 1937 989 auctorem.

1108 1006 1220 1034 nedum
1237 1009 1376 1034 auctores
1391 1006 1491 1034 nullos
1507 1005 1632 1042 proferri
1659 1013 1748 1042 posse
1770 1006 1935 1034 existimet.

1111 1051 1176 1080 Sive
1192 1051 1327 1079 Eunonio
1338 1050 1498 1080 tribuenda
1510 1051 1575 1079 haec
1596 1050 1690 1079 verba
1707 1059 1714 1085 ;
1730 1058 1792 1079 non
1817 1050 1942 1079 laborat

1109 1098 1267 1124 auctorum
1282 1095 1426 1124 doctrinas
1441 1103 1503 1123 suae
1519 1095 1656 1131 penuria,
1678 1095 1731 1131 qui
1751 1095 1854 1131 ipsum
1879 1096 1939 1123 Do-

1108 1141 1225 1168 minum
1236 1140 1306 1168 citat
1320 1142 1485 1169 auctorem.
1497 1140 1636 1168 Mendose
1650 1147 1723 1174 ergo
1733 1139 1764 1168 in
1778 1139 1856 1167 hanc
1877 1147 1938 1168 no-

1107 1192 1177 1213 vam
1191 1185 1353 1213 editionem
1361 1185 1546 1221 irrepserunt
1554 1184 1619 1213 haec
1631 1184 1726 1212 verba
1742 1193 1749 1212 :
1766 1183 1820 1212 sed
1834 1185 1937 1212 tamen

1107 1237 1169 1258 non
1184 1237 1291 1266 parum
1303 1229 1475 1266 prosuntad
1484 1229 1756 1257 demonstrandam
1765 1229 1937 1256 Graecorum

1107 1274 1138 1302 in
1151 1274 1209 1302 hoc
1225 1275 1324 1303 Basilii
1337 1276 1479 1302 contextu
1494 1273 1695 1302 adulterando
1719 1273 1889 1302 audaciam.

1142 1319 1287 1348 Assentiri
1298 1319 1379 1348 enim
1386 1327 1447 1347 non
1455 1326 1584 1354 possum
1593 1318 1710 1346 erudito
1716 1317 1938 1346 dissertationis

1106 1365 1232 1398 auctori,
1248 1365 1301 1401 qui
1317 1364 1459 1393 Basilium
1469 1365 1556 1400 putat
1565 1363 1605 1392 ad
1612 1363 1738 1399 impiam
1748 1362 1888 1390 Eunomii
1897 1361 1938 1390 de

1106 1410 1193 1438 tertia
1207 1409 1379 1438 substantia
1400 1408 1581 1436 sententiam
1598 1407 1760 1443 respicere,
1775 1406 1849 1435 dum
1870 1407 1913 1435 ait
1930 1415 1938 1434 :

1105 1455 1235 1483 Simulat
1245 1462 1275 1483 se
1288 1461 1410 1482 servare
1418 1456 1592 1481 sanctorum
1600 1452 1816 1482 doctrinam,at
1830 1459 1878 1479 eos
1885 1452 1940 1488 qui

1105 1507 1168 1528 eam
1184 1500 1243 1534 ipsi
1254 1499 1458 1532 tradiderunt,
1475 1500 1562 1526 tacet.
1579 1495 1740 1531 Distinguit
1754 1495 1836 1524 enim
1849 1504 1939 1524 accu-

221 1541 398 1576 Accepimus
410 1542 487 1569 enim
499 1542 609 1576 ipsum,
619 1542 733 1576 inquit,
747 1542 868 1569 tertium
879 1549 899 1570 a
912 1543 1000 1570 Patre
1021 1544 1049 1570 et
1065 1551 1086 1580 c
1104 1547 1167 1574 rate
1195 1543 1320 1572 Basilius
1348 1551 1384 1571 ea
1394 1550 1462 1579 qua
1475 1542 1642 1570 Eunomius
1657 1549 1676 1569 a
1687 1541 1800 1569 sanctis
1815 1548 1846 1569 se
1857 1541 1938 1569 did:-

220 1585 301 1613 Fitio
310 1585 469 1612 numerari
477 1593 483 1612 :
492 1592 558 1612 cum
564 1585 709 1612 Dominus
718 1586 781 1620 ipse
787 1585 819 1613 in
825 1586 910 1614 tradi
912 1586 1050 1614 tioneSa-

223 1630 333 1658 (utaris
345 1630 533 1664 baptismatis
548 1629 710 1658 tradiderit
720 1631 915 1664 ordinem,his
928 1632 1025 1660 verbis
1040 1639 1050 1660 :

222 1685 237 1699 «
248 1674 363 1702 Euntes
374 1674 523 1708 baptizate
533 1673 565 1709 τ’,
577 1676 633 1702 etc.
645 1685 660 1699 n
675 1674 753 1703 Licet
763 1682 836 1710 ergo
861 1675 956 1704 oculis
976 1676 1050 1712 ipsis

222 1726 344 1746 cernere
359 1718 491 1754 perﬁdae
499 1726 619 1754 manus,
636 1727 703 1755 quae
719 1719 801 1748 hunc
823 1720 925 1748 locum
949 1729 1051 1749 corru-

221 1764 341 1799 perunt.
357 1763 435 1791 Nihil
449 1763 529 1791 enim
543 1764 640 1798 magis
653 1766 813 1800 repugnat,
830 1773 924 1801 quam
939 1767 972 1793 ut
995 1767 1052 1793 Eu-

221 1807 361 1836 nomium
377 1807 505 1835 Basilius
515 1810 654 1836 auctores
664 1808 756 1844 hujus
764 1809 909 1837 doctrinae
923 1810 1052 1838 ta'cuisse

221 1852 312 1886 dicat,
327 1859 420 1888 quem
433 1854 535 1880 tamen
549 1853 689 1881 eamdem
699 1853 869 1882 doctrinam
880 1854 1053 1884 Christiver.

221 1896 270 1924 bis
292 1898 449 1932 acceptam
469 1897 600 1925 fateatur
623 1897 768 1926 retulisse.
793 1899 960 1927 Delendum
981 1907 1053 1935 ergo

221 1940 308 1973 illud,
324 1941 434 1976 inquit,
449 1948 484 1968 ac
499 1941 695 1970 manifestum
719 1945 764 1970 est
788 1950 850 1971 non
872 1944 1053 1972 Eunomium

222 1985 269 2013 hic
283 1985 369 2021 loqui
383 1985 437 2013 sed
453 1985 591 2014 Basilium
607 1987 660 2022 qui
669 1988 807 2015 Eunomii
822 1988 915 2017 verba
928 1996 991 2017 non
1007 1997 1054 2018 so-

221 2028 302 2057 letin
318 2036 406 2057 suam
421 2030 590 2058 orationem
604 2031 748 2064 intexere,
765 2032 825 2060 nisi
840 2036 1004 2069 postquam
1017 2041 1053 2062 ea

221 2073 328 2102 ordine
347 2081 403 2101 suo
418 2074 528 2102 retulit.
540 2077 577 2102 At
585 2076 779 2105 verbamodo
790 2077 882 2106 citata
897 2086 1054 2114 nusquam

222 2117 313 2146 refert
341 2118 468 2146 Basilius
497 2121 530 2147 ut
562 2120 702 2149 Eunomii
719 2121 824 2157 verba,
843 2130 899 2151 nec
917 2123 1053 2159 proiecto

223 2161 333 2191 referre
348 2163 456 2199 potuit.

257 2208 326 2236 Jam
338 2215 420 2239 vero,
437 2208 461 2236 si
471 2208 536 2237 haec
547 2209 652 2245 spuria
665 2212 745 2246 sunt,
762 2212 898 2248 sequitur
922 2214 1052 2249 genuina

222 2259 288 2280 esse
303 2260 371 2288 quae
383 2253 414 2281 in
428 2252 556 2281 lectione
571 2255 742 2284 Grecorum
757 2256 866 2286 desunt
878 2258 915 2286 de
937 2266 1054 2295 proces-

223 2297 309 2324 sione
322 2297 448 2332 Spiritus
462 2305 499 2325 ex
512 2298 593 2327 Filio.
610 2300 724 2328 Eadem
738 2301 819 2329 enim
831 2310 927 2331 manu
937 2303 1053 2332 facinus

222 2343 386 2377 utrumque
399 2342 609 2377 commissum,
618 2351 673 2372 nec
683 2344 743 2373 alio
753 2347 878 2375 consilio
886 2351 990 2377 assuta
1000 2349 1054 2378 du-

223 2385 380 2414 bitationis
390 2386 513 2422 indicia,
529 2388 588 2416 nisi
603 2391 636 2417 ut
654 2390 757 2418 minus
773 2391 954 2421 miraremur
973 2395 1053 2422 Basi-

221 2429 308 2466 lium,
337 2431 390 2467 qui
417 2431 455 2459 de
479 2432 550 2461 Filio
574 2433 738 2469 disserens,
754 2440 895 2465 accurate
913 2439 1051 2475 explicat,

222 2482 285 2511 quo
298 2482 390 2503 sensu
402 2475 501 2504 minor
514 2477 552 2505 sit
566 2478 671 2507 ordine
682 2482 711 2508 et
725 2479 880 2516 dignitate,
894 2491 957 2511 non
971 2483 1052 2513 idem

222 2520 313 2548 etiam
336 2520 374 2548 de
398 2521 508 2557 Spiritu
534 2522 731 2553 disserentem
756 2525 871 2555 fecisse.
889 2529 958 2557 Erat
971 2529 1067 2559 enim‘

222 2564 457 2611 haec-explicatio
466 2574 592 2603 prorsus
605 2570 776 2599 necessaria
791 2574 977 2602 asseveranti
989 2576 1052 2611 Spi-

221 2609 313 2638 ritum
329 2610 434 2639 ordine
445 2613 473 2639 et
485 2611 629 2648 dignitate
640 2614 790 2644 minorem
805 2624 871 2646 esse
887 2618 958 2647 Filio
973 2628 979 2653 ;
994 2609 1051 2648 du-

222 2654 330 2727 Zitanti
343 2655 528 2729 etthaesitanti
537 2658 639 2687 minus
650 2662 856 2691 necessariam
871 2663 964 2692 Graeci
974 2665 1053 2694 exis-

246 2706 350 2728 marun
365 2720 372 2728 .

246 2706 372 2728 marum.

258 2787 283 2806 ⁷⁸
301 2788 403 2818 latth.
417 2797 520 2825 xxvm,
539 2793 580 2821 ιο.

1105 1589 1179 1618 cisse
1186 1588 1296 1622 aiebat,
1303 1595 1424 1624 nempe.
1434 1588 1554 1616 tertium
1561 1594 1622 1616 esse
1631 1586 1738 1614 ordine
1748 1588 1775 1614 et
1788 1585 1938 1621 dignitate

1105 1634 1261 1669 Spiritum,
1274 1633 1314 1662 ab
1328 1633 1364 1661 iis
1378 1640 1447 1669 quae
1458 1640 1490 1660 se
1504 1639 1524 1660 a
1534 1633 1630 1666 seipso
1641 1631 1763 1659 credere
1768 1631 1934 1666 fatebatur,

1105 1687 1226 1715 nempe,
1235 1678 1596 1714 naturaquoquetertium
1602 1684 1672 1705 esse.
1680 1675 1767 1709 Quod
1773 1683 1845 1710 ergo
1850 1673 1937 1704 addit

1106 1723 1378 1758 Basilins,0uinam
1388 1725 1488 1751 autem
1496 1722 1595 1750 sancti
1603 1721 1693 1754 illi,et
1704 1720 1812 1756 quibus
1819 1721 1851 1747 in
1862 1720 1937 1748 scri-

1105 1769 1166 1804 ptis
1175 1768 1254 1796 hanc
1264 1767 1434 1796 doctrinam
1447 1766 1565 1794 edidere
1575 1766 1588 1793 ?
1599 1765 1629 1793 id
1645 1772 1770 1801 prorsus
1782 1763 1935 1792 immerito

1106 1812 1265 1842 referretur
1277 1812 1316 1840 ad
1323 1819 1360 1840 ea
1369 1819 1438 1847 quae
1448 1819 1480 1838 se
1490 1810 1656 1838 Eunomius
1665 1817 1684 1838 a
1698 1810 1792 1844 seipso
1802 1809 1931 1843 credere,

1107 1866 1169 1887 non
1185 1866 1203 1886 a
1218 1857 1331 1886 sanctis
1338 1856 1491 1892 accepisse
1501 1855 1609 1884 aiebat.
1620 1856 1716 1888 Quare
1727 1862 1797 1882 cum
1804 1861 1873 1882 eum
1887 1853 1933 1881 sic

1107 1904 1272 1938 interrogat
1283 1901 1408 1930 Basilius
1418 1909 1425 1928 :
1440 1900 1568 1934 Quinam
1579 1902 1679 1928 autem
1697 1902 1768 1927 sunt
1778 1899 1878 1928 sancti
1885 1898 1937 1926 illi

1108 1951 1136 1976 et
1145 1947 1253 1983 quibus
1263 1947 1294 1975 in
1307 1946 1428 1981 scriptis
1438 1945 1518 1973 hanc
1532 1945 1701 1973 doctrinam
1716 1943 1835 1972 edidere
1849 1943 1863 1971 7
1872 1950 1937 1972 non

1107 1993 1238 2021 obscure
1252 1991 1385 2020 declarat
1394 1989 1576 2018 Eunomium
1585 1989 1693 2017 callide
1702 1988 1859 2017 reticuisse
1868 1996 1938 2017 san-

1108 2040 1225 2067 ctorum
1237 2036 1410 2065 testimonia.
1420 2043 1455 2064 ac
1467 2034 1635 2071 presertim
1648 2034 1754 2062 Christi
1768 2033 1873 2066 verba,
1899 2041 1939 2062 ex

1107 2083 1220 2120 quibus
1234 2082 1522 2118 Spiritumsanctum
1533 2079 1638 2108 ordine
1647 2079 1768 2107 tertium
1779 2086 1846 2106 esse
1856 2078 1939 2107 colli-

1109 2128 1188 2164 gitur
1201 2127 1283 2164 quia,
1295 2135 1365 2154 cum
1375 2126 1440 2154 haec
1453 2124 1548 2153 verba
1563 2124 1688 2160 Spiritus
1710 2123 1806 2152 sancti
1827 2123 1939 2152 divini-

1108 2175 1202 2201 tatem
1219 2172 1373 2200 evidenter
1400 2172 1547 2205 astruant,
1563 2169 1590 2197 si
1608 2177 1645 2197 ea
1666 2168 1815 2197 retulisset
1837 2169 1936 2196 Euno.

1069 2230 1092 2258 ι)
1108 2218 1198 2252 mius,
1214 2216 1400 2246 manifestior
1415 2215 1576 2244 exstitisset
1594 2221 1711 2248 eorum,
1727 2221 1794 2249 quae
1816 2212 1854 2241 de
1878 2221 1937 2242 suo

1108 2263 1209 2292 statim
1222 2262 1365 2295 addebat,
1375 2260 1524 2297 impietas.

1144 2310 1191 2336 lll.
1205 2308 1367 2344 Scriptura,
1378 2313 1472 2342 quam
1485 2303 1651 2333 defendunt
1679 2303 1784 2337 Latini,
1798 2310 1861 2331 non
1889 2311 1936 2332 so-

1107 2353 1171 2382 lum
1184 2355 1253 2389 apte
1265 2354 1294 2380 et
1303 2350 1463 2380 commode
1471 2358 1541 2377 cum
1549 2351 1611 2379 tota
1623 2348 1722 2376 Basilii
1730 2348 1937 2382 doctrina,sed

1108 2399 1199 2428 etiam
1214 2396 1386 2426 necessario
1397 2403 1467 2424 cum
1481 2394 1560 2422 illius
1570 2393 1797 2421 ratiocinatione
1808 2393 1937 2429 ejusque

1108 2442 1295 2478 argumentis
1323 2441 1462 2470 cohaeret.
1490 2438 1634 2475 Spiritum
1662 2445 1699 2466 ex
1714 2439 1797 2466 Patre
1821 2439 1850 2465 et
1863 2437 1938 2465 Filio

1108 2488 1270 2525 procedere
1281 2486 1327 2514 vel
1339 2486 1397 2514 hoc
1408 2492 1503 2513 unum
1510 2482 1718 2511 testimonium
1724 2482 1937 2510 demonstrare

1107 2532 1214 2569 possit,
1229 2530 1314 2568 quod
1328 2530 1385 2558 sub
1399 2529 1492 2557 ﬁnem
1500 2527 1568 2555 libri
1579 2535 1598 2555 n
1608 2528 1640 2555 in
1651 2526 1832 2555 Eunomium
1842 2525 1937 2553 habe-

1107 2585 1186 2605 mus.
1197 2578 1272 2605 Nam
1287 2583 1358 2603 cum
1368 2573 1534 2602 Eunomius
1549 2572 1642 2608 impie
1656 2571 1937 2600 Filiumcreaturam

1106 2621 1213 2655 Patris,
1230 2620 1374 2656 Spiritum
1384 2620 1553 2647 creaturam
1574 2616 1638 2644 Filii
1664 2617 1795 2648 vocaret,
1808 2614 1938 2642 Basilius

1106 2662 1291 2702 impietatem
1304 2664 1383 2693 illius
1398 2661 1609 2700 perhorrescit,
1620 2660 1703 2697 quod
1711 2661 1882 2688 creaturam
1894 2658 1936 2687 di-

1106 2712 1186 2740 ceret
1197 2710 1340 2747 Spiritum
1350 2710 1490 2739 sanctum
1500 2715 1508 2736 :
1517 2714 1553 2736 ae
1563 2705 1673 2736 deinde
1682 2704 1767 2735 illum
1777 2704 1821 2733 sie
1826 2704 1936 2740 arguit,
