2027 3144
80 129 111 157 3-,
831 128 1020 158 PREFATIO.
1745 139 1779 166 as

76 190 156 226 quod
169 190 295 226 Spiritus
309 190 457 227 originem
471 198 533 218 non
549 191 626 219 Patri
643 192 671 219 et
686 190 758 219 Filio
773 189 826 217 sed
841 189 896 217 soli
914 191 937 219 Δ
951 189 1159 222 demonstrant
1172 195 1237 223 haec
1247 195 1340 224 verba
1353 203 1389 224 ex
1401 203 1468 233 cap.
1484 199 1515 224 t7
1527 196 1594 225 libri
1606 198 1648 226 De
1660 198 1779 233 Spiritu

77 235 145 263 Filio
155 235 340 264 attribueret.
352 237 436 264 Illud
447 243 527 271 vero,
536 236 633 272 inquit
642 236 684 272 (p.
694 236 769 269 270),
779 235 828 264 cui
836 242 897 263 non

74 283 163 315 patet,
176 281 257 316 quod
265 281 355 309 nulla
365 281 441 309 Filii
454 281 589 316 operatio
602 289 621 309 a
633 281 726 309 Patre
738 281 835 308 divisa
847 280 895 314 sit,

75 332 125 352 nec
134 325 299 360 quidquam
311 326 349 353 sit
359 325 390 354 in
402 333 500 354 rerum
512 329 635 361 natura,
646 325 726 362 quod
736 325 777 353 ad
785 325 897 352 Filium

71 370 230 405 pertineat,
245 373 273 398 et
288 378 307 398 a
319 370 414 398 Patre
431 371 565 399 alienum
579 371 638 398 sit!
654 382 667 394 ·ι
685 371 792 398 Omnia
807 370 896 403 enim,

72 415 179 450 inquit,
191 422 258 443 mea
276 418 329 443 tua
341 418 421 449 sunt,
433 419 461 444 et
476 419 530 444 tua
542 416 636 444 mea“.
650 427 663 441 ι)
676 415 826 449 Quomodo
840 415 897 450 igi-

73 463 124 487 tur
136 459 268 494 Spiritus
281 467 403 489 causam
417 460 575 496 Unigenito
585 461 643 489 soli
656 460 806 493 attribuit,
818 463 845 488 et
858 459 899 487 ad

72 505 137 539 ejus
147 505 351 533 accusandam
362 508 505 533 naturam
515 505 600 533 illius
615 506 796 533 creationem
810 512 897 533 usur-

68 552 125 584 pat
133 551 147 577 ?
161 550 239 577 Luce
249 549 360 578 clarius
371 551 416 578 est
428 550 572 578 Basiliam
583 550 662 578 inter
673 552 702 578 et
716 549 898 578 Eunomium

71 594 258 627 convenisse,
274 594 400 630 Spiritus
414 595 562 630 originem
578 595 649 623 Filio
663 594 897 628 attribuendam,

71 639 122 666 sed
133 639 163 667 in
174 647 211 667 eo
222 639 461 668 controversiam
472 639 630 674 exstitisse,
639 639 724 676 quod
735 639 898 668 Eunomius

70 683 123 711 soli
134 683 206 712 Filio
218 683 406 719 attribueret,
418 684 545 712 Basilius
557 684 636 713 Patri
646 687 676 713 et
687 684 767 713 Filio.
778 685 899 712 Senten-

69 728 138 756 tiam
154 737 245 757 suam
257 728 384 757 Basilius
396 736 458 758 non
472 729 675 765 perfunctorie
688 729 807 766 probat.
821 728 897 756 Con-

69 773 162 801 tendit
182 773 246 801 duo
268 773 332 802 fore
356 773 517 810 principia,
540 774 565 802 si
592 774 719 812 Spiritus
738 774 823 809 origo
842 766 897 802 soli

70 817 139 845 Filio
155 817 315 847 tribuatur.
331 819 521 847 Demonstrat
534 827 604 847 eum
617 827 679 847 non
692 818 897 847 dirimendum

69 868 135 890 esse
150 869 168 891 a
182 863 278 897 Patre,
289 870 360 890 cum
370 864 399 891 et
407 863 570 899 Apostolus
585 863 652 899 conj
658 865 744 891 uncte
755 863 896 899 Spiritum

72 906 174 934 Christi
188 908 217 935 et
233 907 378 943 Spiritum
396 907 446 935 Dei
468 908 562 936 Patris
582 908 728 944 appellet;
745 915 780 936 ac
795 908 895 936 Domi-

73 958 126 978 nus
135 951 280 986 Spiritum
296 952 432 980 veritatis
441 952 525 980 dicat
535 953 586 987 (est
601 953 677 980 enim
691 953 754 987 ipse
764 952 897 981 Christus

73 996 187 1027 veritas)
202 999 233 1025 et
247 997 285 1024 de
298 1004 330 1025 eo
345 996 423 1025 dicat
435 1004 446 1024 .’
457 997 481 1024 Α
499 998 593 1025 Patre
605 997 751 1032 procedit.

103 1041 204 1077 Neque
221 1041 313 1069 etiam
328 1041 457 1070 obscure
471 1042 655 1078 perspicitur
665 1042 764 1070 Basilii
779 1043 894 1070 senten-

69 1084 110 1113 tia
131 1093 168 1113 ex
185 1085 234 1114 his
251 1085 354 1114 verbis
375 1086 461 1122 epist.
483 1088 527 1121 52,
547 1094 576 1114 n.
595 1088 631 1114 2:
647 1087 715 1114 Non
731 1087 808 1115 enim
830 1094 896 1123 quae

68 1129 199 1164 fratrum
224 1131 306 1159 inter
328 1138 358 1159 se
381 1132 588 1166 cognationem
614 1131 734 1163 habent,
750 1131 896 1159 dicuntur

72 1175 349 1209 consubstantialia,
365 1176 398 1204 id
411 1176 491 1211 quod
504 1176 627 1212 quidam
643 1177 828 1210 existimant,
845 1177 896 1204 sed

74 1226 138 1247 cum
166 1227 258 1248 causa
286 1223 314 1248 et
339 1220 372 1248 id
397 1221 478 1256 quod
505 1228 543 1249 ex
570 1228 662 1250 causa
691 1222 894 1249 exsistentiam

74 1263 176 1297 habet,
200 1265 329 1300 ejusdem
358 1268 430 1293 sunt
456 1268 592 1299 naturae,
623 1266 896 1294 consubstantiatia

75 1308 226 1336 dicuntur.
243 1309 396 1338 Manifesta
411 1311 455 1338 est
464 1312 492 1338 et
507 1313 612 1346 aperta
626 1310 790 1342 conclusio,
801 1318 894 1346 quam

76 1351 206 1387 theologi
223 1361 259 1381 ex
278 1353 325 1381 his
345 1354 446 1382 verbis
463 1354 630 1383 deducunt.
644 1357 719 1383 Nam
735 1355 758 1382 si
774 1363 810 1382 ea
827 1357 895 1382 tan-

72 1397 136 1424 tum
158 1396 217 1425 dici
240 1397 349 1426 debent
368 1398 652 1434 consubstantialla,
667 1407 797 1435 quorum
820 1398 894 1426 alte-

70 1448 137 1469 rum
151 1449 187 1469 ex
204 1442 297 1470 altero
307 1443 455 1478 originem
468 1443 570 1478 habet,
581 1451 642 1472 non
657 1443 753 1480 potuit
768 1444 894 1480 Spiritus

70 1487 111 1514 tot
122 1486 196 1514 locis
209 1487 292 1523 apud
303 1487 445 1516 Basiliam
460 1488 727 1517 consubstantialis
740 1489 810 1516 Filio
823 1489 892 1522 dici,

951 239 1055 264 sancto
1073 237 1137 273 jam
1151 239 1258 268 citata:
1277 240 1313 268 Ut
1329 248 1360 268 se
1372 240 1462 270 habet
1475 242 1574 269 Filius
1589 242 1630 270 ad
1644 242 1778 276 Patrem,

951 281 994 308 sic
1017 281 1058 309 ad
1077 282 1190 312 Filium
1213 285 1355 320 Spiritus,
1379 288 1434 314 etc.
1461 287 1557 322 Atque
1583 287 1649 315 haec
1674 287 1780 316 relatio

952 324 1047 353 fusius
1061 327 1226 364 explicatur
1236 329 1266 357 in
1281 337 1347 365 cap.
1363 332 1395 358 18
1411 331 1549 366 ejusdem
1564 331 1644 359 libri.

988 371 1037 398 His
1056 371 1128 400 addi
1145 375 1272 408 possunt
1291 374 1438 402 nonnulla
1453 383 1490 403 ex
1505 376 1611 411 quinto
1625 378 1658 405 in
1677 378 1780 406 Euno—

952 415 1044 444 mium
1063 416 1152 449 libro,
1167 418 1220 453 qui
1242 418 1318 446 liber
1343 418 1462 447 etiamsi
1484 420 1584 448 Basilii
1606 429 1668 449 non
1691 422 1738 456 sit,
1751 422 1779 450 ei

952 460 1054 487 tamen
1067 468 1085 488 a.
1100 462 1205 489 Graecis
1220 462 1423 498 adjudicatur,
1437 472 1473 492 ac
1485 466 1564 491 totus
1580 472 1617 493 ex
1629 466 1696 501 ejus
1708 473 1777 494 sen—

952 503 1050 531 tentiis
1076 506 1265 542 compositus
1293 509 1347 535 est.
1377 508 1419 536 lbi
1446 510 1528 543 (pag.
1559 510 1622 543 305)
1649 510 1778 545 legimus

953 547 1094 583 Spiritum
1109 557 1174 578 esse
1194 551 1320 579 Verbum
1335 552 1420 586 Filii,
1440 552 1602 587 imaginem
1614 553 1696 589 Filii,
1712 554 1779 588 Spi-

952 592 1045 621 ritum
1067 593 1149 627 Filii,
1168 596 1332 629 procedere
1355 603 1393 624 ea:
1416 597 1476 625 Deo
1499 603 1555 631 per
1575 597 1699 626 Filium.
1719 599 1776 626 Nec

952 637 1118 667 omittenda
1140 639 1191 668 illa
1217 640 1345 677 quaestio
1369 641 1476 677 (ibid.),
1502 642 1566 670 Cur
1593 644 1622 670 et
1647 642 1778 677 Spiritus

952 682 1049 711 Filius
1062 683 1135 712 Filii
1145 692 1204 712 non
1219 685 1333 713 dicitur
1343 687 1357 713 7
1370 686 1440 718 Quae
1451 686 1577 722 quidem
1589 686 1779 722 perabsurda

952 727 1016 761 fuit,
1035 728 1059 756 si
1073 735 1109 757 ex
1125 728 1196 757 Filio
1212 729 1339 766 Spiritus
1354 737 1415 758 non
1429 730 1575 767 procedit.

988 773 1074 805 Quod
1089 774 1113 802 si
1128 782 1264 810 unquam
1282 775 1410 803 Basilius
1434 775 1576 811 Spiritum
1590 783 1608 804 θ.
1624 775 1695 804 Filio
1707 783 1776 812 pro-

952 818 1058 846 cedere
1081 818 1191 852 docuit,
1206 821 1271 847 tum
1294 819 1426 848 maxime
1447 819 1539 855 hujus
1561 819 1777 856 depromenda:

917 867 936 894 Β
951 862 1095 891 doctrinm
1108 864 1314 892 necessarium
1336 864 1446 892 exstitit
1460 866 1593 900 tempus,
1607 872 1676 893 cum
1692 865 1776 894 illum

952 907 1023 935 Filio
1035 908 1183 935 minorem
1197 907 1303 936 ordine
1314 910 1342 936 et
1351 908 1495 943 dignitate
1506 916 1580 939 esse.
1590 908 1621 936 in
1637 911 1778 946 suscepta

951 952 1096 980 adversus
1111 952 1235 980 subtiles
1249 953 1407 981 haereticos
1421 953 1626 989 disputatione
1639 961 1777 990 pronun-

950 996 1044 1024 tiavit.
1060 998 1136 1024 Nam
1150 997 1203 1033 qui
1217 997 1255 1024 de
1271 997 1342 1025 Filio
1357 997 1455 1025 obiter
1470 1005 1574 1033 agens,
1586 1005 1656 1026 eum
1669 998 1775 1026 ordine

949 1044 978 1069 et
997 1041 1140 1076 dignitate
1155 1041 1304 1070 minorem
1320 1043 1404 1070 Patre
1419 1049 1481 1070 non
1496 1050 1589 1070 ausus
1604 1044 1649 1070 est
1663 1042 1774 1076 dicere,

949 1086 1006 1114 nisi
1022 1086 1122 1114 statim
1144 1093 1272 1114 causam
1296 1086 1430 1120 adderet,
1444 1086 1517 1123 quia
1540 1094 1558 1114 a
1580 1088 1663 1114 Patre
1677 1088 1731 1120 est,
1747 1088 1776 1114 et

949 1132 1034 1159 Pater
1057 1131 1122 1166 ejus
1144 1131 1240 1166 origo,
1262 1132 1376 1167 quanto
1400 1131 1499 1165 magis
1523 1130 1590 1158 haec
1614 1130 1655 1158 illi
1675 1131 1775 1159 cautio

949 1175 1125 1203 adhibenda.
1149 1175 1212 1211 fuit,
1229 1183 1298 1203 cum
1321 1175 1464 1211 Spiritum
1490 1177 1639 1209 sanctum,
1655 1174 1693 1202 de
1713 1182 1775 1210 quo

949 1220 1021 1248 data
1032 1227 1126 1256 opera
1137 1219 1316 1254 disserebat,
1329 1219 1400 1248 Filio
1410 1219 1558 1248 minorem
1571 1219 1676 1247 ordine
1690 1221 1720 1248 et
1732 1219 1776 1247 di-

950 1265 1063 1300 gnitate
1082 1264 1214 1293 diceret?
1229 1264 1398 1297 Quinetiam
1413 1272 1523 1292 manca
1542 1264 1596 1292 erit
1614 1263 1660 1292 vel
1674 1264 1775 1300 potius

950 1309 1083 1338 absurda
1106 1309 1207 1338 Basilii
1229 1309 1430 1342 ratiocinatio,
1453 1308 1510 1336 nisi
1533 1308 1676 1344 Spiritum
1704 1307 1775 1336 Filio

949 1354 1097 1382 minorem
1112 1361 1178 1381 esse
1192 1353 1297 1381 ordine
1308 1356 1337 1381 et
1346 1353 1500 1388 dignitate,
1512 1353 1585 1389 quia
1595 1361 1613 1381 a
1626 1352 1697 1381 Filio
1707 1360 1774 1381 esse

948 1398 1050 1431 habet,
1067 1397 1094 1425 si
1108 1398 1208 1425 minus
1223 1397 1339 1431 dixerit,
1355 1397 1462 1425 saltem
1483 1397 1660 1433 cogitaverit
1672 1399 1701 1425 et
1712 1404 1775 1425 cre—

949 1443 1067 1472 diderit.
1085 1444 1146 1471 Huc
1160 1442 1241 1470 enim
1262 1443 1324 1470 tota
1345 1441 1456 1470 rediret
1477 1442 1542 1469 haec
1563 1441 1772 1470 ratiocinatio:

950 1487 1214 1522 Quemadmodum
1229 1487 1317 1515 Filius
1330 1487 1381 1522 qui
1397 1494 1415 1514 a
1430 1487 1514 1514 Patre
1528 1494 1594 1513 esse
1610 1486 1712 1520 habet,
1728 1494 1774 1514 or.

69 1530 124 1558 nisi
134 1539 203 1559 eum
217 1539 254 1559 ex
266 1532 338 1560 Filio
351 1532 499 1568 originem
509 1533 622 1561 habere
632 1535 794 1562 constaret.
806 1533 893 1570 Equi-
913 1542 934 1571 c
948 1533 1018 1561 dine
1033 1535 1061 1560 et
1074 1532 1218 1568 dignitate
1234 1531 1333 1559 minor
1348 1533 1392 1559 est
1409 1532 1502 1566 Patre,
1518 1538 1579 1559 non
1596 1532 1698 1558 tamen
1720 1538 1774 1560 na-

72 1574 137 1603 dem
156 1575 216 1604 hoc
240 1577 446 1605 testimonium
468 1578 561 1614 paulo
585 1578 668 1606 aliter
681 1577 893 1615 interpretatus

71 1627 134 1648 sum
147 1628 183 1649 ac
199 1621 356 1655 Petavius;
371 1622 425 1650 sed
437 1622 511 1650 nihil
525 1622 562 1650 de
578 1623 747 1658 argumenti
759 1623 893 1658 pondere

67 1664 192 1693 decedit.
209 1666 243 1693 ln
253 1673 290 1694 ea
303 1666 395 1700 enim,
406 1674 500 1702 quam
511 1667 590 1695 intra
603 1667 739 1703 afferam,
750 1667 893 1702 interpre.

67 1709 175 1738 tatione
199 1713 295 1746 negat
321 1710 447 1739 Basilius
470 1719 506 1740 ea
529 1714 648 1740 tantum
672 1712 802 1740 dicenda
824 1718 894 1739 con-

65 1754 289 1790 substantialia,
305 1763 373 1791 quae
394 1755 527 1784 fraterna
545 1758 683 1785 tenentur
701 1756 890 1791 cognatione,

65 1800 96 1827 ut
117 1799 260 1827 nonnulli
284 1800 514 1834 existimabant;
531 1801 584 1830 sed
607 1804 680 1829 tunc
702 1801 792 1829 etiam
813 1801 893 1829 hanc

63 1851 167 1872 vocem
183 1852 351 1879 congruere
366 1845 528 1881 contendit,
544 1854 610 1874 cum
624 1853 716 1874 causa
730 1849 758 1874 et
771 1846 804 1874 id
813 1845 894 1882 quod

64 1895 100 1916 ea:
123 1895 220 1917 causa
240 1890 442 1918 exsistentiam
468 1890 566 1925 habet,
588 1891 719 1926 ejusdem
746 1893 816 1918 sunt
838 1898 893 1919 na-

64 1935 151 1961 tura.
169 1934 213 1961 Ex
232 1941 294 1969 quo
317 1936 400 1970 patet
413 1934 555 1963 Basilium
567 1935 644 1964 inter
658 1938 687 1964 et
702 1935 893 1964 adversarios

63 1978 258 2011 convenisse,
272 1978 377 2007 Filium
392 1987 428 2007 ex
443 1981 537 2014 Patre,
556 1980 698 2016 Spiritum
715 1988 752 2008 ex
767 1982 850 2008 Patre
866 1982 894 2008 et

64 2022 137 2050 Filio
161 2022 368 2052 exsistentiam
389 2023 513 2059 habere,
528 2025 727 2062 ejusdemque
751 2033 818 2053 esse
837 2032 893 2053 na-

62 2069 153 2101 turae,
177 2068 233 2096 sed
257 2067 317 2102 isti,
338 2076 518 2105 quanquam
541 2072 628 2098 erant
653 2070 812 2105 Catholici,
836 2078 893 2098 nec

64 2112 171 2141 Filium
184 2113 342 2145 Patri,nec
356 2115 504 2150 Spiritum
524 2115 601 2143 Patri
617 2118 646 2144 et
668 2115 739 2144 Filio
763 2115 893 2144 consub-

63 2157 236 2186 stantialem
251 2157 350 2187 dicere
363 2158 515 2195 volebant,
527 2160 600 2196 quia
612 2160 773 2189 videbatur
784 2161 827 2188 eis
842 2160 892 2188 illa

948 1578 1081 1611 turagsic
1093 1577 1228 1614 Spiritus,
1237 1576 1289 1612 qui
1300 1584 1318 1604 a
1329 1575 1398 1604 Filio
1409 1583 1475 1603 esse
1486 1583 1546 1603 non
1557 1575 1658 1610 habet,
1667 1575 1773 1603 ordine

948 1625 976 1652 et
987 1622 1132 1657 dignitate
1146 1622 1245 1649 minor
1257 1623 1302 1649 est
1318 1620 1399 1656 Filio,
1411 1628 1472 1648 non
1487 1622 1606 1648 natura.
1620 1620 1684 1652 Quo
1698 1619 1772 1656 quid

949 1667 1110 1697 absurdius
1124 1666 1197 1701 tingi
1209 1665 1328 1702 potest?
1342 1667 1468 1693 Necesse
1481 1667 1525 1693 est
1535 1672 1607 1700 ergo
1619 1666 1652 1693 ut
1666 1672 1771 1699 causa,

948 1720 1001 1741 cur
1016 1712 1141 1748 Spiritus
1157 1710 1264 1739 ordine
1278 1712 1309 1738 at
1326 1709 1472 1745 dignitate
1489 1709 1592 1737 tertius
1607 1709 1655 1743 sit,
1671 1709 1773 1737 minus

948 1765 967 1786 a
982 1757 1087 1786 Basilio
1101 1755 1201 1784 verbis
1215 1762 1366 1790 expressa,
1383 1753 1488 1782 saltem
1503 1753 1582 1782 illius
1600 1753 1705 1782 animo
1719 1753 1773 1782 ob-

947 1804 1068 1831 versata
1082 1801 1129 1829 sit.
1145 1799 1203 1829 Sed
1215 1800 1307 1835 hujus
1322 1807 1433 1833 causaa,
1448 1801 1482 1827 ut
1493 1799 1557 1834 jam
1579 1799 1652 1832 dixi,
1668 1805 1774 1827 conce-

948 1848 1006 1884 ptis
1017 1846 1119 1875 verbis
1131 1844 1290 1874 eft‘erendas
1305 1844 1515 1872 necessitatem
1530 1843 1707 1880 imponebat
1719 1844 1773 1871 Eu-

948 1892 1043 1920 nomii
1052 1890 1189 1928 perﬁdia,
1199 1890 1252 1926 qui
1266 1889 1324 1917 hoc
1334 1889 1516 1925 principium
1528 1888 1558 1916 in
1574 1888 1773 1916 alienissimos

949 1945 1056 1966 sensus
1070 1935 1218 1972 rapiebat,
1235 1936 1263 1962 et
1278 1934 1421 1970 Spiritum
1443 1935 1553 1962 natura
1570 1933 1690 1961 tertium
1704 1940 1773 1961 esse

949 1982 1019 2010 inde
1034 1980 1204 2016 colligebat.
1219 1979 1302 2007 Unde
1316 1978 1440 2006 Basilius
1453 1979 1484 2006 in
1504 1978 1582 2006 libro
1595 1978 1639 2006 De
1656 1978 1773 2012 Spiritu

948 2029 1064 2060 sancto,
1074 2034 1142 2062 cap.
1157 2027 1184 2057 6,
1201 2024 1305 2053 Filium
1320 2025 1412 2058 negat
1429 2023 1602 2051 inferiorem
1617 2022 1772 2058 dignitate,

948 2080 984 2101 ac
998 2078 1122 2108 prorsus
1137 2069 1287 2105 aqualem
1303 2076 1369 2095 esse
1382 2067 1545 2095 contendit.

983 2117 1028 2144 IV.
1040 2115 1086 2143 Ad
1092 2117 1136 2143 tot
1142 2116 1171 2142 et
1178 2116 1261 2142 tanta
1267 2113 1420 2141 rationum
1431 2113 1595 2145 momenta,
1603 2119 1673 2147 quas
1682 2111 1773 2140 etiam

947 2159 1010 2190 sine
1020 2159 1174 2189 codicibus
1185 2166 1258 2186 mss.
1266 2157 1411 2191 valerent,
1422 2156 1538 2185 accedit
1547 2156 1687 2184 codicum
1696 2163 1771 2184 mss.

63 2208 118 2230 vox
137 2203 244 2231 minus
263 2203 434 2239 convenire,
452 2212 519 2232 cum
539 2213 632 2234 causa
655 2208 683 2234 et
704 2206 736 2234 id
759 2205 840 2242 quod
855 2213 892 2234 ea:
907 2217 931 2245 ι)
947 2205 1195 2239 auctoritas,uon
1208 2210 1313 2231 eorum
1323 2201 1458 2238 quidem,
1471 2201 1524 2237 qui
1533 2208 1615 2228 nunc
1626 2200 1657 2228 in
1666 2200 1773 2228 biblio-

61 2253 153 2275 causa
171 2248 378 2276 exsistentiam
401 2249 499 2284 habet,
516 2250 647 2284 ejusdem
671 2254 742 2278 sunt
761 2254 891 2279 natura}.

97 2293 128 2319 In
144 2293 256 2320 eadem
270 2293 398 2329 epistola
411 2294 535 2322 Basilius
545 2297 685 2323 sanctum
696 2298 725 2324 et
736 2295 891 2324 inviolabi-

58 2335 119 2365 lem
135 2345 208 2365 esse
224 2337 380 2366 contendit
391 2338 529 2367 ordinem
541 2347 743 2376 personarum
758 2348 844 2376 quem
859 2341 891 2369 in

59 2381 233 2417 Evangelia
250 2382 409 2410 didicimus
423 2391 442 2411 a
456 2383 583 2412 Domino
599 2385 735 2413 dicente:
751 2396 764 2410 (ί
777 2386 892 2413 Euntes

61 2425 218 2461 baptizate
236 2427 271 2454 in
295 2428 416 2456 nomine
433 2429 535 2456 Patris
560 2432 588 2457 et
608 2429 682 2458 Filii
704 2434 732 2458 et
758 2430 892 2465 Spiritus

59 2473 192 2500 sancti’.
209 2481 224 2496 »
240 2470 322 2499 ldem
339 2472 427 2501 docet
439 2473 471 2501 in
490 2481 538 2510 ep.
559 2476 618 2508 l25,
635 2482 666 2504 n.
690 2476 716 2502 3.
739 2475 841 2508 Qualis
857 2475 893 2503 sit

57 2516 105 2544 ille
133 2516 214 2545 ordo
238 2523 449 2552 personarum,
471 2519 672 2555 perspicimus
694 2528 730 2548 ex
751 2519 802 2547 lib.
824 2529 842 2553 ι,
860 2520 892 2548 in

59 2561 194 2590 EunOmi
198 2569 257 2596 um,
273 2560 327 2590 ubi
342 2561 384 2590 sic
405 2562 537 2599 loquitur
553 2572 560 2592 :
576 2564 636 2593 Nos
658 2567 771 2599 autem,
784 2564 892 2601 inquit,

60 2607 104 2642 (p.
118 2607 197 2642 232),
216 2607 382 2636 secundum
409 2608 583 2638 relationem
610 2617 771 2638 causarum
795 2610 836 2638 ad
859 2617 894 2638 ea

61 2658 130 2686 qua?
161 2657 201 2678 ea:
225 2651 298 2685 ipsis
319 2655 402 2686 sunt,
425 2653 543 2682 Patrem
570 2654 650 2683 Filio
684 2654 822 2690 prmponi
851 2655 895 2683 di-

62 2696 173 2723 cimus.
188 2694 271 2724 ldem
293 2698 395 2725 autem
416 2697 454 2726 de
479 2700 585 2727 sancto
601 2699 711 2736 Spiritu
730 2699 894 2728 dicendum

101 2785 112 2802 ⁸
132 2785 223 2814 toan.
242 2793 310 2822 xvn,
333 2787 376 2815 t0.
414 2788 424 2806 ’
444 2788 543 2818 Matth.
564 2796 662 2824 xxvm,
683 2791 725 2818 t0.

946 2251 1040 2280 thecis
1054 2249 1165 2278 nostris
1177 2248 1305 2280 exstant,
1319 2246 1374 2274 sed
1387 2253 1492 2274 eorum
1507 2253 1585 2282 quos
1598 2245 1670 2273 olim
1684 2244 1774 2273 exsti-

946 2297 1019 2325 tisse
1034 2293 1208 2323 certissimis
1229 2291 1434 2320 monumentis
1448 2289 1674 2325 cognoscimus.
1688 2291 1773 2325 Hugo

946 2340 1134 2372 Etherianus,
1147 2336 1248 2365 szeculi
1262 2335 1434 2364 duodecimi
1449 2335 1585 2371 scriptor,
1597 2335 1649 2371 qui
1664 2337 1724 2362 tres
1739 2334 1774 2362 li-

946 2386 1018 2414 bros
1034 2384 1074 2412 ad
1094 2382 1268 2411 Latinorum
1283 2380 1490 2408 defensionem
1503 2379 1675 2407 Alexandro
1686 2379 1774 2408 tertio

946 2428 1135 2465 nuncupavit
1145 2434 1225 2455 anno
1239 2428 1316 2461 H77,
1331 2425 1401 2453 citat
1412 2424 1444 2452 in
1455 2423 1589 2453 secundo
1601 2423 1689 2456 libro,
1704 2431 1772 2460 cap.

949 2478 992 2510 19,
1005 2473 1080 2502 illud
1093 2471 1190 2500 Basilii
1204 2471 1242 2499 de
1255 2470 1366 2507 Spiritu
1381 2469 1507 2504 dictum,
1523 2476 1542 2497 a
1556 2469 1634 2497 Filio
1649 2476 1710 2497 esse
1723 2468 1774 2496 has

949 2520 1029 2548 bens.
1044 2520 1076 2546 In
1090 2517 1167 2545 libro
1182 2514 1276 2550 tertio,
1292 2521 1358 2550 cap.
1372 2515 1415 2548 l2,
1430 2520 1553 2541 sensum
1567 2512 1665 2547 magis
1680 2518 1774 2549 quam

949 2564 1041 2593 verba
1052 2562 1152 2591 refert.
1163 2562 1199 2588 At
1211 2559 1242 2587 in
1257 2566 1325 2595 cap.
1338 2560 1370 2586 l3
1381 2557 1520 2593 ejusdem
1533 2556 1602 2585 libri
1615 2556 1717 2585 locum
1727 2556 1773 2584 ins

949 2611 1066 2644 tegrum
1078 2606 1168 2634 refert
1183 2604 1248 2632 sine
1258 2602 1472 2631 additamentis
1487 2601 1708 2630 dubitationem
1723 2602 1783 2629 Ba--

949 2654 1015 2682 silio
1033 2649 1257 2686 attingentibus,
1272 2654 1335 2676 non
1349 2654 1421 2675 vero
1436 2646 1499 2674 sine
1517 2645 1629 2681 insigni
1642 2645 1693 2673 illa
1705 2652 1774 2673 sen-

949 2698 1051 2734 tentia,
1061 2704 1130 2734 quaa
1150 2693 1294 2731 Spiritum
1308 2700 1327 2721 a
1341 2690 1413 2720 Filio
1425 2698 1492 2720 esse
1505 2690 1617 2720 habere
1629 2688 1774 2718 declarat.
