2027 3144
262 130 296 156 39
1016 125 1194 155 ΡΗΕΡΛΤΙΟ
1199 143 1206 151 .
1928 127 1966 154 40

257 191 352 225 Mque
376 189 440 217 hac
467 189 641 217 Etherianus
666 189 779 223 laudat,
797 190 829 216 ut
843 187 967 216 minime
987 185 1083 214 dubia
1103 187 1126 214 Α
1140 187 1235 213 resset
1248 185 1417 221 quidquam
1435 186 1466 214 in
1481 188 1625 214 contextu
1641 185 1738 214 Basilii
1754 187 1911 220 attentare,
1927 195 1968 215 an

258 233 442 269 minimeque
458 236 658 262 controversa.
678 235 734 261 Nec
750 233 864 261 Nicetas
878 229 1082 263 Maroniensis,

257 278 309 314 qui
324 278 516 306 Etherianum
531 278 638 306 eodem
653 277 765 306 saeculo
779 276 974 314 oppugnavit,
990 275 1082 302 ullam

257 323 327 350 huic
340 323 511 350 testimonio
523 323 727 358 suspicionem
740 322 805 350 falsi
821 322 942 357 injicere
957 322 1083 348 conatus

257 369 312 400 est,
329 369 361 395 ut
385 367 516 395 dicimus
540 370 602 394 tum
627 375 663 394 ex
688 367 873 399 Bessarione,
894 366 946 402 qui
970 373 1002 392 se
1025 364 1082 392 hoc

257 411 463 439 testimonium
485 411 516 439 in
536 411 613 438 libro
629 411 735 438 Nicetes
760 411 869 438 vidisse
885 412 1007 438 testatur
1024 410 1080 443 (8);

259 459 322 484 tum
345 456 476 484 maxime
492 463 528 483 ex
551 457 646 482 Leone
662 455 778 490 Allatio,
801 455 852 491 qui
873 455 931 483 hoc
952 454 1082 482 testimo-

257 500 342 528 nium
368 508 386 528 ει
413 500 524 533 Niceta,
548 501 579 527 ut
605 500 768 534 integrum,
793 502 968 535 susceptum
991 498 1082 526 fuisse

257 546 409 572 asseverat
422 546 472 579 (9).
490 544 592 580 Neque
607 544 697 572 etiam
713 544 879 577 codicibus,
895 543 1007 580 quibus
1026 551 1082 570 saa-

257 588 325 616 culo
351 587 533 616 duodecimo
556 588 697 615 utebatur
712 588 888 623 Eutliymius
904 587 1082 622 Zigabenus,

257 633 374 660 inerant
396 632 499 666 spuria
516 631 732 660 additamenta.
749 634 773 660 ls
787 632 867 660 enim
883 632 912 659 in
931 632 1083 666 Panoplia

257 678 384 704 testatur
399 676 538 704 Basilium
554 684 615 704 non
632 676 798 712 dubitasse,
813 684 853 704 an
868 677 999 710 Spiritus
1013 684 1082 704 san-

257 723 322 748 ctus
337 724 410 749 esset
425 721 532 749 ordine
544 721 694 756 dignitate
707 722 856 756 posterior
870 722 958 749 Filio.

293 766 409 794 Saeculo
432 766 551 794 decimo
576 766 661 794 tertio
686 766 807 802 prodire
833 768 990 802 cmperunt
1012 773 1084 794 non-

256 810 331 838 nulli
345 810 475 844 codices,
488 811 517 838 in
533 810 645 847 quibus
665 811 767 839 deerat
793 811 996 839 testimonium
1009 812 1084 839 Grae—

257 855 299 882 cis
312 855 554 889 incommodum,
571 855 780 883 additamenta
792 863 860 883 cum
877 855 933 883 illis
946 855 1085 883 facientia

256 907 318 928 non
335 899 471 928 deerant.
489 900 546 928 Sed
563 899 651 928 velim
674 899 830 928 laudatam
845 900 1082 928 dissertationem

256 944 406 977 evolvunt,
420 945 472 981 qui
488 945 563 972 scire
575 947 679 979 avent,
695 946 852 981 quomodo
871 947 990 980 Beccus,
1006 945 1072 981 ejus

255 996 315 1025 que
337 989 398 1017 duo
423 990 549 1017 comites
574 991 602 1016 et
621 989 846 1023 archidiaconi,
871 990 1086 1018 Constantinus

257 1033 458 1066 Meliteniotes,
476 1036 503 1062 et
519 1035 662 1069 Georgius
676 1035 833 1063 Metochita
849 1035 906 1063 hos
922 1035 1041 1064 codices
1056 1038 1084 1064 et

254 1080 388 1106 recentes
403 1086 467 1106 esse
480 1081 509 1106 et
528 1086 698 1114 perpaucos
712 1081 740 1106 et
757 1079 796 1107 ab
817 1079 883 1107 aliis
903 1079 992 1115 longe
1009 1080 1084 1108 anti-

254 1123 414 1158 quioribus
430 1123 542 1159 ubique
557 1126 704 1151 terrarum
720 1124 864 1160 dispersis
878 1125 971 1152 refelli
986 1127 1084 1152 osten-

255 1167 363 1196 derint.
380 1167 523 1196 Eamdem
539 1176 665 1196 causam
679 1171 798 1197 strenue
812 1169 1013 1198 defenderunt
1027 1178 1082 1198 ste-

255 1211 324 1240 culo
345 1212 463 1240 decimo
485 1215 595 1248 quarto
610 1213 672 1241 duo
692 1213 741 1242 alii
754 1214 830 1242 inter
845 1215 961 1243 Graecos
974 1215 1083 1242 doctis-

255 1256 323 1284 simi
343 1257 515 1293 scriptores.
543 1257 709 1285 Demetrius
733 1258 885 1294 Cydonius
910 1262 939 1287 et
965 1259 1082 1288 Manuel

255 1301 387 1329 Calecas.
403 1303 435 1329 ln
447 1302 574 1330 concilio
589 1305 690 1330 autem
710 1303 878 1332 Florentino
893 1312 944 1332 sex
957 1305 1082 1340 prolatis

255 1345 422 1379 codicibus,
438 1354 516 1374 unus
535 1349 649 1375 tantum
665 1355 856 1384 papyraceus
877 1350 984 1378 Graecis
998 1350 1080 1386 favit,

254 1390 388 1426 quinque
410 1391 459 1419 alii
483 1392 612 1425 Latinis;
633 1400 763 1428 quorum
785 1394 926 1423 codicum
950 1399 1081 1431 quatuor

254 1434 284 1462 in
297 1435 483 1463 membranis
497 1436 598 1472 scripti
612 1439 707 1465 erant.
722 1439 796 1466 Cum
809 1440 910 1467 autem
926 1440 956 1468 in
972 1441 1080 1470 eodem

254 1479 381 1508 concilio
410 1481 525 1508 Marcus
559 1481 703 1516 Ephesius
735 1482 915 1516 dictitasset,
944 1493 974 1512 se
1005 1486 1080 1513 scire

1138 236 1216 265 quos
1231 232 1337 265 postea
1350 229 1441 259 iidem
1454 231 1547 258 Graeci
1557 232 1587 259 in
1600 230 1667 267 ipso
1681 231 1881 258 contentionis
1893 234 1969 259 aestu

1138 273 1300 309 protulere,
1316 283 1386 303 cum
1402 275 1475 304 nihil
1495 276 1534 304 ad
1556 284 1657 304 causa:
1674 284 1736 303 suae
1758 275 1968 304 defensionem

1137 326 1199 346 non
1218 318 1374 347 auderent.
1389 320 1487 353 Quare
1503 328 1618 355 eorum,
1633 320 1685 356 qui
1710 320 1738 348 S.
1755 319 1854 348 Basilii
1866 320 1968 356 operi-

1136 363 1194 391 bus
1216 363 1247 391 in
1261 364 1360 392 lucem
1380 364 1505 393 edendis
1528 364 1724 401 praefuerunt,
1740 365 1859 393 videtur
1877 365 1907 393 in
1931 373 1969 394 eo

1137 409 1319 444 requirenda
1333 409 1496 444 diligentia,
1518 409 1601 446 quod
1617 410 1699 438 nulla
1724 418 1849 446 prorsus
1865 410 1969 445 editio,

1138 454 1163 482 si
1179 456 1280 482 tamen
1294 454 1426 490 excipias
1440 454 1628 490 Trapezuntii
1643 455 1778 483 Latinam
1791 454 1968 491 interpreta-

1137 499 1261 532 tionem,
1278 499 1424 527 eximium
1449 500 1486 527 de
1511 499 1637 536 Spiritus
1657 499 1752 528 sancti
1774 500 1968 536 processione

1137 543 1344 572 testimonium
1366 544 1396 572 iu
1420 544 1533 572 avitam
1557 544 1661 572 sedem
1677 544 1837 573 restituerit
1853 553 1888 573 ac
1909 552 1969 572 nte-

1137 596 1191 616 vos
1204 588 1240 615 de
1255 588 1405 617 industria
1420 589 1545 624 injectos
1562 588 1753 625 expunxerit.

1520 643 1534 676 ξ
1553 643 1584 670 v.

1140 697 1161 723 l.
1184 697 1288 724 Utrum
1303 696 1333 724 S.
1350 697 1484 724 Basilius
1504 705 1538 725 ea
1559 699 1676 725 tantum
1692 697 1970 726 consubstanlialia

1174 732 1345 768 crediderit,
1362 740 1489 768 quorum
1505 734 1636 761 alterum
1652 740 1690 760 ea:
1708 734 1805 760 altera
1820 734 1968 768 originem

1176 767 1273 795 habet.
1296 769 1327 796 ll.
1351 767 1456 796 Utrum
1482 769 1628 797 mundum
1653 769 1793 803 temporis
1822 767 1971 797 momento

1175 807 1310 831 creatum
1324 804 1496 832 crediderit.

1106 861 1125 888 Β
1175 857 1195 883 1.
1220 858 1286 884 Jam
1310 856 1540 885 observavimus
1570 859 1784 892 argumentum
1813 865 1874 885 non
1902 857 1970 885 leve

1139 901 1341 937 processionis
1366 901 1491 937 Spiritus
1517 901 1614 929 sancti
1641 909 1678 929 ex
1703 901 1764 929 ﬁlio
1789 901 1913 937 reperiri
1937 902 1968 930 in

1139 945 1268 981 epistola
1281 948 1315 973 52
1330 947 1359 974 S.
1379 945 1476 973 Basilii
1490 945 1529 973 ad
1543 945 1716 973 canonicas.
1730 945 1787 973 Sed
1801 945 1873 982 quia
1885 945 1968 974 idem

1139 989 1187 1018 ille
1208 990 1292 1018 locus
1316 991 1472 1026 negotium
1495 990 1617 1018 facessit
1645 989 1828 1018 doctissimis
1855 989 1968 1018 theolo~

1140 1034 1204 1069 gis,
1230 1034 1346 1071 aliquid
1373 1043 1473 1071 operae
1502 1034 1721 1063 insumendum
1748 1034 1778 1062 in
1809 1042 1844 1062 eo
1872 1034 1968 1070 expli-

1139 1080 1248 1108 cando.
1266 1080 1387 1108 Videtur
1402 1081 1482 1109 enim
1502 1089 1538 1109 ea
1560 1081 1625 1109 sola
1647 1081 1819 1109 existimare
1834 1080 1967 1108 consub-

1139 1125 1299 1158 stantialia,
1317 1133 1447 1160 quorum
1471 1133 1566 1153 unum
1582 1125 1622 1154 ab
1644 1125 1737 1154 altero
1754 1125 1901 1159 originem
1917 1133 1968 1153 ac-

1138 1169 1226 1204 cepit.
1241 1169 1288 1197 Sic
1302 1171 1403 1196 autem
1416 1169 1548 1205 loquitur
1559 1176 1629 1205 pag.
1644 1170 1706 1202 iis,
1718 1176 1748 1196 n.
1764 1170 1799 1196 2:
1817 1168 1854 1194 Οὐ
1868 1170 1919 1204 γὰρ
1934 1170 1969 1194 τὰ

1138 1211 1236 1249 ἀδελφὰ
1252 1212 1369 1243 ἀλλήλοις
1390 1214 1519 1249 ὁμοούσια
1537 1213 1649 1249 λέγεται,
1663 1214 1724 1250 ὅπερ
1740 1215 1807 1244 τινὲς
1822 1213 1969 1248 ὑπειλήφα-

1138 1267 1179 1284 σιν
1192 1269 1197 1274 -
1214 1257 1266 1283 ἀλλ’
1290 1258 1350 1284 ὁταν
1375 1261 1419 1284 καὶ
1435 1259 1463 1284 τὸ
1480 1260 1562 1284 αἴτιον
1578 1261 1623 1283 καὶ
1647 1260 1676 1284 τὸ
1699 1258 1727 1284 ἐκ
1748 1262 1794 1283 τοῦ
1819 1258 1903 1283 αἰτίου
1918 1260 1967 1286 τὴν

1136 1303 1246 1338 ὕπαρξιν
1257 1303 1319 1338 ἕχον
1329 1307 1376 1333 τῆς
1389 1303 1470 1332 αὐτῆς
1483 1303 1591 1340 ὑπάρχῃ
1604 1303 1704 1338 φύσεως
1717 1303 1845 1338 ὸμοούσια
1854 1301 1965 1337 Mysten-

1136 1347 1202 1375 Non
1218 1347 1295 1375 enim
1308 1354 1374 1382 qua:
1382 1348 1519 1382 fratrum
1536 1347 1615 1375 inter
1625 1355 1655 1374 se
1669 1348 1826 1380 rationem,
1842 1346 1965 1379 habent,

1135 1392 1280 1420 dicuntur
1294 1392 1578 1424 consubstantialia,
1592 1392 1623 1418 id
1637 1392 1718 1427 quod
1733 1391 1850 1426 quidem
1863 1392 1965 1419 existi-

1135 1439 1218 1464 mant
1225 1443 1236 1471 ,'
1248 1436 1300 1463 sed
1309 1443 1375 1463 cum
1387 1443 1480 1464 causa
1490 1439 1516 1463 et
1529 1436 1560 1463 id
1570 1436 1650 1471 quod
1664 1443 1701 1463 ea:
1717 1442 1808 1463 causa
1819 1436 1965 1464 exsistet;-

1136 1481 1208 1508 tiam
1220 1480 1319 1512 habet,
1329 1480 1458 1514 ejusdem
1471 1483 1540 1508 sunt
1552 1482 1682 1511 natura,
1691 1479 1965 1508 consubstantiatia

253 1523 346 1552 libros
365 1533 430 1552 esse
454 1525 537 1561 apud
554 1526 846 1562 Constantinopolim
871 1536 962 1564 supra
987 1530 1078 1564 mine,
1100 1535 1120 1562 ρ
1134 1524 1287 1552 dicuntur.
1297 1524 1495 1552 Basiliiverba
1504 1523 1886 1560 sicexplicatPetavius(lO)
1895 1532 1961 1552 cum

253 1569 284 1596 in
297 1569 409 1604 quibus
426 1570 595 1597 Graecorum
611 1569 697 1598 lectio
713 1571 932 1607 contineretur;
953 1576 1079 1605 menda-

254 1613 333 1640 cium
349 1613 426 1640 illius
448 1613 543 1641 oculis
565 1613 625 1641 suis
645 1621 681 1642 ac
696 1615 838 1644 manibus
852 1620 1081 1654 comprehendit

254 1657 422 1692 Bessarion,
439 1657 491 1693 qui
506 1658 796 1695 Constantinopolim
809 1669 957 1697 reversus,
973 1668 1005 1693 ut
1016 1666 1080 1702 ipse

253 1703 379 1729 testatur
402 1702 432 1729 in
454 1702 539 1737 epist.
556 1702 595 1730 ad
610 1703 746 1732 Alexium
762 1706 926 1742 Lascarim,
937 1711 1080 1739 omnibus

254 1746 397 1782 inspectis
423 1746 623 1780 bibliothecis,
651 1747 809 1778 lectionem
834 1752 942 1781 Graecis
966 1754 1080 1784 incom-

254 1790 381 1836 modam
404 1790 488 1819 nullo
512 1799 636 1827 prorsus
659 1793 689 1820 in
709 1794 812 1823 codice
836 1798 947 1826 recenti
962 1806 998 1826 ac
1012 1802 1081 1836 post

253 1834 476 1880 dissensionem
494 1835 604 1872 scripto
617 1837 727 1873 reperit
739 1848 745 1872 ;
763 1841 793 1867 at
807 1840 838 1868 in
851 1841 917 1869 aliis
932 1850 993 1871 non
1006 1834 1080 1880 pau-

253 1877 386 1906 cioribus
400 1887 436 1907 ac
451 1878 540 1915 longe
555 1880 776 1917 antiquioribus
790 1885 908 1920 reperit.
925 1888 957 1914 in
976 1877 1079 1923 primis

252 1924 354 1950 autem
369 1924 567 1952 memorabile
583 1928 625 1953 est
638 1926 721 1961 quod
736 1927 773 1955 de
789 1928 910 1958 duobus
923 1932 1079 1961 codicibus

252 1966 282 1994 in
297 1967 481 1996 monasterio
496 1968 602 1997 Christi
622 1970 783 1999 Salvatoris
803 1974 996 2011 Pantepoptae
1013 1985 1032 2006 a
1048 1986 1079 2006 se

252 2011 381 2039 inventis
394 2014 516 2047 narrat;
531 2021 662 2049 quorum
676 2015 707 2042 in
722 2016 816 2045 altero
828 2019 1036 2055 antiquissimo
1051 2025 1079 2050 et

254 2056 488 2085 membranaceo
501 2058 610 2086 veritas
626 2059 735 2088 violata
749 2060 855 2097 fuerat,
872 2065 969 2100 spatio
981 2074 1078 2095 vacuo

252 2100 353 2129 adhuc
371 2101 490 2130 facinus
507 2105 650 2138 testante;
664 2104 696 2132 in
716 2106 810 2135 altero
825 2112 927 2137 autem
942 2118 1078 2147 papyreo

252 2147 280 2173 et
293 2147 363 2174 ante
378 2154 476 2175 annos
493 2149 641 2177 trecentos
657 2149 768 2186 scripto
791 2152 914 2187 perfusa
925 2157 988 2183 erat
1001 2158 1077 2184 atra-

251 2192 355 2218 mento
370 2193 432 2219 tota
447 2191 497 2220 illa
518 2200 599 2239 pars,
620 2201 688 2239 qua;
709 2195 852 2231 Spiritum
867 2205 903 2225 ex
920 2199 991 2228 Filio
1013 2203 1078 2229 tan-
1092 2210 1116 2239 υ

251 2241 345 2270 quam
360 2244 396 2264 ex
411 2244 504 2265 causa
519 2237 607 2266 docet
620 2238 800 2275 dependere.

287 2279 442 2314 Ejusmodi
455 2281 574 2309 codices
589 2284 708 2311 etiamsi
718 2284 750 2312 in
760 2284 950 2316 bibliothecis
965 2290 1077 2319 Graeco-

250 2329 318 2350 rum
333 2323 408 2351 nulli
428 2325 492 2359 jam
518 2328 678 2361 exstarent,
692 2327 767 2356 nihil
789 2331 890 2359 tamen
915 2333 952 2361 de
971 2342 1076 2363 eorum

250 2368 426 2396 auctoritate
441 2368 617 2405 decederet;
633 2371 746 2408 quippe
762 2381 832 2403 cum
849 2377 1020 2407 certissimis
1035 2380 1077 2408 lii-

251 2412 347 2440 storitr
372 2414 577 2442 monumentis
602 2418 630 2443 ct
654 2416 833 2447 testimoniis
860 2427 1076 2459 memorentur,

249 2463 318 2491 qua:
343 2457 425 2485 nullo
450 2466 573 2494 prorsus
597 2460 731 2490 facinore
760 2463 863 2500 deleri,
886 2467 969 2496 nullo
997 2457 1076 2498 furto

250 2501 399 2529 abscondi
420 2506 558 2538 possunt.
574 2505 674 2540 Neque
697 2506 788 2536 etiam
813 2509 992 2545 ambiguum
1009 2521 1075 2542 esse

248 2546 354 2592 possit,
370 2548 427 2574 utri
449 2547 568 2576 codices
582 2549 716 2585 potiores
732 2552 791 2581 sint
806 2554 1009 2592 existimandi,
1024 2566 1075 2585 an-

249 2590 323 2626 tiqui
337 2598 376 2619 an
391 2594 526 2620 recentes
539 2601 544 2620 :
562 2594 664 2630 scripti
680 2598 749 2624 ante
761 2601 898 2627 exortam
913 2600 950 2628 de
964 2590 1074 2637 Spiritu

249 2637 355 2664 sancto
367 2637 614 2673 controversiam,
631 2642 795 2676 antequam
810 2643 980 2673 Graecorum
998 2645 1072 2675 inte-

284 2726 324 2796 ὃἐέ
341 2727 395 2789 ἕρ.
411 2727 451 2770 ad
465 2727 548 2769 filex.
566 2729 725 2761 Lascarim.

369 2763 512 2796 nchmd.,
525 2772 550 2794 c.
565 2767 608 2793 20.

312 2761 321 2797 )
341 2761 512 2798 Enchi'rid.,
525 2772 550 2794 c.
565 2767 608 2793 20.

1135 1567 1250 1603 Caleca,
1266 1568 1440 1596 Bessarione
1462 1571 1491 1596 et
1513 1569 1662 1596 Demetrio
1679 1568 1812 1604 Cydone,
1827 1571 1860 1596 ut
1879 1568 1964 1596 illum

1134 1620 1171 1640 ea
1185 1613 1316 1649 proprie,
1329 1613 1603 1642 consubstantialia
1617 1613 1716 1641 dicere
1727 1613 1886 1647 existimet,
1894 1621 1964 1649 quae

1134 1657 1257 1693 originis
1269 1657 1446 1686 habitudine
1458 1658 1643 1693 junguntur;
1656 1660 1764 1686 caetera
1775 1665 1846 1686 vero
1862 1657 1964 1685 minus

1133 1702 1264 1738 proprie,
1276 1704 1308 1730 ut
1323 1703 1425 1730 Petrus
1436 1705 1464 1731 et
1476 1702 1595 1730 Paulus.
1610 1703 1667 1731 Sed
1683 1702 1706 1730 si
1721 1703 1749 1731 S.
1762 1702 1854 1730 Patris
1869 1701 1965 1730 verba

1134 1746 1342 1782 expendantur
1365 1747 1547 1780 accuratius,
1564 1754 1626 1775 non
1640 1747 1756 1775 videtur
1771 1747 1828 1774 hoc
1849 1746 1916 1774 loco
1931 1746 1963 1774 id

1133 1798 1244 1825 negare
1267 1791 1352 1827 quod
1372 1791 1439 1827 ipse
1464 1791 1617 1827 conceptis
1642 1791 1742 1819 verbis
1761 1793 1911 1819 asseverat
1929 1791 1960 1818 in

1133 1836 1219 1871 epist.
1238 1837 1282 1871 38,
1299 1836 1437 1864 homines
1453 1844 1519 1864 esse
1533 1836 1610 1864 inter
1625 1844 1656 1864 se
1672 1834 1957 1868 consubstantiales;

1134 1880 1187 1908 sed
1201 1888 1253 1908 eos
1266 1882 1383 1908 tantum
1396 1880 1512 1912 refellit,
1525 1881 1576 1917 qui
1590 1880 1853 1909 consubstantialis
1864 1879 1961 1907 notio-

1132 1933 1203 1953 nem
1213 1925 1304 1954 rebus
1319 1926 1396 1954 inter
1410 1934 1442 1953 se
1457 1925 1590 1954 fraterna
1600 1926 1780 1961 cognatione
1793 1925 1905 1961 junctis
1918 1924 1963 1953 ita

1132 1970 1253 2007 proprie
1268 1970 1482 2004 attribuebant,
1493 1972 1526 1998 ut
1538 1970 1646 2000 divinis
1661 1970 1758 2006 aptari
1773 1977 1834 1998 non
1848 1972 1961 2006 posset.

1171 2017 1197 2042 1ο
1218 2016 1335 2043 Fatetur
1358 2015 1482 2043 Basilius
1508 2014 1776 2043 consubstantialis
1794 2015 1962 2048 notionem,

1132 2060 1230 2096 qualis
1240 2060 1449 2096 exponebatur
1459 2059 1498 2087 ab
1512 2059 1702 2091 adversariis,
1715 2059 1814 2087 locum
1827 2059 1962 2095 aliquem

1131 2104 1243 2133 habere
1258 2105 1288 2133 in
1304 2113 1362 2133 ere
1381 2107 1409 2132 et
1422 2103 1560 2132 conﬂatis
1577 2112 1612 2132 ex
1629 2112 1688 2132 mre
1711 2103 1961 2132 numismatibus.

1132 2148 1174 2176 lbi
1189 2149 1269 2177 enim
1287 2151 1334 2177 est
1348 2148 1517 2177 substantia
1531 2148 1673 2185 quaedam
1689 2148 1831 2183 anterior,
1844 2156 1913 2184 qum
1930 2148 1962 2176 in

1131 2193 1226 2221 multa
1242 2193 1396 2221 dividitur.
1413 2196 1442 2221 2°
1456 2193 1701 2221 Examinandum
1714 2195 1759 2222 est
1773 2193 1898 2229 quinam
1914 2200 1960 2221 re-

1131 2238 1270 2266 fellantur
1278 2239 1326 2266 bis
1335 2238 1435 2266 verbis
1445 2247 1451 2266 :
1460 2239 1528 2266 Non
1537 2240 1615 2266 enim
1624 2245 1690 2274 quae
1696 2238 1831 2273 fratrum
1840 2238 1922 2266 inter
1931 2245 1962 2266 se

1130 2284 1278 2312 rationem
1298 2283 1424 2317 habent,
1447 2283 1721 2311 consubstantialia
1744 2282 1905 2316 dicuntur,
1929 2282 1962 2310 id

1130 2328 1211 2364 quod
1220 2329 1344 2364 quidam
1356 2329 1541 2357 existimant.
1553 2329 1616 2356 Non
1631 2336 1682 2356 eos
1696 2335 1768 2356 sane
1779 2326 1895 2359 refellit,
1905 2328 1960 2363 qui

1130 2374 1248 2401 Petrum
1274 2376 1302 2401 et
1317 2373 1442 2402 Paulum
1459 2372 1718 2401 consubstantiale
1733 2380 1798 2400 esse
1817 2371 1962 2400 dicebant

1130 2417 1170 2446 ob
1181 2419 1297 2446 naturae
1308 2417 1545 2450 similitudinem,
1555 2425 1589 2445 ac
1599 2417 1670 2444 inde
1678 2416 1902 2445 concludebant
1911 2418 1962 2444 Pa-

1131 2465 1203 2491 trem
1218 2464 1247 2490 et
1263 2462 1380 2498 Filium,
1397 2464 1500 2498 utpote
1515 2461 1618 2489 lumen
1631 2463 1660 2489 et
1672 2461 1786 2496 lumen,
1803 2468 1868 2488 esse
1891 2468 1961 2489 con~

1130 2507 1353 2535 substantiales.
1369 2507 1417 2534 His
1431 2508 1547 2534 tantum
1564 2505 1751 2541 adversatur,
1765 2505 1817 2542 qui
1828 2505 1962 2533 consub-

1129 2552 1284 2580 stantiales
1296 2551 1482 2587 rejiciebant.
1497 2549 1555 2578 Sed
1565 2549 1638 2586 quid
1649 2550 1679 2578 in
1692 2551 1734 2578 eis
1748 2549 1964 2586 reprehendit?

1128 2596 1204 2624 Nihil
1219 2595 1300 2624 aliud
1315 2595 1460 2631 profecto,
1477 2594 1536 2622 nisi
1549 2594 1632 2631 quod
1652 2594 1912 2623 consubstantiale
1928 2595 1964 2622 iis

1128 2642 1245 2669 tantum
1256 2640 1461 2676 attribuerent,
1470 2647 1538 2676 quae
1549 2638 1714 2668 fraternam
1724 2638 1839 2667 habent
1850 2646 1964 2675 cogna—

1163 2732 1220 2768 (10)
1240 2730 1283 2761 De
1302 2731 1410 2762 Tn‘nit.
1427 2730 1480 2761 lib.
1497 2737 1547 2766 vn,
1561 2737 1629 2767 cap.
1645 2730 1671 2759 4.
