2027 3144
88 127 120 154 Η
862 126 924 154 ΡΒΑ

984 127 1057 155 .TIO.
1481 124 1486 128 ”
1775 130 1811 158 42

90 189 220 217 tionem.
231 189 314 216 Hanc
328 188 408 216 enim
424 188 609 225 arripiebnnt
620 196 757 223 causam,
773 195 930 224 curaper-
945 190 968 216 Α
983 191 1187 225 παρεσκεύασεν·
1203 190 1248 219 Ne
1264 190 1322 219 soli
1336 190 1490 219 ariditatis
1507 193 1595 220 terra
1623 198 1745 220 causam
1765 194 1812 220 at-

92 234 174 261 sonis
187 233 313 266 divinis,
326 235 358 260 ut
370 233 534 262 fraternam
550 234 775 269 cognationem,
786 233 827 262 ita
837 233 928 262 etiam

94 277 339 306 consubtantiale
361 277 564 306 excluderent.
582 279 679 312 Quare
706 287 768 306 non
784 280 848 306 erat
876 286 929 306 cur

97 323 223 351 Basilius
243 323 273 350 in
301 322 487 350 contrarium
511 323 618 351 vitium
642 326 784 356 curreret,
800 325 829 351 et
842 322 926 359 quod

95 367 262 396 adversarii
271 367 425 402 negabant
433 367 497 395 sine
509 367 641 396 fraterna
650 368 830 403 cognatione
837 375 927 404 posse

95 413 271 444 consistere,
284 411 314 439 id
331 419 398 439 cum
412 420 447 440 ea
458 412 611 440 conciliari
623 420 684 440 non
700 421 789 449 posse
804 412 925 441 diceret.

96 458 175 486 Satis
191 460 255 484 erat
266 456 435 491 ostendere,
451 464 514 485 non
533 465 569 485 ea.
584 459 702 485 tantum
717 457 776 484 dici
793 457 924 485 consub-

95 501 340 538 stantialia,qua:
361 501 525 530 fraternam
547 502 662 530 habent
691 503 923 536 cognationem:

94 547 147 575 sed
161 555 227 574 cum
242 554 336 575 causa
351 550 377 574 et
386 547 418 574 id
426 546 507 582 quod
518 554 556 575 ea:
566 554 659 575 causa
672 547 862 575 existentiam
874 546 925 575 ha-

96 592 151 627 bet,
169 591 300 626 ejusdem
316 594 387 618 sunt
397 594 526 623 naturas.
540 593 611 619 tunc
625 594 705 620 recte
716 591 775 619 dici
790 591 924 620 consub-

94 636 258 665 stantialia.
274 638 305 663 3°
321 637 384 664 Non
398 635 500 663 leviter
516 636 725 672 prietereunda
739 636 804 664 haec
819 635 923 669 verba,

93 681 125 709 id
138 681 220 717 quod
232 681 356 717 quidam
368 681 550 708 existimant.
563 682 601 708 Ex
616 681 663 708 his
679 681 759 708 e‘nim
770 683 851 717 patet
863 688 925 708 non

93 733 288 753 communem
300 733 318 753 a
333 724 438 752 Basilio
449 725 623 761 opinionem
636 725 739 758 refelli,
750 733 845 761 quam
859 725 924 760 ipse

98 771 169 799 alibi
194 770 362 806 proﬁtetur,
377 772 410 798 ut
426 770 520 798 modo
533 770 773 803 observavimus,
789 769 843 798 sed
865 770 924 798 sin-

96 815 202 852 gulare
230 814 446 843 nonnullorum
462 815 621 843 hominum
644 817 860 850 commentum,
872 814 924 851 qui

983 234 1192 270 tribueremus,
1206 235 1407 271 antiquiorem
1422 236 1493 264 solis
1507 237 1701 271 generatione
1714 236 1811 265 aridi-

983 282 1074 307 tatem
1089 283 1178 308 terrae
1188 281 1291 315 opifex
1306 281 1412 315 e/Tecit.
1430 280 1574 309 Ethomil.
1588 283 1613 317 6,
1629 289 1659 309 n.
1676 283 1701 315 2,
1714 289 1743 317 p.
1756 284 1807 310 5t:

983 325 1098 352 Catum
1110 328 1136 353 et
1151 328 1234 354 terra
1245 329 1465 361 prazcesserant,
1479 329 1545 360 post
1561 326 1624 354 hac
1639 329 1742 355 creata
1754 328 1809 355 luti:

979 369 1094 404 fuerat,
1111 370 1173 398 dies
1188 373 1215 398 et
1228 377 1290 398 ηοω
1304 370 1441 399 discreta
1463 372 1607 405 fuerant;
1621 372 1691 400 item
1706 372 1809 406 ﬁrma-

980 417 1121 450 mentum,
1139 418 1167 443 et
1179 415 1276 444 aridae
1290 415 1422 443 deiectio.
1441 416 1537 444 Terra
1555 417 1685 451 propriis
1700 417 1808 452 germi-

980 460 1067 488 nibus
1095 464 1160 489 erat
1184 461 1308 495 referta,
1328 461 1568 497 quandoquidem
1586 465 1613 490 et
1644 463 1808 491 innumera

978 505 1150 539 protulerat
1163 506 1327 534 herbarum
1337 513 1460 541 genera,
1476 509 1503 534 et
1522 507 1695 534 omnimodis
1720 508 1807 542 plan-

980 553 1080 578 tarum
1096 550 1248 585 speciebus
1258 550 1453 591 exuberabat.
1467 550 1602 579 Necdum
1616 553 1713 586 tamen
1739 554 1806 580 erat

978 595 1034 629 sol,
1048 603 1144 631 neque
1154 596 1228 624 luna
1238 603 1249 624 :
1264 603 1301 624 ne
1322 596 1395 624 lucis
1411 598 1561 624 auctorem
1582 598 1610 624 et
1621 599 1740 631 patrem
1755 604 1806 631 apo

977 640 1129 674 pellerent
1144 641 1331 675 solem,neve
1355 648 1484 669 rerume
1507 643 1590 669 terra
1618 641 1804 669 nascentium

978 684 1111 718 opiﬁcem
1124 685 1176 720 qui
1186 685 1279 712 Deum
1290 685 1433 719 ignorant
1449 685 1667 713 existimarent.

1013 729 1079 756 lam
1094 736 1167 757 vero
1192 728 1330 764 perfacile
1353 731 1381 757 et
1406 737 1557 765 exponere
1571 737 1632 766 quo
1647 737 1738 758 sensu
1751 730 1806 759 Ba-

978 773 1062 802 silius
1085 774 1236 802 mundum
1265 774 1410 810 temporis
1436 776 1591 802 momento
1623 775 1805 811 productum

978 817 1096 846 dixerit.
1110 819 1328 847 Testimonium
1336 819 1419 855 quod
1429 818 1578 854 objicitnr,
1591 821 1686 848 exstat
1698 819 1803 848 homil.

94 861 246 898 putabant
260 860 528 888 consubstantialis
542 868 612 889 voce
624 860 762 889 exhiberi
774 861 923 888 notionem

984 863 1005 898 l,
1021 870 1052 890 n.
1066 865 1091 898 6,
1108 862 1161 892 ubi
1175 863 1217 891 sic
1228 863 1381 899 loquitur:
1400 862 1433 890 Ἣ
1443 863 1530 899 ζτάχα
1546 861 1593 890 διὰ
1614 865 1643 890 τὸ
1668 863 1804 902 ἀκαριαῖον

97 906 284 939 substantia,
302 908 330 933 et
344 913 446 933 eorum
466 913 532 940 quas
544 913 582 934 ea:
596 905 776 940 substantia,
791 905 866 934 adeo
891 908 924 933 ut

98 951 190 979 divisa
201 950 375 978 substantia
399 950 633 984 appellationem
662 950 925 978 consubstantialis

98 996 232 1024 conciliet
245 995 282 1022 iis
293 995 325 1022 in
340 1001 405 1030 qua:
419 994 516 1022 divisa
524 997 577 1022 est.

130 1040 166 1068 ΙΙ.
179 1041 207 1068 S.
223 1039 326 1068 Basilii
342 1041 474 1067 mentem
491 1040 592 1067 minus
605 1039 781 1073 calluerunt,
792 1039 844 1076 qui
855 1047 925 1068 eum

92 1086 123 1114 in
134 1093 226 1122 opere
242 1092 295 1112 sex
307 1084 426 1112 dierum
440 1084 620 1120 explicando
636 1084 677 1112 sic
697 1084 807 1112 versari
823 1084 924 1112 existi-

93 1132 226 1165 marunt,
239 1131 273 1157 ut
288 1129 440 1157 mundum
456 1129 601 1165 temporis
616 1131 771 1157 momento
786 1137 855 1157 cum
869 1137 925 1157 suo

95 1176 204 1203 ornatu
215 1175 352 1202 creatum
368 1181 386 1201 a
403 1174 461 1201 Deo
472 1173 590 1202 doceat.
603 1173 750 1202 Omnibus
763 1175 840 1202 certe
848 1175 926 1210 Moy-

99 1220 142 1247 sis
153 1219 281 1254 vestigiis
295 1218 521 1246 accuratissime
532 1218 650 1246 insistit.
666 1218 775 1251 Quaerit
785 1218 925 1247 homil.2.

98 1273 130 1293 n.
148 1267 172 1298 I,
185 1271 257 1300 pag.
272 1265 316 1299 22,
330 1271 383 1290 cur
398 1265 476 1291 terra
491 1258 829 1300 dicaturincomposita,
845 1262 926 1291 idem

98 1316 173 1336 vero
185 1308 222 1336 de
236 1307 312 1335 ccelo
322 1315 383 1335 non
394 1307 523 1335 dicatur.
533 1309 652 1335 Terram
664 1307 731 1335 ideo
745 1306 927 1343 incomposi-

101 1356 164 1382 tam
179 1352 240 1380 dici
251 1352 361 1385 statuit,
376 1352 449 1388 quia.
463 1351 600 1380 nondum
615 1352 746 1388 plantas,
762 1352 886 1380 arbores
898 1353 927 1379 et

98 1398 189 1427 ﬂores
200 1397 372 1434 protulerat.
386 1399 421 1425 At
445 1397 545 1433 ipsum
559 1396 669 1425 coelum
691 1396 926 1433 incompositum

95 1444 192 1472 fuisse
207 1442 371 1471 contendit.
396 1442 470 1470 Huc
482 1442 594 1475 eadem,
611 1442 718 1478 inquit,
735 1445 761 1470 et
791 1442 828 1470 de
853 1442 926 1470 cwlo

95 1489 274 1520 dixerimus,
281 1487 415 1515 nondum
425 1487 505 1514 illud
515 1487 668 1515 excultum
679 1487 782 1521 fuisse,
797 1494 850 1514 nec
857 1494 926 1521 pro-

978 910 1023 934 καὶ
1049 908 1162 945 ἀχρονον
1187 912 1232 938 τῆς
1252 906 1428 946 δημιουργίας
1452 909 1554 945 εἴρηται
1579 910 1619 943 τὸ,
1636 919 1650 934 ι(
1673 908 1714 935 Ἐν
1730 908 1802 946 ἁρχὴ

979 950 1110 985 εποίησεν,
1125 961 1139 976 ››
1152 949 1242 980 ἐπειδὴ
1258 950 1349 987 ἀμερές
1361 953 1442 977 τικαὶ
1458 949 1620 977 ἀδιάστατον
1635 951 1650 980 ἡ
1667 950 1804 988 ἀρχή.”Ως

978 997 1029 1032 ’γὰρ
1050 997 1064 1025 ἠ
1080 995 1151 1031 ἁρχὴ
1167 1000 1215 1026 τῆς
1226 996 1290 1022 ὁδοῦ
1303 997 1374 1022 οὔπω
1385 993 1457 1028 ὁδὸς,
1473 998 1518 1022 καὶ
1538 996 1552 1025 ἡ
1569 995 1641 1032 ἁρχὴ
1658 999 1703 1026 τῆς
1720 995 1804 1027 οἰκίας

979 1041 1026 1068 οὐκ
1039 1040 1118 1067 οἰκία·
1135 1040 1202 1067 οὕτω
1217 1042 1262 1066 καὶ
1284 1041 1299 1069 ἡ
1325 1044 1370 1066 τοῦ
1389 1041 1488 1077 χρόνου
1513 1039 1584 1077 ἁρχὴ
1606 1041 1677 1067 οὑπω
1695 1043 1802 1077 χρόνος,

979 1086 1032 1113 ἀλλ’
1049 1083 1110 1112 οὐδὲ
1125 1087 1202 1123 μέρος
1217 1085 1296 1112 αὐτοῦ
1308 1086 1336 1111 τὸ
1352 1085 1526 1121 ἐλάχιστον...
1541 1084 1595 1112 Ἰνα
1604 1087 1689 1112 τοίνυν
1703 1083 1805 1122 διδαχ-

981 1132 1062 1168 Θώμεν
1074 1132 1139 1167 ὁμοῦ
1152 1135 1182 1167 τῇ
1202 1129 1328 1166 βουλήσει
1339 1134 1385 1156 τοῦ
1401 1133 1467 1156 Θεου
1484 1129 1601 1167 ἁχρόνως
1615 1131 1805 1166 eumipsa-ratu:

979 1178 1023 1202 τὸν
1049 1178 1158 1212 κόσμον,
1181 1177 1281 1211 ιῖρηται
1307 1176 1346 1202 ib.
1366 1185 1380 1199 ‹‹
1403 1174 1442 1202 Ἐν
1472 1173 1543 1212 ἀρχῇ
1568 1174 1699 1204 ὶποίησσν·
1716 1175 1803 1212 »ὅπερ

979 1221 1062 1258 ἕτεροι
1075 1225 1124 1247 τῶν
1140 1220 1309 1257 έρμηνιυτῶν,
1322 1221 1479 1256 σαφέστερον
1505 1220 1548 1246 τὸν
1561 1229 1620 1246 νουν
1647 1217 1804 1252 ὶκδιδόντις,

980 1265 1126 1303 ιὶρὴκασιν.
1143 1275 1157 1290 ‹‹
1181 1264 1222 1292 Ἐν
1232 1263 1362 1301 κεφαλαίῳ
1385 1263 1505 1294 ἐποίησεν
1516 1264 1529 1289 ὁ
1543 1265 1618 1298 Θιός,
1635 1274 1650 1288 ι»
1671 1265 1805 1291 τουτέστιν

980 1309 1079 1347 ἁθρόως
1089 1312 1134 1336 χαὶ
1148 1309 1172 1336 ἄν
1186 1309 1275 1345 ὀλίγῳ·
1290 1309 1352 1336 Aut
1366 1309 1495 1343 fortasse
1514 1308 1549 1337 ob
1561 1309 1676 1344 factam
1691 1309 1723 1337 in
1747 1316 1806 1337 mae

979 1356 1077 1382 mento
1093 1357 1120 1382 et
1133 1354 1211 1382 citra
1226 1356 1341 1388 tempus
1356 1353 1538 1382 creationem
1558 1353 1656 1382 dictus
1671 1356 1724 1385 est,
1739 1363 1754 1379 α
1768 1353 1805 1382 In

977 1398 1130 1434 principio
1171 1398 1244 1432 fecit
1262 1398 1311 1425 '0:
1341 1408 1355 1423 »
1399 1398 1642 1433 quandoquidem
1669 1398 1805 1433 partium

979 1446 1006 1471 et
1021 1443 1175 1471 divisionis
1202 1449 1308 1477 expers
1329 1442 1526 1476 principium.
1551 1442 1805 1476 Quemadmodum

979 1489 1056 1517 enim
1069 1488 1255 1523 principium
1281 1487 1336 1515 via:
1357 1487 1490 1514 nondum
1510 1490 1552 1515 est
1580 1488 1679 1520 via,et
1701 1487 1806 1516 domus

93 1534 195 1569 prium
218 1533 366 1568 recepisse
389 1535 531 1560 ornatum
546 1540 552 1560 :
570 1534 671 1566 utpote
692 1532 773 1567 quod
790 1531 924 1559 nondum
943 1546 963 1574 ε
976 1533 1163 1568 principium
1174 1538 1363 1568 nequaquam
1375 1532 1479 1560 domus
1490 1535 1531 1560 est
1548 1541 1554 1560 :
1571 1539 1613 1560 sic
1626 1535 1653 1560 et
1665 1532 1806 1567 temporis

89 1579 147 1607 sole
157 1585 212 1606 nec
228 1578 303 1605 luna
313 1577 541 1612 splendesceret,
555 1583 650 1612 neque
662 1579 813 1604 astrorum
826 1576 924 1604 choris

90 1626 303 1652 coronaretur.
324 1622 461 1655 Nondum
475 1622 552 1650 enim
580 1621 660 1649 istae
674 1621 797 1649 condita
824 1623 922 1649 erant.

91 1669 191 1702 Quare
202 1676 220 1696 a
231 1668 361 1695 veritate
373 1674 433 1694 non
444 1665 644 1701 aberravcris,
654 1667 681 1694 si
691 1666 797 1694 cretum
812 1666 924 1693 incom-

91 1714 220 1748 positum
237 1713 333 1740 dicas.
349 1711 530 1739 Invisibilem
546 1714 646 1739 autem
662 1714 774 1739 terram
783 1710 924 1745 appella-

93 1759 136 1786 vit
151 1757 186 1785 ob
201 1758 278 1785 duas
289 1763 418 1791 causas;
434 1756 481 1784 vel
495 1755 575 1791 quod
588 1755 722 1783 nondum
746 1758 818 1783 esset
841 1755 924 1782 illius

93 1805 246 1838 spectator
254 1802 355 1834 homo;
369 1801 415 1829 vel
423 1801 502 1836 quod
512 1801 647 1829 demersa
658 1799 868 1828 innatantibus
877 1807 924 1827 su-

92 1855 149 1883 per
177 1848 270 1882 ipsius
295 1846 482 1881 superﬁciem
511 1846 597 1881 aquis
624 1845 721 1873 videri
739 1853 799 1872 non
814 1846 924 1879 posset.

94 1892 238 1921 Nondum
247 1892 325 1920 enim
337 1893 423 1919 erant
435 1898 520 1926 aqua:
530 1891 561 1918 in
570 1897 640 1918 suas
647 1890 788 1918 stationes
802 1896 924 1924 congrc<

93 1940 261 1973 gatz,quas
266 1940 369 1971 postea
375 1938 555 1971 aggregatas
561 1936 636 1964 Deus
644 1935 739 1963 maria
745 1935 923 1969 appellavit.

131 1982 202 2010 Haec
216 1981 351 2018 profecto
377 1980 453 2008 nihil
475 1980 612 2008 redolent
625 1988 663 2008 ex
678 1979 779 2008 subtili
793 1979 844 2007 illa.
859 1979 923 2015 opi-

93 2027 198 2057 nione.
213 2034 281 2063 quae
303 2025 452 2053 mundum
477 2033 548 2053 eum
579 2032 635 2053 suo
654 2026 763 2052 ornatu
777 2023 922 2060 temporis

92 2074 209 2110 puncto
222 2070 369 2108 prodiisse
380 2072 493 2099 censet.
504 2069 584 2098 Idem
598 2069 778 2106 perspicitur
788 2076 824 2097 ex
837 2077 921 2097 num.

95 2120 110 2146 3
128 2116 266 2153 ejusdem
282 2115 426 2149 homilina,
441 2123 471 2151 p.
500 2117 542 2150 I5,
558 2116 587 2143 et
607 2121 643 2142 ex
671 2114 775 2142 homil.
797 2116 822 2149 ὅ,
839 2121 869 2141 n.
896 2115 922 2148 5,

95 2169 128 2198 p.
159 2163 203 2189 tt.
229 2160 363 2189 Occurrit
395 2160 427 2188 in
447 2159 552 2187 homil.
580 2160 606 2195 4,
634 2167 665 2187 n.
692 2160 719 2194 4,
746 2158 817 2186 huic
842 2165 924 2194 quee-

96 2207 202 2236 stioni:
219 2206 253 2234 Si
274 2213 354 2241 aqua
383 2208 448 2233 erat
474 2212 565 2239 super
586 2207 707 2237 terram,
728 2211 803 2232 cava
822 2203 924 2231 omnia

96 2259 164 2289 qum
178 2259 259 2279 nunc
280 2251 410 2286 pelagus
437 2250 602 2284 continent,
617 2249 733 2284 referta
745 2251 842 2277 erant.
864 2249 923 2282 Quo

94 2297 193 2332 igitur
217 2295 396 2331 colligenda:
419 2297 507 2323 erant
533 2301 629 2330 aquae,
643 2294 782 2322 concavis
791 2294 859 2328 jam
878 2300 924 2321 oc-

94 2342 216 2377 cupatis
229 2342 243 2368 ?
256 2340 301 2369 Sic
320 2339 499 2376 respondet:
511 2339 560 2367 Ad
585 2339 649 2368 hac
672 2338 924 2374 respondebimus,

95 2390 169 2416 tunc
184 2390 210 2414 et
224 2385 416 2420 receptacula
428 2385 523 2420 fuisse
533 2387 720 2420 praeparata,
734 2392 801 2412 cum
814 2391 924 2420 aquam

94 2433 230 2468 oportuit
245 2433 277 2459 in
292 2437 383 2459 unum
398 2431 513 2458 secerni
525 2430 798 2465 congregationem.
823 2429 926 2464 Neque

95 2478 175 2506 enim
186 2479 251 2504 erat
262 2475 343 2503 illud
357 2475 437 2511 quod
456 2478 498 2504 est
518 2477 607 2503 extra
634 2474 730 2502 Gades
758 2481 852 2508 mare,
868 2475 924 2501 etc.

130 2522 183 2550 His
205 2521 319 2550 addere
342 2528 404 2548 non
428 2520 553 2556 pigebit,
568 2528 636 2556 quin
651 2519 776 2547 Basilius
789 2519 826 2546 de
843 2526 925 2546 crea-

93 2568 176 2597 tione
187 2566 260 2594 solis
275 2567 419 2602 peracute
431 2565 582 2594 observat.
602 2564 648 2593 Sic
665 2564 797 2600 loquitur
818 2562 924 2591 homil.

92 2614 119 2641 4.
137 2620 169 2641 n.
189 2614 204 2639 5
218 2619 249 2647 p.
266 2613 299 2639 37
317 2618 323 2644 ;
339 2608 395 2636 Ἰνα
409 2612 444 2646 μὴ
461 2613 497 2645 τῷ
514 2609 578 2646 ἡλίῳ
607 2611 651 2638 τὴν
674 2612 719 2635 τοῦ
749 2607 926 2645 ἰωαξηραὶνιιν

94 2661 142 2688 τήν
182 2661 233 2693 γῆν
277 2655 364 2682 αἰτίαν
396 2656 559 2692 προσθῶμεν,
589 2654 768 2692 πρεσϐυτέραν
794 2658 842 2685 τῆς
880 2657 926 2679 τοῦ

95 2703 172 2732 ἡλίου
190 2702 314 2738 γενέσεως
346 2702 392 2729 τὴν
420 2699 551 2738 ξηρότητα
578 2704 624 2731 τῆς
645 2703 695 2736 γῆς
723 2700 735 2725 ὁ
765 2699 928 2736 Δημιουργός

136 2784 160 2802 ιο
180 2783 255 2812 Gen.
274 2790 294 2817 ι,
313 2784 337 2810 t.

264 2828 388 2855 PATROL.
405 2826 454 2855 Gs.
484 2827 583 2855 XXXII.

976 1578 1162 1613 principium
1182 1577 1315 1606 nondum
1331 1580 1446 1611 tempus
1469 1577 1596 1612 est,‘imo
1616 1584 1710 1613 neque
1730 1583 1806 1612 pars

977 1623 1071 1657 ipsius
1100 1622 1261 1650 minima...
1278 1622 1378 1656 [gitur
1406 1623 1439 1649 ut
1463 1621 1610 1649 mundum
1650 1621 1807 1649 voluntate

978 1668 1034 1695 Dei
1048 1667 1125 1695 citra
1140 1667 1236 1695 ullam
1251 1667 1392 1701 temporis
1408 1673 1524 1694 moram
1538 1666 1630 1694 simul
1643 1665 1807 1696 substitisse

978 1713 1166 1746 edoceamur,
1190 1712 1303 1740 dictum
1328 1714 1393 1739 est:
1424 1711 1488 1738 «In
1513 1711 1666 1746 principio
1690 1711 1773 1746 fecit.
1791 1721 1805 1736 υ

980 1757 1065 1791 Quod
1077 1758 1175 1792 ipsum
1185 1757 1363 1791 interpretes
1370 1756 1438 1790 alii,
1451 1756 1630 1784 sententiam
1642 1755 1806 1784 dilucidius

979 1802 1146 1835 reddentes,
1161 1801 1318 1830 dixerunt:
1342 1811 1356 1826 α
1381 1801 1417 1829 In
1433 1801 1567 1836 capitulo
1589 1801 1661 1836 fecit
1686 1800 1775 1832 Deus,
1791 1810 1805 1825 η

980 1847 1095 1877 hocest,
1107 1846 1203 1874 subito
1214 1848 1242 1874 et
1265 1845 1356 1874 brevi.
1388 1844 1446 1873 Sed
1472 1852 1508 1872 ex
1534 1844 1580 1872 his
1604 1843 1706 1872 verbis
1731 1842 1808 1872 nihil

979 1891 1061 1920 aliud
1076 1890 1174 1926 colligi
1187 1892 1295 1926 potest,
1309 1889 1366 1918 nisi
1378 1889 1410 1918 id
1429 1888 1512 1925 quod
1527 1888 1686 1916 Christiani
1698 1896 1806 1917 omnes

979 1944 1100 1972 semper
1123 1936 1294 1968 tenuerunt,
1320 1933 1423 1962 omnia
1445 1933 1591 1970 temporis
1619 1935 1775 1961 momento
1791 1940 1806 1961 e

978 1980 1072 2010 nihilo
1085 1979 1204 2013 educta,
1216 1987 1271 2007 nec
1286 1978 1457 2015 quidquam
1471 1978 1521 2006 Dei
1536 1977 1681 2006 restitisse
1702 1977 1807 2006 volun-

979 2026 1040 2054 tati.
1056 2025 1131 2054 IIinc
1150 2024 1230 2053 idem
1245 2024 1333 2052 docet
1359 2022 1485 2052 Basilius
1508 2022 1545 2051 de
1560 2022 1596 2050 iis
1610 2030 1679 2058 qua:
1695 2021 1807 2057 sigilla-

978 2070 1031 2099 tim
1055 2070 1095 2099 ad
1119 2069 1227 2098 mundi
1242 2070 1384 2097 ornatum
1408 2067 1557 2104 prodiere.
1585 2067 1631 2096 Sic
1660 2067 1741 2095 enim
1769 2066 1807 2095 de

977 2117 1063 2144 terra:
1073 2113 1260 2150 germinibus
1274 2113 1407 2149 loquitur
1421 2111 1566 2147 homil.,ti.
1584 2118 1614 2140 n.
1632 2114 1658 2146 5,
1669 2118 1741 2148 pag.
1752 2112 1787 2139 tt
1799 2119 1806 2139 ε

978 2160 1014 2189 In
1031 2161 1155 2188 minimo
1177 2159 1265 2187 etiam
1282 2158 1424 2192 temporis
1451 2159 1565 2192 puncto
1589 2157 1808 2192 germinatione

977 2213 1086 2234 exorsa
1108 2208 1201 2237 terra,
1218 2206 1250 2231 ut
1275 2202 1448 2231 Conditoris
1478 2203 1555 2236 leges
1584 2203 1728 2234 servaret,
1752 2207 1808 2236 per

978 2258 1093 2279 omnem
1106 2249 1284 2277 accretionis
1292 2247 1418 2281 speciem
1427 2245 1638 2281 progrediens;
1650 2244 1807 2280 confestim

979 2295 1116 2331 germina
1130 2292 1254 2321 deduxit
1270 2291 1310 2320 ad
1319 2291 1544 2326 perfectionem.

1353 2364 1366 2397 §
1387 2363 1431 2389 γι.

980 2421 1001 2450 1.
1027 2419 1211 2449 Traditionis
1222 2417 1388 2447 auctoritas
1402 2416 1526 2452 defensa
1541 2423 1559 2444 a
1573 2418 1676 2444 sancto
1689 2414 1807 2452 Basilio

1015 2457 1158 2485 adversus
1181 2454 1363 2482 Eunomium
1388 2455 1415 2480 et
1439 2451 1746 2480 'Pneumatomachos.
1772 2451 1807 2479 II.

1021 2493 1113 2521 Valde
1123 2492 1211 2519 etiam
1223 2490 1373 2517 studiosus
1382 2489 1495 2516 exstitit
1511 2488 1655 2516 catholici
1664 2487 1808 2515 sermonis

1016 2527 1206 2562 defendendi.
1231 2525 1309 2562 Quid
1330 2525 1366 2562 de
1389 2524 1520 2552 conciliis
1543 2523 1724 2562 sentiat.l_ll_.
1745 2522 1809 2562 ραν

1016 2557 1206 2592 aduersarios
1229 2557 1270 2589 (id
1291 2561 1480 2595 Scripturam
1505 2562 1658 2594 provocat.
1679 2559 1722 2595 ιγ,
1740 2557 1808 2595 Quo

1015 2607 1103 2628 sensu
1113 2599 1214 2626 omnia
1228 2593 1394 2634 Scripturis
1411 2593 1630 2634 conﬁi'Manda,
1641 2593 1810 2634 nihiliSt-ri-

1013 2636 1114 2671 pluris
1129 2629 1403 2671 addendum-dixit.
1419 2632 1452 2658 V.
1465 2631 1530 2671 Quo
1543 2638 1630 2671 sensu
1655 2629 1809 2671 auditores

1014 2667 1146 2706 'probare
1156 2669 1260 2698 debere
1277 2675 1344 2704 qua:
1358 2675 1376 2696 α
1389 2667 1543 2702 magistris
1556 2667 1713 2694 dicuntur.

1019 2744 1040 2770 I.
1062 2743 1126 2770 Non
1141 2741 1265 2769 interest
1278 2746 1394 2773 eorum,
1414 2738 1467 2774 qui
1493 2739 1591 2766 sectas
1612 2736 1652 2765 ab
1679 2734 1810 2764 Ecclesia

1617 2819 1634 2845 2
