  <div class='ocr_page' id='page_1' title='image "/cluster/home/n/w/nwhite01/storage/ocr_20150623/32/njp.32101077772539/029.png"; bbox 0 0 2027 3144; ppageno 0'>
   <div class='ocr_carea' id='block_1_1' title="bbox 255 125 1962 158">
    <p class='ocr_par' dir='ltr' id='par_1_1' title="bbox 255 125 1962 158">
     <span class='ocr_line' id='line_1_1' title="bbox 255 125 1962 158; baseline 0.002 -6"><span class='ocrx_word' id='word_1_1' title='bbox 255 132 287 158; x_wconf 70' lang='grc'><strong>43</strong></span> <span class='ocrx_word' id='word_1_2' title='bbox 1017 125 1212 156; x_wconf 70' lang='grc' dir='ltr'><strong>ΡΚιΕΡΑΤΙΟ.</strong></span> <span class='ocrx_word' id='word_1_3' title='bbox 1927 129 1962 156; x_wconf 52' lang='lat' dir='ltr'><strong>at</strong></span> 
     </span>
    </p>
   </div>
   <div class='ocr_carea' id='block_1_2' title="bbox 246 188 1961 226">
    <p class='ocr_par' dir='ltr' id='par_1_2' title="bbox 246 188 1961 226">
     <span class='ocr_line' id='line_1_2' title="bbox 246 188 1961 226; baseline -0.001 -6"><span class='ocrx_word' id='word_1_4' title='bbox 246 193 435 222; x_wconf 84' lang='lat' dir='ltr'><strong>dissidentes</strong></span> <span class='ocrx_word' id='word_1_5' title='bbox 446 191 623 223; x_wconf 86' lang='lat' dir='ltr'><strong>defendunt,</strong></span> <span class='ocrx_word' id='word_1_6' title='bbox 634 191 665 219; x_wconf 93' lang='lat' dir='ltr'><strong>in</strong></span> <span class='ocrx_word' id='word_1_7' title='bbox 684 190 731 219; x_wconf 89' lang='lat' dir='ltr'><strong>his</strong></span> <span class='ocrx_word' id='word_1_8' title='bbox 747 189 944 225; x_wconf 80' lang='lat' dir='ltr'><strong>argumentis,</strong></span> <span class='ocrx_word' id='word_1_9' title='bbox 956 196 1024 224; x_wconf 67' lang='lat' dir='ltr'><strong>quae</strong></span> <span class='ocrx_word' id='word_1_10' title='bbox 1039 188 1078 216; x_wconf 85' lang='lat' dir='ltr'><strong>ad</strong></span> <span class='ocrx_word' id='word_1_11' title='bbox 1093 190 1116 216; x_wconf 77' lang='grc' dir='ltr'>Α</span> <span class='ocrx_word' id='word_1_12' title='bbox 1133 191 1248 224; x_wconf 79' lang='lat' dir='ltr'><strong>tempus</strong></span> <span class='ocrx_word' id='word_1_13' title='bbox 1263 191 1345 224; x_wconf 86' lang='lat' dir='ltr'><strong>apud</strong></span> <span class='ocrx_word' id='word_1_14' title='bbox 1359 193 1402 218; x_wconf 90' lang='lat' dir='ltr'><strong>tot</strong></span> <span class='ocrx_word' id='word_1_15' title='bbox 1429 193 1548 219; x_wconf 81' lang='lat' dir='ltr'><strong>sanctos</strong></span> <span class='ocrx_word' id='word_1_16' title='bbox 1573 191 1711 226; x_wconf 84' lang='lat' dir='ltr'><strong>obtinuit,</strong></span> <span class='ocrx_word' id='word_1_17' title='bbox 1740 190 1831 225; x_wconf 87' lang='lat' dir='ltr'><strong>impio</strong></span> <span class='ocrx_word' id='word_1_18' title='bbox 1862 193 1961 219; x_wconf 79' lang='lat' dir='ltr'><strong>vestro</strong></span> 
     </span>
    </p>
   </div>
   <div class='ocr_carea' id='block_1_3' title="bbox 253 233 1077 266">
    <p class='ocr_par' dir='ltr' id='par_1_3' title="bbox 253 233 1077 266">
     <span class='ocr_line' id='line_1_3' title="bbox 253 233 1077 266; baseline -0.008 0"><span class='ocrx_word' id='word_1_19' title='bbox 253 237 391 266; x_wconf 61' lang='lat' dir='ltr'><strong>Ecclesia;</strong></span> <span class='ocrx_word' id='word_1_20' title='bbox 407 240 435 265; x_wconf 90' lang='lat' dir='ltr'><strong>et</strong></span> <span class='ocrx_word' id='word_1_21' title='bbox 450 237 620 265; x_wconf 70' lang='lat' dir='ltr'><strong>traditionis</strong></span> <span class='ocrx_word' id='word_1_22' title='bbox 632 236 658 264; x_wconf 91' lang='lat' dir='ltr'><strong>ci</strong></span> <span class='ocrx_word' id='word_1_23' title='bbox 685 235 854 264; x_wconf 71' lang='lat' dir='ltr'><strong>commissee</strong></span> <span class='ocrx_word' id='word_1_24' title='bbox 871 233 1077 262; x_wconf 84' lang='lat' dir='ltr'><strong>auctoritatem</strong></span> 
     </span>
    </p>
   </div>
   <div class='ocr_carea' id='block_1_4' title="bbox 250 277 1077 319">
    <p class='ocr_par' dir='ltr' id='par_1_4' title="bbox 250 277 1077 319">
     <span class='ocr_line' id='line_1_4' title="bbox 250 277 1077 319; baseline -0.008 -8"><span class='ocrx_word' id='word_1_25' title='bbox 250 285 396 319; x_wconf 76' lang='lat' dir='ltr'><strong>spectant,</strong></span> <span class='ocrx_word' id='word_1_26' title='bbox 413 290 478 310; x_wconf 87' lang='lat' dir='ltr'><strong>sese</strong></span> <span class='ocrx_word' id='word_1_27' title='bbox 492 281 657 309; x_wconf 80' lang='lat' dir='ltr'><strong>venditare.</strong></span> <span class='ocrx_word' id='word_1_28' title='bbox 672 282 745 309; x_wconf 89' lang='lat' dir='ltr'><strong>Cum</strong></span> <span class='ocrx_word' id='word_1_29' title='bbox 756 281 835 308; x_wconf 90' lang='lat' dir='ltr'><strong>enim</strong></span> <span class='ocrx_word' id='word_1_30' title='bbox 852 278 973 307; x_wconf 81' lang='lat' dir='ltr'><strong>eventui</strong></span> <span class='ocrx_word' id='word_1_31' title='bbox 988 277 1077 305; x_wconf 86' lang='lat' dir='ltr'><strong>unius</strong></span> 
     </span>
    </p>
   </div>
   <div class='ocr_carea' id='block_1_5' title="bbox 251 323 1077 364">
    <p class='ocr_par' dir='ltr' id='par_1_5' title="bbox 251 323 1077 364">
     <span class='ocr_line' id='line_1_5' title="bbox 251 323 1077 364; baseline -0.007 -8"><span class='ocrx_word' id='word_1_32' title='bbox 251 336 361 364; x_wconf 71' lang='lat' dir='ltr'><strong>pugnas</strong></span> <span class='ocrx_word' id='word_1_33' title='bbox 376 336 431 355; x_wconf 89' lang='lat' dir='ltr'><strong>sua</strong></span> <span class='ocrx_word' id='word_1_34' title='bbox 445 327 548 355; x_wconf 82' lang='lat' dir='ltr'><strong>omnia</strong></span> <span class='ocrx_word' id='word_1_35' title='bbox 557 326 757 359; x_wconf 84' lang='lat' dir='ltr'><strong>committunt,</strong></span> <span class='ocrx_word' id='word_1_36' title='bbox 771 325 923 360; x_wconf 85' lang='lat' dir='ltr'><strong>semelque</strong></span> <span class='ocrx_word' id='word_1_37' title='bbox 932 324 989 352; x_wconf 87' lang='lat' dir='ltr'><strong>hac</strong></span> <span class='ocrx_word' id='word_1_38' title='bbox 1002 323 1032 350; x_wconf 89' lang='lat' dir='ltr'><strong>in</strong></span> <span class='ocrx_word' id='word_1_39' title='bbox 1046 330 1077 350; x_wconf 89' lang='lat' dir='ltr'><strong>re</strong></span> 
     </span>
    </p>
   </div>
   <div class='ocr_carea' id='block_1_6' title="bbox 250 369 1075 410">
    <p class='ocr_par' dir='ltr' id='par_1_6' title="bbox 250 369 1075 410">
     <span class='ocr_line' id='line_1_6' title="bbox 250 369 1075 410; baseline -0.007 -10"><span class='ocrx_word' id='word_1_40' title='bbox 250 373 335 400; x_wconf 87' lang='lat' dir='ltr'><strong>victis</strong></span> <span class='ocrx_word' id='word_1_41' title='bbox 357 372 430 400; x_wconf 86' lang='lat' dir='ltr'><strong>nihil</strong></span> <span class='ocrx_word' id='word_1_42' title='bbox 443 373 579 408; x_wconf 78' lang='lat' dir='ltr'><strong>superest</strong></span> <span class='ocrx_word' id='word_1_43' title='bbox 594 371 633 398; x_wconf 88' lang='lat' dir='ltr'><strong>ad</strong></span> <span class='ocrx_word' id='word_1_44' title='bbox 653 378 751 410; x_wconf 57' lang='lat' dir='ltr'><strong>causas</strong></span> <span class='ocrx_word' id='word_1_45' title='bbox 767 369 992 397; x_wconf 88' lang='lat' dir='ltr'><strong>defensionem:</strong></span> <span class='ocrx_word' id='word_1_46' title='bbox 1012 370 1075 395; x_wconf 90' lang='lat' dir='ltr'><strong>tum</strong></span> 
     </span>
    </p>
   </div>
   <div class='ocr_carea' id='block_1_7' title="bbox 250 412 1076 450">
    <p class='ocr_par' dir='ltr' id='par_1_7' title="bbox 250 412 1076 450">
     <span class='ocr_line' id='line_1_7' title="bbox 250 412 1076 450; baseline -0.007 -5"><span class='ocrx_word' id='word_1_47' title='bbox 250 425 322 445; x_wconf 87' lang='lat' dir='ltr'><strong>vero</strong></span> <span class='ocrx_word' id='word_1_48' title='bbox 337 425 372 445; x_wconf 91' lang='lat' dir='ltr'><strong>eo</strong></span> <span class='ocrx_word' id='word_1_49' title='bbox 387 416 503 445; x_wconf 86' lang='lat' dir='ltr'><strong>facilius</strong></span> <span class='ocrx_word' id='word_1_50' title='bbox 515 417 546 444; x_wconf 94' lang='lat' dir='ltr'><strong>in</strong></span> <span class='ocrx_word' id='word_1_51' title='bbox 561 417 618 444; x_wconf 85' lang='lat' dir='ltr'><strong>hoc</strong></span> <span class='ocrx_word' id='word_1_52' title='bbox 629 415 772 450; x_wconf 81' lang='lat' dir='ltr'><strong>dogmate</strong></span> <span class='ocrx_word' id='word_1_53' title='bbox 782 422 875 450; x_wconf 87' lang='lat' dir='ltr'><strong>quam</strong></span> <span class='ocrx_word' id='word_1_54' title='bbox 893 414 922 441; x_wconf 90' lang='lat' dir='ltr'><strong>in</strong></span> <span class='ocrx_word' id='word_1_55' title='bbox 934 413 998 441; x_wconf 87' lang='lat' dir='ltr'><strong>aliis</strong></span> <span class='ocrx_word' id='word_1_56' title='bbox 1012 412 1076 440; x_wconf 83' lang='lat' dir='ltr'><strong>vin-</strong></span> 
     </span>
    </p>
   </div>
   <div class='ocr_carea' id='block_1_8' title="bbox 249 457 1075 498">
    <p class='ocr_par' dir='ltr' id='par_1_8' title="bbox 249 457 1075 498">
     <span class='ocr_line' id='line_1_8' title="bbox 249 457 1075 498; baseline -0.007 -8"><span class='ocrx_word' id='word_1_57' title='bbox 249 461 452 498; x_wconf 87' lang='lat' dir='ltr'><strong>cuntur,quod</strong></span> <span class='ocrx_word' id='word_1_58' title='bbox 464 469 500 488; x_wconf 89' lang='lat' dir='ltr'><strong>ne</strong></span> <span class='ocrx_word' id='word_1_59' title='bbox 511 460 619 488; x_wconf 90' lang='lat' dir='ltr'><strong>erroris</strong></span> <span class='ocrx_word' id='word_1_60' title='bbox 629 459 752 496; x_wconf 88' lang='lat' dir='ltr'><strong>quidem</strong></span> <span class='ocrx_word' id='word_1_61' title='bbox 766 459 895 487; x_wconf 78' lang='lat' dir='ltr'><strong>novitate</strong></span> <span class='ocrx_word' id='word_1_62' title='bbox 905 457 1075 486; x_wconf 85' lang='lat' dir='ltr'><strong>molestiam</strong></span> 
     </span>
    </p>
   </div>
   <div class='ocr_carea' id='block_1_9' title="bbox 248 503 1074 541">
    <p class='ocr_par' dir='ltr' id='par_1_9' title="bbox 248 503 1074 541">
     <span class='ocr_line' id='line_1_9' title="bbox 248 503 1074 541; baseline -0.006 -7"><span class='ocrx_word' id='word_1_63' title='bbox 248 507 409 541; x_wconf 81' lang='lat' dir='ltr'><strong>facessunt,</strong></span> <span class='ocrx_word' id='word_1_64' title='bbox 421 505 474 533; x_wconf 92' lang='lat' dir='ltr'><strong>sed</strong></span> <span class='ocrx_word' id='word_1_65' title='bbox 485 505 622 532; x_wconf 88' lang='lat' dir='ltr'><strong>omnium</strong></span> <span class='ocrx_word' id='word_1_66' title='bbox 644 504 863 537; x_wconf 71' lang='lat' dir='ltr'><strong>haereticorum,</strong></span> <span class='ocrx_word' id='word_1_67' title='bbox 872 503 922 539; x_wconf 89' lang='lat' dir='ltr'><strong>qui</strong></span> <span class='ocrx_word' id='word_1_68' title='bbox 937 509 1074 538; x_wconf 86' lang='lat' dir='ltr'><strong>unquam</strong></span> 
     </span>
    </p>
   </div>
   <div class='ocr_carea' id='block_1_10' title="bbox 247 549 1075 584">
    <p class='ocr_par' dir='ltr' id='par_1_10' title="bbox 247 549 1075 584">
     <span class='ocr_line' id='line_1_10' title="bbox 247 549 1075 584; baseline -0.006 -6"><span class='ocrx_word' id='word_1_69' title='bbox 247 551 378 584; x_wconf 81' lang='lat' dir='ltr'><strong>extitere,</strong></span> <span class='ocrx_word' id='word_1_70' title='bbox 402 549 535 583; x_wconf 85' lang='lat' dir='ltr'><strong>vestigiis</strong></span> <span class='ocrx_word' id='word_1_71' title='bbox 570 549 723 576; x_wconf 89' lang='lat' dir='ltr'><strong>insistunt.</strong></span> <span class='ocrx_word' id='word_1_72' title='bbox 749 551 847 576; x_wconf 82' lang='lat' dir='ltr'><strong>Ausus</strong></span> <span class='ocrx_word' id='word_1_73' title='bbox 889 550 934 575; x_wconf 92' lang='lat' dir='ltr'><strong>est</strong></span> <span class='ocrx_word' id='word_1_74' title='bbox 973 549 1075 574; x_wconf 87' lang='lat' dir='ltr'><strong>tamen</strong></span> 
     </span>
    </p>
   </div>
   <div class='ocr_carea' id='block_1_11' title="bbox 248 591 1075 630">
    <p class='ocr_par' dir='ltr' id='par_1_11' title="bbox 248 591 1075 630">
     <span class='ocr_line' id='line_1_11' title="bbox 248 591 1075 630; baseline -0.006 -7"><span class='ocrx_word' id='word_1_75' title='bbox 248 595 395 623; x_wconf 87' lang='lat' dir='ltr'><strong>Scultetus</strong></span> <span class='ocrx_word' id='word_1_76' title='bbox 409 595 475 630; x_wconf 86' lang='lat' dir='ltr'><strong>(tO&#39;)</strong></span> <span class='ocrx_word' id='word_1_77' title='bbox 491 594 529 622; x_wconf 89' lang='lat' dir='ltr'><strong>ad</strong></span> <span class='ocrx_word' id='word_1_78' title='bbox 549 594 730 622; x_wconf 89' lang='lat' dir='ltr'><strong>acerrimum</strong></span> <span class='ocrx_word' id='word_1_79' title='bbox 745 592 912 622; x_wconf 83' lang='lat' dir='ltr'><strong>traditionis</strong></span> <span class='ocrx_word' id='word_1_80' title='bbox 936 591 1075 619; x_wconf 82' lang='lat' dir='ltr'><strong>defenso-</strong></span> 
     </span>
    </p>
   </div>
   <div class='ocr_carea' id='block_1_12' title="bbox 245 637 1074 675">
    <p class='ocr_par' dir='ltr' id='par_1_12' title="bbox 245 637 1074 675">
     <span class='ocr_line' id='line_1_12' title="bbox 245 637 1074 675; baseline -0.006 -8"><span class='ocrx_word' id='word_1_81' title='bbox 245 648 310 668; x_wconf 85' lang='lat' dir='ltr'><strong>rem</strong></span> <span class='ocrx_word' id='word_1_82' title='bbox 339 639 480 667; x_wconf 86' lang='lat' dir='ltr'><strong>Basilium</strong></span> <span class='ocrx_word' id='word_1_83' title='bbox 508 647 685 675; x_wconf 81' lang='lat' dir='ltr'><strong>provocare.</strong></span> <span class='ocrx_word' id='word_1_84' title='bbox 712 646 767 666; x_wconf 88' lang='lat' dir='ltr'><strong>nec</strong></span> <span class='ocrx_word' id='word_1_85' title='bbox 797 637 900 665; x_wconf 84' lang='lat' dir='ltr'><strong>timide</strong></span> <span class='ocrx_word' id='word_1_86' title='bbox 925 639 977 664; x_wconf 87' lang='lat' dir='ltr'><strong>aut</strong></span> <span class='ocrx_word' id='word_1_87' title='bbox 993 644 1074 663; x_wconf 60' lang='lat' dir='ltr'><strong>vr-re-</strong></span> 
     </span>
    </p>
   </div>
   <div class='ocr_carea' id='block_1_13' title="bbox 247 681 1072 717">
    <p class='ocr_par' dir='ltr' id='par_1_13' title="bbox 247 681 1072 717">
     <span class='ocr_line' id='line_1_13' title="bbox 247 681 1072 717; baseline -0.005 -4"><span class='ocrx_word' id='word_1_88' title='bbox 247 685 345 713; x_wconf 82' lang='lat' dir='ltr'><strong>cunde</strong></span> <span class='ocrx_word' id='word_1_89' title='bbox 364 688 500 712; x_wconf 85' lang='lat' dir='ltr'><strong>versatur</strong></span> <span class='ocrx_word' id='word_1_90' title='bbox 523 684 552 712; x_wconf 90' lang='lat' dir='ltr'><strong>in</strong></span> <span class='ocrx_word' id='word_1_91' title='bbox 582 684 660 712; x_wconf 80' lang='lat' dir='ltr'><strong>illitis</strong></span> <span class='ocrx_word' id='word_1_92' title='bbox 685 683 864 711; x_wconf 87' lang='lat' dir='ltr'><strong>testimoniis</strong></span> <span class='ocrx_word' id='word_1_93' title='bbox 887 681 1072 717; x_wconf 85' lang='lat' dir='ltr'><strong>colligendis.</strong></span> 
     </span>
    </p>
   </div>
   <div class='ocr_carea' id='block_1_14' title="bbox 246 727 1073 765">
    <p class='ocr_par' dir='ltr' id='par_1_14' title="bbox 246 727 1073 765">
     <span class='ocr_line' id='line_1_14' title="bbox 246 727 1073 765; baseline -0.005 -7"><span class='ocrx_word' id='word_1_94' title='bbox 246 730 303 759; x_wconf 87' lang='lat' dir='ltr'><strong>Sed</strong></span> <span class='ocrx_word' id='word_1_95' title='bbox 321 733 353 758; x_wconf 90' lang='lat' dir='ltr'><strong>ut</strong></span> <span class='ocrx_word' id='word_1_96' title='bbox 366 729 486 758; x_wconf 88' lang='lat' dir='ltr'><strong>Sculteti</strong></span> <span class='ocrx_word' id='word_1_97' title='bbox 499 729 651 757; x_wconf 79' lang='lat' dir='ltr'><strong>temeritas</strong></span> <span class='ocrx_word' id='word_1_98' title='bbox 663 729 692 756; x_wconf 88' lang='lat' dir='ltr'><strong>in</strong></span> <span class='ocrx_word' id='word_1_99' title='bbox 708 731 851 765; x_wconf 89' lang='lat' dir='ltr'><strong>promptu</strong></span> <span class='ocrx_word' id='word_1_100' title='bbox 867 727 1010 756; x_wconf 87' lang='lat' dir='ltr'><strong>omnibus</strong></span> <span class='ocrx_word' id='word_1_101' title='bbox 1025 728 1073 758; x_wconf 93' lang='lat' dir='ltr'><strong>sit,</strong></span> 
     </span>
    </p>
   </div>
   <div class='ocr_carea' id='block_1_15' title="bbox 245 773 1074 812">
    <p class='ocr_par' dir='ltr' id='par_1_15' title="bbox 245 773 1074 812">
     <span class='ocr_line' id='line_1_15' title="bbox 245 773 1074 812; baseline -0.005 -9"><span class='ocrx_word' id='word_1_102' title='bbox 245 775 350 812; x_wconf 84' lang='lat' dir='ltr'><strong>paucis</strong></span> <span class='ocrx_word' id='word_1_103' title='bbox 375 774 557 811; x_wconf 84' lang='lat' dir='ltr'><strong>exponenda</strong></span> <span class='ocrx_word' id='word_1_104' title='bbox 579 775 607 802; x_wconf 93' lang='lat' dir='ltr'><strong>S.</strong></span> <span class='ocrx_word' id='word_1_105' title='bbox 625 774 755 802; x_wconf 88' lang='lat' dir='ltr'><strong>doctoris</strong></span> <span class='ocrx_word' id='word_1_106' title='bbox 781 773 952 801; x_wconf 81' lang='lat' dir='ltr'><strong>sententia:</strong></span> <span class='ocrx_word' id='word_1_107' title='bbox 979 780 1074 808; x_wconf 85' lang='lat' dir='ltr'><strong>quan-</strong></span> 
     </span>
    </p>
   </div>
   <div class='ocr_carea' id='block_1_16' title="bbox 245 817 1073 856">
    <p class='ocr_par' dir='ltr' id='par_1_16' title="bbox 245 817 1073 856">
     <span class='ocr_line' id='line_1_16' title="bbox 245 817 1073 856; baseline -0.005 -8"><span class='ocrx_word' id='word_1_108' title='bbox 245 828 338 856; x_wconf 82' lang='lat' dir='ltr'><strong>quam</strong></span> <span class='ocrx_word' id='word_1_109' title='bbox 355 819 492 847; x_wconf 76' lang='lat' dir='ltr'><strong>Ecclesire</strong></span> <span class='ocrx_word' id='word_1_110' title='bbox 519 819 710 847; x_wconf 89' lang='lat' dir='ltr'><strong>traditionem</strong></span> <span class='ocrx_word' id='word_1_111' title='bbox 738 826 799 846; x_wconf 90' lang='lat' dir='ltr'><strong>non</strong></span> <span class='ocrx_word' id='word_1_112' title='bbox 829 818 926 852; x_wconf 86' lang='lat' dir='ltr'><strong>magis</strong></span> <span class='ocrx_word' id='word_1_113' title='bbox 949 817 1073 845; x_wconf 84' lang='lat' dir='ltr'><strong>eruditis</strong></span> 
     </span>
    </p>
   </div>
   <div class='ocr_carea' id='block_1_17' title="bbox 245 861 1072 901">
    <p class='ocr_par' dir='ltr' id='par_1_17' title="bbox 245 861 1072 901">
     <span class='ocr_line' id='line_1_17' title="bbox 245 861 1072 901; baseline -0.005 -9"><span class='ocrx_word' id='word_1_114' title='bbox 245 864 374 901; x_wconf 86' lang='lat' dir='ltr'><strong>scriptis,</strong></span> <span class='ocrx_word' id='word_1_115' title='bbox 391 872 485 900; x_wconf 90' lang='lat' dir='ltr'><strong>quam</strong></span> <span class='ocrx_word' id='word_1_116' title='bbox 498 863 589 891; x_wconf 84' lang='lat' dir='ltr'><strong>rebus</strong></span> <span class='ocrx_word' id='word_1_117' title='bbox 615 862 728 891; x_wconf 86' lang='lat' dir='ltr'><strong>fortiter</strong></span> <span class='ocrx_word' id='word_1_118' title='bbox 743 862 834 897; x_wconf 84' lang='lat' dir='ltr'><strong>gestis</strong></span> <span class='ocrx_word' id='word_1_119' title='bbox 849 861 992 890; x_wconf 78' lang='lat' dir='ltr'><strong>defendit.</strong></span> <span class='ocrx_word' id='word_1_120' title='bbox 1009 863 1072 889; x_wconf 88' lang='lat' dir='ltr'><strong>Non</strong></span> 
     </span>
    </p>
   </div>
   <div class='ocr_carea' id='block_1_18' title="bbox 244 906 1072 944">
    <p class='ocr_par' dir='ltr' id='par_1_18' title="bbox 244 906 1072 944">
     <span class='ocr_line' id='line_1_18' title="bbox 244 906 1072 944; baseline -0.004 -8"><span class='ocrx_word' id='word_1_121' title='bbox 244 910 344 944; x_wconf 83' lang='lat' dir='ltr'><strong>segnis</strong></span> <span class='ocrx_word' id='word_1_122' title='bbox 360 916 432 936; x_wconf 84' lang='lat' dir='ltr'><strong>sane</strong></span> <span class='ocrx_word' id='word_1_123' title='bbox 445 910 473 936; x_wconf 87' lang='lat' dir='ltr'><strong>et</strong></span> <span class='ocrx_word' id='word_1_124' title='bbox 487 907 648 942; x_wconf 81' lang='lat' dir='ltr'><strong>indiligens</strong></span> <span class='ocrx_word' id='word_1_125' title='bbox 661 915 753 943; x_wconf 84' lang='lat' dir='ltr'><strong>opera</strong></span> <span class='ocrx_word' id='word_1_126' title='bbox 769 907 847 934; x_wconf 90' lang='lat' dir='ltr'><strong>illius</strong></span> <span class='ocrx_word' id='word_1_127' title='bbox 862 906 892 934; x_wconf 88' lang='lat' dir='ltr'><strong>in</strong></span> <span class='ocrx_word' id='word_1_128' title='bbox 917 906 1072 942; x_wconf 83' lang='lat' dir='ltr'><strong>explican-</strong></span> 
     </span>
    </p>
   </div>
   <div class='ocr_carea' id='block_1_19' title="bbox 242 951 1073 989">
    <p class='ocr_par' dir='ltr' id='par_1_19' title="bbox 242 951 1073 989">
     <span class='ocr_line' id='line_1_19' title="bbox 242 951 1073 989; baseline -0.004 -8"><span class='ocrx_word' id='word_1_129' title='bbox 242 954 288 981; x_wconf 88' lang='lat' dir='ltr'><strong>dis</strong></span> <span class='ocrx_word' id='word_1_130' title='bbox 303 953 463 989; x_wconf 88' lang='lat' dir='ltr'><strong>Scripturis</strong></span> <span class='ocrx_word' id='word_1_131' title='bbox 479 961 486 986; x_wconf 85' lang='lat'><strong>;</strong></span> <span class='ocrx_word' id='word_1_132' title='bbox 505 953 556 980; x_wconf 84' lang='lat' dir='ltr'><strong>sed</strong></span> <span class='ocrx_word' id='word_1_133' title='bbox 572 952 653 980; x_wconf 89' lang='lat' dir='ltr'><strong>idem</strong></span> <span class='ocrx_word' id='word_1_134' title='bbox 669 952 833 980; x_wconf 83' lang='lat' dir='ltr'><strong>acerrimus</strong></span> <span class='ocrx_word' id='word_1_135' title='bbox 851 952 960 979; x_wconf 78' lang='lat' dir='ltr'><strong>exstitit</strong></span> <span class='ocrx_word' id='word_1_136' title='bbox 983 951 1073 980; x_wconf 87' lang='lat' dir='ltr'><strong>tradi-</strong></span> 
     </span>
    </p>
   </div>
   <div class='ocr_carea' id='block_1_20' title="bbox 243 996 1072 1026">
    <p class='ocr_par' dir='ltr' id='par_1_20' title="bbox 243 996 1072 1026">
     <span class='ocr_line' id='line_1_20' title="bbox 243 996 1072 1026; baseline -0.004 0"><span class='ocrx_word' id='word_1_137' title='bbox 243 998 331 1026; x_wconf 88' lang='lat' dir='ltr'><strong>tionis</strong></span> <span class='ocrx_word' id='word_1_138' title='bbox 346 998 496 1026; x_wconf 86' lang='lat' dir='ltr'><strong>defensor.</strong></span> <span class='ocrx_word' id='word_1_139' title='bbox 515 997 608 1025; x_wconf 85' lang='lat' dir='ltr'><strong>Probe</strong></span> <span class='ocrx_word' id='word_1_140' title='bbox 629 997 710 1024; x_wconf 88' lang='lat' dir='ltr'><strong>enim</strong></span> <span class='ocrx_word' id='word_1_141' title='bbox 735 996 847 1024; x_wconf 80' lang='lat' dir='ltr'><strong>sciebat</strong></span> <span class='ocrx_word' id='word_1_142' title='bbox 869 997 996 1024; x_wconf 82' lang='lat' dir='ltr'><strong>verbum</strong></span> <span class='ocrx_word' id='word_1_143' title='bbox 1022 996 1072 1024; x_wconf 89' lang='lat' dir='ltr'><strong>Dei</strong></span> 
     </span>
    </p>
   </div>
   <div class='ocr_carea' id='block_1_21' title="bbox 242 1041 1072 1078">
    <p class='ocr_par' dir='ltr' id='par_1_21' title="bbox 242 1041 1072 1078">
     <span class='ocr_line' id='line_1_21' title="bbox 242 1041 1072 1078; baseline -0.002 -7"><span class='ocrx_word' id='word_1_144' title='bbox 242 1051 304 1071; x_wconf 89' lang='lat' dir='ltr'><strong>non</strong></span> <span class='ocrx_word' id='word_1_145' title='bbox 324 1042 420 1071; x_wconf 88' lang='lat' dir='ltr'><strong>solum</strong></span> <span class='ocrx_word' id='word_1_146' title='bbox 448 1042 559 1078; x_wconf 90' lang='lat' dir='ltr'><strong>scripto</strong></span> <span class='ocrx_word' id='word_1_147' title='bbox 586 1041 626 1069; x_wconf 86' lang='lat' dir='ltr'><strong>ab</strong></span> <span class='ocrx_word' id='word_1_148' title='bbox 651 1041 805 1077; x_wconf 84' lang='lat' dir='ltr'><strong>apostolis,</strong></span> <span class='ocrx_word' id='word_1_149' title='bbox 823 1041 876 1068; x_wconf 90' lang='lat' dir='ltr'><strong>sed</strong></span> <span class='ocrx_word' id='word_1_150' title='bbox 899 1041 986 1069; x_wconf 90' lang='lat' dir='ltr'><strong>etiam</strong></span> <span class='ocrx_word' id='word_1_151' title='bbox 1003 1041 1072 1069; x_wconf 81' lang='lat' dir='ltr'><strong>viva</strong></span> 
     </span>
    </p>
   </div>
   <div class='ocr_carea' id='block_1_22' title="bbox 240 1085 1070 1122">
    <p class='ocr_par' dir='ltr' id='par_1_22' title="bbox 240 1085 1070 1122">
     <span class='ocr_line' id='line_1_22' title="bbox 240 1085 1070 1122; baseline -0.004 -6"><span class='ocrx_word' id='word_1_152' title='bbox 240 1096 314 1116; x_wconf 82' lang='lat' dir='ltr'><strong>voce</strong></span> <span class='ocrx_word' id='word_1_153' title='bbox 330 1088 471 1116; x_wconf 88' lang='lat' dir='ltr'><strong>traditum</strong></span> <span class='ocrx_word' id='word_1_154' title='bbox 483 1086 745 1119; x_wconf 71' lang='lat' dir='ltr'><strong>Ecclesiie&#39;fuisse;</strong></span> <span class='ocrx_word' id='word_1_155' title='bbox 761 1088 789 1113; x_wconf 90' lang='lat' dir='ltr'><strong>et</strong></span> <span class='ocrx_word' id='word_1_156' title='bbox 801 1086 884 1122; x_wconf 92' lang='lat' dir='ltr'><strong>quod</strong></span> <span class='ocrx_word' id='word_1_157' title='bbox 897 1086 1027 1114; x_wconf 81' lang='lat' dir='ltr'><strong>Ecclesia</strong></span> <span class='ocrx_word' id='word_1_158' title='bbox 1040 1085 1070 1113; x_wconf 90' lang='lat' dir='ltr'><strong>in</strong></span> 
     </span>
    </p>
   </div>
   <div class='ocr_carea' id='block_1_23' title="bbox 241 1130 1070 1163">
    <p class='ocr_par' dir='ltr' id='par_1_23' title="bbox 241 1130 1070 1163">
     <span class='ocr_line' id='line_1_23' title="bbox 241 1130 1070 1163; baseline -0.002 -3"><span class='ocrx_word' id='word_1_159' title='bbox 241 1133 384 1160; x_wconf 91' lang='lat' dir='ltr'><strong>omnibus</strong></span> <span class='ocrx_word' id='word_1_160' title='bbox 395 1131 514 1159; x_wconf 54' lang='lat' dir='ltr'><strong>suculis</strong></span> <span class='ocrx_word' id='word_1_161' title='bbox 526 1133 698 1159; x_wconf 57' lang='lat' dir='ltr'><strong>constanter</strong></span> <span class='ocrx_word' id='word_1_162' title='bbox 707 1131 819 1163; x_wconf 89' lang='lat' dir='ltr'><strong>docuit,</strong></span> <span class='ocrx_word' id='word_1_163' title='bbox 831 1131 860 1158; x_wconf 90' lang='lat' dir='ltr'><strong>id</strong></span> <span class='ocrx_word' id='word_1_164' title='bbox 872 1139 934 1159; x_wconf 91' lang='lat' dir='ltr'><strong>non</strong></span> <span class='ocrx_word' id='word_1_165' title='bbox 950 1130 1070 1158; x_wconf 79' lang='lat' dir='ltr'><strong>aliunde</strong></span> 
     </span>
    </p>
   </div>
   <div class='ocr_carea' id='block_1_24' title="bbox 242 1175 1068 1214">
    <p class='ocr_par' dir='ltr' id='par_1_24' title="bbox 242 1175 1068 1214">
     <span class='ocr_line' id='line_1_24' title="bbox 242 1175 1068 1214; baseline -0.002 -10"><span class='ocrx_word' id='word_1_166' title='bbox 242 1185 336 1214; x_wconf 87' lang='lat' dir='ltr'><strong>quam</strong></span> <span class='ocrx_word' id='word_1_167' title='bbox 348 1177 386 1204; x_wconf 87' lang='lat' dir='ltr'><strong>ab</strong></span> <span class='ocrx_word' id='word_1_168' title='bbox 398 1175 542 1212; x_wconf 85' lang='lat' dir='ltr'><strong>apostolis</strong></span> <span class='ocrx_word' id='word_1_169' title='bbox 553 1178 712 1211; x_wconf 86' lang='lat' dir='ltr'><strong>acceptum</strong></span> <span class='ocrx_word' id='word_1_170' title='bbox 724 1182 798 1211; x_wconf 80' lang='lat' dir='ltr'><strong>esse,</strong></span> <span class='ocrx_word' id='word_1_171' title='bbox 808 1183 862 1203; x_wconf 89' lang='lat' dir='ltr'><strong>nec</strong></span> <span class='ocrx_word' id='word_1_172' title='bbox 875 1175 914 1203; x_wconf 86' lang='lat' dir='ltr'><strong>ab</strong></span> <span class='ocrx_word' id='word_1_173' title='bbox 929 1183 975 1209; x_wconf 90' lang='lat' dir='ltr'><strong>eo,</strong></span> <span class='ocrx_word' id='word_1_174' title='bbox 987 1175 1068 1211; x_wconf 84' lang='lat' dir='ltr'><strong>quod</strong></span> 
     </span>
    </p>
   </div>
   <div class='ocr_carea' id='block_1_25' title="bbox 241 1219 1069 1258">
    <p class='ocr_par' dir='ltr' id='par_1_25' title="bbox 241 1219 1069 1258">
     <span class='ocr_line' id='line_1_25' title="bbox 241 1219 1069 1258; baseline -0.004 -8"><span class='ocrx_word' id='word_1_175' title='bbox 241 1222 426 1258; x_wconf 86' lang='lat' dir='ltr'><strong>scripserunt</strong></span> <span class='ocrx_word' id='word_1_176' title='bbox 463 1221 603 1257; x_wconf 79' lang='lat' dir='ltr'><strong>apOStoli,</strong></span> <span class='ocrx_word' id='word_1_177' title='bbox 633 1220 734 1248; x_wconf 86' lang='lat' dir='ltr'><strong>divelli</strong></span> <span class='ocrx_word' id='word_1_178' title='bbox 765 1228 864 1256; x_wconf 84' lang='lat' dir='ltr'><strong>posse,</strong></span> <span class='ocrx_word' id='word_1_179' title='bbox 893 1220 951 1248; x_wconf 85' lang='lat' dir='ltr'><strong>nisi</strong></span> <span class='ocrx_word' id='word_1_180' title='bbox 986 1219 1069 1247; x_wconf 83' lang='lat' dir='ltr'><strong>aliud</strong></span> 
     </span>
    </p>
   </div>
   <div class='ocr_carea' id='block_1_26' title="bbox 239 1265 1069 1303">
    <p class='ocr_par' dir='ltr' id='par_1_26' title="bbox 239 1265 1069 1303">
     <span class='ocr_line' id='line_1_26' title="bbox 239 1265 1069 1303; baseline -0.004 -9"><span class='ocrx_word' id='word_1_181' title='bbox 239 1266 350 1303; x_wconf 81' lang='lat' dir='ltr'><strong>scripto</strong></span> <span class='ocrx_word' id='word_1_182' title='bbox 364 1265 504 1302; x_wconf 85' lang='lat' dir='ltr'><strong>apostoli,</strong></span> <span class='ocrx_word' id='word_1_183' title='bbox 523 1265 605 1293; x_wconf 87' lang='lat' dir='ltr'><strong>aliud</strong></span> <span class='ocrx_word' id='word_1_184' title='bbox 617 1265 685 1293; x_wconf 87' lang='lat' dir='ltr'><strong>viva</strong></span> <span class='ocrx_word' id='word_1_185' title='bbox 695 1273 769 1292; x_wconf 85' lang='lat' dir='ltr'><strong>voce</strong></span> <span class='ocrx_word' id='word_1_186' title='bbox 784 1265 923 1292; x_wconf 88' lang='lat' dir='ltr'><strong>docuisse</strong></span> <span class='ocrx_word' id='word_1_187' title='bbox 948 1265 1069 1299; x_wconf 84' lang='lat' dir='ltr'><strong>ﬁngan-</strong></span> 
     </span>
    </p>
   </div>
   <div class='ocr_carea' id='block_1_27' title="bbox 239 1309 1068 1346">
    <p class='ocr_par' dir='ltr' id='par_1_27' title="bbox 239 1309 1068 1346">
     <span class='ocr_line' id='line_1_27' title="bbox 239 1309 1068 1346; baseline -0.001 -7"><span class='ocrx_word' id='word_1_188' title='bbox 239 1315 298 1340; x_wconf 84' lang='lat' dir='ltr'><strong>tur.</strong></span> <span class='ocrx_word' id='word_1_189' title='bbox 316 1312 409 1346; x_wconf 88' lang='lat' dir='ltr'><strong>Hujus</strong></span> <span class='ocrx_word' id='word_1_190' title='bbox 425 1311 580 1338; x_wconf 72' lang='lat' dir='ltr'><strong>sententia:</strong></span> <span class='ocrx_word' id='word_1_191' title='bbox 597 1310 775 1346; x_wconf 79' lang='lat' dir='ltr'><strong>praeclarum</strong></span> <span class='ocrx_word' id='word_1_192' title='bbox 796 1310 916 1346; x_wconf 85' lang='lat' dir='ltr'><strong>reliquit</strong></span> <span class='ocrx_word' id='word_1_193' title='bbox 935 1309 1068 1338; x_wconf 88' lang='lat' dir='ltr'><strong>testimo-</strong></span> 
     </span>
    </p>
   </div>
   <div class='ocr_carea' id='block_1_28' title="bbox 238 1347 1069 1391">
    <p class='ocr_par' dir='ltr' id='par_1_28' title="bbox 238 1347 1069 1391">
     <span class='ocr_line' id='line_1_28' title="bbox 238 1347 1069 1391; baseline -0.002 -7"><span class='ocrx_word' id='word_1_194' title='bbox 238 1356 324 1384; x_wconf 88' lang='lat' dir='ltr'><strong>nium</strong></span> <span class='ocrx_word' id='word_1_195' title='bbox 353 1356 382 1383; x_wconf 89' lang='lat' dir='ltr'><strong>in</strong></span> <span class='ocrx_word' id='word_1_196' title='bbox 406 1355 483 1382; x_wconf 86' lang='lat' dir='ltr'><strong>libro</strong></span> <span class='ocrx_word' id='word_1_197' title='bbox 512 1355 611 1391; x_wconf 90' lang='lat' dir='ltr'><strong>primo</strong></span> <span class='ocrx_word' id='word_1_198' title='bbox 637 1347 782 1383; x_wconf 75' lang='lat' dir='ltr'><strong>adversus</strong></span> <span class='ocrx_word' id='word_1_199' title='bbox 808 1355 1000 1387; x_wconf 85' lang='lat' dir='ltr'><strong>Eunomium,</strong></span> <span class='ocrx_word' id='word_1_200' title='bbox 1016 1355 1069 1390; x_wconf 88' lang='lat' dir='ltr'><strong>qui</strong></span> 
     </span>
    </p>
   </div>
   <div class='ocr_carea' id='block_1_29' title="bbox 240 1399 1067 1429">
    <p class='ocr_par' dir='ltr' id='par_1_29' title="bbox 240 1399 1067 1429">
     <span class='ocr_line' id='line_1_29' title="bbox 240 1399 1067 1429; baseline -0.002 0"><span class='ocrx_word' id='word_1_201' title='bbox 240 1409 309 1429; x_wconf 88' lang='lat' dir='ltr'><strong>cum</strong></span> <span class='ocrx_word' id='word_1_202' title='bbox 321 1401 352 1428; x_wconf 90' lang='lat' dir='ltr'><strong>in</strong></span> <span class='ocrx_word' id='word_1_203' title='bbox 366 1400 504 1428; x_wconf 86' lang='lat' dir='ltr'><strong>doctrina</strong></span> <span class='ocrx_word' id='word_1_204' title='bbox 515 1399 657 1427; x_wconf 86' lang='lat' dir='ltr'><strong>divinitus</strong></span> <span class='ocrx_word' id='word_1_205' title='bbox 671 1399 801 1428; x_wconf 84' lang='lat' dir='ltr'><strong>revelata</strong></span> <span class='ocrx_word' id='word_1_206' title='bbox 816 1399 956 1427; x_wconf 85' lang='lat' dir='ltr'><strong>eamdem</strong></span> <span class='ocrx_word' id='word_1_207' title='bbox 978 1408 1013 1428; x_wconf 88' lang='lat' dir='ltr'><strong>ac</strong></span> <span class='ocrx_word' id='word_1_208' title='bbox 1037 1400 1067 1427; x_wconf 90' lang='lat' dir='ltr'><strong>in</strong></span> 
     </span>
    </p>
   </div>
   <div class='ocr_carea' id='block_1_30' title="bbox 239 1444 1069 1482">
    <p class='ocr_par' dir='ltr' id='par_1_30' title="bbox 239 1444 1069 1482">
     <span class='ocr_line' id='line_1_30' title="bbox 239 1444 1069 1482; baseline -0.001 -9"><span class='ocrx_word' id='word_1_209' title='bbox 239 1445 331 1473; x_wconf 89' lang='lat' dir='ltr'><strong>rebus</strong></span> <span class='ocrx_word' id='word_1_210' title='bbox 342 1445 558 1482; x_wconf 87' lang='lat' dir='ltr'><strong>pbilosophicis</strong></span> <span class='ocrx_word' id='word_1_211' title='bbox 573 1444 724 1472; x_wconf 83' lang='lat' dir='ltr'><strong>licentiam</strong></span> <span class='ocrx_word' id='word_1_212' title='bbox 736 1447 858 1480; x_wconf 81' lang='lat' dir='ltr'><strong>peteret,</strong></span> <span class='ocrx_word' id='word_1_213' title='bbox 871 1453 906 1472; x_wconf 88' lang='lat' dir='ltr'><strong>ac</strong></span> <span class='ocrx_word' id='word_1_214' title='bbox 916 1445 945 1471; x_wconf 93' lang='lat' dir='ltr'><strong>in</strong></span> <span class='ocrx_word' id='word_1_215' title='bbox 962 1445 1069 1472; x_wconf 80' lang='lat' dir='ltr'><strong>Catho-</strong></span> 
     </span>
    </p>
   </div>
   <div class='ocr_carea' id='block_1_31' title="bbox 237 1489 1067 1526">
    <p class='ocr_par' dir='ltr' id='par_1_31' title="bbox 237 1489 1067 1526">
     <span class='ocr_line' id='line_1_31' title="bbox 237 1489 1067 1526; baseline -0.002 -8"><span class='ocrx_word' id='word_1_216' title='bbox 237 1490 311 1518; x_wconf 90' lang='lat' dir='ltr'><strong>licos</strong></span> <span class='ocrx_word' id='word_1_217' title='bbox 321 1490 482 1525; x_wconf 82' lang='lat' dir='ltr'><strong>jocaretur.</strong></span> <span class='ocrx_word' id='word_1_218' title='bbox 493 1489 580 1526; x_wconf 86' lang='lat' dir='ltr'><strong>quasi</strong></span> <span class='ocrx_word' id='word_1_219' title='bbox 591 1497 628 1518; x_wconf 73' lang='lat' dir='ltr'><strong>ex</strong></span> <span class='ocrx_word' id='word_1_220' title='bbox 638 1489 832 1517; x_wconf 78' lang='lat' dir='ltr'><strong>multitudine</strong></span> <span class='ocrx_word' id='word_1_221' title='bbox 843 1497 944 1517; x_wconf 79' lang='lat' dir='ltr'><strong>verum</strong></span> <span class='ocrx_word' id='word_1_222' title='bbox 958 1497 976 1516; x_wconf 92' lang='lat' dir='ltr'><strong>a</strong></span> <span class='ocrx_word' id='word_1_223' title='bbox 986 1490 1067 1523; x_wconf 86' lang='lat' dir='ltr'><strong>falso</strong></span> 
     </span>
    </p>
   </div>
   <div class='ocr_carea' id='block_1_32' title="bbox 1132 235 1961 272">
    <p class='ocr_par' dir='ltr' id='par_1_32' title="bbox 1132 235 1961 272">
     <span class='ocr_line' id='line_1_32' title="bbox 1132 235 1961 272; baseline 0.001 -10"><span class='ocrx_word' id='word_1_224' title='bbox 1132 238 1296 263; x_wconf 86' lang='lat' dir='ltr'><strong>commento</strong></span> <span class='ocrx_word' id='word_1_225' title='bbox 1321 239 1575 271; x_wconf 83' lang='lat' dir='ltr'><strong>postponeremus.</strong></span> <span class='ocrx_word' id='word_1_226' title='bbox 1617 238 1655 264; x_wconf 85' lang='lat' dir='ltr'><strong>Ex</strong></span> <span class='ocrx_word' id='word_1_227' title='bbox 1691 236 1736 264; x_wconf 84' lang='lat' dir='ltr'><strong>his</strong></span> <span class='ocrx_word' id='word_1_228' title='bbox 1758 235 1961 272; x_wconf 83' lang='lat' dir='ltr'><strong>perspicimus</strong></span> 
     </span>
    </p>
   </div>
   <div class='ocr_carea' id='block_1_33' title="bbox 1132 280 1959 309">
    <p class='ocr_par' dir='ltr' id='par_1_33' title="bbox 1132 280 1959 309">
     <span class='ocr_line' id='line_1_33' title="bbox 1132 280 1959 309; baseline 0.001 -3"><span class='ocrx_word' id='word_1_229' title='bbox 1132 280 1235 308; x_wconf 87' lang='lat' dir='ltr'><strong>omnia</strong></span> <span class='ocrx_word' id='word_1_230' title='bbox 1250 280 1363 308; x_wconf 89' lang='lat' dir='ltr'><strong>diaboli</strong></span> <span class='ocrx_word' id='word_1_231' title='bbox 1377 281 1502 309; x_wconf 86' lang='lat' dir='ltr'><strong>artiﬁcia</strong></span> <span class='ocrx_word' id='word_1_232' title='bbox 1513 282 1542 309; x_wconf 92' lang='lat' dir='ltr'><strong>in</strong></span> <span class='ocrx_word' id='word_1_233' title='bbox 1550 281 1731 309; x_wconf 86' lang='lat' dir='ltr'><strong>suscitandis</strong></span> <span class='ocrx_word' id='word_1_234' title='bbox 1744 280 1910 309; x_wconf 67' lang='lat' dir='ltr'><strong>heresibus</strong></span> <span class='ocrx_word' id='word_1_235' title='bbox 1923 288 1959 308; x_wconf 90' lang='lat' dir='ltr'><strong>eo</strong></span> 
     </span>
    </p>
   </div>
   <div class='ocr_carea' id='block_1_34' title="bbox 1132 325 1958 362">
    <p class='ocr_par' dir='ltr' id='par_1_34' title="bbox 1132 325 1958 362">
     <span class='ocr_line' id='line_1_34' title="bbox 1132 325 1958 362; baseline 0.001 -11"><span class='ocrx_word' id='word_1_236' title='bbox 1132 327 1295 360; x_wconf 81' lang='lat' dir='ltr'><strong>spectasse.</strong></span> <span class='ocrx_word' id='word_1_237' title='bbox 1309 329 1340 353; x_wconf 86' lang='lat' dir='ltr'><strong>ut</strong></span> <span class='ocrx_word' id='word_1_238' title='bbox 1360 326 1557 362; x_wconf 83' lang='lat' dir='ltr'><strong>apostolicam</strong></span> <span class='ocrx_word' id='word_1_239' title='bbox 1571 325 1840 362; x_wconf 63' lang='lat' dir='ltr'><strong>praedicationem,</strong></span> <span class='ocrx_word' id='word_1_240' title='bbox 1863 332 1958 361; x_wconf 86' lang='lat' dir='ltr'><strong>quam</strong></span> 
     </span>
    </p>
   </div>
   <div class='ocr_carea' id='block_1_35' title="bbox 1132 368 1958 407">
    <p class='ocr_par' dir='ltr' id='par_1_35' title="bbox 1132 368 1958 407">
     <span class='ocr_line' id='line_1_35' title="bbox 1132 368 1958 407; baseline 0.001 -12"><span class='ocrx_word' id='word_1_241' title='bbox 1132 368 1262 397; x_wconf 85' lang='lat' dir='ltr'><strong>Ecclesia</strong></span> <span class='ocrx_word' id='word_1_242' title='bbox 1275 369 1361 398; x_wconf 78' lang='lat' dir='ltr'><strong>veluti</strong></span> <span class='ocrx_word' id='word_1_243' title='bbox 1373 378 1492 398; x_wconf 88' lang='lat' dir='ltr'><strong>sacrum</strong></span> <span class='ocrx_word' id='word_1_244' title='bbox 1503 371 1674 407; x_wconf 88' lang='lat' dir='ltr'><strong>depositum</strong></span> <span class='ocrx_word' id='word_1_245' title='bbox 1685 370 1825 402; x_wconf 85' lang='lat' dir='ltr'><strong>custodit,</strong></span> <span class='ocrx_word' id='word_1_246' title='bbox 1837 369 1958 406; x_wconf 84' lang='lat' dir='ltr'><strong>penitus</strong></span> 
     </span>
    </p>
   </div>
   <div class='ocr_carea' id='block_1_36' title="bbox 1131 413 1958 450">
    <p class='ocr_par' dir='ltr' id='par_1_36' title="bbox 1131 413 1958 450">
     <span class='ocr_line' id='line_1_36' title="bbox 1131 413 1958 450; baseline 0.001 -10"><span class='ocrx_word' id='word_1_247' title='bbox 1131 413 1329 448; x_wconf 81' lang='lat' dir='ltr'><strong>convelleret;</strong></span> <span class='ocrx_word' id='word_1_248' title='bbox 1351 415 1403 442; x_wconf 87' lang='lat' dir='ltr'><strong>sed</strong></span> <span class='ocrx_word' id='word_1_249' title='bbox 1419 416 1483 450; x_wconf 83' lang='lat' dir='ltr'><strong>ejus</strong></span> <span class='ocrx_word' id='word_1_250' title='bbox 1503 417 1630 443; x_wconf 84' lang='lat' dir='ltr'><strong>conatus</strong></span> <span class='ocrx_word' id='word_1_251' title='bbox 1653 415 1752 443; x_wconf 87' lang='lat' dir='ltr'><strong>irritos</strong></span> <span class='ocrx_word' id='word_1_252' title='bbox 1767 415 1872 443; x_wconf 83' lang='lat' dir='ltr'><strong>fuisse.</strong></span> <span class='ocrx_word' id='word_1_253' title='bbox 1901 413 1958 446; x_wconf 86' lang='lat' dir='ltr'><strong>Qui</strong></span> 
     </span>
    </p>
   </div>
   <div class='ocr_carea' id='block_1_37' title="bbox 1130 460 1958 495">
    <p class='ocr_par' dir='ltr' id='par_1_37' title="bbox 1130 460 1958 495">
     <span class='ocr_line' id='line_1_37' title="bbox 1130 460 1958 495; baseline 0.001 -10"><span class='ocrx_word' id='word_1_254' title='bbox 1130 466 1202 493; x_wconf 87' lang='lat' dir='ltr'><strong>ergo</strong></span> <span class='ocrx_word' id='word_1_255' title='bbox 1223 460 1415 487; x_wconf 74' lang='lat' dir='ltr'><strong>traditionem</strong></span> <span class='ocrx_word' id='word_1_256' title='bbox 1442 468 1496 494; x_wconf 87' lang='lat' dir='ltr'><strong>per</strong></span> <span class='ocrx_word' id='word_1_257' title='bbox 1522 461 1713 495; x_wconf 79' lang='lat' dir='ltr'><strong>prteterilum</strong></span> <span class='ocrx_word' id='word_1_258' title='bbox 1729 467 1814 488; x_wconf 87' lang='lat' dir='ltr'><strong>omne</strong></span> <span class='ocrx_word' id='word_1_259' title='bbox 1842 463 1958 494; x_wconf 91' lang='lat' dir='ltr'><strong>tempus</strong></span> 
     </span>
    </p>
   </div>
   <div class='ocr_carea' id='block_1_38' title="bbox 1129 503 1957 541">
    <p class='ocr_par' dir='ltr' id='par_1_38' title="bbox 1129 503 1957 541">
     <span class='ocr_line' id='line_1_38' title="bbox 1129 503 1957 541; baseline 0 -10"><span class='ocrx_word' id='word_1_260' title='bbox 1129 503 1214 538; x_wconf 83' lang='lat' dir='ltr'><strong>apud</strong></span> <span class='ocrx_word' id='word_1_261' title='bbox 1223 507 1265 531; x_wconf 87' lang='lat' dir='ltr'><strong>tot</strong></span> <span class='ocrx_word' id='word_1_262' title='bbox 1273 508 1392 532; x_wconf 83' lang='lat' dir='ltr'><strong>sanctos</strong></span> <span class='ocrx_word' id='word_1_263' title='bbox 1403 505 1600 540; x_wconf 77' lang='lat' dir='ltr'><strong>praedicatum</strong></span> <span class='ocrx_word' id='word_1_264' title='bbox 1610 505 1838 541; x_wconf 84' lang='lat' dir='ltr'><strong>impugnarunt,</strong></span> <span class='ocrx_word' id='word_1_265' title='bbox 1856 503 1885 532; x_wconf 88' lang='lat' dir='ltr'><strong>hi</strong></span> <span class='ocrx_word' id='word_1_266' title='bbox 1897 511 1957 531; x_wconf 92' lang='lat' dir='ltr'><strong>non</strong></span> 
     </span>
    </p>
   </div>
   <div class='ocr_carea' id='block_1_39' title="bbox 1131 547 1956 586">
    <p class='ocr_par' dir='ltr' id='par_1_39' title="bbox 1131 547 1956 586">
     <span class='ocr_line' id='line_1_39' title="bbox 1131 547 1956 586; baseline 0 -11"><span class='ocrx_word' id='word_1_267' title='bbox 1131 548 1273 583; x_wconf 85' lang='lat' dir='ltr'><strong>Spiritum</strong></span> <span class='ocrx_word' id='word_1_268' title='bbox 1286 552 1425 577; x_wconf 85' lang='lat' dir='ltr'><strong>sanctum</strong></span> <span class='ocrx_word' id='word_1_269' title='bbox 1442 549 1471 577; x_wconf 89' lang='lat' dir='ltr'><strong>in</strong></span> <span class='ocrx_word' id='word_1_270' title='bbox 1487 549 1646 586; x_wconf 85' lang='lat' dir='ltr'><strong>Scripturis</strong></span> <span class='ocrx_word' id='word_1_271' title='bbox 1658 548 1890 585; x_wconf 87' lang='lat' dir='ltr'><strong>interpretandis</strong></span> <span class='ocrx_word' id='word_1_272' title='bbox 1900 547 1956 576; x_wconf 88' lang='lat' dir='ltr'><strong>du-</strong></span> 
     </span>
    </p>
   </div>
   <div class='ocr_carea' id='block_1_40' title="bbox 1130 593 1956 625">
    <p class='ocr_par' dir='ltr' id='par_1_40' title="bbox 1130 593 1956 625">
     <span class='ocr_line' id='line_1_40' title="bbox 1130 593 1956 625; baseline 0 -5"><span class='ocrx_word' id='word_1_273' title='bbox 1130 601 1195 620; x_wconf 88' lang='lat' dir='ltr'><strong>cem</strong></span> <span class='ocrx_word' id='word_1_274' title='bbox 1210 593 1392 625; x_wconf 87' lang='lat' dir='ltr'><strong>habuerunt,</strong></span> <span class='ocrx_word' id='word_1_275' title='bbox 1410 594 1462 621; x_wconf 90' lang='lat' dir='ltr'><strong>sed</strong></span> <span class='ocrx_word' id='word_1_276' title='bbox 1475 594 1588 622; x_wconf 87' lang='lat' dir='ltr'><strong>diaboli</strong></span> <span class='ocrx_word' id='word_1_277' title='bbox 1615 594 1653 621; x_wconf 90' lang='lat' dir='ltr'><strong>ad</strong></span> <span class='ocrx_word' id='word_1_278' title='bbox 1682 593 1878 622; x_wconf 72' lang='lat' dir='ltr'><strong>ever-tandum</strong></span> <span class='ocrx_word' id='word_1_279' title='bbox 1905 594 1956 620; x_wconf 86' lang='lat' dir='ltr'><strong>Ec-</strong></span> 
     </span>
    </p>
   </div>
   <div class='ocr_carea' id='block_1_41' title="bbox 1129 636 1957 671">
    <p class='ocr_par' dir='ltr' id='par_1_41' title="bbox 1129 636 1957 671">
     <span class='ocr_line' id='line_1_41' title="bbox 1129 636 1957 671; baseline 0 -7"><span class='ocrx_word' id='word_1_280' title='bbox 1129 636 1251 665; x_wconf 88' lang='lat' dir='ltr'><strong>clesiam</strong></span> <span class='ocrx_word' id='word_1_281' title='bbox 1273 638 1420 665; x_wconf 88' lang='lat' dir='ltr'><strong>emissarii</strong></span> <span class='ocrx_word' id='word_1_282' title='bbox 1445 637 1621 666; x_wconf 82' lang='lat' dir='ltr'><strong>fuere.tlinc</strong></span> <span class='ocrx_word' id='word_1_283' title='bbox 1638 638 1788 666; x_wconf 67' lang='lat' dir='ltr'><strong>haeresum</strong></span> <span class='ocrx_word' id='word_1_284' title='bbox 1809 637 1957 671; x_wconf 81' lang='lat' dir='ltr'><strong>originem</strong></span> 
     </span>
    </p>
   </div>
   <div class='ocr_carea' id='block_1_42' title="bbox 1129 680 1957 718">
    <p class='ocr_par' dir='ltr' id='par_1_42' title="bbox 1129 680 1957 718">
     <span class='ocr_line' id='line_1_42' title="bbox 1129 680 1957 718; baseline 0 -10"><span class='ocrx_word' id='word_1_285' title='bbox 1129 689 1164 708; x_wconf 79' lang='lat' dir='ltr'><strong>cx</strong></span> <span class='ocrx_word' id='word_1_286' title='bbox 1181 684 1355 718; x_wconf 82' lang='lat' dir='ltr'><strong>contemptu</strong></span> <span class='ocrx_word' id='word_1_287' title='bbox 1373 685 1547 710; x_wconf 87' lang='lat' dir='ltr'><strong>sanctorum</strong></span> <span class='ocrx_word' id='word_1_288' title='bbox 1561 684 1679 710; x_wconf 84' lang='lat' dir='ltr'><strong>Patrum</strong></span> <span class='ocrx_word' id='word_1_289' title='bbox 1703 682 1809 718; x_wconf 89' lang='lat' dir='ltr'><strong>repetit</strong></span> <span class='ocrx_word' id='word_1_290' title='bbox 1832 680 1957 709; x_wconf 82' lang='lat' dir='ltr'><strong>Basilius</strong></span> 
     </span>
    </p>
   </div>
   <div class='ocr_carea' id='block_1_43' title="bbox 1129 726 1955 762">
    <p class='ocr_par' dir='ltr' id='par_1_43' title="bbox 1129 726 1955 762">
     <span class='ocr_line' id='line_1_43' title="bbox 1129 726 1955 762; baseline -0.001 -9"><span class='ocrx_word' id='word_1_291' title='bbox 1129 726 1159 754; x_wconf 90' lang='lat' dir='ltr'><strong>in</strong></span> <span class='ocrx_word' id='word_1_292' title='bbox 1173 727 1390 755; x_wconf 81' lang='lat' dir='ltr'><strong>commentario</strong></span> <span class='ocrx_word' id='word_1_293' title='bbox 1401 727 1432 755; x_wconf 83' lang='lat' dir='ltr'><strong>in</strong></span> <span class='ocrx_word' id='word_1_294' title='bbox 1452 728 1571 756; x_wconf 84' lang='lat' dir='ltr'><strong>Isaiam.</strong></span> <span class='ocrx_word' id='word_1_295' title='bbox 1587 728 1739 755; x_wconf 78' lang='lat' dir='ltr'><strong>Nonnulli</strong></span> <span class='ocrx_word' id='word_1_296' title='bbox 1752 729 1832 761; x_wconf 86' lang='lat' dir='ltr'><strong>sunt,</strong></span> <span class='ocrx_word' id='word_1_297' title='bbox 1848 726 1955 762; x_wconf 89' lang='lat' dir='ltr'><strong>inquit,</strong></span> 
     </span>
    </p>
   </div>
   <div class='ocr_carea' id='block_1_44' title="bbox 1129 771 1956 808">
    <p class='ocr_par' dir='ltr' id='par_1_44' title="bbox 1129 771 1956 808">
     <span class='ocr_line' id='line_1_44' title="bbox 1129 771 1956 808; baseline -0.001 -10"><span class='ocrx_word' id='word_1_298' title='bbox 1129 772 1170 807; x_wconf 92' lang='lat' dir='ltr'><strong>(p.</strong></span> <span class='ocrx_word' id='word_1_299' title='bbox 1188 773 1260 806; x_wconf 72' lang='lat'><strong>5523),</strong></span> <span class='ocrx_word' id='word_1_300' title='bbox 1278 773 1330 808; x_wconf 91' lang='lat' dir='ltr'><strong>qui</strong></span> <span class='ocrx_word' id='word_1_301' title='bbox 1342 780 1407 800; x_wconf 85' lang='lat' dir='ltr'><strong>cum</strong></span> <span class='ocrx_word' id='word_1_302' title='bbox 1422 774 1528 800; x_wconf 81' lang='lat' dir='ltr'><strong>Patres</strong></span> <span class='ocrx_word' id='word_1_303' title='bbox 1539 775 1565 800; x_wconf 90' lang='lat' dir='ltr'><strong>et</strong></span> <span class='ocrx_word' id='word_1_304' title='bbox 1577 772 1691 800; x_wconf 85' lang='lat' dir='ltr'><strong>tradita</strong></span> <span class='ocrx_word' id='word_1_305' title='bbox 1705 772 1742 800; x_wconf 88' lang='lat' dir='ltr'><strong>ab</strong></span> <span class='ocrx_word' id='word_1_306' title='bbox 1757 772 1798 799; x_wconf 79' lang='lat' dir='ltr'><strong>eis</strong></span> <span class='ocrx_word' id='word_1_307' title='bbox 1813 771 1956 806; x_wconf 81' lang='lat' dir='ltr'><strong>dogmata</strong></span> 
     </span>
    </p>
   </div>
   <div class='ocr_carea' id='block_1_45' title="bbox 1126 816 1954 852">
    <p class='ocr_par' dir='ltr' id='par_1_45' title="bbox 1126 816 1954 852">
     <span class='ocr_line' id='line_1_45' title="bbox 1126 816 1954 852; baseline 0 -9"><span class='ocrx_word' id='word_1_308' title='bbox 1126 816 1300 850; x_wconf 79' lang='lat' dir='ltr'><strong>fastidiunt,</strong></span> <span class='ocrx_word' id='word_1_309' title='bbox 1317 818 1375 852; x_wconf 76' lang='lat' dir='ltr'><strong>ipsi</strong></span> <span class='ocrx_word' id='word_1_310' title='bbox 1401 817 1546 846; x_wconf 72' lang='lat' dir='ltr'><strong>han-esum</strong></span> <span class='ocrx_word' id='word_1_311' title='bbox 1573 818 1698 852; x_wconf 85' lang='lat' dir='ltr'><strong>cupiunt</strong></span> <span class='ocrx_word' id='word_1_312' title='bbox 1726 824 1787 845; x_wconf 82' lang='lat' dir='ltr'><strong>esse</strong></span> <span class='ocrx_word' id='word_1_313' title='bbox 1805 818 1954 845; x_wconf 85' lang='lat' dir='ltr'><strong>auctores.</strong></span> 
     </span>
    </p>
   </div>
   <div class='ocr_carea' id='block_1_46' title="bbox 1093 860 1956 898">
    <p class='ocr_par' dir='ltr' id='par_1_46' title="bbox 1093 860 1956 898">
     <span class='ocr_line' id='line_1_46' title="bbox 1093 860 1956 898; baseline 0 -10"><span class='ocrx_word' id='word_1_314' title='bbox 1093 866 1112 893; x_wconf 80' lang='grc' dir='ltr'><strong>Β</strong></span> <span class='ocrx_word' id='word_1_315' title='bbox 1165 861 1193 889; x_wconf 89' lang='lat' dir='ltr'><strong>Si</strong></span> <span class='ocrx_word' id='word_1_316' title='bbox 1219 869 1281 898; x_wconf 87' lang='lat' dir='ltr'><strong>qua</strong></span> <span class='ocrx_word' id='word_1_317' title='bbox 1307 870 1379 890; x_wconf 86' lang='lat' dir='ltr'><strong>sane</strong></span> <span class='ocrx_word' id='word_1_318' title='bbox 1399 862 1542 897; x_wconf 83' lang='lat' dir='ltr'><strong>dogmata</strong></span> <span class='ocrx_word' id='word_1_319' title='bbox 1571 863 1635 890; x_wconf 84' lang='lat' dir='ltr'><strong>sine</strong></span> <span class='ocrx_word' id='word_1_320' title='bbox 1659 861 1818 890; x_wconf 82' lang='lat' dir='ltr'><strong>traditione</strong></span> <span class='ocrx_word' id='word_1_321' title='bbox 1834 860 1956 889; x_wconf 88' lang='lat' dir='ltr'><strong>defendi</strong></span> 
     </span>
    </p>
   </div>
   <div class='ocr_carea' id='block_1_47' title="bbox 1127 904 1954 943">
    <p class='ocr_par' dir='ltr' id='par_1_47' title="bbox 1127 904 1954 943">
     <span class='ocr_line' id='line_1_47' title="bbox 1127 904 1954 943; baseline -0.002 -9"><span class='ocrx_word' id='word_1_322' title='bbox 1127 908 1252 941; x_wconf 68' lang='lat' dir='ltr'><strong>possent</strong></span> <span class='ocrx_word' id='word_1_323' title='bbox 1265 909 1386 942; x_wconf 83' lang='lat' dir='ltr'><strong>propter</strong></span> <span class='ocrx_word' id='word_1_324' title='bbox 1398 907 1588 943; x_wconf 86' lang='lat' dir='ltr'><strong>apertissima</strong></span> <span class='ocrx_word' id='word_1_325' title='bbox 1598 906 1756 942; x_wconf 68' lang='lat' dir='ltr'><strong>Scriptura:</strong></span> <span class='ocrx_word' id='word_1_326' title='bbox 1772 904 1954 939; x_wconf 87' lang='lat' dir='ltr'><strong>testimonia,</strong></span> 
     </span>
    </p>
   </div>
   <div class='ocr_carea' id='block_1_48' title="bbox 1127 949 1955 988">
    <p class='ocr_par' dir='ltr' id='par_1_48' title="bbox 1127 949 1955 988">
     <span class='ocr_line' id='line_1_48' title="bbox 1127 949 1955 988; baseline -0.001 -10"><span class='ocrx_word' id='word_1_327' title='bbox 1127 950 1157 978; x_wconf 88' lang='lat' dir='ltr'><strong>id</strong></span> <span class='ocrx_word' id='word_1_328' title='bbox 1173 950 1364 986; x_wconf 86' lang='lat' dir='ltr'><strong>potissimum</strong></span> <span class='ocrx_word' id='word_1_329' title='bbox 1377 951 1414 978; x_wconf 85' lang='lat' dir='ltr'><strong>de</strong></span> <span class='ocrx_word' id='word_1_330' title='bbox 1428 951 1487 979; x_wconf 77' lang='lat' dir='ltr'><strong>Filii</strong></span> <span class='ocrx_word' id='word_1_331' title='bbox 1501 959 1535 979; x_wconf 86' lang='lat' dir='ltr'><strong>ac</strong></span> <span class='ocrx_word' id='word_1_332' title='bbox 1550 951 1674 988; x_wconf 78' lang='lat' dir='ltr'><strong>Spiritus</strong></span> <span class='ocrx_word' id='word_1_333' title='bbox 1690 950 1785 978; x_wconf 86' lang='lat' dir='ltr'><strong>sancti</strong></span> <span class='ocrx_word' id='word_1_334' title='bbox 1799 949 1955 978; x_wconf 86' lang='lat' dir='ltr'><strong>divinitate</strong></span> 
     </span>
    </p>
   </div>
   <div class='ocr_carea' id='block_1_49' title="bbox 1127 994 1954 1031">
    <p class='ocr_par' dir='ltr' id='par_1_49' title="bbox 1127 994 1954 1031">
     <span class='ocr_line' id='line_1_49' title="bbox 1127 994 1954 1031; baseline 0 -9"><span class='ocrx_word' id='word_1_335' title='bbox 1127 996 1217 1024; x_wconf 88' lang='lat' dir='ltr'><strong>statui</strong></span> <span class='ocrx_word' id='word_1_336' title='bbox 1227 995 1359 1023; x_wconf 79' lang='lat' dir='ltr'><strong>deberet.</strong></span> <span class='ocrx_word' id='word_1_337' title='bbox 1374 996 1458 1024; x_wconf 85' lang='lat' dir='ltr'><strong>Nullo</strong></span> <span class='ocrx_word' id='word_1_338' title='bbox 1474 999 1572 1024; x_wconf 83' lang='lat' dir='ltr'><strong>tamen</strong></span> <span class='ocrx_word' id='word_1_339' title='bbox 1587 997 1617 1024; x_wconf 91' lang='lat' dir='ltr'><strong>in</strong></span> <span class='ocrx_word' id='word_1_340' title='bbox 1637 996 1781 1031; x_wconf 82' lang='lat' dir='ltr'><strong>dogmate</strong></span> <span class='ocrx_word' id='word_1_341' title='bbox 1789 995 1889 1024; x_wconf 86' lang='lat' dir='ltr'><strong>acrius</strong></span> <span class='ocrx_word' id='word_1_342' title='bbox 1903 994 1954 1022; x_wconf 89' lang='lat' dir='ltr'><strong>de-</strong></span> 
     </span>
    </p>
   </div>
   <div class='ocr_carea' id='block_1_50' title="bbox 1127 1039 1953 1073">
    <p class='ocr_par' dir='ltr' id='par_1_50' title="bbox 1127 1039 1953 1073">
     <span class='ocr_line' id='line_1_50' title="bbox 1127 1039 1953 1073; baseline -0.001 -5"><span class='ocrx_word' id='word_1_343' title='bbox 1127 1039 1213 1068; x_wconf 83' lang='lat' dir='ltr'><strong>fensa</strong></span> <span class='ocrx_word' id='word_1_344' title='bbox 1227 1040 1355 1069; x_wconf 84' lang='lat' dir='ltr'><strong>traditio.</strong></span> <span class='ocrx_word' id='word_1_345' title='bbox 1367 1042 1462 1073; x_wconf 88' lang='lat' dir='ltr'><strong>Quam</strong></span> <span class='ocrx_word' id='word_1_346' title='bbox 1476 1041 1680 1069; x_wconf 84' lang='lat' dir='ltr'><strong>necessarium</strong></span> <span class='ocrx_word' id='word_1_347' title='bbox 1696 1041 1800 1068; x_wconf 87' lang='lat' dir='ltr'><strong>sithoc</strong></span> <span class='ocrx_word' id='word_1_348' title='bbox 1814 1039 1953 1068; x_wconf 59' lang='lat' dir='ltr'><strong>Ecclesiae</strong></span> 
     </span>
    </p>
   </div>
   <div class='ocr_carea' id='block_1_51' title="bbox 1125 1084 1953 1125">
    <p class='ocr_par' dir='ltr' id='par_1_51' title="bbox 1125 1084 1953 1125">
     <span class='ocr_line' id='line_1_51' title="bbox 1125 1084 1953 1125; baseline -0.001 -12"><span class='ocrx_word' id='word_1_349' title='bbox 1125 1086 1309 1122; x_wconf 74' lang='lat' dir='ltr'><strong>praesidium,</strong></span> <span class='ocrx_word' id='word_1_350' title='bbox 1323 1085 1461 1125; x_wconf 83' lang='lat' dir='ltr'><strong>pluribus</strong></span> <span class='ocrx_word' id='word_1_351' title='bbox 1474 1086 1549 1114; x_wconf 88' lang='lat' dir='ltr'><strong>locis</strong></span> <span class='ocrx_word' id='word_1_352' title='bbox 1562 1085 1694 1114; x_wconf 84' lang='lat' dir='ltr'><strong>declarat</strong></span> <span class='ocrx_word' id='word_1_353' title='bbox 1710 1084 1846 1113; x_wconf 85' lang='lat' dir='ltr'><strong>Basilius.</strong></span> <span class='ocrx_word' id='word_1_354' title='bbox 1861 1085 1900 1112; x_wconf 82' lang='lat' dir='ltr'><strong>At</strong></span> <span class='ocrx_word' id='word_1_355' title='bbox 1915 1092 1953 1112; x_wconf 82' lang='lat' dir='ltr'><strong>ne</strong></span> 
     </span>
    </p>
   </div>
   <div class='ocr_carea' id='block_1_52' title="bbox 1125 1129 1953 1166">
    <p class='ocr_par' dir='ltr' id='par_1_52' title="bbox 1125 1129 1953 1166">
     <span class='ocr_line' id='line_1_52' title="bbox 1125 1129 1953 1166; baseline -0.001 -8"><span class='ocrx_word' id='word_1_356' title='bbox 1125 1138 1253 1165; x_wconf 79' lang='lat' dir='ltr'><strong>separes,</strong></span> <span class='ocrx_word' id='word_1_357' title='bbox 1279 1130 1376 1166; x_wconf 87' lang='lat' dir='ltr'><strong>inquit</strong></span> <span class='ocrx_word' id='word_1_358' title='bbox 1399 1131 1439 1164; x_wconf 26' lang='lat' dir='ltr'><strong>in.</strong></span> <span class='ocrx_word' id='word_1_359' title='bbox 1455 1130 1559 1158; x_wconf 87' lang='lat' dir='ltr'><strong>homil.</strong></span> <span class='ocrx_word' id='word_1_360' title='bbox 1585 1132 1620 1158; x_wconf 63' lang='lat' dir='ltr'><strong>2L</strong></span> <span class='ocrx_word' id='word_1_361' title='bbox 1645 1131 1686 1166; x_wconf 80' lang='lat' dir='ltr'><strong>(p.</strong></span> <span class='ocrx_word' id='word_1_362' title='bbox 1704 1131 1807 1165; x_wconf 62' lang='lat' dir='ltr'><strong>{95),a</strong></span> <span class='ocrx_word' id='word_1_363' title='bbox 1822 1129 1915 1158; x_wconf 84' lang='lat' dir='ltr'><strong>Patre</strong></span> <span class='ocrx_word' id='word_1_364' title='bbox 1925 1133 1953 1157; x_wconf 84' lang='lat' dir='ltr'><strong>et</strong></span> 
     </span>
    </p>
   </div>
   <div class='ocr_carea' id='block_1_53' title="bbox 1124 1175 1951 1210">
    <p class='ocr_par' dir='ltr' id='par_1_53' title="bbox 1124 1175 1951 1210">
     <span class='ocr_line' id='line_1_53' title="bbox 1124 1175 1951 1210; baseline -0.001 -7"><span class='ocrx_word' id='word_1_365' title='bbox 1124 1175 1203 1203; x_wconf 82' lang='lat' dir='ltr'><strong>Filio</strong></span> <span class='ocrx_word' id='word_1_366' title='bbox 1231 1175 1378 1210; x_wconf 81' lang='lat' dir='ltr'><strong>Spiritum</strong></span> <span class='ocrx_word' id='word_1_367' title='bbox 1398 1179 1545 1209; x_wconf 82' lang='lat' dir='ltr'><strong>sanctum,</strong></span> <span class='ocrx_word' id='word_1_368' title='bbox 1568 1176 1735 1204; x_wconf 83' lang='lat' dir='ltr'><strong>absterreat</strong></span> <span class='ocrx_word' id='word_1_369' title='bbox 1754 1178 1782 1203; x_wconf 87' lang='lat' dir='ltr'><strong>te</strong></span> <span class='ocrx_word' id='word_1_370' title='bbox 1814 1175 1951 1203; x_wconf 76' lang='lat' dir='ltr'><strong>traditio.</strong></span> 
     </span>
    </p>
   </div>
   <div class='ocr_carea' id='block_1_54' title="bbox 1124 1220 1953 1256">
    <p class='ocr_par' dir='ltr' id='par_1_54' title="bbox 1124 1220 1953 1256">
     <span class='ocr_line' id='line_1_54' title="bbox 1124 1220 1953 1256; baseline -0.002 -8"><span class='ocrx_word' id='word_1_371' title='bbox 1124 1221 1175 1249; x_wconf 89' lang='lat' dir='ltr'><strong>Sic</strong></span> <span class='ocrx_word' id='word_1_372' title='bbox 1194 1221 1332 1248; x_wconf 84' lang='lat' dir='ltr'><strong>dominus</strong></span> <span class='ocrx_word' id='word_1_373' title='bbox 1348 1221 1460 1256; x_wconf 79' lang='lat' dir='ltr'><strong>docuit,</strong></span> <span class='ocrx_word' id='word_1_374' title='bbox 1479 1221 1684 1256; x_wconf 78' lang='lat' dir='ltr'><strong>pra-dicavere</strong></span> <span class='ocrx_word' id='word_1_375' title='bbox 1694 1220 1834 1255; x_wconf 80' lang='lat' dir='ltr'><strong>apostoli,</strong></span> <span class='ocrx_word' id='word_1_376' title='bbox 1849 1221 1953 1247; x_wconf 84' lang='lat' dir='ltr'><strong>Patres</strong></span> 
     </span>
    </p>
   </div>
   <div class='ocr_carea' id='block_1_55' title="bbox 1124 1267 1753 1301">
    <p class='ocr_par' dir='ltr' id='par_1_55' title="bbox 1124 1267 1753 1301">
     <span class='ocr_line' id='line_1_55' title="bbox 1124 1267 1753 1301; baseline 0 -8"><span class='ocrx_word' id='word_1_377' title='bbox 1124 1273 1348 1298; x_wconf 83' lang='lat' dir='ltr'><strong>conservavere,</strong></span> <span class='ocrx_word' id='word_1_378' title='bbox 1365 1267 1558 1301; x_wconf 73' lang='lat' dir='ltr'><strong>con/irmaver</strong></span> <span class='ocrx_word' id='word_1_379' title='bbox 1567 1273 1582 1294; x_wconf 89' lang='lat' dir='ltr'><strong>e</strong></span> <span class='ocrx_word' id='word_1_380' title='bbox 1591 1268 1753 1300; x_wconf 82' lang='lat' dir='ltr'><strong>martyres.</strong></span> 
     </span>
    </p>
   </div>
   <div class='ocr_carea' id='block_1_56' title="bbox 1159 1310 1952 1346">
    <p class='ocr_par' dir='ltr' id='par_1_56' title="bbox 1159 1310 1952 1346">
     <span class='ocr_line' id='line_1_56' title="bbox 1159 1310 1952 1346; baseline -0.001 -8"><span class='ocrx_word' id='word_1_381' title='bbox 1159 1310 1216 1338; x_wconf 87' lang='lat' dir='ltr'><strong>Sed</strong></span> <span class='ocrx_word' id='word_1_382' title='bbox 1233 1310 1384 1346; x_wconf 72' lang='lat' dir='ltr'><strong>praecipue</strong></span> <span class='ocrx_word' id='word_1_383' title='bbox 1399 1311 1428 1338; x_wconf 86' lang='lat' dir='ltr'><strong>in</strong></span> <span class='ocrx_word' id='word_1_384' title='bbox 1444 1310 1521 1338; x_wconf 90' lang='lat' dir='ltr'><strong>libro</strong></span> <span class='ocrx_word' id='word_1_385' title='bbox 1536 1311 1579 1339; x_wconf 91' lang='lat' dir='ltr'><strong>De</strong></span> <span class='ocrx_word' id='word_1_386' title='bbox 1591 1311 1706 1345; x_wconf 77' lang='lat' dir='ltr'><strong>Spiritu</strong></span> <span class='ocrx_word' id='word_1_387' title='bbox 1720 1313 1823 1338; x_wconf 86' lang='lat' dir='ltr'><strong>sancto</strong></span> <span class='ocrx_word' id='word_1_388' title='bbox 1842 1317 1952 1337; x_wconf 84' lang='lat' dir='ltr'><strong>omnes</strong></span> 
     </span>
    </p>
   </div>
   <div class='ocr_carea' id='block_1_57' title="bbox 1123 1352 1951 1390">
    <p class='ocr_par' dir='ltr' id='par_1_57' title="bbox 1123 1352 1951 1390">
     <span class='ocr_line' id='line_1_57' title="bbox 1123 1352 1951 1390; baseline 0 -8"><span class='ocrx_word' id='word_1_389' title='bbox 1123 1355 1235 1390; x_wconf 77' lang='lat' dir='ltr'><strong>ingenii</strong></span> <span class='ocrx_word' id='word_1_390' title='bbox 1245 1355 1322 1382; x_wconf 85' lang='lat' dir='ltr'><strong>vires</strong></span> <span class='ocrx_word' id='word_1_391' title='bbox 1335 1355 1365 1383; x_wconf 90' lang='lat' dir='ltr'><strong>in</strong></span> <span class='ocrx_word' id='word_1_392' title='bbox 1381 1355 1571 1383; x_wconf 78' lang='lat' dir='ltr'><strong>defendenda</strong></span> <span class='ocrx_word' id='word_1_393' title='bbox 1582 1355 1719 1384; x_wconf 86' lang='lat' dir='ltr'><strong>catholici</strong></span> <span class='ocrx_word' id='word_1_394' title='bbox 1731 1352 1882 1389; x_wconf 80' lang='lat' dir='ltr'><strong>dogmatis</strong></span> <span class='ocrx_word' id='word_1_395' title='bbox 1893 1356 1951 1382; x_wconf 86' lang='lat' dir='ltr'><strong>tra-</strong></span> 
     </span>
    </p>
   </div>
   <div class='ocr_carea' id='block_1_58' title="bbox 1111 1399 1948 1435">
    <p class='ocr_par' dir='ltr' id='par_1_58' title="bbox 1111 1399 1948 1435">
     <span class='ocr_line' id='line_1_58' title="bbox 1111 1399 1948 1435; baseline 0.001 -9"><span class='ocrx_word' id='word_1_396' title='bbox 1111 1399 1235 1427; x_wconf 81' lang='lat' dir='ltr'><strong>ditione</strong></span> <span class='ocrx_word' id='word_1_397' title='bbox 1251 1399 1417 1434; x_wconf 86' lang='lat' dir='ltr'><strong>profundit.</strong></span> <span class='ocrx_word' id='word_1_398' title='bbox 1433 1400 1470 1428; x_wconf 88' lang='lat' dir='ltr'><strong>Id</strong></span> <span class='ocrx_word' id='word_1_399' title='bbox 1488 1400 1569 1435; x_wconf 87' lang='lat' dir='ltr'><strong>quod</strong></span> <span class='ocrx_word' id='word_1_400' title='bbox 1591 1401 1786 1435; x_wconf 87' lang='lat' dir='ltr'><strong>impugnatur</strong></span> <span class='ocrx_word' id='word_1_401' title='bbox 1802 1399 1875 1433; x_wconf 79' lang='lat' dir='ltr'><strong>ﬁdes</strong></span> <span class='ocrx_word' id='word_1_402' title='bbox 1894 1402 1948 1431; x_wconf 84' lang='lat' dir='ltr'><strong>est,</strong></span> 
     </span>
    </p>
   </div>
   <div class='ocr_carea' id='block_1_59' title="bbox 1122 1443 1951 1480">
    <p class='ocr_par' dir='ltr' id='par_1_59' title="bbox 1122 1443 1951 1480">
     <span class='ocr_line' id='line_1_59' title="bbox 1122 1443 1951 1480; baseline 0 -9"><span class='ocrx_word' id='word_1_403' title='bbox 1122 1443 1219 1480; x_wconf 85' lang='lat' dir='ltr'><strong>inquit</strong></span> <span class='ocrx_word' id='word_1_404' title='bbox 1233 1445 1311 1480; x_wconf 84' lang='lat' dir='ltr'><strong>(cap.</strong></span> <span class='ocrx_word' id='word_1_405' title='bbox 1326 1447 1366 1479; x_wconf 84' lang='lat' dir='ltr'><strong>t0,</strong></span> <span class='ocrx_word' id='word_1_406' title='bbox 1382 1452 1452 1480; x_wconf 89' lang='lat' dir='ltr'><strong>pag.</strong></span> <span class='ocrx_word' id='word_1_407' title='bbox 1471 1445 1526 1479; x_wconf 88' lang='lat' dir='ltr'><strong>2t),</strong></span> <span class='ocrx_word' id='word_1_408' title='bbox 1539 1445 1621 1480; x_wconf 82' lang='lat' dir='ltr'><strong>isque</strong></span> <span class='ocrx_word' id='word_1_409' title='bbox 1634 1452 1740 1479; x_wconf 80' lang='lat' dir='ltr'><strong>scopus</strong></span> <span class='ocrx_word' id='word_1_410' title='bbox 1750 1447 1791 1472; x_wconf 88' lang='lat' dir='ltr'><strong>est</strong></span> <span class='ocrx_word' id='word_1_411' title='bbox 1821 1451 1951 1471; x_wconf 87' lang='lat' dir='ltr'><strong>commu-</strong></span> 
     </span>
    </p>
   </div>
   <div class='ocr_carea' id='block_1_60' title="bbox 1121 1489 1950 1518">
    <p class='ocr_par' dir='ltr' id='par_1_60' title="bbox 1121 1489 1950 1518">
     <span class='ocr_line' id='line_1_60' title="bbox 1121 1489 1950 1518; baseline 0.001 -3"><span class='ocrx_word' id='word_1_412' title='bbox 1121 1489 1168 1515; x_wconf 86' lang='lat' dir='ltr'><strong>nis</strong></span> <span class='ocrx_word' id='word_1_413' title='bbox 1184 1489 1319 1516; x_wconf 82' lang='lat' dir='ltr'><strong>omnibus</strong></span> <span class='ocrx_word' id='word_1_414' title='bbox 1335 1490 1518 1517; x_wconf 81' lang='lat' dir='ltr'><strong>adversariis</strong></span> <span class='ocrx_word' id='word_1_415' title='bbox 1532 1492 1559 1518; x_wconf 88' lang='lat' dir='ltr'><strong>et</strong></span> <span class='ocrx_word' id='word_1_416' title='bbox 1585 1497 1667 1518; x_wconf 71' lang='lat' dir='ltr'><strong>sana:</strong></span> <span class='ocrx_word' id='word_1_417' title='bbox 1680 1489 1826 1518; x_wconf 74' lang='lat' dir='ltr'><strong>doctrinae</strong></span> <span class='ocrx_word' id='word_1_418' title='bbox 1848 1489 1950 1516; x_wconf 87' lang='lat' dir='ltr'><strong>inimi-</strong></span> 
     </span>
    </p>
   </div>
   <div class='ocr_carea' id='block_1_61' title="bbox 237 1534 1948 1571">
    <p class='ocr_par' dir='ltr' id='par_1_61' title="bbox 237 1534 1948 1571">
     <span class='ocr_line' id='line_1_61' title="bbox 237 1534 1948 1571; baseline -0.001 -8"><span class='ocrx_word' id='word_1_419' title='bbox 237 1536 431 1568; x_wconf 84' lang='lat' dir='ltr'><strong>secernerint,</strong></span> <span class='ocrx_word' id='word_1_420' title='bbox 447 1535 559 1569; x_wconf 83' lang='lat' dir='ltr'><strong>majori</strong></span> <span class='ocrx_word' id='word_1_421' title='bbox 568 1535 654 1568; x_wconf 86' lang='lat' dir='ltr'><strong>parti</strong></span> <span class='ocrx_word' id='word_1_422' title='bbox 670 1534 785 1561; x_wconf 82' lang='lat' dir='ltr'><strong>tributa</strong></span> <span class='ocrx_word' id='word_1_423' title='bbox 798 1535 912 1568; x_wconf 82' lang='lat' dir='ltr'><strong>palma,</strong></span> <span class='ocrx_word' id='word_1_424' title='bbox 928 1541 964 1561; x_wconf 89' lang='lat' dir='ltr'><strong>ac</strong></span> <span class='ocrx_word' id='word_1_425' title='bbox 984 1535 1066 1568; x_wconf 85' lang='lat' dir='ltr'><strong>prio-</strong></span> <span class='ocrx_word' id='word_1_426' title='bbox 1086 1544 1106 1571; x_wconf 73' lang='grc' dir='ltr'>ο</span> <span class='ocrx_word' id='word_1_427' title='bbox 1121 1534 1174 1567; x_wconf 83' lang='lat' dir='ltr'><strong>cis,</strong></span> <span class='ocrx_word' id='word_1_428' title='bbox 1195 1537 1227 1561; x_wconf 87' lang='lat' dir='ltr'><strong>ut</strong></span> <span class='ocrx_word' id='word_1_429' title='bbox 1244 1534 1425 1562; x_wconf 78' lang='lat' dir='ltr'><strong>soliditatem</strong></span> <span class='ocrx_word' id='word_1_430' title='bbox 1442 1535 1512 1569; x_wconf 77' lang='lat' dir='ltr'><strong>ﬁdei</strong></span> <span class='ocrx_word' id='word_1_431' title='bbox 1524 1535 1556 1562; x_wconf 89' lang='lat' dir='ltr'><strong>in</strong></span> <span class='ocrx_word' id='word_1_432' title='bbox 1585 1535 1738 1562; x_wconf 84' lang='lat' dir='ltr'><strong>Christum</strong></span> <span class='ocrx_word' id='word_1_433' title='bbox 1763 1535 1948 1567; x_wconf 85' lang='lat' dir='ltr'><strong>concutiant,</strong></span> 
     </span>
    </p>
   </div>
   <div class='ocr_carea' id='block_1_62' title="bbox 237 1578 1066 1615">
    <p class='ocr_par' dir='ltr' id='par_1_62' title="bbox 237 1578 1066 1615">
     <span class='ocr_line' id='line_1_62' title="bbox 237 1578 1066 1615; baseline -0.002 -7"><span class='ocrx_word' id='word_1_434' title='bbox 237 1588 305 1608; x_wconf 86' lang='lat' dir='ltr'><strong>rum</strong></span> <span class='ocrx_word' id='word_1_435' title='bbox 317 1580 434 1615; x_wconf 79' lang='lat' dir='ltr'><strong>agmini</strong></span> <span class='ocrx_word' id='word_1_436' title='bbox 447 1586 585 1607; x_wconf 84' lang='lat' dir='ltr'><strong>concessa</strong></span> <span class='ocrx_word' id='word_1_437' title='bbox 599 1579 737 1611; x_wconf 84' lang='lat' dir='ltr'><strong>victoria,</strong></span> <span class='ocrx_word' id='word_1_438' title='bbox 748 1586 837 1606; x_wconf 79' lang='lat' dir='ltr'><strong>aures</strong></span> <span class='ocrx_word' id='word_1_439' title='bbox 849 1578 1066 1613; x_wconf 82' lang='lat' dir='ltr'><strong>posterioribus</strong></span> 
     </span>
    </p>
   </div>
   <div class='ocr_carea' id='block_1_63' title="bbox 238 1623 1064 1659">
    <p class='ocr_par' dir='ltr' id='par_1_63' title="bbox 238 1623 1064 1659">
     <span class='ocr_line' id='line_1_63' title="bbox 238 1623 1064 1659; baseline -0.002 -6"><span class='ocrx_word' id='word_1_440' title='bbox 238 1625 427 1657; x_wconf 84' lang='lat' dir='ltr'><strong>obturarcnt,</strong></span> <span class='ocrx_word' id='word_1_441' title='bbox 440 1623 482 1651; x_wconf 91' lang='lat' dir='ltr'><strong>sic</strong></span> <span class='ocrx_word' id='word_1_442' title='bbox 493 1632 510 1651; x_wconf 89' lang='lat' dir='ltr'><strong>a</strong></span> <span class='ocrx_word' id='word_1_443' title='bbox 519 1627 623 1651; x_wconf 86' lang='lat' dir='ltr'><strong>sancto</strong></span> <span class='ocrx_word' id='word_1_444' title='bbox 638 1623 760 1651; x_wconf 84' lang='lat' dir='ltr'><strong>doctore</strong></span> <span class='ocrx_word' id='word_1_445' title='bbox 771 1623 914 1652; x_wconf 84' lang='lat' dir='ltr'><strong>refellitur</strong></span> <span class='ocrx_word' id='word_1_446' title='bbox 923 1625 966 1659; x_wconf 87' lang='lat' dir='ltr'><strong>(p.</strong></span> <span class='ocrx_word' id='word_1_447' title='bbox 981 1626 1064 1659; x_wconf 82' lang='lat' dir='ltr'><strong>2t0):</strong></span> 
     </span>
    </p>
   </div>
   <div class='ocr_carea' id='block_1_64' title="bbox 239 1668 1066 1704">
    <p class='ocr_par' dir='ltr' id='par_1_64' title="bbox 239 1668 1066 1704">
     <span class='ocr_line' id='line_1_64' title="bbox 239 1668 1066 1704; baseline -0.001 -8"><span class='ocrx_word' id='word_1_448' title='bbox 239 1669 316 1703; x_wconf 81' lang='lat' dir='ltr'><strong>Quid</strong></span> <span class='ocrx_word' id='word_1_449' title='bbox 331 1669 405 1696; x_wconf 85' lang='lat' dir='ltr'><strong>dicis</strong></span> <span class='ocrx_word' id='word_1_450' title='bbox 416 1669 429 1696; x_wconf 85' lang='lat'><strong>?</strong></span> <span class='ocrx_word' id='word_1_451' title='bbox 444 1669 618 1703; x_wconf 84' lang='lat' dir='ltr'><strong>palmamne</strong></span> <span class='ocrx_word' id='word_1_452' title='bbox 641 1668 743 1696; x_wconf 86' lang='lat' dir='ltr'><strong>demus</strong></span> <span class='ocrx_word' id='word_1_453' title='bbox 768 1668 1015 1704; x_wconf 73' lang='lat' dir='ltr'><strong>antiquioribus?</strong></span> <span class='ocrx_word' id='word_1_454' title='bbox 1029 1676 1066 1696; x_wconf 84' lang='lat' dir='ltr'><strong>ne</strong></span> 
     </span>
    </p>
   </div>
   <div class='ocr_carea' id='block_1_65' title="bbox 237 1713 1066 1749">
    <p class='ocr_par' dir='ltr' id='par_1_65' title="bbox 237 1713 1066 1749">
     <span class='ocr_line' id='line_1_65' title="bbox 237 1713 1066 1749; baseline 0 -8"><span class='ocrx_word' id='word_1_455' title='bbox 237 1721 430 1742; x_wconf 85' lang='lat' dir='ltr'><strong>revereamur</strong></span> <span class='ocrx_word' id='word_1_456' title='bbox 454 1713 677 1741; x_wconf 79' lang='lat' dir='ltr'><strong>multitudinem</strong></span> <span class='ocrx_word' id='word_1_457' title='bbox 707 1713 1066 1749; x_wconf 78' lang='lat' dir='ltr'><strong>Christianorum,neque</strong></span> 
     </span>
    </p>
   </div>
   <div class='ocr_carea' id='block_1_66' title="bbox 235 1758 1065 1793">
    <p class='ocr_par' dir='ltr' id='par_1_66' title="bbox 235 1758 1065 1793">
     <span class='ocr_line' id='line_1_66' title="bbox 235 1758 1065 1793; baseline -0.001 -8"><span class='ocrx_word' id='word_1_458' title='bbox 235 1766 337 1786; x_wconf 89' lang='lat' dir='ltr'><strong>eorum</strong></span> <span class='ocrx_word' id='word_1_459' title='bbox 351 1759 403 1793; x_wconf 85' lang='lat' dir='ltr'><strong>qui</strong></span> <span class='ocrx_word' id='word_1_460' title='bbox 413 1766 493 1785; x_wconf 85' lang='lat' dir='ltr'><strong>nunc</strong></span> <span class='ocrx_word' id='word_1_461' title='bbox 501 1760 581 1791; x_wconf 83' lang='lat' dir='ltr'><strong>sunt,</strong></span> <span class='ocrx_word' id='word_1_462' title='bbox 594 1765 687 1792; x_wconf 82' lang='lat' dir='ltr'><strong>neque</strong></span> <span class='ocrx_word' id='word_1_463' title='bbox 699 1765 800 1785; x_wconf 87' lang='lat' dir='ltr'><strong>eorum</strong></span> <span class='ocrx_word' id='word_1_464' title='bbox 816 1759 869 1792; x_wconf 89' lang='lat' dir='ltr'><strong>qui</strong></span> <span class='ocrx_word' id='word_1_465' title='bbox 880 1758 1018 1791; x_wconf 83' lang='lat' dir='ltr'><strong>fuerunt,</strong></span> <span class='ocrx_word' id='word_1_466' title='bbox 1028 1765 1065 1785; x_wconf 78' lang='lat' dir='ltr'><strong>ex</strong></span> 
     </span>
    </p>
   </div>
   <div class='ocr_carea' id='block_1_67' title="bbox 235 1802 1065 1838">
    <p class='ocr_par' dir='ltr' id='par_1_67' title="bbox 235 1802 1065 1838">
     <span class='ocr_line' id='line_1_67' title="bbox 235 1802 1065 1838; baseline 0 -9"><span class='ocrx_word' id='word_1_467' title='bbox 235 1810 292 1838; x_wconf 86' lang='lat' dir='ltr'><strong>quo</strong></span> <span class='ocrx_word' id='word_1_468' title='bbox 305 1803 505 1836; x_wconf 62' lang='lat' dir='ltr'><strong>praedicatum</strong></span> <span class='ocrx_word' id='word_1_469' title='bbox 519 1804 560 1830; x_wconf 88' lang='lat' dir='ltr'><strong>est</strong></span> <span class='ocrx_word' id='word_1_470' title='bbox 583 1802 782 1836; x_wconf 84' lang='lat' dir='ltr'><strong>Evangelium</strong></span> <span class='ocrx_word' id='word_1_471' title='bbox 798 1803 812 1828; x_wconf 73' lang='lat' dir='ltr'><strong>&#39;I</strong></span> <span class='ocrx_word' id='word_1_472' title='bbox 832 1802 877 1829; x_wconf 86' lang='lat' dir='ltr'><strong>Ne</strong></span> <span class='ocrx_word' id='word_1_473' title='bbox 895 1805 1065 1835; x_wconf 79' lang='lat' dir='ltr'><strong>reputemus</strong></span> 
     </span>
    </p>
   </div>
   <div class='ocr_carea' id='block_1_68' title="bbox 235 1847 1065 1882">
    <p class='ocr_par' dir='ltr' id='par_1_68' title="bbox 235 1847 1065 1882">
     <span class='ocr_line' id='line_1_68' title="bbox 235 1847 1065 1882; baseline 0 -8"><span class='ocrx_word' id='word_1_474' title='bbox 235 1848 414 1881; x_wconf 82' lang='lat' dir='ltr'><strong>dignitatem</strong></span> <span class='ocrx_word' id='word_1_475' title='bbox 435 1855 548 1881; x_wconf 81' lang='lat' dir='ltr'><strong>eorum,</strong></span> <span class='ocrx_word' id='word_1_476' title='bbox 567 1848 620 1882; x_wconf 87' lang='lat' dir='ltr'><strong>qui</strong></span> <span class='ocrx_word' id='word_1_477' title='bbox 632 1847 718 1874; x_wconf 85' lang='lat' dir='ltr'><strong>donis</strong></span> <span class='ocrx_word' id='word_1_478' title='bbox 741 1847 950 1881; x_wconf 81' lang='lat' dir='ltr'><strong>spiritualibus</strong></span> <span class='ocrx_word' id='word_1_479' title='bbox 965 1848 1065 1882; x_wconf 85' lang='lat' dir='ltr'><strong>cujus-</strong></span> 
     </span>
    </p>
   </div>
   <div class='ocr_carea' id='block_1_69' title="bbox 234 1891 1065 1927">
    <p class='ocr_par' dir='ltr' id='par_1_69' title="bbox 234 1891 1065 1927">
     <span class='ocr_line' id='line_1_69' title="bbox 234 1891 1065 1927; baseline -0.005 -7"><span class='ocrx_word' id='word_1_480' title='bbox 234 1899 352 1927; x_wconf 81' lang='lat' dir='ltr'><strong>cunque</strong></span> <span class='ocrx_word' id='word_1_481' title='bbox 371 1893 490 1926; x_wconf 79' lang='lat' dir='ltr'><strong>generis</strong></span> <span class='ocrx_word' id='word_1_482' title='bbox 517 1892 715 1924; x_wconf 83' lang='lat' dir='ltr'><strong>claruerunt;</strong></span> <span class='ocrx_word' id='word_1_483' title='bbox 732 1891 838 1926; x_wconf 85' lang='lat' dir='ltr'><strong>quibus</strong></span> <span class='ocrx_word' id='word_1_484' title='bbox 852 1891 988 1919; x_wconf 80' lang='lat' dir='ltr'><strong>omnibus</strong></span> <span class='ocrx_word' id='word_1_485' title='bbox 1010 1892 1065 1919; x_wconf 85' lang='lat' dir='ltr'><strong>ini.</strong></span> 
     </span>
    </p>
   </div>
   <div class='ocr_carea' id='block_1_70' title="bbox 234 1936 1064 1970">
    <p class='ocr_par' dir='ltr' id='par_1_70' title="bbox 234 1936 1064 1970">
     <span class='ocr_line' id='line_1_70' title="bbox 234 1936 1064 1970; baseline -0.001 -6"><span class='ocrx_word' id='word_1_486' title='bbox 234 1937 342 1964; x_wconf 85' lang='lat' dir='ltr'><strong>micam</strong></span> <span class='ocrx_word' id='word_1_487' title='bbox 359 1939 386 1964; x_wconf 88' lang='lat' dir='ltr'><strong>et</strong></span> <span class='ocrx_word' id='word_1_488' title='bbox 401 1937 559 1964; x_wconf 85' lang='lat' dir='ltr'><strong>adversam</strong></span> <span class='ocrx_word' id='word_1_489' title='bbox 580 1936 659 1963; x_wconf 86' lang='lat' dir='ltr'><strong>hanc</strong></span> <span class='ocrx_word' id='word_1_490' title='bbox 686 1936 763 1963; x_wconf 86' lang='lat' dir='ltr'><strong>viam</strong></span> <span class='ocrx_word' id='word_1_491' title='bbox 784 1936 946 1970; x_wconf 79' lang='lat' dir='ltr'><strong>impietatis</strong></span> <span class='ocrx_word' id='word_1_492' title='bbox 961 1943 1064 1964; x_wconf 83' lang='lat' dir='ltr'><strong>recens</strong></span> 
     </span>
    </p>
   </div>
   <div class='ocr_carea' id='block_1_71' title="bbox 233 1980 1062 2016">
    <p class='ocr_par' dir='ltr' id='par_1_71' title="bbox 233 1980 1062 2016">
     <span class='ocr_line' id='line_1_71' title="bbox 233 1980 1062 2016; baseline 0 -8"><span class='ocrx_word' id='word_1_493' title='bbox 233 1982 411 2016; x_wconf 73' lang='lat' dir='ltr'><strong>excogitasti</strong></span> <span class='ocrx_word' id='word_1_494' title='bbox 426 1988 436 2014; x_wconf 88' lang='lat'><strong>,&#39;</strong></span> <span class='ocrx_word' id='word_1_495' title='bbox 450 1980 501 2009; x_wconf 87' lang='lat' dir='ltr'><strong>sed</strong></span> <span class='ocrx_word' id='word_1_496' title='bbox 517 1981 626 2008; x_wconf 86' lang='lat' dir='ltr'><strong>clausis</strong></span> <span class='ocrx_word' id='word_1_497' title='bbox 648 1987 774 2014; x_wconf 78' lang='lat' dir='ltr'><strong>prorsus</strong></span> <span class='ocrx_word' id='word_1_498' title='bbox 794 1981 902 2008; x_wconf 67' lang='lat' dir='ltr'><strong>animas</strong></span> <span class='ocrx_word' id='word_1_499' title='bbox 917 1981 1023 2014; x_wconf 83' lang='lat' dir='ltr'><strong>oculis,</strong></span> <span class='ocrx_word' id='word_1_500' title='bbox 1035 1983 1062 2008; x_wconf 87' lang='lat' dir='ltr'><strong>et</strong></span> 
     </span>
    </p>
   </div>
   <div class='ocr_carea' id='block_1_72' title="bbox 232 2025 1059 2060">
    <p class='ocr_par' dir='ltr' id='par_1_72' title="bbox 232 2025 1059 2060">
     <span class='ocr_line' id='line_1_72' title="bbox 232 2025 1059 2060; baseline 0.001 -8"><span class='ocrx_word' id='word_1_501' title='bbox 232 2026 333 2053; x_wconf 84' lang='lat' dir='ltr'><strong>sancti</strong></span> <span class='ocrx_word' id='word_1_502' title='bbox 353 2025 513 2059; x_wconf 79' lang='lat' dir='ltr'><strong>cuiuslibet</strong></span> <span class='ocrx_word' id='word_1_503' title='bbox 538 2025 597 2052; x_wconf 88' lang='lat' dir='ltr'><strong>viri</strong></span> <span class='ocrx_word' id='word_1_504' title='bbox 615 2025 759 2052; x_wconf 85' lang='lat' dir='ltr'><strong>memoria</strong></span> <span class='ocrx_word' id='word_1_505' title='bbox 774 2032 789 2052; x_wconf 88' lang='lat' dir='ltr'><strong>e</strong></span> <span class='ocrx_word' id='word_1_506' title='bbox 807 2028 905 2053; x_wconf 80' lang='lat' dir='ltr'><strong>mente</strong></span> <span class='ocrx_word' id='word_1_507' title='bbox 923 2025 1059 2060; x_wconf 86' lang='lat' dir='ltr'><strong>depulsa,</strong></span> 
     </span>
    </p>
   </div>
   <div class='ocr_carea' id='block_1_73' title="bbox 231 2070 1060 2105">
    <p class='ocr_par' dir='ltr' id='par_1_73' title="bbox 231 2070 1060 2105">
     <span class='ocr_line' id='line_1_73' title="bbox 231 2070 1060 2105; baseline 0.001 -8"><span class='ocrx_word' id='word_1_508' title='bbox 231 2071 436 2105; x_wconf 85' lang='lat' dir='ltr'><strong>unusquisque</strong></span> <span class='ocrx_word' id='word_1_509' title='bbox 454 2077 506 2098; x_wconf 85' lang='lat' dir='ltr'><strong>cor</strong></span> <span class='ocrx_word' id='word_1_510' title='bbox 530 2072 666 2097; x_wconf 82' lang='lat' dir='ltr'><strong>nostrum</strong></span> <span class='ocrx_word' id='word_1_511' title='bbox 695 2070 820 2097; x_wconf 82' lang='lat' dir='ltr'><strong>otiosum</strong></span> <span class='ocrx_word' id='word_1_512' title='bbox 834 2077 869 2097; x_wconf 85' lang='lat' dir='ltr'><strong>ac</strong></span> <span class='ocrx_word' id='word_1_513' title='bbox 894 2073 1060 2105; x_wconf 84' lang='lat' dir='ltr'><strong>purgatum</strong></span> 
     </span>
    </p>
   </div>
   <div class='ocr_carea' id='block_1_74' title="bbox 231 2113 1060 2148">
    <p class='ocr_par' dir='ltr' id='par_1_74' title="bbox 231 2113 1060 2148">
     <span class='ocr_line' id='line_1_74' title="bbox 231 2113 1060 2148; baseline 0.001 -7"><span class='ocrx_word' id='word_1_514' title='bbox 231 2114 421 2148; x_wconf 83' lang='lat' dir='ltr'><strong>captionibus</strong></span> <span class='ocrx_word' id='word_1_515' title='bbox 448 2122 483 2142; x_wconf 86' lang='lat' dir='ltr'><strong>ac</strong></span> <span class='ocrx_word' id='word_1_516' title='bbox 503 2113 694 2148; x_wconf 77' lang='lat' dir='ltr'><strong>sophismatis</strong></span> <span class='ocrx_word' id='word_1_517' title='bbox 712 2114 769 2141; x_wconf 83' lang='lat' dir='ltr'><strong>tuis</strong></span> <span class='ocrx_word' id='word_1_518' title='bbox 793 2113 977 2142; x_wconf 84' lang='lat' dir='ltr'><strong>subdamus?</strong></span> <span class='ocrx_word' id='word_1_519' title='bbox 993 2119 1060 2142; x_wconf 75' lang='lat' dir='ltr'><strong>Am-</strong></span> 
     </span>
    </p>
   </div>
   <div class='ocr_carea' id='block_1_75' title="bbox 229 2157 1058 2194">
    <p class='ocr_par' dir='ltr' id='par_1_75' title="bbox 229 2157 1058 2194">
     <span class='ocr_line' id='line_1_75' title="bbox 229 2157 1058 2194; baseline 0.001 -9"><span class='ocrx_word' id='word_1_520' title='bbox 229 2157 291 2192; x_wconf 82' lang='lat' dir='ltr'><strong>bigi</strong></span> <span class='ocrx_word' id='word_1_521' title='bbox 308 2166 369 2186; x_wconf 88' lang='lat' dir='ltr'><strong>non</strong></span> <span class='ocrx_word' id='word_1_522' title='bbox 385 2160 484 2194; x_wconf 86' lang='lat' dir='ltr'><strong>potest</strong></span> <span class='ocrx_word' id='word_1_523' title='bbox 500 2159 601 2185; x_wconf 87' lang='lat' dir='ltr'><strong>utrum</strong></span> <span class='ocrx_word' id='word_1_524' title='bbox 616 2157 737 2186; x_wconf 71' lang='lat' dir='ltr'><strong>imitata:</strong></span> <span class='ocrx_word' id='word_1_525' title='bbox 752 2157 811 2185; x_wconf 84' lang='lat' dir='ltr'><strong>sint</strong></span> <span class='ocrx_word' id='word_1_526' title='bbox 833 2160 967 2185; x_wconf 87' lang='lat' dir='ltr'><strong>recentes</strong></span> <span class='ocrx_word' id='word_1_527' title='bbox 994 2166 1058 2186; x_wconf 88' lang='lat' dir='ltr'><strong>sec-</strong></span> 
     </span>
    </p>
   </div>
   <div class='ocr_carea' id='block_1_76' title="bbox 1120 1578 1949 1616">
    <p class='ocr_par' dir='ltr' id='par_1_76' title="bbox 1120 1578 1949 1616">
     <span class='ocr_line' id='line_1_76' title="bbox 1120 1578 1949 1616; baseline 0.001 -11"><span class='ocrx_word' id='word_1_528' title='bbox 1120 1579 1317 1612; x_wconf 84' lang='lat' dir='ltr'><strong>apostolicam</strong></span> <span class='ocrx_word' id='word_1_529' title='bbox 1334 1579 1525 1607; x_wconf 87' lang='lat' dir='ltr'><strong>traditionem</strong></span> <span class='ocrx_word' id='word_1_530' title='bbox 1546 1581 1609 1607; x_wconf 84' lang='lat' dir='ltr'><strong>solo</strong></span> <span class='ocrx_word' id='word_1_531' title='bbox 1620 1583 1769 1616; x_wconf 64' lang='lat' dir='ltr'><strong>wquatam</strong></span> <span class='ocrx_word' id='word_1_532' title='bbox 1789 1578 1949 1607; x_wconf 85' lang='lat' dir='ltr'><strong>abolendo.</strong></span> 
     </span>
    </p>
   </div>
   <div class='ocr_carea' id='block_1_77' title="bbox 1119 1622 1948 1660">
    <p class='ocr_par' dir='ltr' id='par_1_77' title="bbox 1119 1622 1948 1660">
     <span class='ocr_line' id='line_1_77' title="bbox 1119 1622 1948 1660; baseline 0.001 -10"><span class='ocrx_word' id='word_1_533' title='bbox 1119 1622 1165 1650; x_wconf 83' lang='lat' dir='ltr'><strong>Ea</strong></span> <span class='ocrx_word' id='word_1_534' title='bbox 1179 1627 1313 1657; x_wconf 84' lang='lat' dir='ltr'><strong>propter,</strong></span> <span class='ocrx_word' id='word_1_535' title='bbox 1330 1625 1406 1651; x_wconf 86' lang='lat' dir='ltr'><strong>sicut</strong></span> <span class='ocrx_word' id='word_1_536' title='bbox 1430 1625 1483 1660; x_wconf 85' lang='lat' dir='ltr'><strong>qui</strong></span> <span class='ocrx_word' id='word_1_537' title='bbox 1510 1624 1595 1652; x_wconf 73' lang='lat' dir='ltr'><strong>bona:</strong></span> <span class='ocrx_word' id='word_1_538' title='bbox 1618 1624 1690 1658; x_wconf 84' lang='lat' dir='ltr'><strong>ﬁdei</strong></span> <span class='ocrx_word' id='word_1_539' title='bbox 1704 1624 1850 1652; x_wconf 81' lang='lat' dir='ltr'><strong>debitores</strong></span> <span class='ocrx_word' id='word_1_540' title='bbox 1864 1627 1948 1657; x_wconf 84' lang='lat' dir='ltr'><strong>sunt,</strong></span> 
     </span>
    </p>
   </div>
   <div class='ocr_carea' id='block_1_78' title="bbox 1119 1667 1948 1703">
    <p class='ocr_par' dir='ltr' id='par_1_78' title="bbox 1119 1667 1948 1703">
     <span class='ocr_line' id='line_1_78' title="bbox 1119 1667 1948 1703; baseline 0.002 -9"><span class='ocrx_word' id='word_1_541' title='bbox 1119 1667 1309 1702; x_wconf 84' lang='lat' dir='ltr'><strong>probationes</strong></span> <span class='ocrx_word' id='word_1_542' title='bbox 1320 1676 1335 1696; x_wconf 89' lang='lat' dir='ltr'><strong>e</strong></span> <span class='ocrx_word' id='word_1_543' title='bbox 1352 1669 1509 1703; x_wconf 80' lang='lat' dir='ltr'><strong>Scriptura</strong></span> <span class='ocrx_word' id='word_1_544' title='bbox 1525 1669 1656 1697; x_wconf 85' lang='lat' dir='ltr'><strong>clamore</strong></span> <span class='ocrx_word' id='word_1_545' title='bbox 1670 1669 1802 1703; x_wconf 74' lang='lat' dir='ltr'><strong>exigunt,</strong></span> <span class='ocrx_word' id='word_1_546' title='bbox 1824 1669 1948 1696; x_wconf 86' lang='lat' dir='ltr'><strong>Patrum</strong></span> 
     </span>
    </p>
   </div>
   <div class='ocr_carea' id='block_1_79' title="bbox 1119 1713 1948 1748">
    <p class='ocr_par' dir='ltr' id='par_1_79' title="bbox 1119 1713 1948 1748">
     <span class='ocr_line' id='line_1_79' title="bbox 1119 1713 1948 1748; baseline 0.001 -9"><span class='ocrx_word' id='word_1_547' title='bbox 1119 1713 1331 1748; x_wconf 80' lang='lat' dir='ltr'><strong>testimonium,</strong></span> <span class='ocrx_word' id='word_1_548' title='bbox 1342 1713 1422 1748; x_wconf 90' lang='lat' dir='ltr'><strong>quod</strong></span> <span class='ocrx_word' id='word_1_549' title='bbox 1433 1714 1578 1748; x_wconf 87' lang='lat' dir='ltr'><strong>scriptum</strong></span> <span class='ocrx_word' id='word_1_550' title='bbox 1594 1721 1654 1741; x_wconf 85' lang='lat' dir='ltr'><strong>non</strong></span> <span class='ocrx_word' id='word_1_551' title='bbox 1668 1717 1720 1748; x_wconf 84' lang='lat' dir='ltr'><strong>est,</strong></span> <span class='ocrx_word' id='word_1_552' title='bbox 1735 1713 1816 1742; x_wconf 86' lang='lat' dir='ltr'><strong>velut</strong></span> <span class='ocrx_word' id='word_1_553' title='bbox 1830 1713 1948 1740; x_wconf 73' lang='lat' dir='ltr'><strong>nullius</strong></span> 
     </span>
    </p>
   </div>
   <div class='ocr_carea' id='block_1_80' title="bbox 1118 1758 1948 1794">
    <p class='ocr_par' dir='ltr' id='par_1_80' title="bbox 1118 1758 1948 1794">
     <span class='ocr_line' id='line_1_80' title="bbox 1118 1758 1948 1794; baseline 0.001 -10"><span class='ocrx_word' id='word_1_554' title='bbox 1118 1758 1261 1785; x_wconf 85' lang='lat' dir='ltr'><strong>momenti</strong></span> <span class='ocrx_word' id='word_1_555' title='bbox 1275 1758 1452 1792; x_wconf 76' lang='lat' dir='ltr'><strong>rejicientes.</strong></span> <span class='ocrx_word' id='word_1_556' title='bbox 1470 1759 1502 1785; x_wconf 82' lang='lat' dir='ltr'><strong>Et</strong></span> <span class='ocrx_word' id='word_1_557' title='bbox 1514 1765 1581 1794; x_wconf 85' lang='lat' dir='ltr'><strong>cap.</strong></span> <span class='ocrx_word' id='word_1_558' title='bbox 1593 1760 1626 1785; x_wconf 83' lang='lat'><strong>27</strong></span> <span class='ocrx_word' id='word_1_559' title='bbox 1643 1759 1685 1794; x_wconf 91' lang='lat' dir='ltr'><strong>(p.</strong></span> <span class='ocrx_word' id='word_1_560' title='bbox 1701 1759 1743 1788; x_wconf 76' lang='grc'><strong>54)</strong></span> <span class='ocrx_word' id='word_1_561' title='bbox 1761 1766 1767 1785; x_wconf 93' lang='lat'>:</span> <span class='ocrx_word' id='word_1_562' title='bbox 1785 1758 1834 1785; x_wconf 75' lang='lat' dir='ltr'><strong>E1:</strong></span> <span class='ocrx_word' id='word_1_563' title='bbox 1852 1765 1948 1786; x_wconf 81' lang='lat' dir='ltr'><strong>asser—</strong></span> 
     </span>
    </p>
   </div>
   <div class='ocr_carea' id='block_1_81' title="bbox 1121 1801 1943 1837">
    <p class='ocr_par' dir='ltr' id='par_1_81' title="bbox 1121 1801 1943 1837">
     <span class='ocr_line' id='line_1_81' title="bbox 1121 1801 1943 1837; baseline -0.001 -8"><span class='ocrx_word' id='word_1_564' title='bbox 1121 1802 1196 1829; x_wconf 84' lang='lat' dir='ltr'><strong>vatis</strong></span> <span class='ocrx_word' id='word_1_565' title='bbox 1211 1802 1242 1829; x_wconf 86' lang='lat' dir='ltr'><strong>in</strong></span> <span class='ocrx_word' id='word_1_566' title='bbox 1256 1802 1388 1830; x_wconf 83' lang='lat' dir='ltr'><strong>Ecclesia</strong></span> <span class='ocrx_word' id='word_1_567' title='bbox 1405 1802 1594 1837; x_wconf 82' lang='lat' dir='ltr'><strong>dogmatibus</strong></span> <span class='ocrx_word' id='word_1_568' title='bbox 1618 1805 1644 1830; x_wconf 87' lang='lat' dir='ltr'><strong>et</strong></span> <span class='ocrx_word' id='word_1_569' title='bbox 1666 1801 1943 1836; x_wconf 67' lang='lat' dir='ltr'><strong>praedicationibus,</strong></span> 
     </span>
    </p>
   </div>
   <div class='ocr_carea' id='block_1_82' title="bbox 1119 1847 1941 1882">
    <p class='ocr_par' dir='ltr' id='par_1_82' title="bbox 1119 1847 1941 1882">
     <span class='ocr_line' id='line_1_82' title="bbox 1119 1847 1941 1882; baseline 0 -8"><span class='ocrx_word' id='word_1_570' title='bbox 1119 1847 1182 1874; x_wconf 83' lang='lat' dir='ltr'><strong>alia</strong></span> <span class='ocrx_word' id='word_1_571' title='bbox 1197 1847 1314 1882; x_wconf 87' lang='lat' dir='ltr'><strong>quidem</strong></span> <span class='ocrx_word' id='word_1_572' title='bbox 1328 1847 1469 1875; x_wconf 85' lang='lat' dir='ltr'><strong>habemus</strong></span> <span class='ocrx_word' id='word_1_573' title='bbox 1483 1855 1499 1875; x_wconf 90' lang='lat' dir='ltr'><strong>e</strong></span> <span class='ocrx_word' id='word_1_574' title='bbox 1512 1847 1651 1876; x_wconf 82' lang='lat' dir='ltr'><strong>doctrina</strong></span> <span class='ocrx_word' id='word_1_575' title='bbox 1675 1848 1795 1882; x_wconf 86' lang='lat' dir='ltr'><strong>Scripta</strong></span> <span class='ocrx_word' id='word_1_576' title='bbox 1807 1847 1941 1882; x_wconf 86' lang='lat' dir='ltr'><strong>prodita,</strong></span> 
     </span>
    </p>
   </div>
   <div class='ocr_carea' id='block_1_83' title="bbox 1119 1891 1945 1927">
    <p class='ocr_par' dir='ltr' id='par_1_83' title="bbox 1119 1891 1945 1927">
     <span class='ocr_line' id='line_1_83' title="bbox 1119 1891 1945 1927; baseline 0 -8"><span class='ocrx_word' id='word_1_577' title='bbox 1119 1891 1180 1920; x_wconf 88' lang='lat' dir='ltr'><strong>alia</strong></span> <span class='ocrx_word' id='word_1_578' title='bbox 1199 1899 1268 1920; x_wconf 83' lang='lat' dir='ltr'><strong>vero</strong></span> <span class='ocrx_word' id='word_1_579' title='bbox 1283 1892 1366 1920; x_wconf 80' lang='lat' dir='ltr'><strong>nobis</strong></span> <span class='ocrx_word' id='word_1_580' title='bbox 1380 1892 1411 1920; x_wconf 90' lang='lat' dir='ltr'><strong>in</strong></span> <span class='ocrx_word' id='word_1_581' title='bbox 1426 1893 1568 1927; x_wconf 84' lang='lat' dir='ltr'><strong>mysterio</strong></span> <span class='ocrx_word' id='word_1_582' title='bbox 1591 1892 1704 1920; x_wconf 86' lang='lat' dir='ltr'><strong>tradita</strong></span> <span class='ocrx_word' id='word_1_583' title='bbox 1729 1893 1892 1927; x_wconf 84' lang='lat' dir='ltr'><strong>recepimus</strong></span> <span class='ocrx_word' id='word_1_584' title='bbox 1906 1899 1945 1919; x_wconf 71' lang='lat' dir='ltr'><strong>ex</strong></span> 
     </span>
    </p>
   </div>
   <div class='ocr_carea' id='block_1_84' title="bbox 1118 1937 1947 1973">
    <p class='ocr_par' dir='ltr' id='par_1_84' title="bbox 1118 1937 1947 1973">
     <span class='ocr_line' id='line_1_84' title="bbox 1118 1937 1947 1973; baseline 0.002 -10"><span class='ocrx_word' id='word_1_585' title='bbox 1118 1937 1279 1964; x_wconf 85' lang='lat' dir='ltr'><strong>traditione</strong></span> <span class='ocrx_word' id='word_1_586' title='bbox 1286 1937 1488 1971; x_wconf 86' lang='lat' dir='ltr'><strong>apostolorum</strong></span> <span class='ocrx_word' id='word_1_587' title='bbox 1497 1947 1507 1964; x_wconf 86' lang='lat'><em>:</em></span> <span class='ocrx_word' id='word_1_588' title='bbox 1523 1945 1649 1973; x_wconf 88' lang='lat' dir='ltr'><strong>quorum</strong></span> <span class='ocrx_word' id='word_1_589' title='bbox 1664 1940 1793 1973; x_wconf 86' lang='lat' dir='ltr'><strong>utraque</strong></span> <span class='ocrx_word' id='word_1_590' title='bbox 1799 1937 1857 1965; x_wconf 88' lang='lat' dir='ltr'><strong>vim</strong></span> <span class='ocrx_word' id='word_1_591' title='bbox 1865 1944 1947 1965; x_wconf 83' lang='lat' dir='ltr'><strong>eam-</strong></span> 
     </span>
    </p>
   </div>
   <div class='ocr_carea' id='block_1_85' title="bbox 1117 1981 1946 2018">
    <p class='ocr_par' dir='ltr' id='par_1_85' title="bbox 1117 1981 1946 2018">
     <span class='ocr_line' id='line_1_85' title="bbox 1117 1981 1946 2018; baseline 0 -9"><span class='ocrx_word' id='word_1_592' title='bbox 1117 1981 1182 2009; x_wconf 89' lang='lat' dir='ltr'><strong>dem</strong></span> <span class='ocrx_word' id='word_1_593' title='bbox 1197 1981 1307 2009; x_wconf 79' lang='lat' dir='ltr'><strong>habent</strong></span> <span class='ocrx_word' id='word_1_594' title='bbox 1320 1982 1360 2010; x_wconf 88' lang='lat' dir='ltr'><strong>ad</strong></span> <span class='ocrx_word' id='word_1_595' title='bbox 1371 1984 1532 2017; x_wconf 85' lang='lat' dir='ltr'><strong>pietatem;</strong></span> <span class='ocrx_word' id='word_1_596' title='bbox 1545 1989 1599 2010; x_wconf 80' lang='lat' dir='ltr'><strong>nec</strong></span> <span class='ocrx_word' id='word_1_597' title='bbox 1608 1983 1642 2010; x_wconf 82' lang='lat' dir='ltr'><strong>iis</strong></span> <span class='ocrx_word' id='word_1_598' title='bbox 1654 1983 1810 2018; x_wconf 88' lang='lat' dir='ltr'><strong>quisquam</strong></span> <span class='ocrx_word' id='word_1_599' title='bbox 1821 1984 1946 2010; x_wconf 84' lang='lat' dir='ltr'><strong>contra-</strong></span> 
     </span>
    </p>
   </div>
   <div class='ocr_carea' id='block_1_86' title="bbox 1116 2026 1977 2062">
    <p class='ocr_par' dir='ltr' id='par_1_86' title="bbox 1116 2026 1977 2062">
     <span class='ocr_line' id='line_1_86' title="bbox 1116 2026 1977 2062; baseline 0.001 -9"><span class='ocrx_word' id='word_1_600' title='bbox 1116 2026 1193 2054; x_wconf 81' lang='lat' dir='ltr'><strong>dicet</strong></span> <span class='ocrx_word' id='word_1_601' title='bbox 1211 2035 1218 2054; x_wconf 75' lang='grc' dir='ltr'>ε</span> <span class='ocrx_word' id='word_1_602' title='bbox 1232 2027 1336 2054; x_wconf 84' lang='lat' dir='ltr'><strong>nullus</strong></span> <span class='ocrx_word' id='word_1_603' title='bbox 1352 2029 1440 2058; x_wconf 86' lang='lat' dir='ltr'><strong>certe,</strong></span> <span class='ocrx_word' id='word_1_604' title='bbox 1457 2027 1510 2062; x_wconf 86' lang='lat' dir='ltr'><strong>qui</strong></span> <span class='ocrx_word' id='word_1_605' title='bbox 1525 2027 1570 2054; x_wconf 82' lang='lat' dir='ltr'><strong>vel</strong></span> <span class='ocrx_word' id='word_1_606' title='bbox 1586 2027 1669 2055; x_wconf 83' lang='lat' dir='ltr'><strong>tenui</strong></span> <span class='ocrx_word' id='word_1_607' title='bbox 1690 2026 1877 2061; x_wconf 73' lang='lat' dir='ltr'><strong>experientia</strong></span> <span class='ocrx_word' id='word_1_608' title='bbox 1892 2035 1946 2054; x_wconf 89' lang='lat' dir='ltr'><strong>no-</strong></span> <span class='ocrx_word' id='word_1_609' title='bbox 1972 2052 1977 2053; x_wconf 32' lang='grc' dir='ltr'><em>γ</em></span> 
     </span>
    </p>
   </div>
   <div class='ocr_carea' id='block_1_87' title="bbox 1116 2070 1946 2107">
    <p class='ocr_par' dir='ltr' id='par_1_87' title="bbox 1116 2070 1946 2107">
     <span class='ocr_line' id='line_1_87' title="bbox 1116 2070 1946 2107; baseline 0.001 -9"><span class='ocrx_word' id='word_1_610' title='bbox 1116 2072 1190 2099; x_wconf 82' lang='lat' dir='ltr'><strong>verit</strong></span> <span class='ocrx_word' id='word_1_611' title='bbox 1202 2079 1267 2106; x_wconf 75' lang='lat' dir='ltr'><strong>qua:</strong></span> <span class='ocrx_word' id='word_1_612' title='bbox 1282 2072 1393 2106; x_wconf 84' lang='lat' dir='ltr'><strong>scripto</strong></span> <span class='ocrx_word' id='word_1_613' title='bbox 1401 2072 1531 2106; x_wconf 75' lang='lat' dir='ltr'><strong>proditae</strong></span> <span class='ocrx_word' id='word_1_614' title='bbox 1541 2079 1601 2099; x_wconf 86' lang='lat' dir='ltr'><strong>non</strong></span> <span class='ocrx_word' id='word_1_615' title='bbox 1615 2075 1695 2104; x_wconf 86' lang='lat' dir='ltr'><strong>sunt,</strong></span> <span class='ocrx_word' id='word_1_616' title='bbox 1703 2075 1848 2107; x_wconf 84' lang='lat' dir='ltr'><strong>tanquam</strong></span> <span class='ocrx_word' id='word_1_617' title='bbox 1858 2070 1946 2099; x_wconf 81' lang='lat' dir='ltr'><strong>haud</strong></span> 
     </span>
    </p>
   </div>
   <div class='ocr_carea' id='block_1_88' title="bbox 1114 2115 1943 2151">
    <p class='ocr_par' dir='ltr' id='par_1_88' title="bbox 1114 2115 1943 2151">
     <span class='ocr_line' id='line_1_88' title="bbox 1114 2115 1943 2151; baseline 0.002 -9"><span class='ocrx_word' id='word_1_618' title='bbox 1114 2116 1242 2143; x_wconf 86' lang='lat' dir='ltr'><strong>multum</strong></span> <span class='ocrx_word' id='word_1_619' title='bbox 1260 2115 1400 2144; x_wconf 81' lang='lat' dir='ltr'><strong>habentes</strong></span> <span class='ocrx_word' id='word_1_620' title='bbox 1423 2116 1792 2151; x_wconf 79' lang='lat' dir='ltr'><strong>momentiaggrediamur</strong></span> <span class='ocrx_word' id='word_1_621' title='bbox 1805 2116 1943 2150; x_wconf 68' lang='lat' dir='ltr'><strong>reﬁcere,</strong></span> 
     </span>
    </p>
   </div>
   <div class='ocr_carea' id='block_1_89' title="bbox 1113 2159 1944 2196">
    <p class='ocr_par' dir='ltr' id='par_1_89' title="bbox 1113 2159 1944 2196">
     <span class='ocr_line' id='line_1_89' title="bbox 1113 2159 1944 2196; baseline 0.002 -10"><span class='ocrx_word' id='word_1_622' title='bbox 1113 2159 1318 2194; x_wconf 84' lang='lat' dir='ltr'><strong>imprudentes</strong></span> <span class='ocrx_word' id='word_1_623' title='bbox 1330 2161 1532 2196; x_wconf 84' lang='lat' dir='ltr'><strong>Euangelium</strong></span> <span class='ocrx_word' id='word_1_624' title='bbox 1545 2162 1574 2189; x_wconf 86' lang='lat' dir='ltr'><strong>in</strong></span> <span class='ocrx_word' id='word_1_625' title='bbox 1592 2161 1663 2195; x_wconf 87' lang='lat' dir='ltr'><strong>ipsis</strong></span> <span class='ocrx_word' id='word_1_626' title='bbox 1678 2160 1764 2189; x_wconf 80' lang='lat' dir='ltr'><strong>rebus</strong></span> <span class='ocrx_word' id='word_1_627' title='bbox 1775 2161 1944 2195; x_wconf 66' lang='lat' dir='ltr'><strong>praecipuis</strong></span> 
     </span>
    </p>
   </div>
   <div class='ocr_carea' id='block_1_90' title="bbox 230 2202 1941 2244">
    <p class='ocr_par' dir='ltr' id='par_1_90' title="bbox 230 2202 1941 2244">
     <span class='ocr_line' id='line_1_90' title="bbox 230 2202 1941 2244; baseline 0.002 -14"><span class='ocrx_word' id='word_1_628' title='bbox 230 2205 277 2236; x_wconf 78' lang='lat' dir='ltr'><strong>tie,</strong></span> <span class='ocrx_word' id='word_1_629' title='bbox 294 2202 436 2231; x_wconf 84' lang='lat' dir='ltr'><strong>Basiliam</strong></span> <span class='ocrx_word' id='word_1_630' title='bbox 452 2210 491 2230; x_wconf 85' lang='lat' dir='ltr'><strong>an</strong></span> <span class='ocrx_word' id='word_1_631' title='bbox 512 2203 694 2231; x_wconf 81' lang='lat' dir='ltr'><strong>Eunomium</strong></span> <span class='ocrx_word' id='word_1_632' title='bbox 709 2212 720 2230; x_wconf 65' lang='grc' dir='ltr'><strong>,ι</strong></span> <span class='ocrx_word' id='word_1_633' title='bbox 737 2205 836 2230; x_wconf 90' lang='lat' dir='ltr'><strong>utrum</strong></span> <span class='ocrx_word' id='word_1_634' title='bbox 861 2202 1058 2230; x_wconf 47' lang='lat' dir='ltr'><strong>cumvBasilio</strong></span> <span class='ocrx_word' id='word_1_635' title='bbox 1073 2217 1095 2244; x_wconf 69' lang='grc' dir='ltr'><strong>ι)</strong></span> <span class='ocrx_word' id='word_1_636' title='bbox 1114 2205 1263 2237; x_wconf 65' lang='lat' dir='ltr'><strong>lxdemus,</strong></span> <span class='ocrx_word' id='word_1_637' title='bbox 1287 2206 1344 2233; x_wconf 87' lang='lat' dir='ltr'><strong>imo</strong></span> <span class='ocrx_word' id='word_1_638' title='bbox 1364 2206 1463 2240; x_wconf 78' lang='lat' dir='ltr'><strong>potius</strong></span> <span class='ocrx_word' id='word_1_639' title='bbox 1491 2206 1732 2240; x_wconf 69' lang='lat' dir='ltr'><strong>praedicationem</strong></span> <span class='ocrx_word' id='word_1_640' title='bbox 1758 2206 1798 2233; x_wconf 87' lang='lat' dir='ltr'><strong>ad</strong></span> <span class='ocrx_word' id='word_1_641' title='bbox 1822 2205 1941 2233; x_wconf 88' lang='lat' dir='ltr'><strong>nudum</strong></span> 
     </span>
    </p>
   </div>
   <div class='ocr_carea' id='block_1_91' title="bbox 229 2247 1057 2281">
    <p class='ocr_par' dir='ltr' id='par_1_91' title="bbox 229 2247 1057 2281">
     <span class='ocr_line' id='line_1_91' title="bbox 229 2247 1057 2281; baseline 0.002 -7"><span class='ocrx_word' id='word_1_642' title='bbox 229 2249 404 2275; x_wconf 86' lang='lat' dir='ltr'><strong>sanctorum</strong></span> <span class='ocrx_word' id='word_1_643' title='bbox 420 2249 538 2275; x_wconf 87' lang='lat' dir='ltr'><strong>Patrum</strong></span> <span class='ocrx_word' id='word_1_644' title='bbox 553 2248 770 2281; x_wconf 87' lang='lat' dir='ltr'><strong>auctoritatem,</strong></span> <span class='ocrx_word' id='word_1_645' title='bbox 784 2255 820 2275; x_wconf 91' lang='lat' dir='ltr'><strong>ac</strong></span> <span class='ocrx_word' id='word_1_646' title='bbox 833 2247 1057 2276; x_wconf 89' lang='lat' dir='ltr'><strong>multitudinem</strong></span> 
     </span>
    </p>
   </div>
   <div class='ocr_carea' id='block_1_92' title="bbox 228 2291 1056 2328">
    <p class='ocr_par' dir='ltr' id='par_1_92' title="bbox 228 2291 1056 2328">
     <span class='ocr_line' id='line_1_92' title="bbox 228 2291 1056 2328; baseline 0.001 -9"><span class='ocrx_word' id='word_1_647' title='bbox 228 2291 466 2320; x_wconf 88' lang='lat' dir='ltr'><strong>Christianorum</strong></span> <span class='ocrx_word' id='word_1_648' title='bbox 496 2292 645 2326; x_wconf 88' lang='lat' dir='ltr'><strong>omnium,</strong></span> <span class='ocrx_word' id='word_1_649' title='bbox 674 2294 736 2320; x_wconf 89' lang='lat' dir='ltr'><strong>tum</strong></span> <span class='ocrx_word' id='word_1_650' title='bbox 764 2300 869 2320; x_wconf 88' lang='lat' dir='ltr'><strong>eorum</strong></span> <span class='ocrx_word' id='word_1_651' title='bbox 895 2292 947 2328; x_wconf 88' lang='lat' dir='ltr'><strong>qui</strong></span> <span class='ocrx_word' id='word_1_652' title='bbox 974 2300 1056 2321; x_wconf 92' lang='lat' dir='ltr'><strong>nunc</strong></span> 
     </span>
    </p>
   </div>
   <div class='ocr_carea' id='block_1_93' title="bbox 227 2336 1053 2372">
    <p class='ocr_par' dir='ltr' id='par_1_93' title="bbox 227 2336 1053 2372">
     <span class='ocr_line' id='line_1_93' title="bbox 227 2336 1053 2372; baseline 0.002 -9"><span class='ocrx_word' id='word_1_653' title='bbox 227 2338 307 2368; x_wconf 89' lang='lat' dir='ltr'><strong>sunt,</strong></span> <span class='ocrx_word' id='word_1_654' title='bbox 323 2339 385 2364; x_wconf 93' lang='lat' dir='ltr'><strong>tum</strong></span> <span class='ocrx_word' id='word_1_655' title='bbox 394 2344 500 2364; x_wconf 90' lang='lat' dir='ltr'><strong>eorum</strong></span> <span class='ocrx_word' id='word_1_656' title='bbox 514 2336 566 2372; x_wconf 90' lang='lat' dir='ltr'><strong>qui</strong></span> <span class='ocrx_word' id='word_1_657' title='bbox 582 2336 620 2364; x_wconf 85' lang='lat' dir='ltr'><strong>ab</strong></span> <span class='ocrx_word' id='word_1_658' title='bbox 634 2336 771 2364; x_wconf 55' lang='lat' dir='ltr'><strong>Ecclesia;</strong></span> <span class='ocrx_word' id='word_1_659' title='bbox 785 2339 852 2365; x_wconf 92' lang='lat' dir='ltr'><strong>ortu</strong></span> <span class='ocrx_word' id='word_1_660' title='bbox 867 2337 1053 2372; x_wconf 85' lang='lat' dir='ltr'><strong>exstiterunt,</strong></span> 
     </span>
    </p>
   </div>
   <div class='ocr_carea' id='block_1_94' title="bbox 224 2380 1054 2414">
    <p class='ocr_par' dir='ltr' id='par_1_94' title="bbox 224 2380 1054 2414">
     <span class='ocr_line' id='line_1_94' title="bbox 224 2380 1054 2414; baseline 0.004 -6"><span class='ocrx_word' id='word_1_661' title='bbox 224 2382 359 2409; x_wconf 73' lang='lat' dir='ltr'><strong>reverita:</strong></span> <span class='ocrx_word' id='word_1_662' title='bbox 371 2380 443 2414; x_wconf 88' lang='lat' dir='ltr'><strong>sint;</strong></span> <span class='ocrx_word' id='word_1_663' title='bbox 458 2389 496 2409; x_wconf 89' lang='lat' dir='ltr'><strong>an</strong></span> <span class='ocrx_word' id='word_1_664' title='bbox 509 2389 577 2408; x_wconf 90' lang='lat' dir='ltr'><strong>cum</strong></span> <span class='ocrx_word' id='word_1_665' title='bbox 593 2382 740 2409; x_wconf 87' lang='lat' dir='ltr'><strong>Eunomio</strong></span> <span class='ocrx_word' id='word_1_666' title='bbox 755 2385 869 2409; x_wconf 90' lang='lat' dir='ltr'><strong>tantam</strong></span> <span class='ocrx_word' id='word_1_667' title='bbox 896 2383 1054 2411; x_wconf 85' lang='lat' dir='ltr'><strong>auctorita-</strong></span> 
     </span>
    </p>
   </div>
   <div class='ocr_carea' id='block_1_95' title="bbox 225 2425 918 2461">
    <p class='ocr_par' dir='ltr' id='par_1_95' title="bbox 225 2425 918 2461">
     <span class='ocr_line' id='line_1_95' title="bbox 225 2425 918 2461; baseline 0.003 -9"><span class='ocrx_word' id='word_1_668' title='bbox 225 2426 284 2452; x_wconf 87' lang='lat' dir='ltr'><strong>tem</strong></span> <span class='ocrx_word' id='word_1_669' title='bbox 300 2425 380 2453; x_wconf 79' lang='lat' dir='ltr'><strong>tricis</strong></span> <span class='ocrx_word' id='word_1_670' title='bbox 394 2428 422 2453; x_wconf 86' lang='lat' dir='ltr'><strong>et</strong></span> <span class='ocrx_word' id='word_1_671' title='bbox 434 2425 676 2453; x_wconf 75' lang='lat' dir='ltr'><strong>cavillationibus</strong></span> <span class='ocrx_word' id='word_1_672' title='bbox 689 2425 918 2461; x_wconf 79' lang='lat' dir='ltr'><strong>exagitaverint.</strong></span> 
     </span>
    </p>
   </div>
   <div class='ocr_carea' id='block_1_96' title="bbox 258 2470 1052 2507">
    <p class='ocr_par' dir='ltr' id='par_1_96' title="bbox 258 2470 1052 2507">
     <span class='ocr_line' id='line_1_96' title="bbox 258 2470 1052 2507; baseline 0.005 -11"><span class='ocrx_word' id='word_1_673' title='bbox 258 2471 322 2497; x_wconf 80' lang='lat' dir='ltr'><strong>Non</strong></span> <span class='ocrx_word' id='word_1_674' title='bbox 342 2470 468 2497; x_wconf 88' lang='lat' dir='ltr'><strong>minoris</strong></span> <span class='ocrx_word' id='word_1_675' title='bbox 483 2470 629 2498; x_wconf 88' lang='lat' dir='ltr'><strong>momenti</strong></span> <span class='ocrx_word' id='word_1_676' title='bbox 652 2470 789 2499; x_wconf 77' lang='lat' dir='ltr'><strong>videntur</strong></span> <span class='ocrx_word' id='word_1_677' title='bbox 817 2480 881 2499; x_wconf 88' lang='lat' dir='ltr'><strong>esse</strong></span> <span class='ocrx_word' id='word_1_678' title='bbox 907 2480 975 2507; x_wconf 73' lang='lat' dir='ltr'><strong>qua:</strong></span> <span class='ocrx_word' id='word_1_679' title='bbox 1003 2481 1052 2500; x_wconf 60' lang='lat' dir='ltr'><strong>se-</strong></span> 
     </span>
    </p>
   </div>
   <div class='ocr_carea' id='block_1_97' title="bbox 221 2515 1048 2552">
    <p class='ocr_par' dir='ltr' id='par_1_97' title="bbox 221 2515 1048 2552">
     <span class='ocr_line' id='line_1_97' title="bbox 221 2515 1048 2552; baseline 0.002 -10"><span class='ocrx_word' id='word_1_680' title='bbox 221 2518 367 2550; x_wconf 83' lang='lat' dir='ltr'><strong>quuntur.</strong></span> <span class='ocrx_word' id='word_1_681' title='bbox 397 2515 510 2549; x_wconf 79' lang='lat' dir='ltr'><strong>Magna</strong></span> <span class='ocrx_word' id='word_1_682' title='bbox 536 2516 681 2550; x_wconf 77' lang='lat' dir='ltr'><strong>pro/ccio,</strong></span> <span class='ocrx_word' id='word_1_683' title='bbox 707 2516 802 2552; x_wconf 85' lang='lat' dir='ltr'><strong>inquit</strong></span> <span class='ocrx_word' id='word_1_684' title='bbox 831 2517 892 2551; x_wconf 87' lang='lat' dir='ltr'><strong>(ib.,</strong></span> <span class='ocrx_word' id='word_1_685' title='bbox 920 2525 949 2552; x_wconf 89' lang='lat' dir='ltr'><strong>p.</strong></span> <span class='ocrx_word' id='word_1_686' title='bbox 975 2518 1048 2550; x_wconf 75' lang='grc'>211),</span> 
     </span>
    </p>
   </div>
   <div class='ocr_carea' id='block_1_98' title="bbox 217 2559 1047 2596">
    <p class='ocr_par' dir='ltr' id='par_1_98' title="bbox 217 2559 1047 2596">
     <span class='ocr_line' id='line_1_98' title="bbox 217 2559 1047 2596; baseline 0.004 -10"><span class='ocrx_word' id='word_1_687' title='bbox 217 2559 297 2593; x_wconf 81' lang='lat' dir='ltr'><strong>foret</strong></span> <span class='ocrx_word' id='word_1_688' title='bbox 312 2563 364 2587; x_wconf 90' lang='lat' dir='ltr'><strong>tua</strong></span> <span class='ocrx_word' id='word_1_689' title='bbox 381 2561 521 2594; x_wconf 84' lang='lat' dir='ltr'><strong>potentia,</strong></span> <span class='ocrx_word' id='word_1_690' title='bbox 538 2561 565 2588; x_wconf 82' lang='lat' dir='ltr'><strong>si</strong></span> <span class='ocrx_word' id='word_1_691' title='bbox 578 2569 642 2596; x_wconf 69' lang='lat' dir='ltr'><strong>qua:</strong></span> <span class='ocrx_word' id='word_1_692' title='bbox 657 2562 822 2596; x_wconf 83' lang='lat' dir='ltr'><strong>multiplici</strong></span> <span class='ocrx_word' id='word_1_693' title='bbox 840 2570 892 2589; x_wconf 89' lang='lat' dir='ltr'><strong>suo</strong></span> <span class='ocrx_word' id='word_1_694' title='bbox 917 2563 1047 2596; x_wconf 82' lang='lat' dir='ltr'><strong>arti/icio</strong></span> 
     </span>
    </p>
   </div>
   <div class='ocr_carea' id='block_1_99' title="bbox 218 2603 1046 2641">
    <p class='ocr_par' dir='ltr' id='par_1_99' title="bbox 218 2603 1046 2641">
     <span class='ocr_line' id='line_1_99' title="bbox 218 2603 1046 2641; baseline 0.004 -10"><span class='ocrx_word' id='word_1_695' title='bbox 218 2603 356 2632; x_wconf 82' lang='lat' dir='ltr'><strong>diabolus</strong></span> <span class='ocrx_word' id='word_1_696' title='bbox 372 2608 544 2632; x_wconf 83' lang='lat' dir='ltr'><strong>consecutus</strong></span> <span class='ocrx_word' id='word_1_697' title='bbox 555 2613 614 2633; x_wconf 86' lang='lat' dir='ltr'><strong>non</strong></span> <span class='ocrx_word' id='word_1_698' title='bbox 628 2608 681 2638; x_wconf 84' lang='lat' dir='ltr'><strong>est,</strong></span> <span class='ocrx_word' id='word_1_699' title='bbox 696 2613 731 2634; x_wconf 85' lang='lat' dir='ltr'><strong>ea</strong></span> <span class='ocrx_word' id='word_1_700' title='bbox 755 2606 810 2633; x_wconf 82' lang='lat' dir='ltr'><strong>tibi</strong></span> <span class='ocrx_word' id='word_1_701' title='bbox 832 2607 894 2634; x_wconf 84' lang='lat' dir='ltr'><strong>solo</strong></span> <span class='ocrx_word' id='word_1_702' title='bbox 921 2607 1046 2641; x_wconf 87' lang='lat' dir='ltr'><strong>imperio</strong></span> 
     </span>
    </p>
   </div>
   <div class='ocr_carea' id='block_1_100' title="bbox 216 2650 1044 2686">
    <p class='ocr_par' dir='ltr' id='par_1_100' title="bbox 216 2650 1044 2686">
     <span class='ocr_line' id='line_1_100' title="bbox 216 2650 1044 2686; baseline 0.004 -10"><span class='ocrx_word' id='word_1_703' title='bbox 216 2650 336 2685; x_wconf 81' lang='lat' dir='ltr'><strong>assequi</strong></span> <span class='ocrx_word' id='word_1_704' title='bbox 356 2651 557 2685; x_wconf 76' lang='lat' dir='ltr'><strong>contingeret;</strong></span> <span class='ocrx_word' id='word_1_705' title='bbox 574 2651 600 2678; x_wconf 84' lang='lat' dir='ltr'><strong>si</strong></span> <span class='ocrx_word' id='word_1_706' title='bbox 627 2651 762 2679; x_wconf 78' lang='lat' dir='ltr'><strong>videlicet</strong></span> <span class='ocrx_word' id='word_1_707' title='bbox 775 2659 922 2686; x_wconf 82' lang='lat' dir='ltr'><strong>persuasu</strong></span> <span class='ocrx_word' id='word_1_708' title='bbox 937 2659 972 2679; x_wconf 90' lang='lat' dir='ltr'><strong>ac</strong></span> <span class='ocrx_word' id='word_1_709' title='bbox 1001 2652 1044 2679; x_wconf 86' lang='lat' dir='ltr'><strong>in-</strong></span> 
     </span>
    </p>
   </div>
   <div class='ocr_carea' id='block_1_101' title="bbox 215 2694 1044 2731">
    <p class='ocr_par' dir='ltr' id='par_1_101' title="bbox 215 2694 1044 2731">
     <span class='ocr_line' id='line_1_101' title="bbox 215 2694 1044 2731; baseline 0.005 -11"><span class='ocrx_word' id='word_1_710' title='bbox 215 2694 307 2721; x_wconf 84' lang='lat' dir='ltr'><strong>ductu</strong></span> <span class='ocrx_word' id='word_1_711' title='bbox 323 2698 373 2722; x_wconf 88' lang='lat' dir='ltr'><strong>tuo</strong></span> <span class='ocrx_word' id='word_1_712' title='bbox 389 2695 592 2727; x_wconf 83' lang='lat' dir='ltr'><strong>traditionem,</strong></span> <span class='ocrx_word' id='word_1_713' title='bbox 606 2704 672 2731; x_wconf 64' lang='lat' dir='ltr'><strong>qua:</strong></span> <span class='ocrx_word' id='word_1_714' title='bbox 684 2703 741 2731; x_wconf 85' lang='lat' dir='ltr'><strong>per</strong></span> <span class='ocrx_word' id='word_1_715' title='bbox 758 2697 946 2731; x_wconf 64' lang='lat' dir='ltr'><strong>praeteritum</strong></span> <span class='ocrx_word' id='word_1_716' title='bbox 961 2704 1044 2724; x_wconf 87' lang='lat' dir='ltr'><strong>omne</strong></span> 
     </span>
    </p>
   </div>
   <div class='ocr_carea' id='block_1_102' title="bbox 248 2783 701 2822">
    <p class='ocr_par' dir='ltr' id='par_1_102' title="bbox 248 2783 701 2822">
     <span class='ocr_line' id='line_1_102' title="bbox 248 2783 701 2822; baseline 0.009 -12"><span class='ocrx_word' id='word_1_717' title='bbox 248 2783 305 2820; x_wconf 83' lang='grc' dir='ltr'><strong>(ιο)</strong></span> <span class='ocrx_word' id='word_1_718' title='bbox 323 2783 437 2814; x_wconf 77' lang='lat' dir='ltr'><strong>Medut.</strong></span> <span class='ocrx_word' id='word_1_719' title='bbox 457 2785 556 2822; x_wconf 85' lang='lat' dir='ltr'><strong>theol.,</strong></span> <span class='ocrx_word' id='word_1_720' title='bbox 570 2788 649 2822; x_wconf 78' lang='lat' dir='ltr'><strong>part.</strong></span> <span class='ocrx_word' id='word_1_721' title='bbox 662 2793 701 2814; x_wconf 84' lang='lat' dir='ltr'><strong>iv.</strong></span> 
     </span>
    </p>
   </div>
   <div class='ocr_carea' id='block_1_103' title="bbox 1110 2249 1942 2279">
    <p class='ocr_par' dir='ltr' id='par_1_103' title="bbox 1110 2249 1942 2279">
     <span class='ocr_line' id='line_1_103' title="bbox 1110 2249 1942 2279; baseline 0.002 -3"><span class='ocrx_word' id='word_1_722' title='bbox 1110 2257 1217 2278; x_wconf 82' lang='lat' dir='ltr'><strong>nomen</strong></span> <span class='ocrx_word' id='word_1_723' title='bbox 1232 2250 1456 2279; x_wconf 79' lang='lat' dir='ltr'><strong>contrahemus.</strong></span> <span class='ocrx_word' id='word_1_724' title='bbox 1485 2251 1542 2278; x_wconf 83' lang='lat' dir='ltr'><strong>Cur</strong></span> <span class='ocrx_word' id='word_1_725' title='bbox 1555 2250 1595 2278; x_wconf 86' lang='lat' dir='ltr'><strong>ad</strong></span> <span class='ocrx_word' id='word_1_726' title='bbox 1615 2249 1806 2278; x_wconf 84' lang='lat' dir='ltr'><strong>traditionem</strong></span> <span class='ocrx_word' id='word_1_727' title='bbox 1837 2249 1942 2278; x_wconf 86' lang='lat' dir='ltr'><strong>confu-</strong></span> 
     </span>
    </p>
   </div>
   <div class='ocr_carea' id='block_1_104' title="bbox 1110 2294 1939 2331">
    <p class='ocr_par' dir='ltr' id='par_1_104' title="bbox 1110 2294 1939 2331">
     <span class='ocr_line' id='line_1_104' title="bbox 1110 2294 1939 2331; baseline 0.001 -10"><span class='ocrx_word' id='word_1_728' title='bbox 1110 2294 1256 2328; x_wconf 86' lang='lat' dir='ltr'><strong>giendum</strong></span> <span class='ocrx_word' id='word_1_729' title='bbox 1281 2295 1328 2329; x_wconf 89' lang='lat' dir='ltr'><strong>sit,</strong></span> <span class='ocrx_word' id='word_1_730' title='bbox 1358 2297 1390 2322; x_wconf 89' lang='lat' dir='ltr'><strong>ut</strong></span> <span class='ocrx_word' id='word_1_731' title='bbox 1421 2294 1558 2323; x_wconf 87' lang='lat' dir='ltr'><strong>doctrina</strong></span> <span class='ocrx_word' id='word_1_732' title='bbox 1582 2294 1719 2322; x_wconf 62' lang='lat' dir='ltr'><strong>Ecclesiae</strong></span> <span class='ocrx_word' id='word_1_733' title='bbox 1743 2294 1939 2331; x_wconf 87' lang='lat' dir='ltr'><strong>percipiatur,</strong></span> 
     </span>
    </p>
   </div>
   <div class='ocr_carea' id='block_1_105' title="bbox 1108 2337 1938 2376">
    <p class='ocr_par' dir='ltr' id='par_1_105' title="bbox 1108 2337 1938 2376">
     <span class='ocr_line' id='line_1_105' title="bbox 1108 2337 1938 2376; baseline 0.002 -10"><span class='ocrx_word' id='word_1_734' title='bbox 1108 2337 1188 2367; x_wconf 85' lang='lat' dir='ltr'><strong>hanc</strong></span> <span class='ocrx_word' id='word_1_735' title='bbox 1203 2340 1294 2367; x_wconf 88' lang='lat' dir='ltr'><strong>etiam</strong></span> <span class='ocrx_word' id='word_1_736' title='bbox 1309 2339 1395 2367; x_wconf 74' lang='lat' dir='ltr'><strong>affert</strong></span> <span class='ocrx_word' id='word_1_737' title='bbox 1420 2339 1567 2368; x_wconf 84' lang='lat' dir='ltr'><strong>rationem</strong></span> <span class='ocrx_word' id='word_1_738' title='bbox 1583 2345 1622 2376; x_wconf 89' lang='lat' dir='ltr'><strong>(p.</strong></span> <span class='ocrx_word' id='word_1_739' title='bbox 1635 2341 1690 2376; x_wconf 80' lang='lat'><strong>55),</strong></span> <span class='ocrx_word' id='word_1_740' title='bbox 1706 2339 1789 2376; x_wconf 85' lang='lat' dir='ltr'><strong>quod</strong></span> <span class='ocrx_word' id='word_1_741' title='bbox 1808 2347 1871 2368; x_wconf 87' lang='lat' dir='ltr'><strong>non</strong></span> <span class='ocrx_word' id='word_1_742' title='bbox 1886 2347 1938 2368; x_wconf 89' lang='lat' dir='ltr'><strong>so-</strong></span> 
     </span>
    </p>
   </div>
   <div class='ocr_carea' id='block_1_106' title="bbox 1107 2383 1938 2420">
    <p class='ocr_par' dir='ltr' id='par_1_106' title="bbox 1107 2383 1938 2420">
     <span class='ocr_line' id='line_1_106' title="bbox 1107 2383 1938 2420; baseline 0.001 -9"><span class='ocrx_word' id='word_1_743' title='bbox 1107 2383 1171 2411; x_wconf 88' lang='lat' dir='ltr'><strong>lum</strong></span> <span class='ocrx_word' id='word_1_744' title='bbox 1195 2384 1298 2412; x_wconf 85' lang='lat' dir='ltr'><strong>omnia</strong></span> <span class='ocrx_word' id='word_1_745' title='bbox 1314 2385 1473 2420; x_wconf 88' lang='lat' dir='ltr'><strong>Scripturis</strong></span> <span class='ocrx_word' id='word_1_746' title='bbox 1484 2384 1663 2420; x_wconf 85' lang='lat' dir='ltr'><strong>consignata</strong></span> <span class='ocrx_word' id='word_1_747' title='bbox 1676 2392 1738 2412; x_wconf 91' lang='lat' dir='ltr'><strong>non</strong></span> <span class='ocrx_word' id='word_1_748' title='bbox 1749 2384 1868 2418; x_wconf 89' lang='lat' dir='ltr'><strong>fuerint,</strong></span> <span class='ocrx_word' id='word_1_749' title='bbox 1883 2385 1938 2412; x_wconf 87' lang='lat' dir='ltr'><strong>sed</strong></span> 
     </span>
    </p>
   </div>
   <div class='ocr_carea' id='block_1_107' title="bbox 1107 2429 1937 2466">
    <p class='ocr_par' dir='ltr' id='par_1_107' title="bbox 1107 2429 1937 2466">
     <span class='ocr_line' id='line_1_107' title="bbox 1107 2429 1937 2466; baseline 0.002 -10"><span class='ocrx_word' id='word_1_750' title='bbox 1107 2429 1197 2457; x_wconf 91' lang='lat' dir='ltr'><strong>etiam</strong></span> <span class='ocrx_word' id='word_1_751' title='bbox 1217 2429 1283 2465; x_wconf 88' lang='lat' dir='ltr'><strong>ipsa</strong></span> <span class='ocrx_word' id='word_1_752' title='bbox 1299 2429 1451 2465; x_wconf 87' lang='lat' dir='ltr'><strong>Scriptura</strong></span> <span class='ocrx_word' id='word_1_753' title='bbox 1480 2429 1662 2457; x_wconf 84' lang='lat' dir='ltr'><strong>obscuritate</strong></span> <span class='ocrx_word' id='word_1_754' title='bbox 1685 2429 1820 2466; x_wconf 83' lang='lat' dir='ltr'><strong>quadam</strong></span> <span class='ocrx_word' id='word_1_755' title='bbox 1840 2429 1937 2458; x_wconf 83' lang='lat' dir='ltr'><strong>invol-</strong></span> 
     </span>
    </p>
   </div>
   <div class='ocr_carea' id='block_1_108' title="bbox 1106 2474 1934 2508">
    <p class='ocr_par' dir='ltr' id='par_1_108' title="bbox 1106 2474 1934 2508">
     <span class='ocr_line' id='line_1_108' title="bbox 1106 2474 1934 2508; baseline 0 -6"><span class='ocrx_word' id='word_1_756' title='bbox 1106 2477 1202 2502; x_wconf 84' lang='lat' dir='ltr'><strong>vatur.</strong></span> <span class='ocrx_word' id='word_1_757' title='bbox 1219 2475 1272 2501; x_wconf 79' lang='lat' dir='ltr'><strong>Est</strong></span> <span class='ocrx_word' id='word_1_758' title='bbox 1286 2478 1385 2502; x_wconf 79' lang='lat' dir='ltr'><strong>autem</strong></span> <span class='ocrx_word' id='word_1_759' title='bbox 1401 2474 1516 2502; x_wconf 82' lang='lat' dir='ltr'><strong>silentii</strong></span> <span class='ocrx_word' id='word_1_760' title='bbox 1527 2475 1637 2508; x_wconf 79' lang='lat' dir='ltr'><strong>species</strong></span> <span class='ocrx_word' id='word_1_761' title='bbox 1648 2475 1737 2503; x_wconf 89' lang='lat' dir='ltr'><strong>etiam</strong></span> <span class='ocrx_word' id='word_1_762' title='bbox 1750 2474 1934 2507; x_wconf 83' lang='lat' dir='ltr'><strong>obscuritas,</strong></span> 
     </span>
    </p>
   </div>
   <div class='ocr_carea' id='block_1_109' title="bbox 1103 2518 1935 2554">
    <p class='ocr_par' dir='ltr' id='par_1_109' title="bbox 1103 2518 1935 2554">
     <span class='ocr_line' id='line_1_109' title="bbox 1103 2518 1935 2554; baseline 0.001 -9"><span class='ocrx_word' id='word_1_763' title='bbox 1103 2527 1164 2554; x_wconf 88' lang='lat' dir='ltr'><strong>qua</strong></span> <span class='ocrx_word' id='word_1_764' title='bbox 1189 2519 1287 2545; x_wconf 87' lang='lat' dir='ltr'><strong>utitur</strong></span> <span class='ocrx_word' id='word_1_765' title='bbox 1307 2518 1479 2552; x_wconf 85' lang='lat' dir='ltr'><strong>Scriptura,</strong></span> <span class='ocrx_word' id='word_1_766' title='bbox 1504 2519 1658 2547; x_wconf 84' lang='lat' dir='ltr'><strong>intellectu</strong></span> <span class='ocrx_word' id='word_1_767' title='bbox 1682 2519 1838 2554; x_wconf 80' lang='lat' dir='ltr'><strong>difﬁcdem</strong></span> <span class='ocrx_word' id='word_1_768' title='bbox 1869 2519 1935 2547; x_wconf 81' lang='lat' dir='ltr'><strong>red-</strong></span> 
     </span>
    </p>
   </div>
   <div class='ocr_carea' id='block_1_110' title="bbox 1102 2563 1934 2599">
    <p class='ocr_par' dir='ltr' id='par_1_110' title="bbox 1102 2563 1934 2599">
     <span class='ocr_line' id='line_1_110' title="bbox 1102 2563 1934 2599; baseline 0.002 -9"><span class='ocrx_word' id='word_1_769' title='bbox 1102 2563 1174 2591; x_wconf 83' lang='lat' dir='ltr'><strong>dens</strong></span> <span class='ocrx_word' id='word_1_770' title='bbox 1189 2563 1362 2598; x_wconf 84' lang='lat' dir='ltr'><strong>dogmatum</strong></span> <span class='ocrx_word' id='word_1_771' title='bbox 1393 2565 1572 2591; x_wconf 83' lang='lat' dir='ltr'><strong>sententiam</strong></span> <span class='ocrx_word' id='word_1_772' title='bbox 1600 2563 1688 2599; x_wconf 87' lang='lat' dir='ltr'><strong>idque</strong></span> <span class='ocrx_word' id='word_1_773' title='bbox 1701 2564 1742 2591; x_wconf 87' lang='lat' dir='ltr'><strong>ad</strong></span> <span class='ocrx_word' id='word_1_774' title='bbox 1770 2564 1934 2598; x_wconf 81' lang='lat' dir='ltr'><strong>legentium</strong></span> 
     </span>
    </p>
   </div>
   <div class='ocr_carea' id='block_1_111' title="bbox 1101 2607 1412 2643">
    <p class='ocr_par' dir='ltr' id='par_1_111' title="bbox 1101 2607 1412 2643">
     <span class='ocr_line' id='line_1_111' title="bbox 1101 2607 1412 2643; baseline 0.003 -9"><span class='ocrx_word' id='word_1_775' title='bbox 1101 2607 1264 2634; x_wconf 83' lang='lat' dir='ltr'><strong>utilitatem</strong></span> <span class='ocrx_word' id='word_1_776' title='bbox 1280 2608 1321 2643; x_wconf 89' lang='lat' dir='ltr'><strong>(p.</strong></span> <span class='ocrx_word' id='word_1_777' title='bbox 1337 2608 1412 2641; x_wconf 83' lang='lat'><strong>206).</strong></span> 
     </span>
    </p>
   </div>
   <div class='ocr_carea' id='block_1_112' title="bbox 1137 2651 1932 2691">
    <p class='ocr_par' dir='ltr' id='par_1_112' title="bbox 1137 2651 1932 2691">
     <span class='ocr_line' id='line_1_112' title="bbox 1137 2651 1932 2691; baseline 0.004 -12"><span class='ocrx_word' id='word_1_778' title='bbox 1137 2651 1274 2688; x_wconf 85' lang='lat' dir='ltr'><strong>Speravit</strong></span> <span class='ocrx_word' id='word_1_779' title='bbox 1285 2651 1432 2680; x_wconf 87' lang='lat' dir='ltr'><strong>Scultetus</strong></span> <span class='ocrx_word' id='word_1_780' title='bbox 1443 2653 1508 2680; x_wconf 67' lang='lat' dir='ltr'><strong>hinc</strong></span> <span class='ocrx_word' id='word_1_781' title='bbox 1521 2653 1602 2681; x_wconf 87' lang='lat' dir='ltr'><strong>eludi</strong></span> <span class='ocrx_word' id='word_1_782' title='bbox 1617 2661 1717 2690; x_wconf 84' lang='lat' dir='ltr'><strong>posse,</strong></span> <span class='ocrx_word' id='word_1_783' title='bbox 1734 2653 1758 2681; x_wconf 86' lang='lat' dir='ltr'><strong>si</strong></span> <span class='ocrx_word' id='word_1_784' title='bbox 1770 2652 1851 2682; x_wconf 85' lang='lat' dir='ltr'><strong>hanc</strong></span> <span class='ocrx_word' id='word_1_785' title='bbox 1862 2661 1932 2691; x_wconf 84' lang='lat' dir='ltr'><strong>par-</strong></span> 
     </span>
    </p>
   </div>
   <div class='ocr_carea' id='block_1_113' title="bbox 1099 2697 1930 2735">
    <p class='ocr_par' dir='ltr' id='par_1_113' title="bbox 1099 2697 1930 2735">
     <span class='ocr_line' id='line_1_113' title="bbox 1099 2697 1930 2735; baseline 0.004 -10"><span class='ocrx_word' id='word_1_786' title='bbox 1099 2698 1158 2725; x_wconf 87' lang='lat' dir='ltr'><strong>tem</strong></span> <span class='ocrx_word' id='word_1_787' title='bbox 1171 2697 1238 2725; x_wconf 86' lang='lat' dir='ltr'><strong>libri</strong></span> <span class='ocrx_word' id='word_1_788' title='bbox 1253 2698 1296 2726; x_wconf 86' lang='lat' dir='ltr'><strong>De</strong></span> <span class='ocrx_word' id='word_1_789' title='bbox 1311 2698 1428 2733; x_wconf 85' lang='lat' dir='ltr'><strong>Spiritu</strong></span> <span class='ocrx_word' id='word_1_790' title='bbox 1440 2701 1556 2734; x_wconf 81' lang='lat' dir='ltr'><strong>sancto,</strong></span> <span class='ocrx_word' id='word_1_791' title='bbox 1570 2707 1606 2727; x_wconf 82' lang='lat' dir='ltr'><strong>ex</strong></span> <span class='ocrx_word' id='word_1_792' title='bbox 1616 2706 1678 2735; x_wconf 83' lang='lat' dir='ltr'><strong>qua</strong></span> <span class='ocrx_word' id='word_1_793' title='bbox 1690 2700 1879 2735; x_wconf 82' lang='lat' dir='ltr'><strong>postremum</strong></span> <span class='ocrx_word' id='word_1_794' title='bbox 1891 2701 1930 2728; x_wconf 79' lang='lat' dir='ltr'><strong>te-</strong></span> 
     </span>
    </p>
   </div>
  </div>
