2027 3144
244 159 278 187 t7
996 141 1188 172 PREFATIO.
1920 137 1959 165 48

243 222 294 250 size
309 228 371 249 sure
397 215 645 247 consuetudinem
673 211 870 250 opponebam
889 208 1069 238 Pneumato-
1085 207 1108 232 Α
1123 211 1207 232 omne
1225 206 1280 231 aut
1303 211 1350 232 res
1372 203 1539 231 testimonio
1554 202 1665 230 divina:
1677 201 1844 234 Scripturw
1860 199 1958 232 obﬁr-

243 266 342 295 machi
357 273 362 292 :
377 265 407 292 in
419 262 477 292 hac
492 259 744 290 consuetudinum
759 256 911 288 varietate,
927 251 1001 289 quid
1016 251 1070 279 mi-

241 319 309 340 rum
321 310 346 338 si
362 309 401 338 ad
417 308 601 344 Scripturam
624 304 771 341 provocat
786 300 911 328 Basilius
921 299 935 326 ?
949 299 983 325 At
998 298 1069 324 Pro—

243 358 396 390 testantes,
413 341 490 382 cum.
505 359 620 380 novum
644 346 797 383 religionis
813 352 909 380 genus
926 341 1070 371 condide-

241 388 532 437 runt,non'habuere
543 393 794 424 consuetudinem
806 392 856 418 aut
868 388 1069 418 traditionem,

242 432 335 484 quam
363 442 512 473 constanti
533 439 671 468 Ecclesiae
698 434 852 464 traditioni
872 432 1070 469 opponerent.

298 498 370 525 ergo
383 495 445 517 non
459 486 588 524 possunt
601 483 777 511 auctoritate
793 479 900 513 Basilii,
918 477 970 513 qui
982 474 1071 503 tradi-

242 519 354 566 tionem
367 539 428 562 non
441 519 545 566 rejicit,
560 528 613 556 sed
635 527 706 564 quia
731 526 830 554 inesse
856 521 1027 557 ﬁngebatur
1041 519 1071 546 in

241 580 441 610 Ecclesiarum
457 565 727 605 consuetudinibus
741 570 882 602 varietas,
892 567 931 596 ad
943 565 1072 601 Scriptu~

240 633 307 654 ram
324 623 469 657 confugit.

277 683 305 708 2'
322 679 389 707 Haec
406 674 574 706 traditionis
589 673 719 701 varietas
731 676 849 698 merum
862 669 906 695 est
920 671 1073 694 commen.

240 728 304 754 tum
317 715 822 751 Pneumatomachorum.Solebant
833 713 912 741 enim
920 714 1071 739 utnovum

240 764 532 806 exagitare,quiquid
542 763 663 792 illorum
679 759 832 789 evertebat
844 754 1071 786 lueresimﬂinc

239 800 490 843 consuetudinem
520 806 707 844 gloriﬁcandi
737 811 808 833 cum
837 805 920 831 Patre
941 805 969 830 et
1000 800 1071 828 Filio

239 859 379 896 Spiritus,
392 864 485 893 quam
513 852 637 882 Basilius
651 852 681 879 in
696 849 839 879 omnibus
869 846 1006 874 Ecclesiis
1028 844 1071 872 vi-

238 892 308 940 gere
324 905 352 931 et
366 892 485 937 semper
512 898 644 934 viguisse
673 894 870 925 demonstrat,
886 892 942 926 (t2)
958 897 1071 918 novam

239 935 303 978 csse
313 950 343 976 et
357 947 396 976 ab
412 935 544 974 Ecclesia
556 943 680 971 minime
696 939 857 977 probatam
881 935 1070 970 dictitabant.

239 995 316 1029 Quin
330 993 422 1022 etiam
433 991 464 1019 in
479 990 536 1019 hac
552 989 619 1025 ipsa
635 985 763 1024 epistola
780 984 1004 1020 t89,postquam
1016 981 1071 1008 Eos

237 1039 336 1069 clesias
359 1046 421 1066 suae
436 1033 688 1065 consuetu-linem
703 1030 853 1066 objecere,
872 1027 974 1056 statim
988 1025 1072 1053 vani‘

236 1087 329 1113 tatem
345 1085 373 1110 et
389 1079 583 1109 mendacium
599 1075 788 1108 conﬁtentur,
807 1079 843 1101 ac
854 1079 948 1100 unam
962 1070 992 1098 in
1006 1067 1072 1106 per'

236 1127 321 1157 sonis
342 1126 452 1155 divinis
472 1124 614 1152 deitatem
638 1126 701 1149 non
725 1118 909 1155 improbant,
924 1115 1016 1144 modo
1032 1113 1072 1142 ad

236 1173 381 1210 Spiritum
396 1172 535 1199 sanctum
546 1174 609 1196 non
623 1159 1070 1206 extendatur.Sedapertius,in:

236 1201 304 1254 quit
317 1215 444 1244 Basilius
454 1214 496 1251 (n.
519 1215 558 1248 li),
569 1211 716 1241 orationis
731 1216 792 1237 suae
804 1207 922 1236 nudant
938 1201 1072 1240 proposi'

236 1250 303 1291 't-um
319 1270 326 1290 :
340 1261 424 1290 Patri
449 1250 568 1296 quidem
591 1255 760 1288 convenire,
776 1256 809 1281 ut
825 1255 901 1281 Deus
915 1252 953 1279 sit
971 1257 1009 1279 ac
1019 1250 1072 1278 Fi-

240 1309 312 1337 lium
328 1306 467 1336 similiter
478 1302 649 1332 divinitatis
673 1300 792 1328 nomine
816 1296 963 1326 honorari
977 1303 1073 1324 assen-

240 1354 369 1387 tientes;
389 1350 535 1385 Spiritum
563 1353 643 1380 vero,
659 1345 712 1382 qui
739 1351 801 1372 una
826 1350 894 1371 cum
923 1341 1017 1369 Patre
1044 1342 1072 1368 et

239 1399 320 1428 Filio
356 1397 547 1427 numeratur,
581 1390 752 1420 divinitatis
793 1388 912 1416 notione
952 1386 1075 1414 minime

240 1440 459 1478 comprehendi,
475 1439 555 1468 sede
570 1438 663 1465 Patre
673 1435 714 1464 ad
732 1434 844 1463 Filium
866 1439 958 1467 usque
972 1430 1073 1459 termi-

241 1475 316 1518 ηειιά
337 1485 504 1515 divinitatis
525 1482 670 1519 potentia,
687 1482 830 1509 naturam
849 1477 980 1512 Spiritus
995 1483 1014 1504 α
1029 1475 1073 1503 di-

242 1535 314 1563 uina
328 1532 429 1569 gloria
444 1529 568 1559 secerni.

278 1591 305 1616 3°
319 1566 383 1620 duo
395 1587 531 1620 tempore
554 1580 682 1609 Basilius
696 1578 735 1607 ad
749 1576 937 1605 Eustathium
957 1574 1074 1603 arcbia-
1091 1566 1111 1593 C

242 1636 322 1662 trum
332 1619 417 1660 hanc
432 1619 550 1664 scripsit
574 1624 742 1662 epistolam,
757 1621 917 1651 consilium
932 1619 1075 1656 suscepit,

243 1674 445 1714 Amphilochii
459 1675 578 1709 rogatu,
595 1669 748 1698 scribendi
772 1667 917 1696 adversus
932 1667 1077 1693 Penuma-

243 1710 402 1752 tomachos
416 1719 486 1748 libri
501 1719 544 1746 De
558 1717 676 1752 Spiritu
701 1716 804 1743 sancto
822 1720 828 1740 :
844 1714 873 1740 et
891 1719 960 1739 cum
977 1710 1006 1738 in
1019 1710 1077 1738 hoc

245 1775 337 1804 opere
357 1764 550 1794 traditionem
564 1765 627 1790 tam
642 1759 753 1789 acriter
770 1757 923 1790 defendat,
937 1764 1028 1784 nemo
1044 1755 1077 1782 il-

241 1802 304 1841 lam
317 1811 346 1839 in
360 1808 493 1846 epistola
504 1807 647 1842 rejectam
661 1802 811 1840 suspicari
824 1802 1079 1838 possiLPrmterea

242 1864 312 1886 cum
327 1855 475 1892 provocat
489 1852 530 1880 ad
543 1851 711 1887 Scripturas
730 1847 867 1882 Basilius,
882 1854 954 1880 non,
967 1848 997 1873 ut
1012 1847 1079 1873 Pro-

241 1890 505 1934 testantes,earum
515 1894 793 1932 interpretationem
800 1892 846 1927 cui
853 1899 947 1927 usque
954 1890 1078 1918 arbitrio

239 1943 502 1984 permittit.Ncipsi
515 1942 641 1979 quidem
656 1936 1008 1968 Pneumatomachihanc
1021 1935 1079 1964 sibi

245 1980 391 2020 icentiam
406 1987 605 2023 arrogabant.
623 1983 768 2018 Quamvis
787 1981 869 2011 enim
885 1980 942 2009 sub
957 1980 1078 2008 Valente

243 2036 409 2074 plurimum
421 2034 558 2070 pessent,
574 2030 647 2067 quia
667 2032 770 2057 tamen
785 2028 817 2055 in
833 2025 963 2054 Ecclesia
980 2024 1077 2053 domi-

188 2109 197 2118 ,
244 2070 348 2110 iiariet
361 2078 484 2116 plebem
500 2084 587 2104 suam
608 2075 706 2103 facere
722 2072 874 2106 volebant,
891 2070 1077 2106 cogebantur

243 2129 277 2154 ut
291 2115 456 2162 plurimum
472 2129 540 2150 sese
551 2121 590 2149 ad
602 2120 726 2148 usitatas
742 2125 773 2146 in
790 2115 919 2146 Ecclesia
929 2116 1075 2152 interpre-

242 2161 371 2200 tationes
397 2167 556 2203 Scriptura:
582 2164 828 2193 accommodare.
842 2161 915 2189 Hinc
928 2168 1008 2188 anno
1024 2161 1073 2188 371

242 2224 313 2244 cum
330 2214 471 2243 Basilium
484 2211 565 2240 malo
574 2210 676 2239 animo
690 2206 938 2241 observarent,de
949 2205 1075 2242 Spiritus

242 2260 338 2289 sancti
372 2258 528 2286 divinitate
557 2255 756 2283 disserentem
795 2251 953 2288 patienter.
973 2249 1075 2277 audie-
1092 2244 1112 2272 Ι)

241 2307 311 2334 runt
326 2304 391 2339 (13);
403 2305 431 2330 et
445 2309 516 2329 cum
536 2299 679 2336 Spiritum
701 2296 881 2326 nominatim
897 2296 991 2322 Deum
1013 2301 1074 2321 non

243 2348 434 2386 appellasset,
447 2345 516 2374 belli
531 2345 558 2372 ci
571 2343 718 2372 inferendi
729 2349 853 2370 causam
867 2339 998 2375 arripere
1012 2345 1074 2366 non

241 2384 410 2422 valuerunt.
427 2392 515 2418 Anno
537 2391 639 2417 autem
661 2389 713 2415 374
726 2386 784 2414 hoc
798 2388 913 2413 tantum
928 2384 958 2411 in
973 2391 1009 2410 eo
1028 2390 1074 2410 re-

241 2433 477 2475 prehenderunt,
493 2433 578 2469 quod
601 2432 742 2469 Spiritum
765 2438 838 2458 cum
862 2430 944 2456 Patre
957 2430 985 2455 et
1001 2426 1074 2455 Filio

242 2471 424 2519 gloriﬁcaret
435 2480 491 2516 (14)
509 2487 516 2506 :
533 2480 641 2506 caetera
651 2484 714 2505 non
728 2475 797 2504 ausi
810 2471 1072 2508 suntimprobare.

277 2536 321 2565 IV.
336 2534 433 2563 Utitur
456 2532 546 2562 etiam
563 2530 711 2560 Scultetus
727 2528 832 2564 regula
857 2525 963 2555 morati
977 2525 1073 2553 sancti

241 2578 343 2611 Basilii
356 2582 400 2616 '26,
416 2587 483 2616 cap.
500 2580 525 2612 t,
540 2576 592 2606 ubi
617 2576 659 2604 sic
680 2574 827 2604 habetur:
845 2571 930 2607 Quod
950 2571 1071 2599 verbum

277 2681 299 2703 ίι
314 2681 400 2709 Rom.
416 2678 538 2712 x1v,23.,
568 2675 591 2693 ¹²
607 2676 694 2703 Rom.
707 2681 733 2706 x,
750 2675 794 2701 17.
1069 2697 1071 2699 ,

275 2743 330 2774 (I2)
349 2741 411 2770 Lib.
428 2741 471 2768 De
493 2738 587 2774 Spir.,
601 2745 627 2766 c.
643 2739 666 2772 t,
689 2744 720 2764 n.
742 2736 809 2769 3,et
832 2741 859 2763 c.
873 2735 918 2765 27,
934 2740 965 2761 n.
984 2734 1029 2767 65,
1044 2734 1073 2761 et

240 2787 267 2807 c.
283 2781 328 2811 29,
344 2786 374 2806 n.
386 2779 433 2805 75.

275 2809 331 2850 (t3)
351 2814 433 2847 Naz.,
450 2819 494 2840 or.
509 2812 555 2845 20,
571 2817 605 2846 p.
626 2809 691 2837 364.

1123 248 1236 276 manda
1249 251 1318 276 sunt
1343 248 1383 276 ad
1398 248 1547 282 integram
1569 246 1790 281 persuasionem
1808 243 1958 271 bonorum

1123 295 1151 320 et
1166 292 1206 320 ad
1229 293 1382 320 malorum’
1405 290 1627 319 verecundiam.
1643 291 1675 317 Et
1689 297 1753 323 reg.
1767 289 1809 321 80,
1821 295 1891 323 cap.
1908 288 1957 321 22,

1124 337 1175 365 ubi
1191 337 1291 364 statuit
1307 336 1460 373 proprium
1485 343 1552 364 esse
1575 334 1671 362 ﬁdelis
1687 333 1760 361 nihil
1774 340 1810 360 ex
1823 332 1869 359 his
1884 338 1958 367 quae

1124 382 1234 418 scripta
1249 384 1319 409 sunt
1331 381 1453 416 rejicere
1464 381 1574 408 audere
1590 381 1642 407 aut
1655 378 1826 415 quidquam
1837 376 1883 404 his
1900 375 1958 403 ad-

1124 427 1205 454 dere.
1216 426 1334 454 Etenim
1351 425 1447 462 inquit
1461 425 1596 458 Basilius,
1612 424 1638 451 si
1652 430 1737 451 omne
1747 421 1826 457 quod
1839 428 1900 448 non
1911 423 1957 448 est

1124 478 1162 499 er
1171 471 1230 505 ﬁde
1239 473 1395 505 peccatum
1411 473 1462 502 est,
1477 472 1510 497 ut
1524 469 1565 496 ait
1579 467 1739 504 Apostolus
1751 468 1803 500 “,u
1815 465 1888 500 ﬁdes
1902 472 1958 492 au-

1125 518 1181 543 tem
1191 523 1228 543 ea:
1238 515 1345 543 auditu
1356 515 1534 545 est,aztdttus
1542 515 1641 541 autem
1652 520 1706 546 per
1715 511 1836 539 verbum
1846 509 1958 542 Dei",»

1125 567 1211 588 omne
1220 559 1300 595 quod
1315 562 1355 587 est
1366 562 1454 587 extra
1469 559 1602 586 divinam
1619 557 1821 590 Scripturam,
1833 561 1902 581 cum
1914 559 1960 580 ea:

1124 605 1184 639 ﬁde
1192 612 1252 632 non
1267 605 1474 638 sil,peccalum
1487 606 1538 631 est.
1548 602 1631 630 idem
1647 600 1793 629 Scultetus
1808 596 1960 626 nonnulla

1126 649 1186 678 alia
1204 649 1316 683 colligit
1332 649 1409 683 loca,
1423 648 1454 676 in
1473 647 1585 684 quibus
1605 646 1739 674 similiter
1762 643 1906 674 sancitur,
1918 649 1959 669 ne

1127 694 1199 730 quid
1209 694 1339 722 addatur
1349 697 1401 721 aut
1414 693 1589 720 detrahatur
1605 699 1697 718 sacras
1712 688 1959 725 Scripturmﬂuas

1127 741 1228 767 autem
1242 747 1304 766 non
1325 741 1395 766 sunt
1419 737 1538 773 scripta,
1557 744 1593 764 ea
1606 743 1660 772 pro
1684 734 1785 762 liberis
1813 731 1960 760 habenda

1127 783 1279 811 concludit
1288 791 1323 810 ex
1335 783 1380 810 his
1389 782 1516 815 verbistt
1524 784 1568 816 5):
1583 781 1728 815 Quoniam
1738 779 1799 806 alia
1812 778 1842 805 in
1850 778 1960 805 sancta

1126 829 1288 863 Scriptura
1303 835 1356 862 per
1371 827 1492 855 Domini
1504 825 1684 854 mandatum
1701 823 1858 852 declarata
1873 824 1957 856 sunt,

1087 883 1106 910 Β
1125 874 1190 902 alia
1197 874 1315 901 silentio
1323 873 1524 907 praetermissa
1534 877 1546 906 ;
1554 871 1591 898 de
1600 871 1635 898 iis
1643 869 1762 906 quidem
1771 875 1836 903 quas
1843 867 1959 901 scripta

1125 921 1207 952 sunt,
1221 918 1302 946 nulli
1317 918 1438 945 omnino
1459 916 1526 944 licet
1542 918 1596 943 aut
1610 914 1727 950 aliquid
1738 913 1842 947 facere
1852 918 1958 939 eorum

1126 971 1194 1000 qute
1207 964 1300 992 vetita
1314 965 1395 996 sunt,
1416 964 1467 988 aut
1483 960 1601 996 aliquid
1620 960 1754 988 omittere
1768 964 1870 985 eorum
1889 962 1959 991 quae

1121 1013 1210 1045 jussu
1227 1011 1333 1036 sunt...
1348 1007 1385 1035 de
1399 1007 1434 1034 iis
1459 1013 1528 1034 vero
1540 1012 1607 1040 qua:
1622 1004 1740 1032 silentio
1753 1001 1959 1037 pratermissa

1125 1057 1206 1088 sunt,
1219 1053 1356 1088 regulam
1380 1051 1462 1079 nobis
1490 1050 1618 1078 tradidit
1647 1047 1801 1083 apostolus
1826 1045 1958 1077 Paulus,

1125 1107 1194 1128 cum
1209 1098 1284 1126 dixit
1299 1105 1311 1125 .'
1324 1107 1337 1121 ι(
1350 1096 1457 1124 Omnia
1484 1095 1560 1123 mihi
1587 1095 1689 1127 licent,
1704 1092 1756 1121 sed
1780 1099 1840 1119 non
1855 1091 1960 1119 omnia

1125 1144 1300 1179 expediunt.
1327 1142 1420 1170 Nemo
1445 1140 1525 1176 quod
1552 1147 1638 1168 suum
1668 1141 1710 1167 est
1736 1138 1886 1174 quaerat:
1909 1135 1960 1163 sed

1126 1189 1206 1225 quod
1227 1188 1352 1217 alterius
1378 1186 1592 1221 unusquisque.
1607 1196 1621 1209 »
1636 1184 1733 1218 Quare
1758 1188 1874 1210 necesse
1897 1188 1960 1208 om-

1125 1235 1198 1262 nino
1213 1235 1256 1261 est
1284 1234 1338 1260 aut
1365 1232 1426 1259 Deo
1449 1238 1486 1258 ex
1507 1230 1571 1264 ejus
1595 1228 1738 1257 mandato
1762 1226 1882 1262 subjici,
1903 1226 1960 1253 aut

1124 1280 1195 1308 aliis
1206 1281 1333 1314 propter
1343 1276 1522 1305 mandatum
1534 1275 1629 1303 illius.

1164 1340 1279 1370 Inutilis
1291 1347 1364 1368 sane
1386 1338 1507 1368 Sculteti
1521 1337 1608 1366 labor
1618 1337 1649 1365 in
1662 1336 1812 1372 ejusmodi
1823 1336 1958 1365 testimo-

1126 1387 1183 1415 niis
1199 1384 1386 1420 colligendis.
1403 1386 1435 1412 tn
1452 1383 1549 1420 primo
1566 1381 1690 1410 Basilius
1707 1384 1813 1409 auctor
1826 1381 1958 1415 est,utin

1127 1430 1319 1460 adhortando
1336 1432 1364 1458 et
1379 1428 1562 1464 increpando
1579 1426 1780 1455 adhibeantur
1796 1426 1959 1462 Scriptura

1127 1475 1300 1506 testimonia
1312 1485 1319 1510 ',
1335 1474 1444 1502 deinde
1455 1474 1496 1501 ait
1507 1474 1538 1500 in
1556 1471 1693 1508 sequenti
1707 1471 1856 1507 capite,iis
1867 1472 1958 1500 etiam

1128 1529 1194 1558 quae
1209 1522 1241 1549 in
1260 1523 1372 1549 natura
1395 1521 1448 1547 aut
1468 1517 1682 1546 consuetudine
1697 1516 1766 1544 vitae
1790 1518 1862 1544 nota
1875 1519 1958 1549 sunt,

1129 1565 1273 1594 utendum
1287 1571 1348 1593 esse
1360 1563 1400 1592 ad
1414 1561 1669 1597 conﬁrmationem
1683 1567 1785 1588 eorum
1796 1567 1865 1596 qua
1879 1561 1960 1594 ﬁunt

1129 1613 1182 1640 aut
1196 1610 1350 1638 dicuntur.
1366 1608 1436 1642 Quis
1462 1607 1532 1635 inde
1556 1605 1642 1642 sequi
1670 1605 1849 1641 suspicetur,
1865 1611 1960 1641 penes

1132 1656 1317 1692 Scripturam
1331 1653 1427 1682 solam
1443 1652 1601 1681 arbitrium
1614 1658 1678 1679 esse
1692 1652 1720 1678 et
1734 1657 1875 1678 normam
1890 1649 1960 1677 diri-

1131 1700 1312 1729 mendarum
1345 1697 1627 1732 controversiarum,
1653 1703 1709 1723 nec
1740 1694 1824 1722 verbi
1854 1693 1958 1730 divini,

1131 1744 1214 1782 quod
1238 1744 1277 1772 ab
1302 1742 1448 1780 apostolis
1474 1741 1546 1769 viva
1572 1748 1646 1768 voce
1672 1739 1869 1776 praedicatum
1896 1740 1959 1767 tota

1133 1789 1263 1818 Ecclesia
1278 1787 1417 1821 custodit,
1433 1786 1607 1814 habendam
1617 1793 1684 1812 esse
1696 1784 1844 1813 rationem
1855 1783 1869 1811 ?

1168 1854 1241 1881 Cum
1264 1852 1346 1879 vetat
1369 1848 1493 1878 Basilius
1509 1856 1545 1876 ne
1559 1847 1633 1884 quid
1650 1846 1782 1875 addatur
1799 1845 1954 1881 Scriptura;

1132 1899 1185 1926 aut
1198 1895 1385 1929 detrahatur,
1397 1900 1594 1929 nequaquam
1610 1891 1742 1919 excludit
1755 1890 1957 1918 traditionem.

1132 1944 1223 1972 Docet
1238 1941 1317 1969 enim
1332 1940 1387 1975 (16)
1399 1938 1575 1967 adhibenda
1588 1945 1653 1964 esse
1666 1937 1697 1964 in
1712 1934 1882 1964 refellendis
1893 1934 1959 1963 has-

1131 1986 1230 2016 reticis
1241 1993 1276 2014 ea
1290 1984 1415 2012 nomina
1425 1986 1454 2011 et
1473 1982 1576 2015 verba,
1590 1989 1655 2017 qua:
1665 1981 1737 2016 ipsis
1747 1980 1866 2016 quidem
1882 1980 1960 2008 litte-

1131 2034 1172 2061 ris
1183 2035 1209 2060 et
1220 2030 1347 2066 syllabis
1355 2030 1386 2057 in
1396 2028 1556 2063 Scriptura
1566 2027 1670 2054 divina
1682 2034 1742 2053 non
1753 2025 1959 2059 reperiuntur,

1129 2077 1182 2105 sed
1195 2079 1294 2104 tamen
1305 2082 1369 2102 eam
1380 2080 1470 2109 quam
1479 2072 1604 2106 pra/“ert
1615 2071 1769 2105 Scriptura
1779 2069 1960 2097 sententiam

1129 2125 1261 2151 servant.
1278 2121 1348 2154 Quae
1363 2127 1431 2148 vero
1446 2120 1557 2153 prztcr
1569 2116 1709 2145 dictionis
1732 2115 1894 2143 novitatem
1908 2123 1960 2142 no-

1130 2175 1197 2196 vum
1212 2166 1300 2194 etiam
1317 2171 1433 2192 sensum
1453 2165 1481 2191 et
1494 2161 1687 2197 peregrinum
1707 2159 1791 2188 nobis
1806 2159 1958 2192 exhibent,

1129 2218 1249 2248 quaeque
1265 2217 1324 2237 non
1336 2207 1532 2236 inveniuntur
1542 2208 1690 2236 usurpata
1702 2212 1720 2233 a
1730 2204 1853 2237 sanctis,
1864 2211 1900 2231 ea
1915 2204 1961 2231 uti

1128 2247 1291 2291 peregrina
1304 2257 1331 2282 et
1345 2261 1364 2282 a
1371 2254 1424 2288 pia
1437 2252 1498 2286 ﬁde
1511 2252 1613 2280 aliena
1626 2249 1757 2278 aversari
1773 2256 1803 2276 se
1814 2247 1957 2276 declarat.

1128 2299 1331 2329 Traditionem
1338 2305 1410 2333 ergo
1419 2296 1543 2325 Basilius
1551 2303 1612 2324 non
1618 2294 1787 2322 dissociata
1794 2293 1956 2329 Scriptura.

1129 2345 1182 2373 sed
1197 2351 1265 2381 qum
1278 2342 1440 2371 traditione
1455 2342 1599 2372 nituntur,
1614 2341 1645 2368 et
1659 2347 1677 2367 a
1691 2338 1804 2367 sanctis
1812 2340 1958 2373 usurpata

1128 2392 1199 2418 sunt
1212 2397 1249 2417 ea
1263 2390 1355 2423 negat
1379 2386 1540 2424 peregrina
1550 2387 1580 2413 et
1594 2392 1612 2412 a
1630 2383 1691 2412 ﬁde
1716 2383 1828 2416 aliena,
1841 2382 1958 2410 etiamsi

1128 2433 1310 2464 nominatim
1325 2440 1387 2460 non
1400 2431 1539 2467 legantur
1555 2430 1585 2458 in
1602 2428 1772 2464 Soripturis.
1785 2427 1900 2455 Hincin
1916 2429 1958 2454 te-

1128 2478 1278 2514 stimonio,
1293 2477 1376 2514 quod
1400 2476 1616 2512 depromptum
1631 2475 1677 2501 est
1694 2481 1729 2501 ex
1744 2480 1806 2508 reg.
1820 2479 1898 2500 mor.
1915 2473 1957 2506 80,

1126 2524 1255 2553 verbum
1269 2523 1418 2554 divinum,
1433 2521 1495 2548 sive
1507 2519 1653 2556 scriptum
1664 2518 1710 2552 sit,
1723 2517 1786 2546 sive
1799 2524 1874 2545 voce
1886 2523 1959 2552 prm-

1127 2569 1260 2599 dicatum
1264 2567 1357 2604 ,nullo
1370 2566 1462 2595 habet
1471 2562 1769 2593 discrimine.Probat
1778 2560 1958 2598 enim,quid-

1163 2730 1221 2766 (14)
1242 2729 1304 2758 Lib.
1320 2729 1364 2766 De
1375 2726 1471 2764 Spir.,
1483 2734 1557 2766 cap.
1570 2727 1594 2762 t,
1612 2734 1641 2755 ιι.
1654 2725 1684 2754 3.

1161 2764 1218 2802 (⁷15)
1240 2767 1309 2800 Reg.
1327 2765 1412 2793 brev.
1429 2767 1454 2800 l,
1467 2771 1498 2801 p.
1511 2764 1574 2802 364.

1160 2800 1217 2838 (16)
1235 2802 1320 2830 Tom.
1339 2802 1373 2837 ll,
1386 2807 1458 2837 pag.
1469 2801 1522 2829 224
1537 2801 1567 2827 et
1582 2800 1646 2827 225.
