2027 3144
68 179 100 206 49
828 164 1009 195 ΡΒΛΕΡΛΤΙΟ
1015 183 1021 190 .
1745 154 1780 182 50

67 239 141 276 quid
161 239 247 266 extra
271 236 456 271 Scripturam
479 236 523 262 est
545 233 702 270 peccatum
726 237 805 264 esse,
828 227 901 264 quia
917 227 941 254 Δ

68 275 228 321 peccatum
244 284 289 310 est
304 280 455 318 quidquid
475 286 536 307 non
559 286 596 306 ex
616 276 686 309 tide,
701 275 778 321 ﬁdes
799 275 900 302 autem

67 318 104 356 ex
113 327 230 362 auditu,
243 326 328 354 verbi
339 325 477 354 videlicet
491 321 662 355 divini,sive
671 318 901 356 praedicati,sive

68 373 183 409 scripti.
208 374 240 400 In
255 371 333 399 libro
353 369 487 404 secundo
502 368 647 397 adversus
663 365 842 394 Eunomium
857 362 899 398 (p.

67 408 140 451 253),
158 417 240 445 idem
259 417 446 452 praeceptum
461 412 602 445 inculcat,
619 419 657 439 ne
676 409 749 446 quid
771 408 902 438 addatur

68 464 123 491 aut
132 461 308 490 detrahatur
317 460 353 488 iis
364 467 433 496 quae
444 466 462 486 θ.
473 456 581 494 Spiritu
591 458 696 485 sancto
706 453 813 482 tradita
822 454 900 486 sunt;

71 514 109 534 ac
134 505 316 534 nominatim
339 503 500 540 Scriptura:
515 503 543 530 et
565 499 733 529 traditionis
755 496 900 526 meminit.

71 550 202 579 Proinde
216 551 342 584 oportet,
354 547 460 583 inquit,
473 554 549 581 eum,
561 545 614 580 qui
629 543 742 572 Christi
750 542 902 577 judicium

70 595 106 624 ob
129 595 230 624 oculos
253 593 351 626 habet,
368 593 508 626 novitque
523 597 612 626 quam
631 588 838 624 periculosum
863 588 902 614 sit

70 640 229 677 quidpiam
246 637 434 672 subtrahere,
450 639 503 665 aut
523 635 635 663 addere
651 634 697 669 iis,
719 640 784 668 quas
805 639 823 660 a
836 631 901 666 Spi-

69 687 134 714 ritu
151 685 270 713 tradita
285 686 366 716 sunt,
381 690 442 710 non
461 681 568 709 conari
581 680 743 716 quidquam
768 686 787 706 a
808 678 902 712 seipso

70 731 230 764 innovare,
246 728 298 757 sed
310 729 341 756 in
356 727 393 756 iis
408 734 473 762 qua
483 726 572 760 prius
588 732 607 753 a
621 725 733 752 sanctis
757 723 902 752 nuntiata

69 779 154 808 sunt,
170 774 370 810 acquiescere.
389 771 473 806 Quod
483 771 578 805 igitur
591 777 645 798 nec
658 768 822 797 communis
836 775 902 795 con-

71 819 211 852 suetudo,
227 826 281 847 nec
300 818 531 852 Scripturarum
546 823 617 843 usus
632 814 753 842 admisit
770 822 776 841 :
801 812 832 841 id
847 820 901 841 au-

71 865 152 898 dere,
168 871 265 892 nonne
284 869 405 890 summae
418 861 573 890 dementire
583 861 648 888 est?

957 224 1115 260 Gregorius
1130 221 1379 252 Neocmsariensis
1395 221 1463 249 ante
1483 220 1619 248 exortam
1642 216 1782 245 haeresim

955 270 1099 299 Arianam
1124 270 1186 297 tota
1206 267 1336 296 Ecclesia.
1358 266 1507 304 probante
1531 266 1558 292 et
1577 261 1783 299 applaudente

956 314 1183 351 praedicaverat.

993 368 1170 405 Suppeditat
1184 366 1272 394 nobis
1288 364 1417 393 Ecclesia
1432 361 1680 393 Neocasariensis
1696 367 1785 394 argu-

956 403 1224 449 menta-quaedam,
1238 417 1306 447 quas
1320 409 1368 438 hic
1382 409 1522 438 videntur
1531 415 1594 435 non
1604 403 1782 434 omittenda.

956 458 1118 491 Musonius,
1141 456 1193 493 qui
1216 456 1296 484 hanc
1322 453 1485 483 Ecclesium
1506 452 1582 480 rexit
1599 449 1784 480 difﬁcillimis

957 503 1155 540 temporibus,
1171 501 1213 529 sic
1228 500 1345 528 solebat
1355 499 1530 531 admonere,
1542 505 1610 524 cum
1622 494 1783 526 conciona-

948 551 1055 577 retur:
1073 548 1181 576 Cavete
1196 553 1283 574 canes
1299 546 1359 580 (ep.
1373 545 1417 577 28,
1433 550 1462 579 p.
1479 541 1551 575 108),
1567 543 1667 570 cavete
1678 547 1783 575 opera—

956 595 1016 622 rios
1031 594 1141 621 malos.
1162 590 1322 624 Quomodo
1336 591 1436 618 autem
1455 587 1511 615 hos
1525 593 1616 614 canes
1631 583 1752 613 arcebat
1765 591 1784 613 θ.

957 646 1046 674 grege
1059 638 1072 665 ?
1086 638 1163 666 Erat
1177 636 1229 664 ille
1244 636 1291 664 vir
1306 633 1448 662 novitatis
1463 631 1613 665 inimicus,
1628 629 1784 658 ostendens

957 673 997 719 (p.
1017 683 1075 718 106)
1091 683 1123 710 in
1136 682 1230 716 seipse
1241 680 1372 715 priscam
1382 677 1526 706 Ecclesiae
1537 675 1673 710 speciem,
1685 673 1725 701 ad
1738 680 1783 701 ve-

956 717 1047 756 terem
1061 730 1184 759 statum,
1200 724 1344 754 velutiad
1361 730 1478 751 sacram
1496 719 1659 757 quamdam
1676 717 1784 753 imagi-

956 780 1033 803 nem.
1044 771 1185 800 Ecclesia
1195 770 1251 798 sibi
1260 768 1423 798 commissa
1431 767 1564 802 formam
1574 764 1730 799 efﬁngens,
1740 762 1784 790 ita

955 820 989 845 ut
997 817 1050 853 qui
1058 824 1126 844 cuni
1137 823 1168 844 eo
1177 816 1328 847 vrtrerunt,
1336 820 1397 841 una
1409 819 1475 840 cum
1486 810 1522 839 iis
1532 809 1585 844 qui
1593 811 1663 836 ante
1673 807 1784 835 ducen-

956 850 1100 890 tos-annos
1112 863 1137 888 et
1150 859 1281 894 amplius
1289 856 1485 886 luminarium
1493 850 1785 887 instarresplendue-

107 919 222 953 Magnae
238 915 431 951 indiligentiae
447 914 582 950 arguitur
597 914 743 942 Scultetus
765 919 803 939 ex
820 910 900 939 testi-
917 911 937 939 Β
956 910 1037 940 rant,
1053 906 1161 934 vixisse
1171 904 1225 932 sibi
1237 903 1410 932 videantur.
1420 900 1503 928 Adeo
1514 897 1590 927 nihil
1605 897 1641 925 de
1653 903 1716 931 suo,
1730 903 1784 923 nec

75 962 186 995 monio,
203 962 288 998 quod
301 969 317 989 e
336 968 399 995 reg.
419 962 428 988 t
452 959 534 988 brev.
559 957 736 993 desumpsit.
758 956 807 984 His
821 956 901 984 enim

75 1007 183 1041 verbis,
197 1014 266 1042 qua
285 1006 403 1034 silentio
420 1004 625 1039 praetermissa
640 1005 721 1032 sunt.
734 1009 795 1029 non
806 1009 842 1029 ea
856 1000 902 1028 in-

73 1052 176 1087 telligit
189 1051 325 1083 Basilius,
342 1050 380 1078 de
395 1049 507 1086 quibus
525 1048 600 1076 nihil
616 1048 645 1075 in
662 1047 814 1082 Scriptura
829 1045 901 1081 legi-

72 1099 131 1131 tur,
148 1096 200 1124 sed
222 1095 261 1123 de
286 1094 397 1131 quibus
412 1093 486 1122 nihil
501 1092 680 1121 nominatim
700 1090 902 1128 praescribitur

73 1143 126 1170 aut
139 1142 276 1168 vetatur:
303 1138 410 1176 quales
424 1140 509 1167 erant
524 1137 582 1165 cibi
605 1135 774 1164 simulacris
795 1135 902 1162 immo-

74 1185 137 1214 lati.
152 1185 312 1221 Perspicua
324 1192 373 1212 res
389 1186 435 1212 est
450 1191 486 1211 ex
510 1182 608 1210 verbis
624 1181 716 1213 Pauli,
741 1188 809 1216 quae
832 1179 902 1208 citat

78 1229 208 1258 Basilius.

113 1293 146 1320 N.
165 1293 228 1320 Non
243 1291 444 1320 omittendum
468 1291 512 1318 est
535 1289 616 1317 aliud
640 1288 846 1316 testimonium
863 1287 902 1315 ab

78 1336 184 1365 eodem
194 1336 321 1365 Sculteto
330 1336 492 1372 objectum,
502 1343 537 1362 ex
548 1333 652 1369 regula
660 1333 770 1361 morali
779 1333 824 1363 ‘72,
834 1339 900 1368 cap.

82 1383 103 1408 Ι.
122 1381 172 1408 ubi
186 1381 251 1408 haec
266 1380 423 1415 leguntur:
449 1379 533 1413 Quod
548 1379 671 1406 debeant
685 1377 838 1405 auditores
850 1376 903 1411 qui

74 1426 106 1453 in
121 1426 288 1467 Scripturis
296 1425 408 1453 eruditi
418 1427 500 1457 sunt,
511 1423 670 1458 explorare
680 1429 716 1450 ac
726 1421 857 1456 probare
867 1428 901 1448 ea

73 1478 140 1506 quae
153 1478 172 1499 α
182 1471 335 1506 magistris
349 1470 511 1498 dicuntur:
529 1472 555 1497 et
564 1476 630 1503 quae
642 1467 760 1504 quidem
772 1473 902 1494 consona

71 1518 141 1542 sunt
150 1515 320 1549 Scriptum
328 1514 491 1549 suscipere;
500 1521 566 1549 qua:
573 1520 642 1541 vero
651 1513 759 1543 aliena,
767 1511 900 1546 rejicere,

72 1567 176 1595 eosque
188 1559 242 1595 qui
251 1560 282 1586 in
299 1558 446 1593 ejusmodi
455 1557 599 1586 doctrinis
609 1559 810 1592 perseverant,
821 1555 902 1584 vehe-

72 1604 199 1632 mentius
214 1604 362 1632 aversari.

105 1668 168 1694 Non
184 1665 366 1702 imprudens
377 1664 523 1692 Scultctus
533 1664 597 1692 haec
608 1662 700 1691 verba
710 1662 903 1697 resecuit.qui

70 1712 99 1738 in
113 1711 288 1746 Scripturis
304 1710 416 1739 eruditi
427 1712 508 1743 sunt,
532 1710 592 1739 τοὺς
615 1706 837 1744 πεπαιδευμένους
858 1708 901 1737 τὰς

70 1757 184 1793 Γραφάς.
203 1757 243 1783 Ex
255 1754 302 1783 bis
319 1754 398 1782 enim
414 1753 576 1782 manifesta
591 1752 745 1780 conclusio
760 1755 803 1779 cst
827 1751 901 1780 Scri—

68 1804 191 1837 pturam
207 1808 272 1828 non
288 1799 431 1827 omnibus
448 1798 589 1835 proponi,
600 1800 632 1825 ut
645 1797 764 1825 unicam
778 1796 848 1824 ﬁdet
862 1803 901 1823 re-

69 1845 183 1880 gulam,
197 1852 256 1873 nec
270 1844 413 1872 omnibus
425 1844 537 1871 claram
552 1845 580 1870 et
589 1843 782 1878 perspicuam
798 1848 862 1869 esse
872 1841 901 1868 in

68 1889 102 1917 iis
116 1898 185 1927 quae
200 1889 241 1917 ad
256 1889 349 1916 ﬁdem
365 1888 523 1924 pertinent.
537 1888 609 1916 Hinc
620 1886 743 1915 Basilius
758 1886 788 1913 in
804 1885 900 1922 capite

68 1935 206 1972 sequenti
220 1933 266 1969 iis,
283 1934 335 1969 qui
349 1941 408 1961 non
423 1933 551 1961 multum
566 1933 593 1959 in
610 1932 775 1966 Scrzpluris
790 1931 903 1959 versati

67 1983 148 2013 sunt,
165 1978 305 2016 praecipit
320 1981 351 2006 ut
374 1977 473 2006 bonos
489 1985 524 2005 ac
540 1976 637 2005 malos
659 1978 794 2012 pastores
810 1984 827 2003 a
842 1975 901 2002 fru-

67 2024 166 2052 ctibus
189 2031 299 2051 eorum
318 2022 509 2057 dignoscant.
526 2021 599 2054 Quin
621 2021 708 2048 etiam
733 2028 771 2048 ne
794 2020 900 2056 primis

66 2068 191 2105 quidem
207 2067 357 2099 concedit,
365 2069 396 2094 ut
407 2067 589 2102 Scriptnram
604 2065 727 2093 arbitrio
742 2073 797 2093 suo
809 2065 899 2092 inter-

65 2115 235 2149 pretentur.
243 2114 271 2139 et
285 2115 374 2148 prout
388 2111 517 2147 quisque
533 2110 590 2138 sibi
604 2110 750 2138 videbitur
760 2118 778 2138 a
789 2110 898 2147 Spiritu

66 2160 170 2186 sancto
187 2157 327 2185 edoctus.
346 2156 402 2184 Sed
417 2163 485 2183 eam
502 2155 661 2191 Scripturte
683 2154 900 2190 interpretatio.

66 2209 133 2230 nem
158 2201 310 2235 intelligit,
335 2209 403 2237 quae
426 2200 564 2228 Ecclesia:
587 2200 763 2227 auctoritate
787 2202 815 2227 et
829 2207 898 2227 con-

64 2247 154 2276 stanti
172 2246 345 2275 traditionis
362 2254 513 2274 consensu
528 2245 650 2291 nititurs
664 2247 728 2281 ipse
741 2245 821 2273 enim
836 2245 896 2281 (ep.
915 2264 936 2291 Β

63 2294 168 2325 204,ῐι.
186 2294 215 2327 ϐ)
233 2292 291 2319 hac
315 2291 505 2326 potissimum
526 2290 577 2318 via
604 2290 729 2318 Ariauas
752 2290 898 2318 novitates

63 2337 242 2365 evitaverat.
258 2337 344 2367 Nam,
362 2343 429 2363 cum
446 2335 572 2363 edoctus
588 2333 690 2362 fuisset
705 2334 744 2362 ab
759 2334 827 2362 avia
842 2335 898 2362 Ma-

62 2382 157 2416 crina,
173 2389 247 2418 quas
263 2381 289 2408 ei
305 2381 443 2409 tradebat
464 2380 632 2408 beatissimi
647 2380 779 2414 Gregorii
794 2379 895 2411 verba,

62 2433 258 2462 quaecunque
269 2426 309 2453 ad
319 2425 417 2461 ipsam
430 2425 584 2453 memoriae
594 2425 820 2453 continuatione
833 2431 896 2451 ser-

61 2474 130 2499 vata
145 2473 371 2507 pervenerant;
397 2472 560 2506 postquam
577 2477 592 2497 e
608 2469 705 2505 patria
728 2469 758 2496 in
780 2472 896 2497 exteras

61 2515 236 2550 provincias
251 2513 404 2549 profectus
418 2516 472 2546 est,
483 2514 505 2541 si
519 2521 597 2549 quos
606 2513 778 2541 inveniebat
788 2520 894 2541 secun-

61 2559 133 2586 dum
148 2558 295 2586 traditam
313 2558 431 2594 pietatis
444 2558 578 2593 regulam
593 2557 793 2593 ambulantes,
806 2565 858 2585 eos
868 2559 897 2585 et

60 2606 183 2639 patrum
198 2603 269 2630 loco
282 2602 426 2638 habebat,
441 2605 469 2630 et
482 2603 591 2631 animus
602 2610 664 2630 sure
679 2602 772 2630 duces
786 2610 894 2638 seque-

60 2647 160 2676 batur.
183 2648 230 2676 Sic
246 2647 401 2675 veritatem
427 2647 466 2675 ab
488 2648 606 2680 haeresi,
630 2650 765 2683 pastores
782 2655 799 2674 a
814 2646 894 2683 lupis

60 2692 274 2727 dignosce‘cat,
296 2700 357 2720 non
380 2692 509 2729 propriis
528 2692 590 2720 suis
606 2692 765 2728 Scriptum
789 2692 895 2720 studiis

62 2737 232 2772 inniteudo,
262 2737 315 2765 sed
337 2745 373 2766 ea
398 2739 570 2765 constanter
593 2736 760 2769 retinendo,
780 2745 849 2773 quae
865 2738 893 2766 S.

956 953 1053 980 ullum
1066 951 1243 980 recentioris
1257 947 1362 976 mentis
1377 946 1532 974 inventum
1546 944 1593 971 vir
1603 943 1655 970 ille
1668 947 1784 976 prome-

955 998 1016 1026 bat:
1030 997 1081 1025 sed
1095 995 1255 1024 secundum
1266 993 1377 1028 Moysis
1399 990 1629 1020 benedictionem
1647 987 1785 1022 proferre

955 1045 1079 1071 noverat
1091 1049 1128 1070 ea:
1139 1040 1236 1069 cordis
1245 1039 1294 1067 sui
1302 1038 1434 1070 arcanis,
1447 1035 1529 1063 bonis
1541 1034 1653 1063 scilicet
1665 1032 1784 1060 thesau-

955 1089 1007 1123 ris,
1020 1091 1120 1116 vetera
1131 1087 1272 1119 veterum,
1281 1087 1307 1112 et
1316 1086 1417 1111 vetera
1425 1083 1496 1110 ante
1504 1079 1614 1115 faciem
1624 1084 1781 1106 novorum.

991 1143 1108 1175 Quanta
1124 1139 1212 1168 fuerit
1226 1138 1294 1167 talis
1307 1134 1502 1165 institutionis
1514 1132 1637 1166 utilitas,
1651 1131 1721 1159 inde
1734 1130 1783 1158 de-

955 1189 1103 1216 monstrat
1117 1184 1241 1213 Basilius
1256 1185 1296 1219 (p.
1314 1183 1386 1217 107),
1401 1179 1484 1217 quod
1497 1178 1553 1208 soli
1566 1175 1784 1206 Neocmsarien-

955 1241 1012 1266 ses,
1028 1231 1076 1259 vel
1098 1232 1176 1258 certe
1198 1236 1268 1257 cum
1288 1226 1395 1264 paucis
1411 1224 1580 1253 admodum
1593 1222 1623 1253 in
1638 1223 1723 1250 tanta
1735 1228 1783 1248 re-

954 1286 1022 1306 rum
1037 1277 1211 1312 tempestate
1227 1281 1262 1302 ac
1273 1271 1405 1309 procella
1415 1268 1610 1306 tranquillam
1622 1267 1715 1295 vitam
1725 1267 1784 1294 Mu-

955 1322 1041 1350 sonio
1064 1311 1252 1356 gubernante
1275 1317 1398 1353 egerint.
1425 1317 1490 1343 Non
1507 1313 1588 1342 enim
1613 1320 1665 1340 eos
1689 1311 1785 1345 attigit

955 1369 1112 1394 ventorum
1129 1364 1338 1392 haereticorum
1360 1362 1463 1394 tostus,
1480 1357 1705 1386 submersiones
1727 1356 1784 1383 im-

954 1413 1078 1448 portans
1087 1412 1116 1438 et
1128 1408 1288 1443 naufragia
1299 1405 1460 1434 animabus
1472 1403 1558 1431 facile
1572 1401 1784 1430 mutabilibus.

992 1464 1117 1494 Musonii
1134 1462 1196 1491 sedi
1214 1460 1362 1495 Alarbius,
1378 1467 1441 1487 non
1460 1457 1531 1485 fidei
1552 1464 1587 1484 ac
1600 1455 1700 1484 virtuti
1716 1462 1785 1482 suc-

956 1511 1055 1544 cessit;
1076 1515 1206 1544 cumque
1229 1505 1368 1534 haeresim
1390 1503 1506 1532 Arianze
1528 1500 1712 1529 contrariam
1733 1506 1784 1526 co-

956 1557 1078 1584 naretur
1091 1553 1244 1585 inducere,
1262 1549 1385 1578 Basilius
1401 1548 1432 1576 in
1442 1549 1527 1575 tanta.
1537 1545 1708 1574 animarum
1719 1551 1784 1580 per-

917 1586 937 1614 c
956 1601 1032 1630 nicie
1047 1599 1133 1627 silere
1147 1605 1209 1626 non
1224 1595 1329 1633 potuit,
1357 1602 1391 1622 ac
1415 1591 1670 1621 Neocmsarienses
1694 1588 1785 1625 pluri-

956 1646 1013 1674 bus
1029 1644 1132 1672 litteris
1147 1640 1315 1675 admonuit,
1332 1641 1364 1667 ut
1376 1638 1415 1666 ab
1428 1638 1486 1665 hoc
1501 1636 1559 1664 sibi
1573 1636 1718 1670 magistro
1734 1641 1784 1661 ca-

955 1692 1070 1718 verent.
1083 1688 1129 1716 Sic
1142 1695 1194 1715 eos
1210 1684 1371 1721 compellat
1385 1683 1416 1711 in
1431 1682 1518 1718 epist.
1531 1682 1584 1708 2t0
1594 1688 1600 1707 :
1612 1680 1697 1708 Fidei
1706 1685 1785 1707 ever-

955 1737 1009 1767 sio,
1023 1734 1119 1770 inquit
1131 1736 1173 1766 (n.
1189 1734 1214 1765 3,
1232 1738 1261 1766 p.
1280 1730 1353 1763 314),
1365 1727 1448 1763 apud
1458 1734 1508 1754 vos
1521 1725 1713 1760 excogitatur
1727 1723 1784 1751 ini-

956 1782 1034 1809 mica
1053 1769 1225 1814 apostolicis
1245 1778 1272 1804 et
1293 1773 1474 1808 euangelicis
1488 1770 1645 1801 doctrinis,
1662 1769 1785 1797 inimica

956 1824 1116 1853 traditioni
1133 1821 1270 1857 Gregorii
1283 1827 1351 1848 vere
1373 1817 1486 1852 magni,
1502 1819 1529 1844 et
1549 1823 1661 1850 eorum,
1686 1814 1737 1850 qui
1759 1814 1786 1841 ei

955 1870 1161 1898 successerunt
1184 1873 1277 1901 usque
1294 1864 1335 1892 ad
1353 1863 1470 1891 beatum
1491 1860 1671 1892 Musonium,
1697 1859 1784 1893 cujus

954 1915 1089 1950 profecto
1110 1912 1288 1940 documenta
1310 1910 1473 1937 etiamnum
1488 1907 1520 1934 in
1540 1905 1646 1933 vestris
1659 1903 1783 1932 auribus

954 1949 1108 1988 resonant.
1120 1957 1199 1984 Nam
1214 1953 1473 1984 Sabelliimalum,
1485 1951 1556 1978 olim
1567 1949 1684 1986 quidem
1696 1956 1782 1976 exor-

955 2008 1028 2036 tum,
1041 2003 1092 2031 sed
1108 2001 1271 2030 traditione
1287 1998 1392 2034 magni
1412 1997 1495 2025 illius
1510 1995 1570 2024 viri
1590 1995 1781 2025 exstinctum,

955 2051 1106 2077 conantur
1121 2054 1201 2074 nunc
1226 2045 1276 2072 isti
1296 2050 1454 2074 renovare,
1469 2041 1522 2077 qui
1536 2040 1607 2068 dum
1623 2039 1727 2067 timent
1746 2045 1784 2066 ne

954 2094 1139 2129 arguantur,
1152 2090 1267 2118 somnia
1278 2089 1309 2116 in
1324 2095 1377 2115 nos
1386 2088 1518 2122 ﬁngunt.

1320 2143 1334 2176 ς
1354 2142 1399 2168 vu

953 2203 973 2229 l.
997 2201 1026 2228 S.
1052 2199 1187 2228 Basilius
1214 2196 1363 2229 conceptis
1388 2194 1484 2222 verbis
1512 2193 1611 2229 docet,
1625 2191 1780 2229 Christum

989 2227 1091 2264 adesse
1102 2237 1276 2269 prementem
1287 2227 1319 2259 in
1334 2229 1530 2269 eucharistia.
1548 2229 1580 2256 ll.
1593 2227 1729 2269 Requirit
1747 2230 1780 2269 ut

988 2264 1169 2305 illud,«Hoc
1179 2272 1220 2297 est
1232 2275 1340 2305 corpus
1350 2265 1508 2305 meum_”,_n
1519 2272 1580 2292 non
1590 2264 1689 2305 minus
1700 2265 1780 2305 certo

987 2300 1144 2336 creddmus
1174 2313 1263 2341 quam
1283 2300 1374 2341 illud,
1398 2313 1411 2326 «
1431 2300 1647 2341 verbumcaro
1660 2300 1779 2341 factum

986 2344 1088 2371 cst“.u
1115 2343 1160 2370 lll.
1178 2336 1308 2375 insignis
1325 2336 1405 2367 locus
1420 2345 1438 2365 α
1454 2337 1586 2375 Sc‘ulteto
1596 2336 1779 2375 deprauatus

986 2379 1169 2413 explicatur.
1186 2377 1230 2404 lV.
1242 2372 1354 2404 Basilii
1366 2372 1513 2402 sententia
1530 2372 1730 2406 conﬁrmatur
1742 2377 1779 2398 ea;

984 2415 1122 2450 precibus
1138 2413 1278 2447 titurgia'.

987 2470 1008 2496 l.
1025 2469 1092 2497 Sive
1104 2467 1210 2495 Basilio
1221 2465 1410 2494 uscribantur
1420 2463 1488 2492 libri
1498 2464 1540 2491 De
1551 2462 1707 2497 baptismo,
1716 2460 1777 2488 sive

949 2521 1023 2547 non,
1037 2515 1115 2541 certe
1131 2512 1189 2539 sub
1205 2511 1270 2546 ejus
1286 2510 1409 2538 nomine
1424 2508 1509 2537 citari
1525 2515 1559 2536 ac
1573 2506 1692 2535 laudari
1706 2514 1776 2542 pos-

949 2560 1027 2590 sunt,
1041 2565 1112 2585 cum
1127 2557 1180 2584 toti
1192 2564 1226 2583 ex
1241 2556 1305 2591 ejus
1321 2554 1473 2583 sententiis
1486 2561 1522 2582 ac
1535 2552 1634 2580 verbis
1648 2559 1775 2586 compo—

950 2602 998 2630 siti
1008 2602 1076 2630 sint.
1093 2603 1125 2629 lu
1138 2601 1216 2629 libro
1231 2599 1364 2628 secundo
1378 2598 1532 2636 quaeritur,
1548 2605 1616 2633 cap.
1630 2598 1665 2625 2:
1687 2597 1735 2624 An
1749 2596 1774 2624 is

950 2648 1002 2683 qui
1011 2647 1046 2675 ob
1053 2654 1181 2682 pravam
1190 2645 1411 2679 conscientiam,
1418 2647 1473 2673 aut
1481 2641 1775 2674 immunditiam,aut

948 2692 1210 2727 inquinamentum
1222 2698 1320 2726 purus
1330 2689 1418 2719 corde
1431 2697 1491 2717 non
1503 2692 1556 2722 est,
1570 2687 1649 2716 citra
1658 2686 1774 2720 pericu-

953 2737 1015 2764 lum
1034 2737 1127 2772 possit
1149 2736 1330 2770 sacriﬁcare.
1355 2733 1519 2768 Quoastioni
1541 2730 1705 2768 apponitur
1725 2739 1771 2759 re-

100 2826 125 2844 ¹³
145 2825 250 2856 Matth.
268 2833 340 2860 xxvi,
356 2828 390 2854 26
404 2835 410 2860 ;
426 2827 514 2854 Marc.
530 2833 585 2860 xlv,
596 2827 649 2858 22;
668 2826 738 2854 Luc.
752 2833 818 2859 χχιι,
838 2827 885 2860 t9;

960 2834 993 2854 )r.
1007 2834 1045 2860 χι,
1060 2827 1106 2855 24.
1145 2826 1168 2844 ¹⁴
1185 2826 1271 2853 toan.
1286 2833 1307 2860 I,
1320 2825 1362 2853 14.
