2027 3144
251 171 283 199 51

991 162 998 166 '
1010 166 1201 195 PRASFATIO.

1934 175 1971 201 52

251 241 409 270 sponsum,
427 233 519 261 ducta
534 233 761 269 comparatione
777 240 814 260 ex
835 232 882 260 his
903 239 970 267 quae
983 231 1014 258 in
1037 238 1082 258 sa-

1142 229 1386 268 πεπλὴροφορησθαι
1401 235 1450 258 πᾶν
1465 234 1538 270 ῥῆμα
1553 237 1620 260 Θεοῦ
1637 234 1726 264 ἀληθὲς
1742 235 1806 261 εἶναι
1823 237 1868 261 καὶ
1889 234 1972 261 δυνα-

252 278 424 307 cerdotibus
434 278 542 306 veteris
555 277 631 313 legis
643 277 884 313 requirebantur.
900 277 973 304 Tum
988 275 1025 303 de
1037 283 1082 303 su-

252 323 425 352 cerdotibus
441 331 525 351 novae
540 322 615 357 legis
639 323 681 350 sic
702 322 856 350 statuitur:
884 321 912 347 Ὀ
938 320 966 347 δὲ
987 322 1082 357 Κύριος

251 368 340 405 λέγων,
366 368 462 398 Μεῖζον
486 372 530 394 τοῦ
556 369 624 405 ἱεροῠ
639 366 700 400 ὧδε,
715 365 836 393 παιδεύει
855 367 924 403 ἡμᾶς
938 366 977 392 ὅτι
990 369 1082 392 τοσοῦ-

252 422 295 439 τον
316 412 485 450 ἀσιδέστιρός
505 411 573 438 ἐστιν
595 413 608 437 ὁ
626 411 726 448 τολμῶν
741 413 877 449 ἱερατεύιιν
892 413 921 437 τὸ
945 415 1022 447 σῶμα
1036 414 1082 437 τοῦ

253 459 351 495 Κυρίου
370 461 415 483 τοῦ
440 455 530 487 δόντος
554 456 644 483 ἑαυτὸν
671 456 733 493 ὑπὲρ
762 457 834 492 ἡμῶν
860 456 1011 493 προσφορὰν
1037 457 1081 481 καὶ

255 503 347 528 Θνσιαν
361 506 396 537 τῷ
411 505 468 537 Θεῷ
491 502 526 532 εἰς
549 501 633 537 ὀσμὴν
649 499 767 536 εὐωδίας,
796 502 856 527 ὅσον
877 502 906 527 τὸ
937 505 1014 536 σῶμα
1036 503 1082 526 τοῦ

253 546 405 584 μονογενοῦς
420 547 482 572 Υὶοῡ
505 549 551 572 τοῦ
576 548 639 573 Θεοῦ
664 547 786 583 ὑπερέχει
809 550 887 583 κριῶν
901 548 946 572 καὶ
969 546 1082 582 ταύρων·

252 591 299 618 οὐκ
314 591 342 617 ix
356 593 516 627 συγκρίσεως
533 590 691 629 ἀσύγκριτος
704 592 754 628 γὰρ
765 592 780 620 ἡ
795 591 926 628 ὑπεροχή·
938 590 1082 618 Dominus

253 638 353 665 autem
369 643 435 664 cum
451 636 540 664 dicit:
558 647 572 662 ι(
587 636 708 671 Templa
723 637 821 671 majus
838 635 886 664 hic
900 638 942 663 est
955 635 988 669 ιε,
1004 646 1018 660 »
1029 642 1082 663 nos

253 681 337 710 docet
359 684 443 709 tanto
468 681 564 716 magis
585 681 711 716 impium
733 688 793 710 esse
811 688 889 714 eum,
913 681 967 717 qui
992 681 1082 710 audet

255 726 429 761 sacriﬁcare
461 734 570 761 corpus
596 726 718 754 Domini
737 726 788 761 qui
810 726 892 754 dedit
919 733 975 761 pro
999 725 1084 753 nobis

255 771 383 806 seipsum
410 771 470 799 Deo
494 771 674 799 oblationem
699 774 726 799 et
754 770 883 799 hostiam
906 769 1083 799 in'odorem

255 816 415 844 suavitatis
431 817 464 850 *⁵,
492 819 607 851 quanto
628 823 737 851 corpus
766 816 917 851 unigeniti
938 816 1014 844 Filii
1030 816 1086 844 Dei

255 861 452 890 excellentius
467 863 509 889 est
519 861 661 889 arietibus
678 869 712 889 ac
729 862 844 889 tauris:
871 860 951 897 quod
971 860 1085 888 dictum

1136 276 1189 308 τὸν,
1218 275 1264 301 κᾶν
1287 277 1301 305 ἡ
1320 278 1395 312 φύσις
1421 279 1554 314 μάχηται·
1581 278 1692 305 ἐνταῦθα
1717 281 1766 317 γὰρ
1791 282 1836 306 καὶ
1860 280 1873 306 ὀ
1899 279 1971 316 ἀγὼν

1136 324 1184 351 τῆς
1203 329 1325 352 marmur
1342 321 1426 355 Quod
1441 331 1501 350 non
1521 327 1637 358 oportet
1660 324 1810 359 ambigere
1830 328 1856 352 et
1879 325 1970 352 dubi-

1138 368 1204 393 tare
1215 366 1252 393 de
1265 367 1301 394 iis
1310 374 1377 402 quae
1391 375 1409 394 a
1421 369 1544 396 Domino
1553 369 1718 397 dicuntur:
1729 369 1779 397 scd
1787 370 1972 403 persuaderi

1137 417 1223 438 omne
1232 411 1289 438 Dei
1300 411 1420 440 verbum
1438 420 1540 441 verum
1554 421 1615 441 esse
1629 421 1664 441 ac
1675 414 1827 448 possibile,
1843 416 1901 443 etsi
1914 422 1971 443 na-

1137 458 1207 483 tura
1219 459 1384 491 repugnat;
1402 457 1450 485 liic
1465 459 1542 486 enim
1558 460 1647 486 situm
1662 462 1704 487 est
1718 459 1790 492 ﬁdei
1803 463 1967 487 certamen.

1137 499 1182 527 Ad
1196 499 1275 528 hanc
1292 501 1429 535 regulam
1443 503 1706 538 comprobandum
1725 503 1798 531 inter
1809 504 1868 532 alia
1878 504 1971 532 refert

1137 544 1226 572 illud:
1237 546 1411 580 Litigabant
1426 555 1495 582 ergo
1508 548 1606 576 Judaai
1621 548 1661 576 ad
1674 549 1809 580 invicem,
1822 549 1970 577 dicentes:

1139 589 1289 623 Quomodo
1304 590 1352 618 hic
1365 594 1460 625 potest
1474 593 1557 620 nobis
1570 593 1644 621 dare
1656 601 1776 621 carnem
1788 593 1828 621 ad
1837 593 1969 622 mandu-

1138 635 1268 663 candum
1279 635 1293 663 ‘l
1317 636 1401 664 Dixit
1411 644 1480 672 ergo
1491 638 1549 665 eis:
1559 638 1665 672 Amen,
1681 646 1768 666 amen
1783 638 1848 666 dico
1863 639 1949 666 vobis
1961 648 1969 664 :

1136 679 1205 708 Nisi
1217 680 1472 709 manducaveritis
1487 689 1608 710 carnem
1619 683 1694 710 Filii
1701 683 1839 716 hominis,
1849 686 1877 711 et
1891 683 1971 711 bibe-

1137 723 1205 752 ritis
1213 725 1277 760 ejus
1290 725 1478 760 sanguinem,
1491 734 1550 754 non
1562 727 1676 756 habetis
1687 728 1780 755 vitam
1791 728 1822 755 in
1832 727 1915 755 vobis
1927 728 1950 745 ¹⁹
1959 749 1966 755 .

1174 781 1311 810 Pluribus
1332 782 1364 810 in
1383 783 1456 812 locis
1480 786 1640 820 pertractat
1656 785 1780 813 Basilius
1800 785 1837 813 de
1852 785 1972 822 optima

1140 827 1385 855 communicandi
1399 829 1526 864 ratione,
1551 838 1644 866 quam
1659 830 1689 857 in
1705 838 1740 858 eo
1754 830 1885 866 positam
1901 837 1971 857 esse

1139 871 1236 907 docet,
1249 874 1281 900 ut
1291 881 1361 900 cum
1375 876 1455 902 certo
1468 874 1629 902 credamus
1644 875 1792 903 Christum
1807 883 1862 911 pro
1878 875 1971 903 nobis

255 905 295 933 sit
317 906 381 934 sine
405 906 640 942 comparatione,
667 906 916 941 incomparabilis
939 906 1016 934 enim
1043 907 1084 934 est

1142 916 1319 945 cruxiﬂxum
1330 925 1405 953 esse,
1420 918 1545 955 ejusque
1556 927 1677 947 carnem
1688 922 1716 947 et
1724 919 1904 955 sanguinem
1914 927 1971 947 no-

256 951 447 980 ez’cellentz‘a.
466 951 512 979 Sic
531 951 621 979 etiam
637 950 667 979 in
683 950 779 987 Capite
793 951 878 980 tertio
893 959 929 979 ex
943 959 1036 987 pcena
1050 950 1085 979 iis

255 996 287 1024 in
309 995 374 1032 lege
396 996 549 1032 imposita,
575 996 628 1033 qui
657 998 764 1025 sancta
786 997 934 1025 immundi
961 998 1085 1032 tangere

257 1040 429 1077 audebant,
463 1041 708 1076 demonstratur,
735 1043 884 1078 quantum
913 1042 950 1070 sit
988 1041 1085 1070 scelus

257 1093 383 1122 corpore
407 1085 526 1114 Domini
554 1085 679 1121 indigne
698 1086 802 1114 vesci:
829 1086 904 1122 ὀσῳ
922 1087 973 1124 γὰρ
1000 1086 1085 1113 πλεῖον

256 1134 303 1157 τοῦ
328 1131 397 1167 ἱεροῦ
421 1129 483 1167 ὦδε,
508 1131 577 1157 κατὰ
599 1133 645 1160 τὴν
671 1134 717 1158 τοῦ
742 1133 840 1168 Κυρὶου
861 1133 953 1168 φωνὴν,
969 1132 1086 1167 τοσούτῳ

259 1173 401 1212 δεινότερον
434 1177 479 1201 καὶ
512 1174 683 1213 φοϐερώτερον
711 1176 740 1202 τὸ
775 1175 800 1202 ἐν
835 1174 962 1212 μολυσμῷ
995 1175 1086 1212 ψυχῆς

258 1219 389 1256 τολμῆσαι
404 1219 525 1255 ἅψασθαι
538 1223 584 1247 τοῦ
601 1223 719 1257 σώματος
742 1223 788 1246 τοῦ
812 1223 942 1257 Χριστοῦ,
965 1222 1038 1258 παρὰ
1058 1222 1086 1246 τὸ

259 1264 381 1300 ἅψασθαι
399 1268 478 1302 κριῶν
512 1265 527 1294 ἣ
554 1265 666 1303 ταύρων,
696 1268 742 1291 τοῦ
773 1265 932 1292 Ἀποστόλου
960 1265 1085 1298 εἰπόντος·

259 1308 340 1336 Ὠστι
355 1310 382 1340 ὅς
401 1308 431 1335 ἂν
454 1308 540 1346 ἐσθίῃ,
557 1312 625 1338 etc.:
646 1310 763 1344 Quanto
783 1310 860 1338 enim
884 1311 957 1345 plus
977 1310 1087 1345 templo

260 1353 326 1382 illic
340 1355 392 1387 est,
406 1355 501 1389 juxta
524 1354 646 1383 Domini
661 1362 770 1388 vocem,
795 1357 878 1383 tanto
900 1356 1023 1391 gravius
1044 1358 1087 1384 est

260 1401 288 1427 et
304 1398 535 1433 formidabilius
549 1399 580 1428 in
601 1399 710 1428 animm
728 1399 954 1435 inquinamento
978 1400 1087 1428 audere

261 1446 385 1479 tangere
408 1451 516 1479 corpus
536 1443 652 1473 Christi
672 1452 761 1480 quam
783 1445 891 1474 arietes
912 1448 964 1474 aut
985 1448 1087 1473 tauros

261 1491 409 1525 tangere;
430 1496 497 1517 cum
511 1489 673 1524 Apostolus
688 1490 782 1524 dicat,
805 1500 818 1514 ‹‹
835 1490 942 1526 Itaque
961 1490 1087 1525 quicun-

260 1540 318 1569 que
330 1533 560 1562 manducaverit
570 1535 603 1569 Π,
617 1545 632 1559 ››
647 1536 703 1562 etc.
719 1534 796 1562 Nihil
810 1541 883 1562 sane
899 1534 928 1562 iu
937 1534 983 1562 his
992 1535 1088 1562 exstat

260 1577 449 1611 testimoniis,
474 1577 558 1614 quod
570 1578 651 1606 eludi
665 1578 713 1606 vel
727 1578 899 1615 detorqueri
913 1579 1017 1615 possit.
1037 1579 1087 1607 Sa-
1102 1589 1122 1617 ρ

261 1622 411 1650 criﬁcatur
432 1623 462 1650 et
476 1624 669 1651 consecratur
683 1631 795 1659 corpus
809 1623 914 1652 Christi
926 1632 932 1651 :
955 1623 1087 1652 Christus

261 1673 396 1702 praesens
410 1666 497 1695 adest
509 1666 539 1694 in
555 1667 651 1700 altari,
667 1678 682 1693 «
697 1668 818 1703 Templa
836 1670 936 1705 major
951 1668 998 1697 hic
1011 1671 1086 1697 est.»

261 1710 337 1739 lllud
359 1710 525 1740 discrimen
549 1712 688 1740 statuitur
709 1712 786 1741 inter
807 1713 938 1750 antiquie
957 1716 985 1742 rt
1000 1721 1087 1742 novas

260 1754 336 1790 legis
351 1756 510 1792 sacriﬁcia,
525 1756 609 1793 quod
624 1757 655 1785 in
673 1757 780 1793 primis
795 1757 881 1786 vituli
894 1759 924 1786 et
938 1759 1015 1786 tauri
1036 1766 1087 1787 oc-

261 1799 314 1828 cisi
334 1799 454 1835 fuerint,
478 1800 509 1829 in
530 1801 640 1830 nostris
666 1809 776 1838 corpus
800 1802 906 1831 Christi
925 1802 1086 1832 offeratur:

260 1844 425 1873 discrimen
432 1852 505 1875 sane
516 1846 676 1875 commenti
682 1847 764 1880 tium,
775 1848 799 1875 si
810 1847 990 1876 sacriﬁcium
1001 1855 1087 1876 novae

259 1889 334 1924 legis
347 1897 458 1926 corpus
473 1890 608 1919 absentis
621 1891 726 1920 Christi
740 1894 933 1928 repraesentet
945 1900 951 1926 ;
974 1892 1088 1929 quippe

261 1941 330 1961 cum
344 1933 425 1962 idem
439 1935 630 1970 prtestiterint
652 1935 800 1964 sacriﬁcia
821 1937 927 1965 veteris
940 1937 1032 1973 legis;
1047 1937 1090 1965 id-

260 1985 319 2014 que
331 1986 367 2007 eo
382 1978 514 2015 amplius
528 1981 555 2007 et
570 1980 799 2015 signiﬁcantius,
813 1989 876 2017 quo
888 1982 985 2010 caedes
1000 1982 1090 2010 alicu-

257 2022 309 2058 jus
323 2022 464 2051 animalis
481 2023 579 2060 aptior
591 2024 631 2052 ad
652 2027 780 2053 mortem
800 2026 905 2054 Christi
921 2034 1089 2063 repraesen-

260 2066 397 2101 tandem,
413 2075 507 2103 quam
522 2075 570 2096 res
586 2068 739 2104 inanimae,
754 2070 843 2106 panis
858 2073 887 2099 et
900 2071 1017 2100 vinum.

296 2130 408 2159 Eadem
419 2131 566 2160 sententia
580 2131 774 2168 paucioribus
789 2133 890 2162 verbis
908 2135 1046 2163 statuitur
1059 2135 1089 2163 in

258 2176 382 2212 Regalis
394 2176 587 2205 brevioribus.
604 2177 639 2206 Si
651 2177 718 2213 quis
733 2180 844 2214 autem,
856 2178 953 2215 inquit
965 2179 1089 2208 Basilius

258 2221 403 2256 interrog.
415 2223 476 2256 309,
498 2228 565 2249 cum
580 2222 612 2250 in
630 2222 821 2251 immunditia
836 2224 885 2259 sit,
905 2223 1028 2253 accedat
1051 2225 1091 2253 ad

259 2269 378 2301 sancta;
394 2266 483 2294 etiam
497 2274 535 2294 ex
549 2266 648 2295 Veteri
662 2268 847 2296 Testamento
861 2268 995 2297 terribile
1005 2269 1089 2297 illius
1105 2277 1127 2303 1)

260 2311 399 2339 discimus
407 2311 569 2346 judicium.
581 2312 665 2345 Quod
677 2313 702 2340 si
712 2314 841 2348 amplius
854 2316 963 2350 templo
975 2313 1024 2343 hic
1035 2318 1087 2346 est,

259 2365 313 2386 nos
325 2358 427 2394 utique
437 2357 522 2387 modo
533 2358 629 2394 magis
635 2359 831 2394 formidando
841 2361 956 2389 docebit
967 2361 1089 2396 Aposto-

261 2405 320 2438 lus,
331 2404 385 2439 qui
397 2403 476 2432 dixit
488 2413 495 2433 :
508 2414 522 2428 ί(
533 2404 590 2438 Qui
600 2405 766 2433 manducat
778 2408 806 2433 et
819 2406 891 2434 bibit
902 2406 1088 2442 indigne,ju-

259 2448 371 2477 dictum
383 2448 440 2477 sibi
452 2449 617 2477 manducat
632 2451 659 2478 et
670 2448 743 2478 bibit
754 2450 787 2477 *⁸.
801 2461 814 2475 ››

295 2509 328 2536 lt.
344 2506 469 2536 Basilius
484 2507 561 2536 inter
573 2515 690 2544 ea,quae
705 2511 786 2537 certo
797 2509 917 2537 credere
930 2508 1086 2546 debemus,

258 2552 378 2581 etiamsi
393 2554 542 2588 repugnet
562 2554 681 2586 natura,
702 2553 916 2582 eucharistiam
936 2557 1086 2584 numerat.

259 2598 340 2626 lianc
355 2597 436 2625 enim
453 2596 485 2625 in
508 2597 667 2625 Moralium
681 2596 759 2626 libro
771 2597 931 2626 :habemus
951 2599 1088 2634 regulam

258 2642 334 2677 (reg.
346 2644 373 2676 8,
386 2649 418 2678 pa
433 2641 506 2677 2&0):
525 2640 586 2668 ὀτι
607 2641 637 2668 οὐ
660 2640 701 2669 δεῖ
716 2640 908 2679 διακρίνεσθαι,
924 2646 970 2670 καὶ
996 2642 1089 2671 διο-τάο

260 2687 314 2718 ζειν
352 2686 394 2714 ἐπὶ
431 2689 486 2716 τοῖς
519 2687 570 2713 ὑπὸ
601 2690 646 2713 τοῦ
685 2688 783 2724 Κυρίου
816 2687 981 2724 λεγομένοις,
1026 2689 1089 2716 ἀλλὰ

295 2785 317 2803 ¹⁵
337 2784 437 2814 Matth.
453 2792 499 2820 xu,
517 2786 544 2813 6.

258 2832 281 2850 ²¹
302 2832 371 2860 Luc.
385 2839 455 2866 xm,
471 2831 514 2859 19.

584 2785 606 2807 ιθ
627 2784 736 2821 Ephes.
752 2793 780 2819 ν,
795 2786 822 2814 2.
862 2786 883 2804 ¹⁷
904 2787 914 2814 1
929 2787 995 2816 Cor.
1012 2794 1052 2821 ιι,
1067 2788 1113 2816 27.

554 2832 577 2849 ²²
596 2832 683 2860 Joan.
698 2838 717 2866 ι,
737 2832 779 2859 14.
819 2831 843 2849 ’³
863 2831 988 2869 Philipp.
1005 2841 1033 2867 ιι,
1050 2834 1076 2860 6.

1138 961 1377 998 bisapponi,hac
1384 962 1462 990 illius
1471 964 1621 999 passionis
1630 964 1838 992 recordatione
1846 964 1885 992 ad
1894 972 1969 992 eum

1140 1006 1307 1034 amandum
1319 1007 1532 1036 accendamur.
1549 1008 1595 1037 Sic
1610 1009 1641 1036 in
1652 1008 1755 1045 regula
1766 1008 1901 1037 breviore
1918 1009 1970 1037 172

1139 1051 1205 1079 haec
1219 1051 1383 1080 instituitur
1397 1053 1533 1089 quaestio,
1551 1057 1663 1089 Ποταπῷ
1678 1053 1748 1090 φόϐῳ
1763 1054 1777 1083 ἢ
1793 1056 1856 1090 ποίᾳ
1870 1053 1970 1091 πληρο-

1141 1098 1226 1133 φορίᾳ,
1243 1098 1257 1126 ἦ
1279 1099 1342 1133 ποίᾳ
1364 1095 1480 1124 διαθέσει
1500 1098 1681 1135 μεταλάϐωμεν
1707 1102 1752 1125 τοῦ
1780 1101 1900 1135 σώματος
1922 1100 1971 1125 καὶ

1140 1145 1187 1167 τοῦ
1200 1143 1310 1178 αἵματος
1325 1146 1371 1169 τοῦ
1381 1146 1514 1180 Χριστοῡς
1530 1144 1621 1177 Quali
1632 1151 1698 1171 cum
1710 1146 1826 1178 timore,
1838 1146 1890 1171 aut
1906 1151 1970 1179 qua

1141 1187 1238 1215 animi
1246 1187 1452 1223 persuasione,
1474 1191 1527 1216 aut
1547 1196 1604 1224 quo
1619 1188 1730 1223 affectu
1751 1189 1916 1223 participes
1931 1188 1971 1215 si-

1140 1239 1206 1259 mus
1216 1232 1350 1266 corporis
1361 1235 1388 1260 et
1403 1233 1560 1268 sanguinis
1576 1233 1712 1261 Christi?
1727 1234 1910 1269 Argumenta
1922 1235 1970 1260 est

1140 1277 1290 1312 ejusmodi
1300 1277 1493 1312 interrogatio
1502 1285 1648 1313 magnum
1661 1277 1785 1314 aliquod
1796 1278 1844 1313 agi
1856 1279 1970 1313 myste~

1140 1321 1230 1355 rium,
1247 1321 1329 1358 quod
1352 1324 1510 1351 tremorem
1526 1322 1658 1350 incutere
1675 1322 1793 1355 debeat,
1810 1330 1969 1358 magnam-

1141 1374 1200 1402 que
1213 1366 1307 1397 ﬁdem
1317 1375 1353 1395 ac
1368 1367 1556 1396 sanctitatem
1568 1368 1707 1404 pOstulet.

1177 1420 1404 1455 lnterrogationi
1418 1421 1483 1450 haec
1496 1421 1652 1457 subjicitur
1663 1421 1838 1458 responsio:
1859 1422 1909 1448 Τὸν
1923 1423 1969 1458 μὲν

1142 1464 1219 1501 φόϐον
1235 1463 1360 1492 διδάσκω
1372 1466 1440 1502 ἡμᾶς
1453 1466 1464 1492 ὁ
1479 1465 1646 1501 Ἀπόστολος,
1663 1465 1751 1502 λέγων·
1768 1466 1798 1492 Ὀ
1815 1465 1909 1492 ἐσθίων
1924 1468 1969 1492 καὶ

1141 1511 1219 1536 πίνων
1233 1509 1342 1541 ἀναξίως
1355 1515 1437 1547 κρῖμα
1449 1511 1530 1547 ἑαυτῷ
1543 1511 1624 1538 ἐσθίει
1639 1514 1683 1538 καὶ
1698 1514 1775 1538 πίνει·
1791 1513 1837 1541 τὴν
1854 1510 1884 1538 δὲ
1898 1512 1967 1540 πλη-

1140 1557 1263 1592 ροφορίαν
1274 1555 1374 1591 ἐμποιεῖ
1383 1557 1398 1585 ἠ
1415 1558 1505 1587 πίστις
1517 1561 1565 1583 τῶν
1575 1557 1699 1594 ῥημάτων
1713 1561 1759 1583 τοῦ
1773 1559 1870 1594 κυρίου
1885 1556 1968 1583 εἰπόν-

1141 1608 1194 1630 τος·
1210 1603 1292 1626 Τοῦτο
1308 1599 1363 1626 ἐστι
1381 1601 1411 1627 τὸ
1431 1602 1507 1637 σῶμά
1526 1611 1586 1637 μου,
1601 1603 1628 1628 τὸ
1651 1602 1712 1638 ὑπὲρ
1733 1602 1802 1638 ὑμῶν
1819 1599 1969 1637 διδόμενον·

1140 1647 1216 1670 τοῦτο
1241 1648 1338 1671 ποιεῖτε
1362 1645 1398 1676 εἰς
1419 1647 1465 1674 τὴν
1482 1645 1545 1682 ἐμὴν
1561 1646 1716 1682 ἀνάμνησιν,
1730 1648 1797 1674 etc.:
1821 1646 1967 1674 Timorem

1140 1688 1259 1724 quidem
1274 1689 1354 1718 docet
1368 1698 1421 1718 nos
1434 1691 1599 1725 Apostolus,
1616 1687 1682 1718 cum
1697 1691 1760 1719 ait:
1781 1701 1794 1715 ιι
1810 1691 1867 1724 Qui
1884 1698 1970 1718 man-

1141 1733 1232 1762 ducat
1248 1737 1275 1762 et
1288 1734 1359 1762 bibit
1374 1735 1507 1770 indigne,
1518 1736 1671 1770 judicium
1686 1735 1744 1763 sibi
1757 1735 1922 1764 manducat
1942 1739 1968 1763 et

1143 1778 1290 1807 bibitmn
1312 1780 1536 1814 persuasionem
1558 1783 1656 1808 autem
1670 1781 1762 1816 efﬁcit
1780 1781 1853 1815 ﬁdes
1867 1781 1966 1808 verbo-

1142 1831 1209 1851 rum
1225 1824 1355 1859 Domini,
1375 1825 1427 1860 qui
1441 1825 1540 1852 dixit:
1565 1825 1656 1853 «Hoc
1676 1828 1718 1853 est
1742 1833 1849 1860 corpus
1870 1831 1962 1852 meum

1143 1868 1223 1905 quod
1234 1876 1291 1903 pro
1307 1868 1386 1897 vobis
1399 1867 1548 1898 traditur:
1559 1870 1614 1898 hoc
1626 1870 1721 1905 facile
1734 1870 1765 1898 in
1781 1877 1874 1898 meam
1890 1877 1967 1897 com-

1142 1914 1429 1942 memorationem”.
1448 1925 1460 1939 »ι
1483 1915 1556 1943 Item
1574 1923 1611 1943 ea:
1626 1915 1686 1949 ﬁde
1705 1915 1865 1943 testimonii
1878 1915 1969 1942 Joan-

1143 1958 1199 1991 nis,
1224 1959 1277 1994 qui
1303 1964 1469 1987 memorata
1489 1959 1576 1994 prius
1605 1959 1693 1987 Verbi
1715 1959 1823 1994 gloria,
1842 1958 1969 1993 posthac

1143 2002 1367 2032 Incarnationis
1380 2004 1500 2032 modum
1516 2004 1648 2035 induxit,
1665 2004 1711 2031 his
1727 2004 1841 2032 verbis:
1863 2015 1878 2029 (ι
1901 2004 1970 2031 Ver-

1145 2047 1212 2076 bum
1236 2055 1306 2076 caro
1326 2048 1444 2084 factum
1469 2052 1509 2077 est
1526 2049 1587 2083 ",s
1611 2049 1665 2076 etc.
1694 2048 1802 2076 Itidem
1827 2049 1967 2083 quoniam

1143 2094 1306 2129 Apostolus
1329 2094 1472 2128 scripsit:
1495 2104 1509 2118 ι(
1527 2093 1584 2127 Qui
1601 2101 1665 2121 cum
1682 2093 1714 2120 in
1736 2093 1837 2128 forma
1855 2093 1909 2120 Dei
1930 2100 1969 2121 es-

1144 2139 1228 2174 set“,
1243 2148 1257 2162 ι)
1272 2139 1328 2166 etc.

1180 2195 1273 2222 Nemo
1287 2195 1340 2228 est,
1357 2193 1409 2229 qui
1423 2193 1489 2221 haec
1503 2192 1605 2228 legens
1618 2201 1679 2221 non
1695 2192 1781 2221 facile
1796 2193 1966 2228 perspiciat,

1147 2241 1174 2266 t°
1187 2238 1293 2267 Christi
1309 2238 1412 2272 verba,
1427 2239 1492 2266 Hoc
1506 2241 1547 2266 est
1561 2245 1667 2272 corpus
1682 2245 1790 2268 meum,
1811 2239 1842 2264 ut
1858 2237 1966 2265 ﬁrmis-

1143 2283 1222 2312 sima
1233 2282 1292 2311 ﬁde
1307 2283 1466 2319 credenda,
1483 2291 1501 2311 a
1519 2283 1625 2311 Basilio
1638 2282 1767 2319 proponi
1780 2290 1786 2315 ;
1803 2284 1831 2309 2ο
1843 2289 1905 2309 non
1917 2281 1969 2309 mi-

1142 2337 1200 2357 nus
1214 2330 1296 2357 certo
1306 2328 1457 2356 credenda
1467 2336 1543 2362 esse,
1555 2335 1647 2364 quam
1660 2326 1826 2363 sequentia,
1844 2326 1966 2354 Verbum

1143 2381 1214 2402 caro
1224 2374 1343 2408 factum
1358 2376 1410 2408 est,
1427 2375 1482 2401 etc.
1498 2373 1554 2407 Qui
1572 2380 1639 2400 cum
1653 2373 1683 2399 in
1698 2372 1799 2406 forma
1814 2371 1871 2399 Dei
1884 2375 1967 2406 esset,

1142 2421 1198 2447 etc.
1213 2420 1341 2454 Utraque
1357 2418 1438 2446 enim
1450 2417 1630 2450 testimonia,
1643 2418 1707 2444 tum
1722 2424 1789 2452 quae
1805 2415 1843 2443 ad
1859 2416 1967 2444 eucha-

1141 2463 1269 2498 ristiam,
1288 2466 1351 2492 tum
1364 2471 1433 2499 quia
1448 2462 1487 2490 ad
1502 2461 1742 2490 incarnationem
1759 2463 1905 2497 spectant,
1921 2470 1968 2489 eo-

1142 2509 1212 2537 dem
1220 2516 1343 2545 prorsus
1353 2507 1445 2536 modo
1456 2508 1676 2544 proponuntur,
1689 2508 1721 2535 ut
1735 2505 1834 2534 verbis
1844 2506 1967 2542 quidem

1143 2553 1224 2582 clara
1246 2556 1274 2581 et
1295 2554 1409 2589 aperta,
1432 2551 1485 2580 sed
1508 2551 1641 2587 mysterii
1664 2550 1873 2586 magnitudine
1894 2550 1967 2578 ditii-

1143 2598 1211 2627 cilia
1225 2608 1231 2626 :
1255 2598 1295 2626 ita
1311 2598 1342 2625 ut
1357 2595 1554 2632 explicatione
1571 2604 1632 2624 non
1647 2595 1803 2630 indigeant
1817 2595 1857 2622 ad
1870 2595 1967 2623 lucem

1142 2643 1242 2672 verbis
1265 2641 1463 2676 atferendam,
1488 2641 1541 2669 sed
1568 2641 1627 2669 ﬁde
1653 2640 1692 2669 ad
1715 2648 1762 2668 res
1792 2640 1967 2668 credendos.

1143 2691 1202 2718 Nec
1227 2689 1392 2725 quisquam
1420 2689 1464 2715 est
1487 2686 1630 2723 profecto,
1658 2686 1721 2722 qui,
1751 2686 1776 2714 si
1801 2685 1899 2722 prima
1922 2693 1967 2713 co-

1152 2787 1174 2805 “
1193 2786 1270 2815 ibid.
1286 2788 1330 2814 29.

1371 2787 1393 2803 ”
1413 2786 1498 2814 Joan.
1516 2793 1555 2819 Vl,
1571 2787 1613 2818 53,
1631 2786 1675 2812 54.
1714 2784 1738 2802 ²⁰
1758 2784 1768 2811 Ι
1784 2784 1850 2812 Cor.
1868 2791 1902 2817 ιιι,
1918 2786 1963 2811 27.
