2027 3144
88 171 119 197 53
836 165 1031 195 PREFATIO.
1758 170 1792 197 54

87 233 169 260 netur
182 231 312 264 cludere,
336 231 469 259 secunda
485 240 546 260 non
569 231 674 260 eodem
694 231 785 259 modo
800 230 910 267 prodat
925 229 948 256 Α
964 237 1035 257 caro
1050 223 1163 265 factum
1178 233 1220 260 est
1231 232 1269 262 ³ο,
1283 233 1311 259 et
1325 230 1420 264 Pauli,
1430 231 1488 264 Qui
1497 238 1563 258 cum
1578 231 1610 258 in
1623 231 1725 266 forma
1741 231 1794 259 Dei

86 276 241 304 eludenda.

119 320 280 356 Postquam
296 320 422 348 Basilius
447 321 657 357 exposuitque
670 321 773 349 timore
793 322 822 349 et
846 327 908 356 qua

84 365 174 392 animi
200 365 395 400 persuasione
419 366 709 394 communicandum
739 366 784 398 sit,
815 364 907 393 tertiae

82 410 320 445 interrogationis
337 411 423 447 parti,
440 419 502 446 quo
516 411 625 439 affectu
641 410 848 439 accedendum
870 409 908 437 sit

83 458 120 482 ad
134 454 191 482 hoc
202 455 388 491 mysterium,
405 456 448 484 sic
464 456 609 484 satisfecit
623 465 630 484 :
647 457 721 484 Cum
733 456 828 490 igitur
841 454 905 482 ani-

81 507 145 526 mus
159 499 202 527 his
216 503 243 528 et
264 501 375 528 talibus
403 501 499 529 verbis
524 502 612 536 ﬁdem
628 501 784 533 adhibens,
799 500 904 535 glorize

79 545 260 578 majestatem
276 545 422 579 didicerit,
435 547 674 581 humilitatisque
689 549 714 573 et
731 545 903 573 obedientiz

78 590 312 623 magnitudinem
324 591 492 618 admiratus
500 591 690 626 fuerit,quod
705 591 775 618 tatis
790 598 825 618 ac
839 593 903 617 tan-

77 635 296 663 tusadmortem
306 637 710 672 usquePatriobtemperavit
718 636 784 663 vita
795 639 904 663 nostra

77 685 173 711 eausa,
191 687 257 708 eum
274 681 408 708 arbitror
430 682 471 709 ita
492 682 588 715 afﬁci,
605 684 636 708 ut
654 681 745 708 simul
763 681 857 708 Deum
877 683 903 707 et

76 722 189 752 Patrem
206 725 327 760 diligat,
342 727 395 761 qui
402 727 528 760 proprio
537 726 614 754 Fitio
630 734 690 754 non
702 726 846 760 pepercit,
856 725 906 753 sed

75 775 128 801 pro
143 769 225 797 nobis
240 771 378 798 omnibus
397 771 523 799 tradidit
539 772 637 805 illum,
665 771 754 799 sintut
771 771 906 805 unigeni-

77 816 136 840 tum
152 815 213 848 ejus
223 815 540 851 Fitium,quiobedivit
555 823 644 852 usque
656 816 696 844 ad
710 819 833 844 mortem
848 823 904 850 pro

76 861 175 887 nostra
187 860 391 895 redemptione
416 864 442 888 et
466 862 575 890 salute.
591 861 679 888 Addit
693 869 773 894 eum,
789 860 841 896 qui
861 860 902 887 sic

79 902 195 931 affectus
207 907 234 932 et
246 908 433 941 prmparatus
450 908 504 941 est,
522 905 687 942 adimplere
707 905 781 932 illud
797 904 878 932 Pauli
894 913 900 938 ;
919 906 939 932 Β

81 946 214 976 Charitas
235 950 315 977 enim
327 950 437 978 Christi
448 954 535 986 urget
554 959 606 978 nos
619 951 651 986 ⁵⁸,
669 953 725 978 etc.
738 951 784 979 Sic
801 952 901 978 autem

79 991 150 1020 uilici
164 996 191 1021 et
206 995 373 1030 praeparari
388 995 497 1023 debere
517 995 678 1027 concludit,
695 995 833 1031 quisquis
849 1003 901 1032 pn-

76 1036 118 1064 nis
133 1040 160 1065 et
175 1038 275 1074 poculi
287 1038 320 1066 tit
330 1039 492 1076 particeps.

109 1081 218 1109 Eadem
232 1083 373 1111 doctrina
385 1084 524 1112 statuitur
544 1085 572 1112 in
591 1085 711 1119 [tegulis
727 1084 901 1121 moralibus,

76 1128 101 1154 et
123 1125 151 1154 in
176 1127 253 1155 lihro
282 1129 349 1156 iDe
373 1129 527 1163 baptismo.
553 1130 580 1157 Si
595 1130 673 1158 enim
690 1130 718 1158 in
732 1130 836 1165 regula
856 1132 901 1159 2t,

76 1173 164 1207 cap.2
178 1175 260 1204 (tom.
276 1174 309 1206 lt,
327 1182 356 1209 p.
372 1174 585 1209 253),]egimus
603 1183 608 1201 :
627 1175 711 1209 Quod
721 1176 774 1212 qui
785 1175 898 1204 accedit

79 1215 115 1242 ad
132 1218 363 1246 communionem
380 1227 439 1246 non
455 1219 644 1248 considerata
662 1221 718 1248 hac
734 1222 851 1250 ratione
860 1230 901 1251 se-

80 1261 202 1289 cundum
212 1270 302 1298 quam
312 1264 447 1297 corporis
456 1266 482 1291 et
488 1266 648 1299 sanguinis
659 1266 769 1294 Christi
776 1269 900 1301 partici-

79 1305 158 1339 patio
173 1306 272 1339 datur,
288 1308 312 1335 is
322 1309 441 1336 nullam
453 1317 490 1337 ex
505 1317 540 1337 ea
556 1311 718 1339 utilitatem
732 1315 833 1346 capiat
851 1321 857 1340 :
872 1315 899 1340 et

78 1349 155 1384 quod
163 1352 211 1386 qui
222 1352 342 1387 indigne
353 1355 708 1387 assumitmondemnatus
723 1357 772 1385 sit.
783 1358 816 1385 Et
830 1365 897 1393 cap.

75 1395 100 1420 3:
114 1395 176 1428 Qua
187 1397 304 1425 ratione
311 1398 558 1426 manducandum
570 1401 606 1427 sit
622 1408 730 1435 corpus
744 1402 859 1430 Domini
871 1406 899 1429 et

71 1441 190 1474 sanguis
202 1441 342 1470 bibendus
355 1444 387 1470 in
403 1446 710 1473 commemorationem
727 1447 899 1475 obedientia:

70 1484 189 1513 Domini
201 1494 296 1522 usque
306 1487 347 1515 ad
361 1491 497 1523 mortem,
520 1492 551 1516 ut
568 1491 621 1525 qui
635 1491 750 1525 vivunt,
767 1493 896 1526 nonjam

68 1529 123 1556 sibi
137 1532 308 1564 vwant,scd
316 1533 343 1560 ei
352 1534 406 1568 qui
418 1541 474 1568 pro
484 1535 556 1568 ipsis
565 1538 698 1562 mortuus
710 1539 750 1563 est
763 1539 789 1564 et
802 1545 898 1564 resur-

71 1576 144 1602 rexit
159 1577 192 1602 ’⁵.
217 1576 362 1604 Similiter
375 1577 407 1605 in
427 1577 504 1606 libro
520 1587 528 1607 1
547 1581 588 1608 De
602 1580 758 1614 baptismo,
777 1590 844 1618 cap.
870 1586 896 1616 3,

67 1623 225 1655 postquam
250 1621 358 1649 eadem
374 1622 534 1659 Scripturm
548 1625 720 1652 testimonia
739 1626 845 1661 retulit,
863 1636 898 1655 ac

65 1663 92 1691 in
118 1664 194 1693 libro
217 1667 397 1702 Moralium,
423 1675 533 1703 nempe
557 1677 593 1696 ex
621 1678 687 1706 cap.
705 1679 732 1697 γι
747 1672 835 1707 (vers.
852 1674 897 1707 54)

62 1708 183 1738 Joannis
197 1719 203 1738 :
220 1713 330 1744 Amen,
347 1720 434 1740 amen
450 1713 516 1741 dico
534 1715 626 1748 vobis,
643 1715 710 1743 Nisi
729 1718 897 1746 manduca-

63 1755 161 1782 veritis
172 1763 297 1783 carnem
310 1757 383 1784 Filii
396 1757 535 1791 hominis,
545 1761 611 1791 etc.,
630 1761 658 1787 et
673 1768 707 1787 ex
725 1761 865 1789 Matthieo
874 1764 898 1780 ²⁶

62 1800 88 1826 et
99 1799 188 1828 Paulo
200 1801 222 1817 ²⁷
236 1801 461 1829 institutionem
476 1803 665 1831 eucharistim
678 1805 895 1840 referentibus;

62 1845 121 1871 tum
129 1852 198 1872 vero
209 1845 252 1873 sic
266 1846 429 1874 concludit:
448 1848 524 1877 Quid
532 1849 627 1883 igitur
637 1851 777 1878 utilitatis
787 1851 896 1881 habent

63 1887 120 1916 hzec
133 1889 241 1918 verba?
258 1890 293 1918 Ut
304 1891 423 1919 edentes
437 1895 463 1920 et
476 1892 736 1928 bibentes,semper
752 1903 896 1924 memores

60 1933 149 1961 simus
164 1936 239 1969 ejus,
257 1936 463 1970 quipronobis
473 1941 608 1965 mortuus
619 1941 659 1965 est
672 1943 697 1966 et
716 1942 894 1978 resurrexit;

58 1978 156 2014 sicque
175 1979 328 2007 discamus
343 1982 509 2009 necessario
538 1990 658 2011 servare
674 1992 775 2012 coram
792 1985 850 2013 Deo
865 1993 893 2017 et

57 2022 176 2050 Christo
190 2025 288 2058 ipsius
303 2025 449 2053 traditum
464 2027 502 2054 ab
526 2027 671 2061 Apostoto
695 2028 814 2064 dogma,
841 2032 894 2066 qui

56 2066 139 2094 dicit:
151 2080 165 2092 «
183 2068 329 2097 Charitas
342 2070 458 2097 Christi
472 2074 554 2105 urget
565 2073 809 2106 nos,judieantes
825 2074 889 2108 hoc,

56 2113 172 2146 quod,si
184 2122 265 2142 unus
277 2122 332 2149 pro
346 2115 482 2143 omnibus
497 2119 634 2144 mortuus
649 2121 776 2152 est.ergo
791 2127 891 2148 omnes

57 2158 165 2184 mortui
175 2161 260 2188 sunt,
277 2161 303 2186 et
317 2167 373 2193 pro
388 2160 526 2188 omnibus
542 2164 675 2188 mortuus
700 2166 758 2196 est;
781 2166 813 2191 ut
839 2167 893 2199 qui

56 2201 231 2236 rivzmt,non
251 2205 381 2238 amplius
397 2205 454 2232 sibi
466 2206 633 2240 vivant,sed
644 2207 731 2242 atqui
745 2216 801 2241 pro
817 2209 888 2243 ipszs

54 2250 187 2275 mortuus
203 2252 248 2276 est
258 2251 462 2278 etresurrexit
474 2251 525 2277 3".»
543 2251 726 2278 Nilzilverbis
743 2260 819 2288 opus
833 2257 886 2285 est,

55 2293 84 2318 ut
97 2291 125 2319 in
142 2292 187 2320 his
205 2292 281 2320 locis
298 2294 437 2322 eamdem
455 2303 580 2330 prorsus
597 2297 776 2324 sententiam
801 2306 837 2325 ac
856 2298 885 2327 in

53 2335 173 2370 [tegulis
197 2337 384 2366 brevioribus
410 2340 555 2367 constitui
571 2343 681 2376 patent.
704 2342 759 2368 Res
780 2350 833 2378 per
854 2352 884 2371 se

53 2379 132 2408 clara
144 2384 173 2409 et
189 2382 633 2416 manifesta.Quemadmodum
649 2385 728 2413 enim
741 2386 770 2414 in
787 2387 881 2422 Regu-

52 2423 86 2451 lis
102 2425 442 2455 brem‘oribusliicanimi
451 2428 576 2457 allectus
588 2430 626 2458 ad
634 2431 880 2461 communionem

50 2471 220 2506 requiritur,
239 2474 273 2498 ut
287 2479 322 2500 ex
351 2473 559 2509 persuasione,
576 2482 669 2510 quam
694 2475 802 2503 animis
824 2485 878 2504 no-

51 2515 115 2542 stris
137 2516 232 2544 verba
260 2516 375 2552 Christi,
397 2518 461 2546 Hoc
476 2522 518 2546 est
534 2527 642 2554 corpus
657 2527 752 2548 meum
767 2521 801 2554 ⁸⁸,
822 2521 876 2549 im-

48 2560 174 2594 primere
196 2561 320 2595 debent,
333 2562 403 2589 item
430 2571 465 2590 ex
481 2564 577 2591 verbis
589 2565 726 2598 Joannis,
753 2565 876 2594 Verbum

424 2666 448 2683 ²⁸
472 2665 546 2694 ibid.
575 2669 616 2695 t5.

379 2701 498 2730 aoJoan.
514 2710 534 2734 1,
550 2704 592 2732 14.

84 2663 108 2680 υ
136 2664 158 2689 II
177 2665 245 2691 Cor.
270 2672 297 2696 γ,
326 2666 367 2692 tli.

47 2698 70 2714 ²⁹
86 2698 187 2726 Matth.
204 2707 282 2734 xm,
295 2702 339 2728 26.
379 2701 498 2730 aoJoan.
514 2710 534 2734 1,
550 2704 592 2732 14.
631 2704 653 2722 ³⁸
672 2704 800 2741 Philipp.
815 2713 833 2740 1,
852 2707 877 2733 6.

84 2809 283 2845 (t6')Medul.
301 2812 401 2848 theot.,
418 2815 496 2850 part.
513 2821 553 2849 1v,
569 2822 600 2850 p.
613 2817 676 2844 229.

675 2669 698 2686 ³⁵
717 2669 816 2696 Matth.
830 2677 905 2705 xxvr,
923 2671 957 2696 Et}
978 2676 1044 2705 sqq.
1102 2669 1123 2686 ³⁷
1139 2669 1147 2695 1

675 2704 800 2733 Philinn.
815 2713 833 2733 1.
852 2707 877 2733 6.
917 2705 962 2732 ⁵³1
979 2706 1044 2733 Cor.
1060 2713 1101 2733 x1.
1114 2707 1147 2732 29

1038 2725 1044 2733 .
1061 2725 1101 2740 ω,
1115 2725 1158 2732 ...ι-

964 279 1036 304 esset
1048 276 1081 309 3',
1107 278 1174 307 ete.,
1199 276 1238 304 ad
1254 284 1323 304 eum
1350 275 1530 310 amandum,
1546 276 1598 312 qui
1620 283 1675 311 pro
1703 275 1792 304 nobis

964 323 1099 349 mortuus
1121 324 1176 355 est,
1193 321 1413 354 accendamur;
1430 321 1470 348 ita
1487 320 1516 348 in
1532 320 1614 348 libris
1627 321 1791 348 Moralium

963 369 991 395 et
1004 368 1047 395 De
1061 367 1206 401 baptismo
1232 366 1370 394 eumdem
1399 374 1522 402 prorsus
1545 365 1792 394 communicandi

961 412 1037 440 ratio
1052 411 1082 440 in
1093 411 1412 440 commemorationem
1420 411 1573 447 passionis
1590 410 1706 438 Domini
1718 419 1793 446 pras-

960 457 1081 493 cipitur.

995 511 1182 539 Perabsurde
1189 519 1260 546 ergo
1269 511 1592 545 Seultetus(tG‘)secum
1603 510 1698 538 facere
1706 511 1791 546 putat

957 556 1029 584 illud
1037 556 1227 590 Basiliizouid
1237 556 1333 590 igitur
1341 556 1482 583 utilitatis
1493 555 1602 583 habent
1615 555 1675 583 hac
1685 548 1791 582 verba!

960 603 995 630 Ut
1007 603 1122 630 edentes
1135 605 1162 629 et
1177 602 1436 635 bibentes,semper
1451 607 1593 628 memores
1608 601 1673 635 ejus
1685 600 1789 628 simus!

958 648 1169 683 qui,etc.Naui,
1188 649 1214 674 1°
1224 646 1327 674 Modus
1341 645 1387 673 ille
1401 644 1647 672 communicandi
1658 644 1688 672 in
1704 652 1788 672 com-

960 692 1210 720 memorationem
1228 691 1344 719 Domini
1363 690 1552 726 repetitur,ut
1565 690 1629 725 jam
1645 690 1787 725 diximus,

960 745 996 765 ex
1020 737 1079 764 ﬁde
1099 739 1126 764 et
1150 736 1358 772 persuasione,
1375 743 1466 771 quam
1490 736 1520 763 in
1546 734 1654 762 animis
1678 734 1788 762 nostris

961 781 1076 810 efﬁcere
1105 781 1216 809 debent
1242 781 1336 808 verba.
1364 780 1481 813 Christi,
1516 780 1579 808 Hoc
1605 782 1647 808 est
1680 787 1788 814 corpus

959 835 1067 861 meum,
1080 829 1108 855 et
1119 827 1177 854 alia
1187 826 1367 859 testimonia,
1388 825 1499 862 quibus
1516 825 1580 861 ejus
1596 824 1736 853 divinitas
1760 827 1787 852 et

959 872 1127 900 incarnatio
1151 879 1186 900 ac
1211 871 1313 907 passio
1338 871 1541 898 continentur.
1567 872 1595 897 2-
1620 871 1684 898 Non
1714 869 1786 897 dicit

959 917 1224 945 manducationem
1247 915 1380 952 corporis
1404 914 1520 943 Domini
1543 918 1572 942 et
1596 917 1700 950 potum
1718 914 1784 948 ejus

958 962 1114 996 sanguinis
1143 961 1172 988 in
1203 960 1485 988 commemoratione
1513 959 1608 995 ipsius
1636 958 1784 995 passionis

957 1007 1089 1042 positam
1103 1015 1178 1040 esse;
1195 1006 1248 1033 sed
1263 1005 1336 1033 illud
1351 1012 1461 1040 corpus
1476 1004 1518 1032 sic
1539 1003 1727 1039 manducari,
1756 1005 1784 1031 et

957 1053 1137 1088 sanguinem
1153 1052 1194 1079 sic
1205 1051 1267 1079 bibi
1279 1050 1398 1083 debere,
1414 1052 1445 1077 ut
1463 1048 1784 1077 commemorationem

957 1098 1035 1126 illius
1055 1096 1203 1134 passionis
1216 1095 1412 1123 celebremus.
1436 1097 1463 1122 3°
1493 1095 1548 1122 Eos
1563 1094 1653 1123 etiam
1669 1094 1721 1129 qui
1740 1094 1788 1122 in-

957 1143 1047 1178 digne
1060 1141 1296 1175 communicant,
1311 1147 1422 1176 corpus
1436 1141 1462 1167 et
1474 1138 1652 1174 sanguinem
1667 1139 1786 1167 Domini

957 1195 1075 1216 sumere
1088 1187 1118 1214 in
1132 1184 1451 1214 commemorationem
1468 1183 1619 1219 passionis
1631 1183 1718 1217 illius,
1730 1183 1784 1212 sed

957 1240 1016 1260 non
1030 1232 1060 1260 in
1077 1231 1181 1267 seipsis
1197 1230 1276 1258 hanc
1291 1229 1472 1257 memoriam
1485 1228 1653 1264 exprimere
1671 1228 1759 1256 docet
1775 1237 1781 1256 :

957 1277 1101 1310 Quienim
1114 1276 1174 1304 edit
1194 1278 1219 1303 et
1230 1275 1312 1307 bibit,
1323 1273 1430 1310 inquit,
1444 1273 1579 1301 videlicet
1591 1273 1631 1301 ad
1643 1273 1783 1301 indelebi-

957 1323 1011 1350 lem
1024 1321 1196 1349 memoriam
1209 1321 1280 1348 Jesu
1293 1319 1409 1347 Christi
1422 1319 1656 1350 Domininustri,
1667 1319 1719 1354 qui
1727 1326 1783 1354 pro

955 1366 1038 1394 nobis
1054 1368 1189 1393 mortuus
1203 1368 1244 1392 est
1259 1367 1286 1392 et
1298 1364 1627 1394 resurrexitmationcm
1641 1371 1709 1391 vero
1728 1371 1784 1391 me-

955 1411 1056 1439 moria:
1067 1409 1239 1438 obedientise
1256 1409 1373 1436 Domini
1385 1415 1476 1444 usque
1487 1408 1526 1435 ad
1539 1410 1673 1441 mortem,
1689 1409 1784 1443 juxta

953 1456 1122 1484 doctrinam
1137 1453 1274 1489 Apostoli
1288 1460 1347 1480 non
1370 1452 1525 1486 adimplet,
1541 1453 1603 1487 qui,
1624 1455 1657 1479 ut
1670 1452 1783 1480 dictum

954 1503 1006 1534 est,
1022 1501 1075 1533 ait,
1093 1509 1106 1526 α
1120 1499 1262 1527 Charitas
1278 1497 1395 1525 Christi
1409 1499 1571 1532 urget'nos,
1588 1507 1601 1521 υ
1617 1498 1683 1528 etc.,
1702 1497 1725 1524 is
1737 1497 1782 1524 ni-

954 1546 1000 1574 hil
1010 1545 1089 1580 capit
1102 1543 1254 1571 utilitatis.

990 1609 1061 1641 Qua:
1077 1609 1255 1644 sequuntur,
1273 1613 1291 1633 a
1305 1604 1485 1633 Combetisio
1503 1606 1534 1632 ut
1549 1604 1672 1632 duriora
1691 1607 1720 1632 et
1739 1613 1783 1633 se-

954 1653 1071 1681 veriora
1099 1650 1372 1687 reprehcnduntur.
1398 1650 1550 1677 l’rwterea
1576 1649 1633 1677 sibi
1655 1649 1714 1684 ipsi
1736 1658 1783 1678 ac-

954 1698 1041 1725 cersit
1055 1697 1108 1732 qui
1123 1695 1268 1729 ejusmodi
1290 1694 1494 1729 estjudiciuni
1515 1702 1631 1730 quoque
1645 1694 1783 1729 Apostoti

953 1742 1088 1770 dicentis:
1101 1752 1114 1765 ‹‹
1133 1741 1190 1774 Qui
1202 1740 1366 1768 manducat
1376 1742 1402 1767 et
1414 1739 1485 1766 bidit
1501 1739 1780 1774 indignejudicium

952 1787 1010 1814 sibi
1023 1786 1187 1814 manduca!
1198 1788 1225 1812 et
1241 1785 1323 1819 bibit,
1340 1791 1399 1812 non
1412 1784 1585 1818 dijudicans
1600 1791 1710 1818 corpus
1726 1786 1782 1812 Do-

952 1831 1083 1859 mini”.»
1093 1830 1208 1857 Etenim
1221 1829 1403 1857 horrendum
1415 1829 1560 1862 iudicium
1575 1831 1616 1856 est
1627 1837 1686 1857 non
1695 1829 1780 1857 modo

952 1877 987 1909 ei,
1004 1876 1096 1911 quiin
1110 1876 1209 1902 carnis
1225 1881 1261 1901 ae
1273 1874 1397 1908 spiritus
1416 1873 1642 1908 inquinamento
1658 1874 1781 1909 indigne

950 1920 1065 1948 accedit
1081 1920 1122 1947 ad
1136 1921 1252 1952 sancta,
1268 1925 1334 1946 cum
1357 1918 1435 1946 enim
1447 1918 1571 1952 accedit,
1587 1926 1654 1946 reus
1668 1919 1702 1952 ﬁt
1716 1927 1780 1946 cor-

948 1965 1030 1999 poris
1047 1967 1073 1992 el
1097 1964 1256 1999 sanguinis
1269 1963 1405 1996 Domini;
1420 1962 1472 1989 sed
1482 1963 1567 1991 etiam
1579 1963 1606 1990 ei
1622 1964 1674 1998 qui
1688 1964 1779 1992 otiose

948 2010 1156 2044 inutiliterque
1168 2008 1229 2036 edit
1242 2015 1278 2036 at:
1297 2007 1379 2036 bibit.
1401 2007 1468 2034 Haec
1487 2014 1613 2044 prorsus
1627 2007 1777 2036 immerito

947 2054 1166 2090 vituperantur.
1194 2055 1219 2080 ls
1241 2053 1321 2081 enim
1343 2052 1437 2080 otiose
1463 2051 1665 2088 inutiliterque
1689 2053 1777 2081 edere

946 2098 1064 2133 dicitur,
1077 2098 1128 2134 qui
1145 2098 1208 2125 sine
1229 2097 1372 2125 charitate
1388 2097 1465 2131 edit;
1481 2097 1573 2133 idque
1596 2100 1678 2133 patet
1705 2106 1773 2126 cum

946 2152 978 2172 ex
993 2142 1200 2180 superioribus
1215 2141 1389 2174 verbis,tum
1401 2149 1437 2169 ex
1452 2143 1674 2178 ratione,quam
1691 2143 1776 2172 addit

945 2188 1082 2217 Basilius.
1099 2195 1153 2214 cur
1163 2186 1314 2223 ejusmodi
1329 2186 1483 2214 hominem
1497 2186 1681 2214 horrendum
1696 2188 1774 2223 judi-

944 2233 1024 2261 cium
1040 2234 1162 2260 maneat
1182 2239 1188 2257 :
1210 2231 1304 2264 Quod,
1319 2231 1425 2266 inquit,
1442 2239 1502 2258 non
1526 2238 1580 2265 per
1600 2233 1770 2260 memoriam

942 2278 1012 2306 Jesu
1029 2277 1142 2305 Christi
1155 2276 1276 2303 Domini
1284 2278 1387 2308 nostri,
1404 2277 1455 2311 qui
1466 2283 1522 2310 pro
1540 2276 1624 2304 nobis
1636 2280 1771 2305 mortuus

940 2326 984 2351 est
1004 2326 1031 2350 et
1053 2322 1230 2354 resurrexit,
1251 2325 1349 2349 servat
1364 2321 1444 2356 quod
1459 2321 1572 2350 dictum
1587 2325 1629 2350 est
1645 2331 1651 2350 :
1666 2334 1679 2347 ιι
1696 2323 1771 2351 Cha-

941 2369 1017 2396 ritas
1033 2367 1139 2400 (Thisti,
1152 2370 1237 2402 urget
1252 2374 1314 2397 nos,
1332 2377 1345 2390 ››
1358 2370 1414 2394 etc.

975 2431 1020 2458 lli.
1038 2430 1101 2458 Alio
1116 2430 1207 2457 utitur
1224 2429 1319 2458 Basilii
1332 2429 1503 2457 testimonio
1518 2429 1675 2465 Scultetus,
1686 2432 1768 2467 quod

936 2476 979 2503 sic
990 2475 1079 2503 refert
1101 2483 1107 2503 :
1130 2476 1254 2503 Carnem
1268 2478 1294 2503 et
1306 2475 1483 2510 sanguinem
1499 2478 1590 2503 totam
1606 2484 1690 2504 suam
1706 2485 1756 2511 my

933 2522 1038 2549 sticam
1051 2529 1103 2549 con
1109 2521 1299 2548 versationem
1312 2521 1343 2548 in
1357 2528 1449 2548 carne
1459 2523 1485 2548 et
1491 2521 1659 2550 doctrinam
1667 2523 1767 2551 Evan-

936 2567 1010 2603 gt‘tii
1034 2567 1150 2594 vocavit
1173 2566 1322 2594 Christus.
1347 2566 1428 2594 Unde
1444 2567 1596 2596 concludit
1618 2568 1765 2596 Scultetus

1102 2669 1123 2686 ³⁷
1139 2668 1149 2695 Ι
1163 2669 1228 2698 Cor.
1245 2677 1284 2704 x1,
1298 2671 1331 2697 23
1348 2678 1416 2706 sqq.
1472 2671 1496 2688 ’⁸
1512 2672 1519 2698 l
1537 2671 1602 2699 Cor.
1617 2678 1645 2704 v,
1662 2671 1703 2704 tt,
1720 2673 1762 2700 t5.
