2027 3144
245 173 279 199 55
1002 161 1194 190 PREFATIO.
1921 164 1954 190 se

237 234 280 269 (p.
294 233 358 268 230)
372 232 520 260 neminem
535 231 630 260 alium
646 230 725 259 hanc
738 237 858 258 carnem
874 227 970 261 edere,
988 225 1067 253 hunc
1082 223 1108 251 Α
1122 225 1259 258 inanima
1275 226 1322 260 sit,
1341 228 1393 254 aut
1406 234 1425 254 ε.
1439 226 1595 254 divinitate
1611 225 1773 262 separata?
1799 225 1846 254 Sic
1861 225 1953 254 etiam

238 278 416 314 sanguinem
431 276 537 309 bibere,
549 283 638 312 quam
654 275 708 312 qui
729 274 814 309 ﬁdeli
837 273 926 302 corde
940 272 998 299 ista
1009 277 1068 298 om-

240 323 293 352 nia
306 323 364 350 sibi
373 321 551 357 applicant.

277 376 336 404 Sed
363 374 482 404 Sculteti
496 374 526 402 in
549 373 608 401 hoc
631 373 803 401 testimonio
824 370 981 400 referendo
1007 376 1070 397 non

240 420 425 450 laudabilior
447 419 531 452 ﬁdes,
543 426 639 455 quam
649 418 679 445 in
693 416 873 454 explicando
887 415 1002 452 peritia.
1025 413 1071 442 Sic

243 466 326 496 cnim
363 466 443 493 hunc
476 464 578 492 locum
600 463 730 498 legimus
751 463 782 490 in
810 462 897 499 epist.
932 463 958 495 8,
983 468 1014 488 n.
1044 461 1071 496 4,

242 510 295 539 ubi
319 509 446 538 Basilius
461 508 571 543 objecti
589 508 628 536 ab
652 507 772 535 Arianis
792 507 883 542 hujus
899 504 1072 534 testimonii,

241 556 307 591 Ego
331 555 398 583 vivo
413 556 540 589 propter
566 553 692 581 Patrem
703 553 727 570 ⁸³
752 552 933 580 solutionem
958 549 1069 578 affert:

244 602 356 627 Δύναται
383 597 412 625 δὲ
436 600 482 624 καὶ
510 599 578 629 ζωὴν
602 597 693 633 λέγειν,
724 598 754 627 ἦν
784 599 815 633 ζῇ
843 597 856 622 ὁ
882 596 1007 633 Χριστὸς,
1028 595 1071 620 τὸν

243 645 319 681 λόγον
346 647 392 670 τοῦ
416 646 482 670 Θεοῦ
503 644 570 679 ἔχων
598 641 622 668 ἰν
647 642 728 677 ἑαυτῷ
744 650 751 657 ⁶
779 644 825 667 xui.
853 642 893 667 ὅτι
912 642 988 666 τοῦτό
1015 639 1071 668 ἔστι

243 692 273 716 τὸ
306 687 474 725 δηλούμενον,
510 687 538 714 ἐκ
565 690 613 714 τοῦ
645 686 827 724 ἐπιφερομένου
864 686 996 723 εἰσόμεθα.
1022 688 1071 712 Καὶ

244 737 350 772 τρώγων
381 744 422 770 με,
453 735 531 769 φησὶ,
564 734 674 764 ζήσεται
703 731 740 758 δι’
763 732 817 768 ἐμέ.
845 734 982 769 Τρὼγομιν
1020 732 1071 767 γὰρ

245 780 325 806 αὐτοῦ
351 781 398 808 τὴν
428 779 523 816 σάρκα,
551 780 596 804 καὶ
623 780 728 814 πίνομεν
757 777 837 804 αὐτοῦ
855 779 884 803 τὸ
913 777 989 813 αἷμα,
1013 785 1072 803 κοι-

245 827 320 852 νωνοὶ
359 819 499 860 γινόμενοι,
533 821 581 850 διὰ
616 828 662 854 τῆς
702 823 918 860 ἕνανθρωπήσιως
946 823 991 847 χαὶ
1027 825 1072 851 τῆς

247 870 378 900 αἰσθηνῆς
402 871 480 900 ζωῆς,
512 872 558 895 τοῦ
586 868 663 904 λόγου
692 871 737 894 xui.
765 872 812 899 τῆς
841 869 959 904 σοφίας·
987 867 1073 904 σάρκα

245 917 296 952 γὰρ
325 916 370 940 καὶ
394 914 460 950 αἷμα
480 916 567 939 πᾶσαν
594 913 675 939 αὑτοῦ
698 915 743 942 τὴν
773 915 905 949 μυστικὴν
929 910 1072 948 ἐπιδημίαν

247 961 376 996 ὠνόμασε,
414 961 459 985 καὶ
497 960 543 988 τὴν
572 958 599 984 ix
630 962 776 996 πρακτικῆς
809 961 855 984 καὶ
886 962 997 994 φυσικῆς
1028 960 1074 984 xul

248 1005 399 1040 θιολογικῆς
433 1007 597 1030 συνεστῶσαν
637 1002 815 1030 διδασκαλίαν
852 1001 992 1037 ὶδήλωσι,
1037 1001 1073 1030 δι’

249 1051 281 1081 ἧς
314 1051 432 1086 τρέφεται
460 1048 547 1084 ψυχὴ,
580 1051 624 1074 καὶ
661 1050 726 1086 πρὸς
763 1051 810 1078 τὴν
834 1053 884 1074 τῶν
913 1051 990 1074 όντων
1014 1050 1074 1078 τέως

249 1096 356 1133 θεωρίαν
390 1094 619 1130 παρασκευάζιται
636 1101 642 1108 ·
673 1094 773 1122 Potest
799 1096 898 1122 autem
928 1096 955 1122 et
983 1094 1075 1121 vitam

247 1139 356 1173 dicere,
376 1146 466 1174 quam
482 1139 555 1166 vivit
574 1138 723 1172 Christus,
740 1138 868 1166 Verbum
882 1138 937 1166 Dei
966 1138 1076 1166 habens

247 1185 279 1212 in
316 1183 422 1218 seipso.
456 1183 555 1219 Atque
582 1183 614 1210 id
646 1184 743 1218 ipsum
774 1191 845 1218 esse,
869 1183 948 1219 quod
966 1183 1077 1218 signiﬁ-

247 1231 345 1264 catur,
365 1235 402 1269 eg
413 1228 458 1256 his
471 1235 536 1264 qua:
550 1230 719 1264 sequuntur
738 1228 912 1256 videbimus.
928 1241 941 1253 (ι
966 1229 1006 1256 Et
1026 1228 1079 1263 qui

247 1273 412 1302 manducat
427 1273 595 1309 me,inquit,
608 1273 681 1301 vivit
694 1276 821 1308 propter
835 1273 936 1301 νων.»
951 1273 1078 1300 Edimus

250 1319 328 1347 enim
340 1319 433 1354 ipsius
443 1325 574 1350 carnem,
591 1321 619 1346 et
637 1318 762 1346 bibimus
775 1318 868 1353 ipsius
887 1319 1079 1359 sanguinem,

249 1365 415 1400 participes
436 1364 524 1399 facti,
535 1372 590 1399 per
605 1365 842 1392 incarnationem
862 1367 890 1392 et
910 1365 1077 1393 scnsibilem

249 1410 354 1442 vitam,
376 1409 464 1437 Verbi
475 1412 501 1437 et
513 1410 677 1444 sapientiae.
693 1409 817 1437 Carnem
830 1411 908 1438 enim
921 1413 948 1437 et
958 1410 1080 1445 sangui-

250 1456 423 1489 nem,totam
430 1461 514 1482 suam
520 1455 677 1490 mysticam
686 1454 718 1482 in
725 1461 816 1482 carne
824 1455 1078 1483 conversationem

251 1499 377 1533 vocavit,
400 1501 427 1527 et
455 1499 625 1527 doctrinam
641 1507 676 1527 es
697 1500 819 1533 pratica
840 1502 868 1527 et
894 1499 1033 1527 naturali
1051 1502 1078 1527 et

251 1544 419 1579 theologica
451 1544 572 1572 notione
600 1546 786 1572 constantem
808 1544 976 1572 declaravit
996 1551 1005 1570 :
1024 1550 1080 1578 per

250 1596 341 1625 quam
361 1592 389 1616 et
411 1589 548 1616 nutritur
573 1589 686 1623 anima,
708 1591 736 1617 et
750 1589 792 1616 ad
805 1596 907 1618 eorum
921 1597 987 1625 quae
1009 1576 1077 1617 sunt
1093 1576 1114 1604 θ

251 1633 531 1667 contemplationem
546 1633 666 1660 interim
674 1637 881 1668 praeparatur.

289 1687 452 1722 Comparat
465 1693 537 1721 ergo
551 1686 675 1715 Basilius
690 1687 793 1721 vitam,
810 1695 904 1724 quam
920 1695 1007 1716 sacra
1026 1687 1080 1716 hu-

253 1731 385 1759 manitas
408 1739 478 1759 cum
494 1731 589 1760 Verbo
606 1731 798 1768 hypostatice
820 1733 983 1768 conjuncta
995 1733 1079 1767 vivit,

254 1783 324 1804 cum
357 1776 429 1809 vita,
459 1783 554 1812 quam
578 1784 615 1804 ex
643 1777 824 1806 eucharistia
860 1778 1010 1806 ducimus.
1048 1779 1081 1805 In

254 1822 383 1857 utroque
399 1823 500 1849 autem
516 1820 697 1850 catholicum
715 1822 830 1857 dogma
849 1822 973 1850 miriﬁce
997 1830 1081 1850 eom-

255 1866 389 1900 mendat,
407 1869 436 1894 et
463 1865 538 1894 dum
564 1874 620 1895 nos
636 1867 741 1896 Christi
757 1875 880 1896 carnem
895 1868 982 1896 edere
1004 1870 1032 1896 et
1050 1867 1082 1896 il-

255 1911 313 1940 lius
328 1911 509 1947 sanguinem
524 1911 627 1940 bibere
642 1912 724 1945 dicit,
752 1914 781 1940 et
794 1912 868 1941 dum
890 1913 957 1940 vitae
972 1921 1080 1948 genus,

255 1964 350 1993 quam
371 1964 408 1984 ex
432 1956 511 1985 illius
530 1965 620 1985 carne
651 1960 680 1985 et
711 1957 859 1993 sanguine
884 1958 1079 1994 percipimus,

257 2001 390 2037 exponit.
403 2001 479 2030 Illud
494 2004 572 2030 certe
583 2003 736 2039 conceptis
752 2003 852 2032 verbis
878 2003 1012 2032 declarat
1026 2011 1082 2032 nos

257 2046 299 2074 ita
309 2054 432 2074 carnem
445 2047 552 2075 Christi
567 2047 666 2081 edere,
688 2048 814 2084 ejusque
830 2048 1010 2083 sanguinem
1033 2048 1081 2077 bi-

256 2090 338 2125 bere,
354 2093 388 2120 ut
403 2091 493 2126 simul
505 2092 666 2129 participes
681 2092 791 2121 ﬁamus
804 2093 891 2121 Verbi
910 2095 940 2121 et
962 2094 1081 2130 sapien-

256 2136 317 2170 tiae,
335 2136 409 2173 quia
419 2137 519 2165 carnis
535 2139 564 2166 et
574 2137 731 2172 sanguinis
742 2137 917 2166 nominibus
927 2140 989 2166 tota
1002 2139 1082 2167 Chri-

257 2182 294 2211 sti
310 2190 450 2220 persona,
464 2183 527 2210 tota
542 2182 622 2210 illius
635 2182 668 2210 in
687 2190 777 2211 carne
803 2184 932 2220 mystica
957 2192 1082 2212 conver-

258 2227 345 2262 satio,
363 2227 425 2256 sive
442 2227 589 2264 mysticus
603 2227 764 2263 adventus,
779 2228 964 2264 designatur.
985 2229 1042 2257 Sed
1058 2229 1082 2257 si

256 2279 378 2300 carnem
388 2273 417 2300 et
429 2272 610 2306 sanguinem
625 2273 732 2301 Christi
746 2281 807 2302 non
822 2281 863 2306 re,
880 2273 932 2301 sed
947 2273 1011 2302 sola
1025 2273 1084 2302 ﬁde

258 2324 461 2348 sumeremus,
484 2316 653 2345 absurdum
679 2317 762 2346 dictu
775 2320 853 2346 esset
866 2326 922 2346 nos
937 2326 992 2354 per
1006 2319 1085 2347 hanc

257 2370 380 2390 carnem
395 2363 423 2390 et
436 2362 616 2397 sanguinem
633 2363 796 2400 participes
811 2363 874 2392 ﬁeri
890 2364 976 2392 Verbi
992 2366 1021 2392 et
1041 2369 1087 2392 sa'

257 2407 386 2444 pientius.
409 2408 489 2436 Tunc
517 2407 599 2435 enim
625 2410 653 2436 et
677 2416 748 2436 caro
768 2411 797 2437 et
822 2409 953 2436 Verbum
979 2409 1087 2437 eodem

257 2452 350 2480 modo
365 2454 564 2487 sumerentur,
591 2460 701 2490 nempe
714 2453 784 2481 ﬁdei
799 2453 956 2481 beneﬁcio.
974 2453 1087 2482 Deinde

255 2505 328 2525 vero
348 2505 400 2525 cur
415 2499 518 2525 monet
533 2497 640 2526 Christi
665 2506 754 2526 carne
776 2500 804 2526 et
819 2498 966 2533 sanguine
992 2500 1087 2526 totum

258 2541 364 2571 Christi
380 2542 542 2579 mysticum
563 2543 593 2571 in
609 2551 700 2572 carne
715 2543 892 2572 adventum:
912 2543 973 2571 sive
994 2545 1086 2571 totam

256 2587 335 2616 illius
349 2595 515 2624 personam
530 2587 694 2624 designari;
711 2589 915 2625 cur,inquam,
926 2588 956 2616 id
972 2590 1084 2624 monet,

256 2633 317 2662 nisi
331 2635 364 2662 ut
384 2633 473 2662 nobis
483 2641 546 2662 non
571 2634 742 2662 inanimam
758 2642 891 2666 carnem.
905 2641 967 2662 non
981 2641 998 2662 θ.
1013 2633 1087 2662 divi-

255 2679 350 2707 nitate
365 2681 539 2716 separatam
555 2679 670 2716 apponi
679 2679 887 2707 demonstret?
904 2678 962 2707 Sed
981 2679 1006 2706 si
1019 2678 1086 2706 haec

257 2731 328 2753 caro
341 2724 405 2753 sola
416 2724 474 2752 ﬁde
487 2724 661 2760 percipitur,
679 2723 748 2760 quis
772 2723 925 2753 metuendi
949 2723 1034 2752 locus
1047 2731 1085 2752 ne

293 2833 413 2862 8’Ioan.
425 2840 464 2861 γι.
483 2834 529 2862 58.
566 2832 589 2850 "
603 2831 678 2861 Ibid.

1124 269 1258 305 Basilius,
1276 273 1309 298 ut
1324 271 1553 299 similitudinem
1579 271 1765 298 demonstret
1784 270 1861 298 inter
1883 278 1953 298 eam

1122 315 1227 350 vitam,
1250 323 1344 352 quam
1369 324 1405 344 ex
1433 315 1615 344 eucharistia
1640 315 1789 348 ducimus,
1818 318 1847 342 et
1871 322 1950 350 eam,

1123 368 1217 396 quam
1239 368 1326 388 sacra
1349 360 1522 388 humanitas
1547 367 1616 387 cum
1641 359 1737 387 Verbo
1763 359 1952 396 bypostatice

1124 406 1286 441 conjuncta
1296 405 1378 435 vivit.
1394 406 1473 434 hanc
1484 405 1578 433 vitam
1594 404 1633 433 ad
1647 404 1782 433 animam
1802 404 1953 441 pertinere

1124 450 1278 478 admonet.
1292 450 1449 479 Atinutilis
1463 458 1588 486 prorsus
1602 449 1778 485 admonitio,
1787 449 1811 477 si
1826 456 1951 477 carnem

1125 498 1154 524 et
1163 496 1343 531 sanguinem
1358 503 1419 524 non
1433 495 1553 529 ore,sed
1564 494 1629 523 sola
1642 497 1741 522 mente
1751 494 1949 530 percipimus;

1125 540 1315 578 perabsurda
1328 541 1418 568 etiam
1429 543 1491 568 tota
1506 540 1704 575 comparatio,
1718 540 1742 567 si
1756 547 1826 568 cum
1841 539 1950 566 huma-

1125 586 1204 614 nitas
1219 585 1325 613 Christi
1337 593 1406 613 cum
1422 585 1517 614 Verbo
1530 585 1717 621 hypostatice
1729 585 1892 620 conjuncta
1904 583 1951 615 sit,

1125 639 1183 659 nos
1199 630 1265 659 sola
1277 632 1377 659 mente
1391 638 1460 659 cum
1478 630 1557 659 illius
1573 638 1663 659 carne
1678 632 1707 658 et
1721 629 1869 665 sanguine
1882 635 1953 656 con-

1123 675 1290 711 jungimur.

1163 747 1210 775 IV.
1228 747 1279 775 llis
1304 747 1376 775 addi
1397 747 1510 775 debent
1537 755 1606 784 quae
1621 747 1652 774 in
1675 746 1752 774 libro
1776 745 1820 773 De
1834 744 1955 779 Spiritu

1127 795 1230 821 sancto
1256 791 1408 827 leguntur,
1437 800 1498 820 non
1528 791 1628 819 Basilii
1649 791 1759 823 solum,
1785 789 1838 817 sed
1862 788 1955 816 etiam

1127 837 1264 865 omnium
1284 836 1521 865 Christianorum
1536 836 1626 864 ﬁdem
1644 834 1833 864 exhibentia:
1854 835 1893 860 Τὰ
1908 837 1954 863 τῆς

1128 882 1286 913 ἐπικλήσεως
1313 883 1418 919 ῥήματα
1446 882 1487 908 ἰπὶ
1515 886 1546 918 τῇ
1577 879 1707 912 ἀναδείξει
1729 884 1774 906 τοῦ
1794 880 1874 917 ἄρτον
1904 882 1955 908 τῆς

1128 928 1302 965 εὐχαριστίας
1317 930 1362 953 καὶ
1383 931 1427 953 τοῦ
1454 929 1580 964 ποτηρίου
1608 930 1655 957 τῆς
1679 925 1807 961 εὐλογίας,
1837 926 1877 954 τίς
1902 927 1954 949 τῶν

1128 972 1208 1008 ἁγίων
1242 972 1376 1009 ἐγγράφως
1415 972 1476 1008 ἡμῖν
1509 971 1711 1005 καταλέλοιπιν;
1749 969 1786 996 Οὐ
1826 968 1876 1005 γάρ
1918 965 1952 996 δὴ

1128 1018 1229 1047 τούτοις
1262 1016 1420 1053 ἀρκούμεθα,
1440 1017 1474 1042 ὧν
1500 1017 1512 1042 ὁ
1548 1015 1705 1046 Ἀπὸστο).ος
1734 1015 1748 1044 ἦ
1779 1015 1808 1040 τὸ
1836 1013 1956 1048 Εὐαγγέ-

1129 1062 1182 1088 ).ιον
1216 1061 1376 1098 ἐπεμνήσθη,
1412 1061 1475 1087 ὰ).λά
1502 1064 1548 1088 xui.
1575 1061 1731 1098 προλέγομεν
1761 1061 1805 1085 καὶ
1837 1057 1956 1093 ἐπιλέγο-
1998 1078 2001 1080 .

1131 1117 1176 1143 μιν
1209 1106 1284 1143 ἕτερα
1311 1107 1345 1137 ὡς
1377 1106 1491 1142 μεγάλην
1529 1107 1625 1142 ἔχοντα
1653 1107 1716 1143 πρὸς
1749 1106 1777 1131 τὸ
1811 1105 1957 1140 μυστήριον

1131 1154 1178 1181 τὴν
1211 1151 1301 1187 ἰσχὺν,
1339 1151 1367 1177 εκ
1404 1155 1451 1182 τῆς
1489 1150 1607 1188 ἀγράφου
1637 1148 1811 1179 διδασκαλίας
1835 1147 1957 1184 pupulu-

1133 1196 1219 1229 εόντες
1235 1197 1456 1225 ~Invocalionis
1470 1197 1570 1232 verba,
1583 1196 1680 1233 inquit
1693 1196 1775 1232 (cap.
1793 1196 1838 1228 27,
1850 1201 1880 1221 n.
1897 1194 1956 1227 66),

1133 1250 1199 1271 cum
1221 1243 1480 1277 conﬁciturpanis
1499 1242 1688 1270 eucharistiie
1704 1243 1730 1268 et
1749 1239 1891 1275 poculum
1913 1237 1960 1266 be-

1134 1288 1319 1324 nedictionis,
1335 1289 1400 1324 quis
1415 1291 1589 1316 sanctorum
1619 1287 1649 1314 in
1664 1287 1775 1321 scripto
1790 1285 1873 1313 nobis
1888 1284 1959 1312 reli-

1135 1334 1214 1370 quit?
1221 1334 1282 1362 Nec
1294 1334 1370 1361 enim
1388 1333 1433 1361 his
1443 1333 1575 1361 contenti
1585 1340 1696 1364 sumus,
1708 1339 1774 1367 quae
1787 1337 1961 1359 commemo-

1134 1382 1182 1406 rat
1197 1379 1356 1413 Apostolus
1372 1381 1425 1406 aut
1437 1378 1645 1413 Evangelium,
1657 1384 1757 1404 verum
1773 1376 1834 1404 alia
1844 1381 1961 1411 quoque

1134 1427 1205 1452 ante
1221 1425 1250 1451 et
1262 1426 1327 1458 post
1350 1423 1488 1458 dicimus,
1503 1425 1647 1458 tanquam
1672 1421 1799 1449 multum
1816 1420 1960 1447 habentia

1133 1468 1276 1496 momenti
1302 1468 1343 1495 ad
1370 1468 1556 1502 mysterium,
1577 1475 1642 1503 quae
1663 1474 1701 1494 ex
1717 1465 1881 1494 traditione
1900 1471 1961 1491 non

1133 1513 1248 1547 scripta
1264 1512 1442 1546 accepimus.
1456 1513 1548 1540 Nemo
1562 1510 1851 1547 negaveritindicari
1870 1517 1889 1537 a
1910 1511 1962 1537 Ba-

1134 1557 1198 1585 silio
1222 1557 1278 1585 has
1306 1564 1421 1593 preces,
1437 1564 1506 1593 quae
1534 1557 1564 1584 in
1589 1556 1710 1591 liturgia
1738 1555 1794 1592 ipsi
1818 1554 1964 1583 attributa

1132 1602 1370 1637 leguntur(tom.
1394 1602 1427 1635 II,
1442 1610 1482 1637 .p.
1507 1603 1570 1631 679)
1589 1609 1595 1628 :
1618 1600 1713 1628 Ἐλθεῖν
1742 1603 1769 1626 τό
1793 1600 1897 1636 mutuati
1914 1608 1962 1625 σου

1132 1648 1161 1676 τὸ
1188 1647 1262 1683 ἅγιον
1285 1646 1322 1683 ἐφ’
1346 1648 1417 1683 ἡμᾶς
1444 1647 1502 1676 τοὺς
1530 1644 1640 1677 deﬂeo;
1669 1655 1716 1672 σου
1749 1645 1790 1672 ἐπὶ
1811 1646 1845 1671 τὰ
1860 1646 1962 1680 προκεί-

1134 1693 1197 1729 μενά
1225 1701 1271 1718 σου
1301 1689 1375 1729 δῶρα
1407 1701 1500 1724 ταυτα,
1535 1693 1580 1717 καὶ
1609 1691 1720 1726 ἁγιάσαι
1752 1692 1798 1716 xui
1828 1687 1964 1720 ἀναδεῖξαι

1134 1737 1199 1773 ἅγια
1230 1736 1310 1772 ἁγίων
1327 1745 1333 1751 '
1363 1738 1405 1762 xui
1427 1738 1527 1772 ποιήσῃ
1557 1737 1601 1761 τὸν
1627 1737 1671 1771 μὲν
1699 1736 1787 1771 ἄρτον,
1802 1738 1892 1760 τοῦτον
1921 1736 1963 1769 7i-

1135 1782 1225 1808 νεσθαι
1249 1781 1284 1812 εἰς
1308 1782 1338 1807 τὸ
1366 1781 1441 1817 ἅγιον
1457 1784 1534 1817 σῶμα
1558 1780 1638 1806 αὐτοῦ
1658 1783 1704 1806 τοῦ
1735 1782 1832 1815 Κυρίου
1860 1777 1889 1805 δέ
1917 1775 1965 1804 καὶ

1136 1830 1202 1853 Θεοῦ
1227 1828 1271 1852 καὶ
1300 1829 1415 1862 Σωτῆρος
1443 1826 1515 1862 ἡμῶν
1543 1825 1631 1854 Ἰησοῦ
1655 1828 1786 1862 Χριστοῦ,
1813 1824 1846 1854 εἰς
1870 1824 1958 1859 cipiunt

1136 1871 1279 1908 ἁμαρτιῶν,
1306 1873 1350 1897 καὶ
1377 1870 1414 1901 εἰς
1441 1870 1510 1900 ζωὴν
1539 1871 1585 1898 τὴν
1617 1869 1719 1896 αἰώνιον
1743 1872 1796 1899 τοῖς
1823 1868 1849 1900 ἐξ
1881 1867 1960 1893 αὐτοῦ

1135 1915 1387 1953 μεταλαμϐάνουσι·
1419 1916 1447 1941 τὸ
1482 1913 1511 1942 δὲ
1538 1918 1661 1952 ποτήριον
1699 1918 1786 1946 τοῦτο,
1817 1915 1846 1940 τὸ
1877 1916 1963 1949 τίμιον

1136 1952 1201 1997 αἷμα
1226 1962 1256 1987 τὸ
1279 1964 1326 1991 τῆς
1356 1964 1452 1990 Καινῆς
1470 1961 1602 1990 Διαθήκης
1633 1959 1712 1986 αὐτοῦ
1737 1963 1782 1985 τοῦ
1807 1960 1905 1994 Κυρίου
1935 1952 1966 1984 δῖ

1136 2009 1180 2033 xul
1213 2008 1276 2033 Θεοῦ
1301 2008 1345 2032 xul
1374 2009 1492 2042 Σωτῆρος
1521 2006 1593 2042 ἡμῶν
1623 2005 1710 2034 Ἰησοῦ
1740 2008 1869 2042 Χριστοῦ,
1895 2005 1963 2031 etc.:

1140 2051 1176 2080 Ut
1192 2052 1287 2079 veniat
1304 2050 1434 2086 Spiritus
1456 2053 1578 2078 sanctus
1595 2052 1662 2077 tuus
1674 2057 1764 2084 super
1779 2056 1842 2082 nos,
1864 2055 1966 2076 servos

1138 2099 1212 2130 tuos,
1234 2098 1261 2124 et
1274 2103 1365 2130 super
1379 2096 1532 2130 proposita
1549 2096 1609 2123 hare
1627 2096 1706 2122 dona
1721 2094 1967 2129 lua,sanctiﬁcet-

1137 2148 1192 2177 que
1199 2143 1225 2169 et
1234 2140 1348 2175 efﬁciat
1356 2147 1389 2168 ea
1398 2143 1504 2168 sancta
1516 2139 1742 2168 sanctorum.Et
1753 2138 1966 2174 faciatpanem

1137 2185 1254 2222 quidem
1271 2186 1360 2213 istum
1372 2186 1439 2220 ﬁeri
1460 2193 1567 2220 corpus
1583 2188 1720 2213 sanctum
1746 2184 1838 2218 ipsius
1850 2183 1968 2211 Domini

1137 2231 1192 2259 Dei
1203 2233 1230 2258 et
1236 2231 1407 2258 Saluatoris
1417 2230 1515 2258 nostri
1521 2230 1589 2258 Jesu
1599 2229 1755 2260 Christi,in
1764 2228 1965 2256 remissionem

1137 2279 1329 2312 peccatorum
1349 2277 1374 2303 et
1389 2275 1480 2303 vitam
1497 2278 1649 2308 aeternam,
1666 2282 1697 2302 ea
1714 2274 1767 2301 illo
1781 2273 1969 2308 participan-

1141 2321 1239 2355 tibus;
1255 2323 1282 2348 et
1293 2320 1416 2348 calicem
1429 2320 1519 2353 hunc,
1529 2320 1692 2354 pretiosum
1705 2318 1881 2353 sanguinem
1898 2318 1969 2345 novi

1142 2366 1311 2394 testamenti
1323 2366 1416 2400 ipsius
1433 2365 1552 2393 Domini
1567 2365 1621 2392 Dei
1635 2367 1662 2392 et
1677 2363 1844 2392 Saluatoris
1870 2363 1969 2390 nostri

1141 2411 1212 2438 Jesu
1228 2411 1352 2444 Christi,
1370 2412 1426 2437 etc.
1442 2409 1525 2437 Unde
1538 2413 1639 2437 autem
1653 2407 1802 2443 ejusmodi
1817 2415 1923 2444 preces
1937 2407 1967 2435 in

1141 2456 1283 2484 omnibus
1308 2455 1455 2489 Ecclesiis,
1481 2454 1537 2482 nisi
1566 2462 1601 2481 ex
1621 2453 1787 2482 certissima
1807 2452 1879 2486 ﬁde,
1907 2461 1968 2489 qua

1142 2500 1299 2529 Christiani
1317 2508 1422 2528 omnes
1437 2507 1546 2536 panem
1563 2501 1591 2526 et
1605 2498 1710 2526 vinum
1726 2497 1834 2526 mutari
1858 2497 1889 2525 in
1907 2505 1969 2525 cor-

1141 2553 1198 2582 pus
1222 2548 1251 2573 et
1269 2545 1449 2580 sanguinem
1467 2544 1570 2572 Christi
1596 2543 1784 2571 credebant?
1803 2542 1856 2570 Cui
1887 2542 1968 2570 enim

1140 2590 1172 2619 id
1195 2590 1311 2626 precari
1333 2590 1363 2617 in
1383 2591 1514 2617 mentem
1531 2588 1682 2616 venisset?
1695 2588 1762 2624 quis
1781 2587 1837 2615 has
1852 2595 1968 2623 preces,

1141 2639 1286 2672 tanquam
1301 2635 1428 2662 multum
1441 2634 1582 2662 habentes
1597 2632 1785 2661 momenliad
1793 2634 1968 2668 mysterium

1141 2681 1309 2709 addidisset
1323 2679 1422 2707 verbis
1437 2678 1628 2714 evangelicis,
1644 2678 1668 2705 si
1679 2677 1816 2705 Ecclesiae
1831 2677 1970 2714 proposi-

1139 2727 1204 2754 tum
1219 2733 1282 2754 non
1297 2726 1361 2754 erat
1369 2725 1565 2753 mutationem
1577 2723 1758 2761 impetrare?
