2027 3144
93 154 127 182 57

467 215 481 246 δ
501 213 570 239 vm.

90 280 110 307 I.
129 279 163 306 S.
176 278 295 306 Basilii
302 276 471 305 testimonia
482 275 518 303 de
530 277 722 312 peccatorum
734 270 927 312 con/:essione.

126 315 163 341 II.
178 314 305 342 Invidia
320 315 347 340 et
360 313 424 341 alia
436 308 581 346 ejusmodi
595 312 720 345 peccata
736 308 929 346 confessionis

127 351 193 383 legi
207 350 355 384 subjecta.
380 349 425 375 IlI.
445 342 490 375 De
508 342 633 382 peccdto
657 344 810 380 originali.
828 344 871 371 IV.
887 342 930 369 De

127 386 253 413 Christi
262 385 376 420 gratia.

127 450 149 476 I.
169 448 316 483 Longius,
333 454 428 483 quam
441 445 514 474 mihi
536 444 724 482 propositum
739 445 792 478 est,
809 444 930 477 tempus

83 493 296 526 extraherem,
314 492 338 519 si
355 493 385 519 in
397 491 539 519 omnibus
551 489 728 525 colligendis
738 489 929 519 immorarer,

82 545 284 574 qumcunque
300 545 336 564 ex
349 537 376 565 S.
390 536 487 563 Basilii
499 535 642 572 operibus
656 533 697 562 ad
707 533 852 568 dogmata
862 538 931 558 con-

80 582 243 610 ﬁrmanda
251 582 313 609 erui
322 581 563 618 possunt.Quare
572 580 652 607 hanc
666 579 809 606 ﬁniemus
819 578 931 613 pertra-

82 628 255 655 ctationem
274 626 420 663 appositis
431 625 468 653 de
481 627 677 662 peccatorum
689 620 930 656 confessione,de

81 675 213 709 peccato
231 671 374 707 originali
394 671 471 699 etde
483 670 587 699 Christi
600 669 695 704 gratia.
705 667 895 696 testimoniis.

119 726 352 754 Confessionem
378 727 578 761 peccatorum
595 722 796 752 necessariam
812 728 877 749 esse
892 720 931 748 ad

90 771 218 799 veniam
232 779 250 798 a
266 770 327 798 Deo
338 769 591 805 consequendam
603 769 690 796 docet
703 766 827 794 Basilius
837 766 867 793 in
877 765 929 792 ho-

89 815 154 844 mil.
168 812 200 842 in
216 815 300 849 psal.
314 822 410 842 xxxu:
428 815 497 842 Vult
515 814 561 841 tui
572 812 820 847 misererijudez‘,
833 809 930 846 inquit

87 861 130 895 (p.
141 862 308 895 134),teque
318 859 543 887 miserationum
558 865 682 885 suarum
693 857 796 891 facere
805 855 928 890 partici-

92 911 175 938 pem;
188 905 217 932 si
227 904 319 931 modo
327 906 393 938 post
403 905 559 937 peccatum
572 901 717 936 repererit
733 904 760 928 te
773 900 926 930 humilem,

90 949 267 981 contritum,
275 955 375 982 prava
386 955 477 982 opera
488 947 616 974 multum
623 946 882 980 deplorantem,ac
892 950 926 971 ea

89 993 240 1028 quwclam
251 993 339 1028 facta
349 997 418 1020 sunt
432 992 623 1027 euulgantem
634 990 927 1025 citrapudorem,ro-

87 1040 207 1072 gantem
219 1038 339 1072 fratres
349 1036 404 1064 tibi
419 1039 451 1063 ut
467 1037 527 1064 sint
539 1036 719 1070 adjumento
730 1035 770 1062 ad
780 1034 928 1068 accipien-

88 1081 157 1109 dam
175 1081 336 1110 medelam.
360 1082 391 1108 In
406 1081 530 1115 Regalis
557 1074 743 1108 brevioribus
763 1079 829 1106 haec
844 1077 929 1105 insti'

90 1126 317 1162 tuiturqumstio
327 1126 443 1162 (quiest.
456 1126 520 1160 229)
534 1134 540 1152 :
554 1125 660 1153 Utrum
672 1126 808 1158 oporteat
821 1124 928 1151 vetitas

95 1171 222 1199 actiones
237 1171 317 1198 citra
340 1170 551 1198 verecundiam
573 1169 711 1197 omnibus
726 1169 872 1203 detegere,
889 1174 928 1194 an

97 1215 246 1250 aliquibus
258 1215 413 1243 duntaxat
425 1217 467 1242 :et
478 1215 602 1250 quinam
617 1214 649 1241 hi
663 1214 722 1241 sint
736 1221 741 1240 :
752 1213 794 1240 sic
802 1219 927 1248 respon-

98 1257 148 1287 det
163 1260 190 1287 S.
206 1259 329 1287 Basilius
343 1267 348 1286 :
361 1259 515 1287 Servanda
527 1261 568 1287 est
582 1258 660 1286 ratio
673 1258 775 1286 eadem
787 1257 818 1284 in
822 1263 928 1291 pecca-

105 1306 201 1331 torum
225 1304 418 1339 confessione,
450 1311 517 1340 qute
543 1304 575 1330 in
599 1302 769 1338 detegendis
794 1301 928 1335 corporis

103 1347 212 1376 morbis
225 1348 394 1377 adhibetur.
410 1348 660 1382 Quemadmodum
681 1347 775 1382 igitur
794 1345 928 1380 corporis

99 1393 217 1421 morbos
232 1400 292 1421 non
309 1393 446 1421 omnibus
459 1393 649 1428 patefaciunt
671 1391 813 1422 homines,
833 1397 928 1425 neque

99 1438 262 1474 quibusvis,
276 1439 328 1466 sed
350 1438 385 1465 iis
407 1439 459 1473 qui
484 1438 591 1465 horum
612 1437 816 1479 curandorum
835 1435 929 1470 periti

93 1486 162 1510 sunt
176 1491 187 1511 .·
201 1484 242 1512 ita
260 1483 328 1518 ﬁeri
342 1490 458 1518 quoque
472 1482 555 1510 debet
571 1485 764 1517 peccatorum
783 1480 927 1515 confessio

93 1535 190 1556 coram
207 1529 243 1556 iis
254 1528 309 1563 qui
320 1535 428 1555 curare
451 1527 514 1555 hzc
533 1527 658 1561 possint,
675 1527 766 1561 prout
780 1526 926 1560 scriptum

863 140 1055 173 PREFATIO.

945 206 969 234 Α
985 204 1077 234 tatem
1087 209 1150 236 erui
1159 217 1261 245 posse.
1271 210 1328 239 Sed
1335 211 1478 239 eludendi
1487 211 1588 240 locum
1599 219 1660 241 non
1671 213 1813 249 relinquit

1778 150 1812 178 58

985 251 1112 286 petitum
1122 261 1158 280 ex
1168 255 1319 290 corporeis
1335 256 1450 284 morbis
1456 257 1641 293 exemplum,
1652 261 1713 286 tum
1720 258 1812 286 etiam

984 297 1067 332 quod
1081 297 1121 326 ait
1137 298 1259 326 Basilius
1279 301 1461 335 paenitentiae
1474 302 1669 338 imponendae
1684 303 1811 331 modum

983 345 1108 378 peccato
1121 350 1287 378 congruere
1297 345 1416 373 debere.
1426 347 1583 378 Quomodo
1593 348 1673 375 enim
1685 348 1811 376 morbus

985 387 1078 414 animi
1088 387 1250 422 curabitur,
1260 389 1282 416 si
1295 393 1487 425 peccatorum
1505 399 1651 420 numerus
1665 394 1693 420 et
1705 400 1811 428 graves

985 432 1216 461 circumstantiae
1227 434 1379 462 celentur?
1390 437 1811 473 autquomodopmnapecca-

984 480 1084 505 torum
1098 486 1224 506 numero
1244 481 1272 507 et
1285 480 1489 515 magnitudini
1508 485 1663 517 congruat,
1676 483 1734 510 nisi
1749 483 1811 511 sin-

985 522 1057 557 gula
1072 526 1195 558 peccata
1219 526 1246 551 et
1270 524 1502 553 circumstantiae
1519 526 1716 562 aperiantur?
1735 527 1810 556 Illud

985 571 1097 603 autem,
1114 573 1159 599 τῆς
1173 568 1330 606 ima-“pugni;
1344 571 1355 596 ὁ
1369 573 1474 608 τρόπος,
1489 571 1573 599 reddi
1598 572 1698 606 debet,
1715 574 1811 608 ρωπί-

986 614 1086 641 tentia?
1101 614 1286 648 imponenda
1307 616 1421 647 modus,
1437 617 1483 644 vel
1501 624 1599 650 paenae
1614 617 1717 644 modus
1734 617 1811 645 :mi-

985 658 1065 686 nime
1079 667 1162 692 vero,
1173 660 1375 688 conversionis
1391 661 1503 688 modus.
1522 663 1602 690 Hanc
1613 661 1692 689 enim
1704 662 1733 689 in
1745 669 1810 690 sen-

985 703 1109 731 tentiam
1125 705 1267 740 usurpari
1281 704 1356 733 SOlLl
1369 713 1405 732 ea
1424 714 1484 733 vox
1498 706 1528 733 in
1548 707 1699 742 ejusmodi
1713 707 1786 735 locis
1803 715 1809 734 :

984 748 1070 783 cujus
1078 749 1120 776 rei
1133 749 1227 776 multa
1238 752 1405 785 suppetunt
1413 751 1495 786 apud
1509 751 1650 779 Basilium
1660 751 1809 788 exempla,

984 796 1016 821 ut
1029 794 1059 821 in
1073 794 1160 830 epist.
1178 797 1222 822 73.
1248 796 1368 823 Frustra
1383 803 1454 830 ergo
1480 796 1627 824 Scultetus
1647 797 1811 824 conﬁtendi

984 839 1202 872 necessitatem,
1215 839 1252 868 de
1267 848 1329 876 qua
1354 840 1385 868 in
1411 843 1586 876 quaest-288
1601 841 1708 876 agitur,
1728 841 1759 869 in
1775 849 1810 869 eo

941 881 964 909 Β
983 884 1113 920 positam
1140 892 1204 911 esse
1229 885 1392 918 contendit,
1410 885 1503 921 quod,
1534 886 1559 913 si
1583 882 1651 922 quis
1676 886 1812 914 conﬁteri

983 928 1053 956 velit
1067 931 1200 964 peccata,
1217 929 1357 965 quamvis
1373 937 1497 957 necesse
1511 930 1541 958 id
1557 938 1618 958 non
1634 931 1683 965 sit,
1707 932 1732 958 is
1749 938 1810 959 non

983 973 1047 1001 aliis
1059 973 1193 1000 conﬁteri
1206 973 1324 1008 debeat,
1340 982 1432 1010 quam
1458 974 1492 1001 iis
1507 975 1619 1010 quibus
1642 975 1753 1003 credita
1766 977 1811 1004 est

982 1018 1167 1054 dispensatio
1178 1019 1390 1054 mysteriorum
1400 1019 1459 1047 Dei.
1469 1020 1497 1047 Si
1509 1020 1657 1048 confessio
1663 1020 1810 1056 cujusque

983 1062 1107 1090 arbitrio
1121 1063 1268 1099 permissa
1286 1065 1374 1096 esset,
1389 1072 1443 1091 nec
1464 1064 1524 1092 ulla
1546 1066 1625 1092 esset
1646 1064 1810 1092 conﬁtendi

982 1107 1160 1140 necessitas;
1179 1108 1272 1136 satias
1291 1108 1386 1136 multo
1398 1116 1434 1136 ac
1448 1109 1539 1136 tutius
1555 1108 1722 1145 foretapud
1737 1116 1808 1145 pru-

983 1152 1087 1180 dentes
1102 1161 1137 1180 ac
1152 1153 1261 1188 pietate
1276 1153 1409 1188 insignes
1424 1153 1504 1181 viros
1524 1155 1649 1189 peccata
1662 1153 1808 1188 conﬁteri,

982 1205 1074 1233 quam
1083 1197 1165 1234 apud
1176 1197 1379 1234 presbyteros,
1387 1198 1440 1234 qui
1449 1206 1508 1226 non
1520 1206 1641 1234 semper
1649 1197 1810 1234 prudentia

983 1249 1017 1269 ac
1031 1242 1140 1277 pietate
1156 1242 1314 1270 excellunt.
1336 1243 1432 1275 Quare
1453 1242 1590 1275 Basilius,
1606 1250 1676 1270 cum
1697 1242 1736 1270 ait
1755 1249 1810 1269 ne-

983 1294 1065 1314 cesse
1081 1295 1146 1314 csse
1158 1287 1282 1322 peccata
1297 1287 1333 1315 iis
1350 1287 1496 1319 conﬁteri,
1513 1288 1625 1324 quibus
1639 1287 1752 1315 credita
1764 1288 1810 1315 est

982 1331 1168 1367 dispensatio
1183 1332 1395 1367 mysteriorum
1412 1333 1472 1364 Dei,
1490 1333 1580 1360 simul
1596 1335 1623 1360 et
1643 1331 1808 1360 confessio-

981 1383 1052 1403 nem
1082 1376 1198 1411 peccati
1225 1376 1428 1404 necessariam
1448 1384 1523 1410 csse,
1549 1379 1577 1404 et
1600 1375 1809 1413 paenitentiam

941 1437 944 1440 -
981 1419 1057 1448 inter
1072 1422 1264 1448 sacramenta
1286 1421 1509 1448 numerandam
1522 1429 1590 1449 esse
1604 1421 1804 1449 demonstrat.

1018 1474 1096 1502 Mitto
1109 1474 1198 1502 aliam
1211 1474 1432 1502 cavillationem
1446 1475 1574 1507 Sculteti,
1593 1475 1645 1511 qui
1660 1482 1808 1502 memora.

982 1521 1027 1547 tas
1049 1527 1067 1547 a
1089 1520 1115 1547 S.
1141 1519 1248 1547 Basilio
1275 1522 1468 1555 peccatorum
1502 1519 1705 1548 confessiones
1739 1521 1808 1547 ante

91 1555 301 1609 estmi’osq‘ui
309 1574 406 1608 fortes
415 1573 494 1607 estis,
505 1555 698 1606 infirmitatis
705 1555 847 1598 debilium
858 1578 926 1604 por-
943 1555 962 1583 Ο
976 1564 1180 1600 ηδδβίίεωυωι
1193 1572 1247 1592 nec
1260 1565 1451 1601 Ρνωεοΐίρίεῑε
1467 1564 1570 1598 {Uis-“’9:
1591 1573 1646 1592 nec
1670 1564 1808 1609 είηςυιρ-

91 1618 191 1652 tate”,
205 1629 218 1642 ›ι
236 1618 295 1646 hoc
319 1620 371 1652 est,
389 1624 463 1645 cura
479 1624 515 1645 ac
529 1617 692 1651 diligentia
705 1618 804 1644 vestra
818 1615 924 1643 tollite-

92 1661 199 1690 Similis
215 1665 261 1690 est
277 1662 404 1698 quaestio
417 1663 470 1689 288
484 1669 490 1687 :
503 1661 560 1695 Qui
576 1662 641 1688 vult
657 1660 792 1694 conﬁteri
801 1662 926 1694 peccata

90 1714 152 1742 sua,
166 1707 294 1736 debetne
315 1707 451 1741 conﬁteri
474 1706 611 1733 omnibus
635 1708 661 1733 et
677 1704 868 1740 quibuslibet,
885 1712 925 1732 an

89 1752 174 1779 certis
189 1751 393 1788 quibusdam?
413 1751 459 1779 Sic
474 1750 638 1786 respondet
658 1749 783 1777 Basilius
799 1757 806 1777 :
824 1749 926 1777 Consi-

91 1795 163 1824 lium
180 1796 379 1831 benignitatis
400 1796 456 1823 Dei
468 1795 500 1823 in
517 1794 713 1829 peccantibus
732 1794 924 1828 manifestum

91 1843 141 1873 est,
152 1841 248 1875 juxta
265 1840 297 1867 id
309 1840 389 1875 quod
398 1840 541 1875 scriptum
553 1842 594 1867 est
607 1847 614 1866 :
625 1849 638 1864 ‹‹
651 1839 717 1866 Non
728 1839 792 1866 volo
802 1840 926 1866 mortem

89 1886 269 1919 peccatoris,
283 1885 335 1913 sed
356 1888 388 1912 ut
413 1887 609 1912 convertatur
632 1885 704 1918 ipse,
723 1886 749 1911 et
768 1884 847 1910 vivat
859 1883 893 1910 ³⁸⁵.
911 1893 925 1907 ››

92 1929 236 1962 Quoniam
253 1931 351 1965 igitur
363 1930 550 1964 pmnitentize
575 1929 682 1957 modus
702 1929 787 1956 debet
803 1930 926 1963 peccato

91 1983 264 2010 congruere,
273 1983 309 2003 ac
319 1976 409 2004 etiam
421 1983 495 2010 opus
504 1978 546 2003 est
557 1975 710 2010 fructibus
720 1974 820 2008 dignis
831 1973 925 2008 pmni,

93 2021 306 2056 tentiaa.ju:rta
321 2021 400 2049 hanc
413 2022 603 2055 sententiam,
613 2032 625 2045 α
637 2021 740 2048 Facite
748 2021 869 2055 fructus
877 2021 924 2048 di.

90 2072 162 2099 gnos
176 2066 420 2100 pwnitentiw’7,»
432 2069 512 2094 utne
522 2067 676 2101 fructuum
685 2066 814 2099 penuria
829 2065 926 2093 locum

92 2109 220 2138 habeant
234 2117 277 2138 ea
289 2118 353 2146 qua
364 2110 586 2146 subsequuntur
597 2110 924 2146 minz.«Nam,inquitv

93 2155 183 2182 Omnis
193 2155 288 2183 arbor
299 2163 360 2182 non
369 2156 486 2190 faciens
496 2155 633 2190 fructum
647 2154 765 2190 bonum,
778 2155 925 2183 exscindi-

93 2201 150 2234 tur,
161 2203 188 2228 et
203 2201 234 2228 in
254 2201 355 2235 ignem
370 2201 503 2228 mittitur
511 2200 550 2233 ἠς
568 2211 581 2224 ››
598 2204 722 2234 peccata
738 2200 774 2227 iis
790 2201 927 2234 conﬁteri

92 2251 202 2272 necesse
212 2247 269 2278 est,
283 2245 391 2279 quibus
402 2245 616 2279 mysteriorum
629 2245 684 2272 Dei
697 2245 868 2272 concredita
882 2245 926 2273 di-

92 2291 240 2323 spensatio
254 2289 338 2317 est“.
359 2290 410 2317 Sic
425 2290 502 2317 enim
529 2293 557 2317 et
572 2290 625 2324 qui
636 2290 705 2317 olim
716 2290 924 2324 paenitentiam

93 2336 226 2368 egerunt,
240 2341 342 2362 coram
354 2335 466 2362 sanctis
480 2334 589 2368 fecisse
602 2335 924 2368 comperiantur.Scri-

91 2381 173 2412 ptum
180 2379 319 2413 estenim,
328 2379 361 2406 in
372 2379 537 2414 Evangelia
546 2379 700 2414 quidem”,
710 2379 791 2414 quod
798 2383 924 2413 peccata

93 2429 144 2451 sua
154 2424 270 2452 Joanni
278 2424 426 2458 Baptistae
435 2424 672 2458 conﬁtebantur;
684 2425 714 2451 in
726 2425 809 2452 Actis
816 2425 921 2454 vero”,

93 2468 234 2501 apostolis
260 2468 352 2503 ipsis,
382 2476 400 2496 a
426 2469 534 2504 quibus
565 2469 654 2496 etiam
688 2469 924 2503 baptizabantur

93 2514 200 2541 cuncti.
217 2513 289 2541 Vide
302 2513 556 2541 commentarium
572 2514 604 2541 in
624 2514 740 2548 Isaiam,
758 2522 788 2549 p.
805 2516 866 2542 553.

125 2567 215 2601 Negat
236 2567 454 2602 Scultetus(t7)
467 2575 501 2595 ex
521 2567 568 2595 his
584 2567 658 2595 locis
678 2568 838 2603 specialem
855 2576 921 2604 pec-

92 2612 225 2639 catorum
241 2611 503 2639 enumerationem
519 2614 570 2640 aut
583 2612 783 2640 confessionis
794 2613 920 2641 necessi-

129 2707 153 2725 ³⁵
173 2709 256 2737 Rom.
273 2718 320 2743 xv,
339 2712 348 2737 ί
364 2719 370 2741 ;
389 2709 450 2738 Gal.
466 2718 502 2741 vr,
519 2711 547 2737 2.
585 2710 609 2728 ³⁸
627 2710 729 2738 Ezech.
746 2719 840 2742 xxxni,
860 2714 904 2740 Η.

97 2749 136 2778 ιιι,
153 2745 179 2772 6.
216 2745 236 2763 ⁴¹
253 2747 316 2773 Act.
331 2754 385 2776 xix,
403 2747 428 2773 8.

132 2805 186 2841 (Π)
205 2807 319 2838 Medut.
335 2807 437 2845 theot.,
455 2810 532 2845 part.
550 2816 588 2842 ιν,
604 2811 711 2845 p.236.

944 2229 964 2255 Ι)

980 1617 1048 1636 rum
1060 1611 1253 1644 peccatorum
1265 1609 1523 1637 enumerationem
1534 1609 1677 1637 habuisse
1693 1608 1807 1644 objicit.

980 1656 1016 1681 At
1039 1653 1163 1681 minime
1185 1653 1295 1689 probat
1310 1654 1356 1681 his
1369 1654 1515 1690 exemplis
1531 1654 1572 1682 uti
1588 1662 1649 1682 non
1664 1653 1807 1681 debuisse

980 1697 1133 1730 Basiliam,
1156 1700 1188 1725 ut
1209 1698 1248 1726 ad
1275 1698 1481 1734 praescriptam
1501 1707 1519 1726 a
1539 1698 1654 1727 Christo
1669 1698 1807 1726 omnium

979 1745 1173 1779 peccatorum
1189 1743 1412 1770 confessionem
1428 1744 1608 1777 hortaretur,
1622 1745 1650 1771 et
1667 1751 1684 1770 a
1713 1750 1807 1779 pravo

945 1796 947 1799 ·
979 1787 1094 1822 pudore
1110 1789 1258 1816 avocaret.

1017 1841 1111 1869 Utitur
1132 1841 1221 1870 etiam
1245 1842 1392 1870 Scultetus
1418 1842 1523 1878 regula.
1541 1842 1678 1870 breviore
1700 1843 1759 1876 uo,
1775 1841 1806 1868 in

979 1893 1040 1921 qua
1056 1886 1236 1922 przrcipitur,
1253 1889 1285 1914 ut
1306 1887 1433 1922 virgines
1463 1894 1515 1922 per
1537 1886 1722 1922 praefractam,
1743 1885 1806 1913 sive

980 1930 1128 1959 seniorem
1144 1940 1232 1960 suam
1247 1933 1423 1968 presbytero
1440 1932 1649 1960 conﬁteantur.
1674 1930 1731 1958 Sed
1749 1930 1807 1958 hoc

979 1975 1085 2003 vitium
1113 1977 1302 2012 superiorum
1330 1977 1496 2004 editionum
1521 1977 1552 2004 in
1567 1977 1623 2004 hac
1638 1975 1807 2004 novissima

981 2021 1173 2049 emendatum
1180 2023 1232 2056 est,
1241 2030 1295 2049 nec
1309 2022 1475 2058 quidquam
1485 2021 1566 2049 aliud
1579 2021 1715 2057 praecipit
1726 2019 1806 2047 Basi-

978 2065 1113 2097 lius,nisi
1126 2068 1157 2093 ut
1167 2066 1245 2094 adsit
1262 2066 1363 2094 decori
1379 2075 1472 2094 causa.
1487 2066 1630 2102 praetecta
1646 2065 1804 2100 virginum,

979 2110 1053 2137 dum
1068 2119 1186 2138 sorores
1207 2111 1388 2139 conﬁtentur
1406 2111 1597 2147 presbytero.
1620 2110 1701 2137 Idem
1718 2111 1806 2137 antea

979 2155 1206 2191 praescripserat
1222 2155 1251 2183 in
1267 2163 1329 2190 reg.
1347 2158 1407 2191 t08,
1432 2158 1465 2183 ut
1488 2155 1659 2192 praefectus,
1681 2154 1805 2181 absente

980 2199 1133 2235 praelecta,-
1147 2209 1216 2227 cum
1231 2200 1386 2228 sororibus
1401 2200 1438 2228 de
1450 2201 1542 2228 rebus
1564 2199 1602 2227 ad
1625 2199 1693 2226 fidei
1709 2198 1804 2226 rediti-

980 2245 1129 2272 cationem
1141 2245 1357 2281 pertinentibus
1371 2253 1432 2272 non
1444 2245 1595 2280 loquatur.
1612 2244 1668 2272 Sed
1689 2251 1725 2271 ne
1736 2251 1805 2280 pec-

980 2292 1117 2317 catorum
1132 2289 1282 2325 confessio
1307 2290 1403 2326 excipi
1429 2289 1540 2317 debere
1557 2289 1718 2322 videretur,
1735 2287 1804 2316 huic

979 2334 1019 2362 rei
1036 2334 1257 2362 occurrendum
1273 2343 1338 2363 esse
1353 2335 1446 2363 duxit.

1015 2390 1097 2416 lianc
1125 2389 1225 2417 Basilii
1251 2389 1421 2417 doetrinam
1442 2389 1624 2417 conﬁrmant
1638 2390 1697 2415 tres
1725 2387 1804 2415 illius

978 2433 1110 2470 epistolas
1125 2433 1287 2468 canonicaa,
1305 2430 1373 2470 quin
1398 2434 1472 2461 dum
1493 2433 1591 2461 varias
1611 2434 1803 2469 peccatorum

978 2479 1092 2514 species
1115 2481 1143 2506 et
1169 2479 1282 2514 gradus
1306 2481 1446 2507 accurate
1461 2480 1694 2515 persequuntur,
1709 2483 1803 2513 quam

977 2525 1056 2550 arcte
1083 2526 1234 2551 servatum
1255 2523 1342 2551 fuerit
1367 2522 1528 2551 conﬁtendi
1550 2526 1735 2558 praeceptum
1751 2521 1803 2548 de-

976 2571 1164 2601 monstrant;
1182 2571 1357 2604 quantaque
1381 2567 1523 2595 exstiterit
1541 2567 1752 2603 episcoporum
1771 2565 1802 2593 in

975 2612 1106 2649 peccatis
1121 2620 1174 2648 pro
1191 2613 1298 2640 merito
1317 2612 1479 2649 puniendis
1494 2611 1658 2646 diligentia.
1675 2610 1802 2639 Mulieris

1661 2708 1684 2726 ⁸⁰
1699 2708 1798 2737 Matth.

1198 2712 1221 2729 ³⁸
1235 2710 1311 2739 Ibid.
1327 2713 1354 2739 9.
1393 2711 1416 2728 '9
1433 2711 1441 2737 I
1458 2711 1523 2738 Cor.
1540 2716 1577 2741 iv,
1597 2710 1620 2735 I.

950 2713 972 2730 ³⁷
990 2713 1059 2740 Luc.
1074 2719 1115 2746 iu,
1132 2713 1159 2740 8.
