2027 3144
227 144 259 173 59
983 146 1059 173 PR/E
1063 145 1162 173 FATIO
1167 166 1173 172 .
1905 150 1946 177 60

226 207 369 236 adulterae
389 209 447 245 (ep.
462 211 524 244 200,
541 217 608 239 can.
629 211 686 244 34),
705 210 752 238 vel
771 212 878 246 sponte
892 208 1047 244 confessze,

1107 206 1277 238 ἓξιλάσασθαι
1293 209 1384 240 πάθος·
1403 208 1461 242 Qui
1474 212 1573 238 autem
1590 210 1699 238 latenti
1712 209 1870 239 ablatione
1882 211 1945 238 sibi

225 251 271 279 vel
283 252 437 288 convictis,
455 262 516 282 non
531 255 744 290 percurrebant
757 254 854 283 varios
869 253 1049 290 poenitentiae

226 296 350 332 gradus,
365 298 417 325 sed
432 298 508 326 inter
532 300 729 328 consistentes
744 302 862 335 tempus
879 299 1049 334 explebant.

227 341 331 370 Cautio
345 343 425 371 enim
442 347 504 372 erat
517 352 554 372 ne
573 345 602 372 in
619 345 785 381 periculum
806 347 910 372 mortis
925 344 1051 379 conjice-

225 388 338 422 rentur,
356 387 380 415 si
405 392 563 424 peccatum
591 389 774 424 vulgaretur.
800 389 868 423 Sed,
885 389 910 416 si
933 388 1050 416 nullum

226 434 291 459 erat
315 432 474 460 confitendi
495 436 523 461 et
547 434 692 470 puniendi
716 434 833 470 peccati
854 436 1050 470 praeceptum,

225 482 279 503 cur
292 484 353 504 non
368 477 419 505 illa
438 478 527 506 etiam
548 478 754 507 remittebatur
764 479 840 506 inter
855 478 1052 506 consistentes

225 521 410 556 painitentia,
432 531 499 558 quae
523 523 655 559 periculo
679 532 804 559 prorsus
822 531 883 551 non
907 523 1052 551 carebat?

225 573 279 593 cur
303 566 372 594 furti
396 571 455 603 (ep.
478 570 539 601 217,
556 577 622 596 can.
641 570 687 601 61)
706 569 860 596 convictus
877 568 971 604 duplo
984 576 1052 603 gra-

225 610 338 638 viorem
356 619 479 647 pcenam
499 612 675 648 sustinebat,
692 621 786 648 quam
808 615 915 648 sponte
936 612 1052 640 confes-

227 655 297 682 sus?
319 657 411 684 Nemo
433 665 558 693 prorsus
585 658 624 686 ab
643 659 701 686 hac
720 658 785 693 lege
810 658 1051 692 conﬁtendorum

225 703 418 735 peccatorum
435 701 588 730 immunis.
610 703 772 739 Presbyteri
788 706 817 731 et
831 703 951 731 diaconi
970 707 1049 735 (can.

224 745 282 780 70),
298 745 350 781 qui
375 754 405 774 se
426 747 514 774 labiis
543 750 628 775 tenus
654 756 798 783 peccasse
818 748 1049 781 conﬁtebantur,

225 790 510 826 excidebantgradu
521 800 576 820 suo
593 801 599 820 :
615 801 649 820 ac
665 801 702 820 ne
718 793 773 820 illis
782 793 902 829 quidem
911 801 1049 820 commu-

224 834 275 862 nio
294 843 363 863 cum
383 836 566 872 presbyteris
586 841 638 865 aut
658 838 793 865 diaconis
812 838 1049 875 relinquebatur,

225 878 250 906 si
264 879 338 915 quid
351 876 482 916 amplius
496 889 638 917 peccasse
653 882 959 918 deprehenderentur.

260 933 292 960 ll.
309 935 338 960 In
365 934 412 961 his
432 935 601 962 canonibus
630 936 772 964 avaritize.
790 936 909 964 invidiae
932 939 961 964 et
984 936 1049 964 aliis

223 977 373 1012 ejusmodi
400 979 476 1006 vitiis
503 979 592 1007 nullas
619 981 800 1008 nominatim
827 982 1050 1010 constituuntur

223 1030 331 1058 preme.
344 1023 400 1051 Sed
413 1031 472 1051 non
485 1024 596 1052 idcirco
612 1026 782 1062 putandum
798 1029 842 1053 est
852 1027 1049 1054 confessionis

222 1066 279 1101 legi
293 1067 428 1103 subjecta
448 1077 509 1096 non
527 1069 626 1097 fuisse.
650 1072 721 1098 Nam
745 1071 868 1098 Basilius
885 1072 913 1098 in
929 1072 1051 1106 Regulis

224 1111 417 1145 brevioribus,
438 1116 599 1150 postquam
620 1116 693 1150 (reg.
718 1116 781 1150 288)
807 1116 909 1144 statuit
929 1119 1052 1152 peccata

222 1155 256 1182 iis
268 1156 340 1184 solis
353 1157 527 1186 conﬁtenda
538 1166 613 1191 esse,
626 1160 738 1195 quibus
750 1160 862 1188 credita
878 1163 921 1188 est
932 1161 1053 1196 disperi-

223 1201 299 1229 satio
309 1202 520 1237 mysteriorum
533 1204 592 1237 Dei,
606 1204 686 1232 banc
697 1205 892 1241 quaestionem
906 1205 1033 1233 instituit
1045 1218 1051 1237 ε

221 1244 250 1271 Ὀ
265 1249 426 1281 μετανοήσας
453 1247 495 1273 ἐπὶ
525 1248 694 1286 ἁμαρτήματι
721 1252 766 1275 καὶ
792 1249 868 1275 πάλιν
888 1250 923 1281 ii;
945 1252 974 1276 ‘rb
991 1250 1053 1276 αὐτὸ

223 1289 341 1326 ἒμπισὼν
358 1291 511 1328 ἁμάρτημα,
527 1295 552 1319 τί
571 1296 676 1322 ποιήσει
693 1298 766 1328 (reg.
790 1296 864 1329 289);
887 1295 943 1328 Qui
961 1296 1053 1329 paeni-

222 1335 348 1363 tentiam
364 1337 421 1371 egit
440 1339 566 1371 peccati,
588 1346 623 1367 ac
645 1347 751 1366 rursus
776 1340 806 1367 in
837 1340 913 1367 idem
940 1340 1055 1368 labitur

221 1384 390 1415 peccatum,
404 1382 478 1416 quid
486 1383 599 1416 faciet?
615 1384 749 1412 Declarat
765 1386 802 1412 ita
812 1384 888 1412 ilius
901 1385 1052 1420 ejusmodi

221 1423 361 1452 homines
375 1425 487 1454 idcirco
502 1427 606 1461 relabi,
621 1429 692 1464 quia
708 1428 839 1456 radicem
858 1430 971 1464 peccati
991 1437 1051 1457 non

221 1468 332 1497 tollunt
348 1478 354 1497 :
372 1478 407 1498 ac
423 1472 536 1507 profert
551 1473 681 1509 exempli
703 1473 770 1501 loco
792 1473 937 1501 invidiam
952 1477 979 1501 et
992 1474 1052 1509 jur-

221 1513 399 1550 gium,quae
428 1524 463 1544 ex
491 1517 592 1545 radice
617 1518 729 1545 amoris
758 1518 861 1552 gloriae
891 1518 1049 1554 pullulant,

221 1558 305 1586 [inde
327 1560 368 1586 sic
393 1560 568 1589 concludit:
590 1562 622 1589 Si
634 1563 709 1597 quis,
738 1564 841 1597 igitur.
869 1563 920 1590 ubi
941 1570 971 1590 se
991 1564 1052 1597 ipse
1068 1559 1087 1585 C

219 1603 310 1630 semel
324 1604 567 1633 condemnaverit
583 1606 710 1634 incidite
721 1607 892 1642 autjurgii,
908 1608 939 1634 in
950 1607 1051 1635 eadem

221 1655 327 1675 rursus
338 1648 474 1683 incidat;
490 1651 604 1678 noverit
617 1658 647 1678 se
657 1659 694 1678 ea:
704 1652 852 1685 primaria
867 1652 987 1679 invidia?
999 1656 1051 1680 aut

217 1692 319 1727 jurgii
332 1700 435 1727 causa,
450 1694 558 1727 glorite
573 1696 671 1723 studio
688 1696 718 1723 in
735 1697 848 1724 intimis
864 1696 1013 1724 laborare.

257 1745 411 1780 Ejusmodi
431 1755 502 1782 ergo
529 1752 652 1784 peccata
676 1750 865 1778 sacerdotum
882 1750 1050 1786 prudentiae.

221 1790 356 1818 curanda
373 1792 623 1827 permittebantur
637 1802 643 1821 :
662 1794 713 1821 sed
731 1803 792 1822 non
808 1795 918 1822 idcirco
934 1796 1050 1822 confes-

222 1834 314 1862 sionis
338 1835 396 1871 legi
420 1838 685 1867 subtrahebantur.
708 1843 802 1875 Atque
822 1840 853 1867 id
869 1840 1049 1868 conﬁrmare

221 1887 385 1914 possumus
402 1882 573 1910 testimonio
594 1883 724 1917 Gregorii
745 1884 882 1920 Nysseui.
904 1884 956 1920 qui
980 1893 1048 1912 cum

221 1923 251 1952 in
267 1925 393 1960 epistola
409 1927 556 1954 canonica
571 1930 724 1963 queratur,
738 1929 821 1964 quod
835 1929 871 1956 de
894 1929 1048 1956 nonnullis

222 1970 363 2005 peccatis,
386 1970 489 2005 qualia
510 1974 580 1999 sunt
594 1973 727 2000 convicia
742 1976 782 2008 (p.
803 1973 873 2008 119),
890 1973 1050 2002 maledicta

222 2014 264 2049 (p.
284 2016 354 2048 121),
370 2023 462 2043 usura
478 2019 506 2043 et
530 2016 696 2044 alienarum
725 2025 824 2045 rerum
853 2018 910 2045 sub
939 2018 1050 2053 negotii

222 2061 368 2094 praetextu
381 2063 500 2096 raptus,
515 2061 627 2088 conditi
644 2070 661 2089 a
685 2062 823 2090 Pati-ibus
839 2071 972 2090 canones
988 2070 1049 2090 non

221 2102 342 2136 fuerint,
360 2112 414 2132 nec
431 2107 547 2133 tantum
572 2106 628 2134 sibi
653 2107 838 2135 auctoritatis
859 2111 1001 2141 assumat,
1020 2111 1051 2136 ut

222 2147 373 2182 ejusmodi
387 2151 551 2178 constituat
566 2159 714 2185 canones;
731 2152 795 2180 haec
810 2155 909 2180 tamen
927 2155 1051 2188 peccata

222 2193 404 2222 confessioni
428 2195 565 2231 subjecta
597 2205 662 2224 esse
688 2197 846 2225 manifeste
865 2197 987 2226 indicat.
1016 2206 1051 2226 ac

1104 259 1165 280 rem
1181 253 1313 281 alienam
1331 257 1469 288 usurpat,
1485 262 1521 282 ac
1531 254 1640 282 deinde
1649 263 1705 289 per
1717 255 1943 289 confessionem

1104 299 1259 331 peccatum
1275 306 1362 325 suum
1384 299 1534 326 sacerdoti
1553 300 1660 333 aperit,
1675 306 1730 333 per
1745 301 1943 327 contrarium

1106 342 1177 369 vitio
1192 342 1324 370 studium
1350 343 1555 378 wgritudinem
1577 343 1721 372 curabit:
1736 344 1801 372 dico
1823 346 1942 378 autem,

1107 386 1276 421 largiendo,
1293 395 1360 422 qua:
1386 387 1485 420 habet,
1510 388 1707 422 pauperibus,
1722 392 1753 415 ut
1777 389 1847 416 dum
1871 396 1943 424 qua:

1107 430 1196 459 habet
1214 432 1387 466 profundit,
1411 440 1441 460 se
1460 433 1497 460 ab
1519 433 1659 462 avaritia:
1688 434 1790 461 morbo
1807 433 1942 461 liberum

1107 478 1210 510 aperte
1224 477 1362 504 ostendat
1387 485 1393 504 :
1414 477 1460 504 sin
1485 481 1584 506 autem
1609 478 1688 506 nihil
1707 479 1795 506 aliud
1807 481 1941 513 practer—

1108 529 1197 557 quam
1212 522 1307 549 solum
1332 529 1441 550 corpus
1467 522 1683 557 habeat,jubet
1698 523 1861 557 Apostolus
1880 529 1944 557 per

1109 566 1239 594 laborem
1263 567 1448 600 corporalem
1472 567 1500 595 ei
1522 567 1624 594 morbo
1643 568 1797 595 mederi".
1821 567 1943 596 Similia

1106 610 1199 638 habet
1215 611 1340 638 Basilius
1360 611 1398 638 de
1423 612 1522 639 usuris
1538 613 1617 640 (can.
1637 613 1679 646 14,
1700 620 1747 648 ep.
1776 612 1844 647 188),
1859 620 1943 648 quas

1107 655 1159 691 qui
1172 656 1297 691 accepit,
1314 663 1383 684 eum
1397 664 1414 683 a
1428 656 1594 684 sacerdotio
1609 664 1672 684 non
1685 656 1824 691 excludit,
1843 656 1944 685 modo

1106 700 1255 735 injustum
1268 700 1387 728 lucrum
1403 701 1432 728 in
1452 709 1603 737 pauperes
1621 701 1758 729 insumat
1772 703 1799 730 et
1813 701 1852 730 ab
1867 710 1944 730 ava-

1106 745 1178 772 ritiie
1194 745 1302 773 morbo
1318 745 1444 773 liberum
1460 753 1491 773 se
1503 745 1652 774 exhibeat.

1143 801 1186 827 Ill.
1209 801 1374 835 Peccatum,
1397 800 1481 836 quod
1507 808 1543 828 ex
1569 801 1669 836 primo
1689 808 1794 828 omnes
1810 803 1942 836 parente

1105 845 1260 879 traximus,
1279 844 1321 872 sic
1333 845 1477 880 prredicat
1492 844 1630 879 Basilius,
1642 847 1674 873 ut
1685 844 1769 873 facile
1784 848 1886 881 pateat
1896 845 1941 872 ni-

1066 883 1085 910 Β
1105 889 1146 917 hil
1157 889 1239 916 aliud
1261 890 1288 917 S.
1307 889 1509 924 Augustinum
1522 888 1630 918 contra
1643 890 1819 925 Pelagianos
1834 889 1940 917 defen-

1104 933 1195 968 disse,
1209 933 1266 961 nisi
1289 934 1372 970 quod
1393 937 1540 970 perpetua
1563 935 1700 963 Ecclesiae
1720 935 1940 971 praedicatione

1105 979 1277 1007 constabat.
1289 979 1431 1012 Exsolve,
1447 979 1545 1015 inquit
1561 979 1684 1007 Basilius
1703 979 1808 1007 homil.
1834 980 1866 1007 in
1886 980 1939 1014 fa-

1105 1031 1180 1051 mem
1204 1031 1232 1059 p.
1256 1025 1300 1056 '70,
1322 1027 1478 1058 peccatum
1498 1024 1724 1059 primigenium,
1750 1024 1939 1052 cibariorum

1107 1068 1535 1102 largitione.Quemadmodum
1547 1069 1622 1096 enim
1628 1069 1650 1096 Α
1656 1069 1726 1096 dam
1739 1069 1875 1103 improbo
1884 1076 1939 1096 esu

1105 1115 1262 1146 peccatum
1278 1113 1446 1140 transmisit
1464 1121 1470 1140 :
1487 1113 1529 1140 sic
1544 1121 1596 1140 nos
1620 1113 1814 1141 insidiantem
1839 1120 1937 1141 escam

1107 1157 1268 1190 abolemus,
1283 1158 1308 1184 si
1318 1158 1429 1192 fratris
1442 1158 1644 1186 necessitatem
1661 1159 1833 1193 famemque
1848 1165 1939 1186 cura-

1107 1210 1185 1230 mus.
1201 1203 1234 1229 Et
1248 1203 1277 1230 in
1302 1203 1381 1236 psal.
1405 1211 1467 1230 xxxx
1487 1204 1528 1238 (p.
1555 1205 1615 1237 129)
1633 1212 1638 1230 :
1659 1203 1790 1231 Pulcher
1815 1203 1938 1238 quidem

1109 1254 1203 1281 eram,
1219 1247 1326 1283 inquit,
1346 1247 1507 1275 secundum
1531 1251 1685 1282 naturam,
1697 1247 1747 1275 sed
1760 1247 1936 1283 languidus,

1107 1296 1269 1326 propterea
1285 1293 1365 1327 quod
1379 1300 1417 1320 ex
1431 1294 1577 1327 serpentis
1594 1293 1709 1320 insidiis
1723 1295 1845 1327 peccato
1859 1299 1940 1319 mor-

1109 1339 1177 1364 tuus
1192 1345 1286 1364 eram.
1303 1336 1377 1364 Alibi
1392 1337 1434 1372 (in
1445 1337 1524 1371 psal.
1539 1345 1630 1371 xxxu,
1648 1345 1677 1373 p.
1694 1339 1755 1371 132)
1776 1338 1865 1364 vocat
1878 1344 1940 1364 εει·-

1107 1384 1229 1418 pentem
1244 1382 1359 1417 peccati
1370 1384 1533 1409 auctorem.
1545 1381 1657 1409 Ibidem
1667 1382 1707 1418 (p.
1720 1384 1794 1412 135):
1807 1382 1939 1416 Propter

1108 1427 1384 1454 condemnationem
1403 1427 1435 1453 in
1459 1434 1512 1454 nos
1539 1427 1575 1454 ob
1603 1431 1758 1461 peccatum
1781 1427 1937 1461 prolatam

1108 1473 1191 1498 terra
1207 1471 1347 1503 dicimur,
1362 1479 1415 1498 nos
1429 1472 1482 1506 qui
1496 1479 1513 1499 a
1525 1472 1584 1499 Deo
1598 1472 1768 1499 audivimus
1785 1480 1791 1498 :
1807 1481 1822 1498 ι
1842 1471 1938 1499 Terra

1107 1522 1146 1545 es.
1167 1518 1193 1542 et
1215 1516 1244 1542 in
1259 1517 1370 1542 terram
1387 1515 1452 1543 ibis.
1471 1526 1484 1541 ι)
1506 1516 1539 1543 Et
1559 1517 1588 1543 in
1602 1517 1679 1552 psul.
1697 1524 1783 1544 χχχιιι
1798 1516 1839 1552 (p.
1854 1517 1936 1545 158):

1108 1559 1354 1596 Quandoquidem
1370 1560 1464 1596 ii,qui
1478 1561 1543 1588 ideo
1556 1561 1653 1589 creati
1662 1564 1748 1588 erant
1763 1564 1795 1588 ut
1808 1560 1936 1588 Domino

1106 1605 1264 1639 servirent,
1279 1605 1332 1632 sub
1349 1605 1461 1632 inimici
1474 1606 1617 1633 servitute
1630 1605 1854 1639 detinebantur,
1869 1605 1938 1633 illo-

1106 1657 1172 1676 rum
1190 1650 1305 1677 animus
1321 1650 1450 1683 pretioso
1465 1657 1517 1677 suo
1532 1651 1681 1684 sanguine
1693 1649 1826 1678 redimet.

1143 1705 1227 1739 Saepe
1238 1703 1311 1731 alias
1327 1703 1449 1732 Basilius
1460 1704 1496 1731 de
1513 1706 1637 1740 peccato
1648 1703 1817 1740 primorum
1827 1711 1936 1740 paren~

1106 1751 1170 1776 tum
1185 1749 1325 1785 loquitur,
1344 1751 1376 1776 ut
1402 1748 1439 1776 de
1461 1749 1550 1785 culpa
1571 1757 1767 1785 nequaquam
1780 1748 1887 1777 Adami
1906 1751 1935 1776 et

1106 1795 1172 1821 Eva:
1193 1793 1326 1829 propria,
1345 1793 1400 1821 sed
1421 1793 1459 1821 ad
1476 1801 1580 1821 eorum
1601 1796 1738 1830 posteros
1756 1793 1930 1829 pertinente.

1104 1839 1247 1873 Adamus,
1272 1838 1370 1874 inquit
1388 1838 1417 1866 in
1438 1838 1542 1867 homil.
1558 1838 1596 1866 de
1611 1847 1657 1872 eo,
1681 1838 1766 1872 Quod
1779 1839 1858 1866 Deus
1872 1845 1929 1866 non

1104 1886 1146 1911 est
1161 1886 1268 1911 auctor
1283 1884 1433 1910 malorum
1448 1884 1531 1918 (tom.
1549 1884 1581 1918 ll,
1599 1891 1628 1919 p.
1649 1885 1718 1918 179),
1738 1883 1900 1911 secedendo
1914 1890 1933 1910 a

1105 1930 1164 1956 Deo
1179 1931 1303 1956 mortem
1322 1929 1465 1956 conscivit
1477 1929 1534 1956 sibi
1545 1930 1611 1963 ipsi,
1621 1930 1713 1964 juxta
1725 1929 1757 1956 id
1769 1929 1848 1964 quod
1861 1929 1935 1956 scri-

1100 1978 1187 2009 ptum
1201 1977 1242 2001 est
1256 1982 1262 2001 :
1278 1974 1376 2001 «Ecce
1386 1974 1438 2009 qui
1448 1974 1590 2008 elongant
1604 1981 1634 2001 se
1648 1982 1666 2001 a
1680 1977 1718 2007 te,
1731 1974 1933 2008 peribunt”.»

1104 2019 1154 2047 Sic
1166 2027 1223 2046 non
1235 2019 1347 2046 crearit
1359 2019 1435 2045 Deus
1446 2021 1580 2051 mortem,
1590 2018 1642 2046 sed
1652 2026 1704 2046 nos
1715 2018 1798 2046 nobis
1815 2018 1886 2052 ipsis
1897 2025 1934 2045 ea:

1103 2071 1200 2098 prava
1207 2066 1305 2090 mente
1313 2071 1376 2090 eam
1386 2063 1607 2090 acccrsivimus.
1614 2064 1677 2090 Non
1683 2062 1884 2090 omittendum
1891 2065 1936 2090 est

1105 2108 1222 2143 insigne
1233 2106 1440 2135 testimonium
1453 2115 1489 2135 ex
1503 2107 1589 2143 epist.
1606 2109 1668 2141 261,
1684 2115 1714 2135 n.
1730 2110 1756 2140 2,
1771 2106 1822 2134 ubi
1839 2107 1881 2134 sic
1893 2106 1934 2135 lo-

1105 2153 1207 2189 quitur
1218 2152 1342 2180 Basilius
1351 2161 1357 2179 ε
1365 2153 1639 2187 Itaquc,siDomini
1651 2154 1680 2179 in
1690 2152 1934 2180 carneadventus

1106 2206 1166 2226 non
1174 2198 1247 2232 fuit,
1262 2206 1322 2225 non
1339 2197 1420 2225 dedit
1437 2197 1615 2232 Redemptor
1626 2205 1684 2231 pro
1704 2197 1787 2224 nobis
1800 2199 1933 2231 pretium

222 2247 342 2267 summo
359 2241 458 2268 studio
475 2250 492 2269 a
515 2242 723 2270 sacerdotibus
739 2243 884 2270 curanda.
912 2244 958 2271 Sic
971 2244 1051 2270 enim
1070 2235 1089 2261 θ
1106 2244 1207 2271 morti.
1221 2250 1275 2270 nec
1286 2250 1340 2276 per
1354 2243 1479 2277 seipsum
1495 2243 1598 2270 mortis
1612 2249 1738 2277 regnum
1750 2242 1886 2270 resecuit.
1902 2243 1935 2270 Si

220 2283 356 2320 loquitur
383 2285 420 2312 de
451 2286 502 2313 illo
528 2287 604 2314 inter
634 2287 852 2322 negotiandum
883 2288 987 2316 alienos
1012 2290 1052 2316 rei

221 2330 310 2364 1‘8.th
327 2338 332 2356 :
349 2333 354 2338 “
371 2333 391 2355 Ο
409 2328 438 2357 δὲ
454 2329 491 2356 δι’
502 2333 657 2370 ὑφαιρέσεως
674 2332 853 2363 λανθανούσης
873 2334 1051 2369 σφετεριξημε-

221 2384 262 2405 νος
278 2376 307 2400 τό
325 2374 466 2411 ἀλλότριον,
484 2377 539 2402 εἶτα
564 2376 599 2403 δι’
623 2377 809 2414 Eur/olorinae);
826 2379 853 2403 τό
874 2378 1051 2414 πὶπμμέὶημα

222 2418 303 2445 αὐτοῦ
331 2424 367 2455 τῷ
393 2421 454 2456 ἱερεῖ
476 2425 632 2458 φανερώσας,
658 2427 704 2453 τῆς
733 2426 792 2459 περὶ
815 2424 843 2448 τὸ
868 2422 980 2448 ἐναντίον
1005 2427 1050 2449 τοῦ

222 2465 320 2495 πάθους
335 2463 438 2502 σπουδῇ
458 2466 610 2503 θεραπεύσει
634 2469 679 2496 τὴν
700 2467 856 2504 ἁῤῥωττίαν*
873 2467 937 2503 λέγω
955 2466 983 2493 δὲ
1005 2466 1051 2493 ὃιά

222 2513 268 2536 τοῦ
283 2510 315 2536 τὰ
325 2513 457 2548 προσόντα
472 2513 597 2548 παρέχειν
612 2516 666 2542 τοῖς
683 2514 799 2547 πένησιν,
817 2513 857 2538 ῐψκ
872 2511 907 2547 τῷ
924 2513 1050 2549 προέσθαι

222 2555 239 2581 ἀ
259 2556 325 2591 ἔχει,
344 2557 450 2592 φανερός
464 2558 571 2591 γένηται
590 2557 740 2594 καθαρεύων
764 2561 809 2587 τῆς
824 2558 890 2583 κατὰ
905 2556 1050 2588 πλεονεξίαν

222 2602 309 2626 νόσου·
337 2600 358 2627 εἰ
370 2599 399 2627 δὲ
414 2598 496 2636 μηδὲν
510 2602 579 2636 ἔχοι,
593 2604 668 2637 μόνον
685 2599 714 2627 δὲ
726 2603 754 2628 τὸ
770 2606 846 2638 σῶμα
867 2603 936 2637 ἔχοι,
951 2601 1046 2628 κελεᾶει

223 2645 235 2671 ὀ
258 2645 421 2679 ⁷Λπὸστολος,
452 2644 499 2671 διὰ
524 2644 569 2672 τοῦ
596 2650 746 2682 σωματικοῦ
773 2648 854 2673 κόπον
883 2648 910 2672 τὸ
935 2656 1049 2673 τοιθυτον

261 2799 283 2816 ⁸³
300 2798 412 2835 Ephes.
430 2806 469 2832 ιν,
488 2800 533 2826 28.
577 2798 599 2816 ⁸⁸
615 2798 691 2827 Psal.
708 2805 794 2832 Lxxu,
807 2799 852 2824 27.

1107 2289 1183 2316 cnim
1200 2287 1286 2315 aliud
1302 2290 1386 2322 esset,
1403 2287 1483 2322 quod
1505 2287 1608 2315 mortis
1625 2287 1748 2321 imperio
1767 2286 1932 2321 subjectum

1105 2336 1182 2365 erat,
1192 2332 1278 2360 aliud
1288 2332 1368 2367 quod
1377 2335 1563 2366 assumptum
1575 2339 1593 2359 a
1607 2332 1748 2363 Domino;
1765 2339 1825 2358 non
1834 2331 1933 2360 desiis-

1104 2381 1146 2406 set
1157 2386 1236 2405 mors
1249 2385 1282 2405 ea
1295 2385 1363 2412 φιω
1373 2385 1428 2404 sua
1442 2380 1522 2412 sunt,
1534 2377 1666 2411 operari,
1682 2384 1735 2404 nec
1750 2377 1866 2404 lucrum
1883 2385 1933 2404 no-

1104 2426 1199 2450 strum
1208 2422 1299 2456 facta,
1306 2422 1434 2455 fuissent
1446 2422 1566 2456 deiferaz
1576 2421 1677 2448 carnis
1681 2422 1835 2455 passiones
1852 2429 1858 2447 :
1873 2429 1932 2449 non

1103 2467 1299 2494 interemisset
1311 2468 1466 2499 peccatum
1480 2466 1510 2492 in
1526 2473 1633 2493 carne:
1651 2473 1710 2493 non
1727 2465 1848 2493 Christo
1862 2465 1932 2493 vivi-

1104 2512 1369 2546 ficatifuisscmus,
1377 2511 1430 2545 qui
1439 2517 1558 2538 eramus
1569 2510 1600 2537 in
1609 2511 1631 2537 A
1638 2511 1726 2538 damo
1740 2511 1866 2546 mortui;
1877 2518 1933 2538 non

1105 2559 1251 2584 rcsartum
1263 2555 1465 2591 fubs'ct,quod
1473 2555 1641 2589 collapsum
1653 2558 1736 2589 erat;
1748 2562 1808 2582 non
1824 2555 1934 2583 instau-

1105 2604 1215 2636 ratum,
1233 2601 1312 2636 quod
1327 2601 1542 2635 confractum;
1568 2607 1627 2627 non
1655 2601 1849 2634 coniunctum
1865 2599 1931 2633 Deo,

1105 2646 1184 2682 quod
1193 2645 1339 2680 serpentis
1345 2645 1565 2680 fraude/uerat
1573 2644 1790 2673 abalienatum.
1800 2645 1830 2671 lu
1843 2643 1918 2671 libro
1926 2652 1933 2671 ι
