2027 3144
97 153 133 180 6t

864 148 1054 177 PREFATIO.

1776 153 1810 183 62

96 215 145 243 De
172 214 319 250 baptismo
337 214 401 244 haec
422 214 562 250 leguntur
585 216 661 251 (cap.
679 217 706 250 2,
721 222 750 242 n.
770 216 797 248 7)
815 221 821 240 :
846 212 930 240 Illud
948 213 971 240 Α
986 211 1077 239 riaris
1092 214 1178 248 quasi
1191 222 1250 242 non
1273 216 1421 250 acceperis
1430 216 1478 244 5°?
1500 227 1513 240 ι)
1529 216 1598 244 Νοη
1619 219 1650 244 tu
1663 217 1749 245 deum
1764 225 1810 245 co-

95 261 128 295 ig
134 261 230 295 itur,«
240 261 368 294 denuo,»
379 260 514 288 arbitror
525 260 636 294 prioris
645 258 856 294 generationis.
865 263 930 292 qua

95 305 131 332 in
149 308 345 339 peccatorum
365 305 503 333 sordibus
522 306 607 340 facta
624 307 676 339 est,
697 303 930 332 emendationem

95 350 270 382 ostendere,
288 358 354 377 cum
371 350 427 377 Job
439 350 537 378 dicat:
556 362 568 374 ‹‹
582 350 675 377 Nemo
682 357 778 384 purus
794 351 862 376 esta
873 354 932 374 sor-

94 394 202 430 dibus,
211 402 249 422 ne
258 395 286 422 si
296 402 374 422 unus
385 395 502 430 quidem
512 394 573 422 dies
583 396 620 422 sit
632 395 692 422 vita
704 394 809 428 ejus“;
823 404 835 417 »
842 395 869 420 et
877 393 931 419 Da-

95 439 157 466 vid
170 440 323 474 lugeat,ac
341 440 442 467 dicat:
458 451 471 464 «
491 441 528 468 In
540 439 751 475 iniquitatibus
773 439 931 471 conceptus

95 491 183 518 sum,
206 487 233 512 et
248 484 280 512 in
294 486 423 519 peccatis
446 485 577 519 concepit
596 492 642 512 me
656 486 753 512 mater
773 489 837 510 mea
849 482 889 515 ‘5;
904 484 931 509 et

94 528 267 564 Apostolus
281 530 324 557 ita
339 533 521 558 contestetur
534 538 540 556 :
555 541 568 554 ι(
585 529 691 557 Omnes
704 529 780 557 enim
792 534 930 562 peccave-

93 577 187 609 runt,
201 577 228 601 et
241 578 329 609 egent
339 575 438 609 gloria
450 574 511 607 Dei,
519 574 684 610 justiﬁcati
693 573 788 609 gratis
797 580 853 607 per
862 578 931 606 gra-

96 619 178 646 tiam
193 619 288 654 ipsius
302 627 354 653 per
374 619 604 653 redemptionem
620 626 686 655 qua:
708 621 749 646 est
761 618 791 645 in
810 617 930 645 Christo

93 663 273 699 Jesu,quem
282 664 438 698 proposuit
448 664 527 692 Deus
532 663 777 698 propitiationem
783 669 837 696 per
841 661 929 695 ﬁdem

95 708 131 735 in
149 709 298 743 sanguine
307 709 440 742 ipsius”.
458 719 471 732 η
489 708 680 742 Quapropter
693 708 780 735 etiam
795 708 929 741 peccato-

95 760 173 780 rum
183 754 269 781 venia
278 753 373 781 datur
383 753 582 788 credentibus,
591 754 715 781 Domino
726 753 789 787 ipso
798 752 927 779 dicente:

98 808 115 821 σε
130 797 237 825 Hicest
247 798 372 832 sanguis
382 805 463 826 meus
472 799 543 826 novi
551 798 728 831 testamenti,
737 795 930 832 quipromul-

97 843 141 869 tis
150 842 319 876 e/funditur
327 843 358 870 in
371 843 570 871 remissionem
578 842 804 877 peccatorum":
815 847 930 876 nquem-

97 886 264 914 admodum
276 887 437 922 Apostolus
453 895 559 915 rursus
575 890 710 922 testatur,
723 887 837 914 dicens:
851 896 864 910 ‹‹
878 884 928 912 Se-

98 931 394 967 cundumbeneplaci
397 936 457 960 tum
465 932 627 961 voluntatis
634 932 736 964 suam'n
745 931 862 959 laudem
868 930 931 965 glo-

99 977 156 1004 ria
165 978 277 1011 gratia
287 985 359 1010 sum,
375 978 406 1005 in
420 986 480 1013 qua
493 978 678 1013 grati/icavit
693 985 744 1004 nos
760 978 790 1004 in
809 976 927 1010 dilecto,

100 1022 133 1049 in
151 1029 209 1057 quo
220 1022 364 1050 habemus
372 1023 601 1057 redemptionem
610 1022 844 1057 persanguinem
853 1022 927 1056 ejus,

99 1066 304 1095 remissionem
314 1070 513 1101 peccatorum.
522 1067 683 1096 secundum
694 1067 816 1094 divitias
824 1066 929 1099 gratiae

101 1112 167 1145 ejus
177 1111 214 1139 de
225 1119 287 1147 qua
300 1111 385 1139 nobis
397 1112 560 1147 impertivit
570 1113 696 1140 ubertim
708 1112 744 1144 δεῖ
758 1124 770 1135 »ι
785 1114 817 1138 ut
827 1118 928 1146 quem-

103 1155 263 1184 admodum
290 1159 393 1184 statua
414 1157 545 1184 contrita
569 1165 604 1185 ac
628 1157 796 1191 confracta,
820 1156 929 1183 amissa

105 1200 181 1234 regis
188 1200 291 1235 forma
302 1201 423 1233 eximia,
438 1201 535 1229 denuo
546 1202 755 1236 conformatur
767 1208 785 1228 a
796 1201 930 1235 sapiente

106 1245 222 1279 artiﬁce
236 1252 271 1273 ac
287 1245 361 1273 bono
377 1246 490 1280 opiﬁce,
511 1246 640 1279 gloriam
656 1246 754 1279 operis
768 1245 817 1273 sui
834 1252 928 1272 resar-

107 1288 210 1322 ciente,
236 1292 325 1325 atque
343 1291 474 1325 pristino
499 1291 656 1325 splendori
678 1290 866 1318 restituitur:
888 1289 929 1316 sic

106 1332 194 1361 etiam
203 1341 256 1361 nos
263 1334 297 1361 ob
306 1335 449 1370 praecepti
456 1336 719 1370 transgressionem
730 1334 808 1362 male
817 1333 928 1373 affecti,

105 1378 188 1406 velut
202 1379 346 1413 scriptum
366 1383 419 1415 est,
434 1391 448 1405 α
471 1381 566 1409 Homo
581 1389 647 1408 cum
663 1381 695 1408 in
717 1380 829 1408 honore
843 1381 927 1412 esset,

100 1430 163 1450 non
179 1423 341 1458 intellexit,
353 1428 544 1459 comparatus
556 1429 598 1454 est
607 1425 753 1460 jumentis
764 1423 928 1458 insipienti?

101 1467 167 1500 bus,
181 1471 209 1496 et
229 1469 337 1496 similis
358 1470 460 1504 factus
476 1473 518 1498 est
533 1471 595 1498 illis
606 1471 640 1504 ‘9,
667 1481 680 1494 η
705 1469 745 1497 ad
765 1469 926 1504 pristinam

98 1513 242 1548 imaginis
261 1515 318 1542 Dei
330 1515 461 1549 gloriam
477 1523 659 1544 revocemur.

136 1559 182 1586 IV.
204 1558 250 1586 Sic
266 1559 407 1587 ati‘ectum
418 1560 571 1588 hominem
588 1559 732 1595 indigere,
750 1562 781 1587 ut
794 1567 862 1587 eum
878 1558 927 1586 Dei
942 1568 962 1594 (ι

98 1602 200 1637 gratia.
213 1603 390 1638 praeveniat,
407 1606 436 1632 ct
450 1612 562 1632 novam
578 1605 604 1632 ei
620 1604 801 1642 creationem
816 1604 927 1640 imper-

96 1647 133 1675 tit
146 1647 272 1676 miriﬁce
286 1647 425 1683 pluribus
437 1649 509 1676 locis
523 1649 712 1677 demonstrat
729 1648 861 1682 Basilius,
874 1656 928 1676 cu-

95 1691 148 1727 jus
157 1692 332 1721 testimonia
343 1694 487 1722 nonnulla
495 1693 544 1722 hic
555 1702 757 1730 apponemus.
769 1694 852 1722 Unde
860 1701 928 1722 vero

95 1737 236 1771 facultas
247 1738 332 1772 mihi,
344 1737 440 1774 inquit
451 1739 482 1766 in
494 1740 574 1774 psal.
590 1747 656 1766 xxxx
666 1741 707 1775 (p.
723 1740 794 1773 125),
807 1742 834 1767 te
844 1739 928 1766 exal-

99 1782 190 1810 tandi
199 1790 209 1810 .·
220 1782 367 1816 Quoniam
380 1786 411 1810 tu
422 1791 468 1811 me
474 1785 663 1818 prteveniens
671 1784 838 1818 suscepisti.
847 1784 930 1811 Pers‘

95 1827 188 1861 picue
197 1827 286 1860 dixit,
298 1838 313 1851 «
331 1828 496 1862 Suscepisti
506 1836 560 1861 me,
576 1839 589 1852 n
603 1836 657 1863 pro
668 1828 832 1856 sublevasti
844 1835 898 1862 me,
914 1839 928 1851 η

97 1874 127 1900 et
141 1872 325 1906 superiorem
341 1873 565 1907 insurgentibus
584 1873 615 1900 in
631 1881 676 1901 me
691 1873 823 1908 e/I'ecisti.
833 1873 931 1900 Veluti

97 1918 123 1943 si
132 1917 200 1951 quis
206 1924 333 1951 puerum
343 1918 511 1952 quempiam
520 1918 649 1946 natandi
656 1919 827 1952 imperitum
838 1925 928 1945 manu

97 1961 276 1996 suscipiens,
289 1969 353 1989 eum
365 1964 451 1998 aquis
466 1963 605 1990 altiorem
622 1963 778 1990 sustineat.
797 1962 854 1995 Qui
874 1963 928 1997 igi-

99 2009 163 2039 tur,
179 2007 349 2040 opitulante
363 2007 433 2042 Deo,
453 2015 471 2035 a
486 2015 555 2034 casu
570 2008 716 2042 exsurgit,
734 2008 757 2035 is
769 2008 852 2042 grati
864 2008 927 2035 ani-

97 2052 143 2079 mi
151 2051 370 2086 signi/icatione
381 2060 436 2086 per
451 2052 527 2080 bona
538 2060 629 2087 opera
645 2053 856 2080 exultationem
867 2053 926 2080 Deo

97 2096 337 2130 pollicetur.Aut
352 2097 434 2124 velut
449 2097 474 2124 si
487 2104 554 2132 quis
566 2096 690 2125 debilem
703 2097 871 2132 quempiam
884 2097 927 2124 lu«

97 2138 245 2168 emtorem
259 2141 445 2175 sit/fulciens,
466 2141 503 2169 ab
520 2142 689 2169 immmente
705 2142 791 2177 lapsu
812 2141 926 2174 liberet,

97 2192 134 2213 ac
150 2185 335 2213 colluctante
346 2186 451 2213 reddat
465 2187 646 2220 superiorem
661 2196 666 2213 :
679 2187 728 2214 illi
738 2186 856 2221 quidem
869 2187 926 2213 vic-

97 2230 183 2257 toriae
194 2230 307 2263 prabet
321 2230 514 2265 occasionem,
533 2230 601 2258 huic
615 2233 691 2264 λυργή
705 2234 873 2265 conceptam
890 2231 925 2258 (la

99 2275 189 2308 lapsu
205 2274 330 2302 alterius
348 2275 482 2303 la’titiam
501 2275 621 2302 adimit.
638 2275 708 2302 Vide
724 2275 857 2310 ejusdem
875 2276 925 2303 hov

98 2319 190 2347 milite
203 2327 236 2347 ιι.
254 2321 281 2354 3,
298 2328 327 2355 p.
344 2322 393 2347 t26
406 2328 412 2352 ;
426 2322 454 2347 et
468 2328 498 2348 n.
516 2322 541 2352 5,
559 2329 586 2356 p.
606 2322 665 2355 1‘29,
682 2323 710 2348 et
722 2320 812 2348 aliam
828 2321 924 2348 homi-

944 2246 964 2272 l)

95 2364 169 2392 liam
187 2364 218 2391 in
228 2365 380 2398 psalmum
393 2373 464 2398 xmv,
480 2373 510 2392 ιι.
522 2367 548 2398 4,
565 2367 592 2392 et
606 2373 667 2400 reg.
680 2365 785 2392 moral.
855 2367 924 2393 etin
947 2359 949 2362 ⁴

99 2410 223 2443 Isaiam,
234 2416 264 2444 p.
273 2411 335 2436 610.
344 2410 375 2436 Et
385 2409 415 2436 in
427 2409 551 2437 homilia
562 2412 601 2437 De
612 2409 831 2446 humilitatem.
849 2412 922 2446 159):

97 2454 185 2482 Nihi.‘
200 2453 281 2481 unde
293 2454 423 2487 gloriari
442 2462 543 2490 queas,
560 2455 698 2482 relictum
715 2458 755 2482 est
767 2455 830 2489 tibi,
847 2463 862 2482 ο
874 2456 923 2482 hn-

96 2507 179 2527 mo...
194 2498 273 2531 Quid
287 2498 391 2533 igitur,
403 2499 460 2530 dic,
473 2506 583 2534 quaeso,
601 2502 628 2527 te
642 2500 704 2533 ipse
718 2501 804 2534 quasi
816 2500 852 2527 de
866 2501 923 2527 tuis

96 2544 194 2578 ipsius
212 2543 295 2570 bonis
309 2542 407 2577 e/Ters,
423 2550 487 2570 cum
499 2543 617 2572 deberes
627 2551 685 2578 pro
699 2545 825 2579 acceptis
838 2544 923 2572 donis

95 2587 231 2623 gratiam
247 2587 390 2622 largitori
399 2587 545 2616 habere?»
561 2588 638 2621 Quid
648 2589 725 2616 enim
742 2589 831 2617 habes
844 2590 924 2624 quod

95 2641 157 2663 non
180 2633 322 2668 accepisti
339 2632 352 2660 ‘l
367 2633 450 2668 quod
461 2640 486 2660 si
504 2634 593 2661 etiam
610 2634 760 2668 accepisti,
777 2635 851 2669 quid
862 2636 924 2670 glo-

984 257 1115 291 gnovisti
1127 265 1181 292 per
1195 261 1277 287 tuam
1285 261 1438 295 justitiam
1449 269 1460 295 ;
1472 262 1523 289 sed
1538 263 1616 289 Deus
1631 263 1767 296 cognovit
1783 267 1811 290 te

985 305 1109 337 propter
1115 311 1199 331 suam
1209 304 1379 333 bonitatem.
1390 317 1404 330 ‹‹
1415 307 1488 334 Cum
1497 308 1695 342 cognoveritis
1705 308 1810 340 Deum,

986 346 1094 382 inquit,
1116 349 1168 383 qui
1181 350 1279 383 potius
1302 352 1414 385 cogniti
1427 352 1491 379 sitis
1514 360 1532 380 a
1557 352 1616 380 Deo
1628 353 1649 369 ⁵¹
1663 363 1677 376 ρ›
1692 352 1761 380 Νοη
1777 355 1818 383 ιιιΔ

985 392 1214 426 apprehendisti
1225 394 1376 424 Christum
1384 404 1438 430 per
1448 397 1600 430 virtutem,
1609 397 1660 425 sed
1671 397 1809 425 Christus

986 438 1081 470 teper
1104 445 1190 466 suum
1206 439 1367 468 adventum
1383 440 1592 475 apprehendit.
1616 453 1630 466 ‹‹
1653 443 1808 477 Insequar.

985 481 1122 517 inquit,si
1130 484 1218 511 etiam
1227 485 1497 519 apprehendam,in
1505 494 1562 521 quo
1571 491 1597 514 et
1606 487 1809 521 apprehensus

985 533 1049 553 sum
1063 534 1080 554 a
1091 527 1248 557 Christo“.
1257 529 1324 557 Non
1334 537 1383 557 vos
1397 538 1442 558 me
1452 531 1590 565 elegistis,
1603 532 1700 566 inquit
1710 531 1809 559 Domi-

985 578 1041 597 nus
1052 571 1085 603 ⁵³,
1098 572 1149 599 sed
1163 580 1216 607 ego
1229 574 1306 609 elegi
1321 582 1399 602 vos.»
1416 575 1463 602 An
1480 576 1622 610 quoniam
1637 575 1748 603 honore
1763 576 1807 610 af-

982 615 1081 649 fectus
1103 624 1142 652 es,
1159 617 1302 652 gloriaris
1322 622 1348 647 et
1368 619 1602 647 misericordiam
1627 620 1808 648 occasionem

984 660 1094 695 arripis
1109 662 1323 692 superbiendi‘?
1345 664 1383 692 Et
1398 667 1468 691 tunc
1495 671 1654 700 cognoscas
1673 664 1808 698 teipsum,

984 705 1049 739 quis
1063 706 1112 741 sis,
1126 707 1206 733 velut
1220 708 1318 736 Adam
1334 710 1444 743 ejectus
1456 717 1470 737 e
1480 709 1635 743 paradiso,
1647 709 1724 737 velut
1734 709 1809 737 Saul

983 749 1117 778 desertus
1132 759 1150 779 a
1161 751 1278 786 Spiritu
1290 753 1352 788 Dei,
1365 755 1444 782 velut
1456 755 1551 782 Israel
1560 762 1577 781 a
1591 754 1693 781 radice
1703 755 1809 781 sancta

984 797 1123 824 resectus.
1134 807 1148 820 ‹‹
1157 796 1357 834 Ειίἰε,ςίηᾳιιίι,
1368 801 1440 827 stas:
1456 799 1520 826 noli
1530 799 1625 826 altum
1635 806 1750 833 sapere,
1758 798 1809 826 sed

984 839 1098 867 time“.
1118 841 1270 869 Judicium
1290 843 1425 878 sequitur
1449 844 1601 878 gratiam;
1617 846 1644 871 et
1661 843 1808 878 quomodo

983 883 1062 911 datis
1074 891 1144 912 usus
1156 885 1264 920 fueris,
1286 888 1427 921 expendit
1442 888 1550 922 judex.
1567 891 1598 915 In
1614 887 1659 915 his
1674 895 1743 924 quin
1765 895 1808 914 se-

984 931 1150 964 sequuntur
1170 932 1400 965 perseverantiae
1422 932 1538 960 donum
1558 932 1805 960 commendatur:

984 973 1069 1007 Quod
1080 974 1106 1001 si
1115 982 1152 1002 ne
1162 975 1346 1011 hocquidem
1360 978 1516 1013 intelligis,
1525 978 1620 1012 fuisse
1633 981 1660 1006 te
1673 977 1805 1012 gratiam

983 1023 1183 1053 consecutum,
1199 1024 1251 1048 aut
1265 1021 1292 1048 si
1302 1029 1367 1056 prz
1380 1023 1473 1050 nimia
1483 1023 1660 1057 stupiditate
1673 1025 1754 1049 tuam
1766 1022 1808 1057 ip-

983 1063 1043 1090 sius
1060 1065 1197 1092 virtutem
1213 1066 1367 1094 existimas
1378 1067 1509 1102 gratiam
1524 1074 1593 1102 esse,
1605 1074 1665 1094 non
1679 1074 1707 1094 es
1724 1067 1806 1095 beato

983 1107 1072 1136 Petro
1092 1110 1225 1143 apostolo
1244 1111 1449 1144 praestantior.
1468 1111 1530 1139 Nec
1553 1112 1630 1139 enim
1651 1111 1807 1139 Dominum

984 1159 1084 1180 amore
1095 1155 1204 1188 majori
1211 1156 1354 1191 prosequi
1361 1157 1480 1190 poteris,
1496 1164 1585 1192 quam
1602 1156 1653 1192 qui
1665 1156 1708 1183 ita
1721 1155 1806 1183 vehe—

983 1201 1098 1225 menter
1106 1198 1212 1227 tlilexit
1223 1202 1253 1227 ut
1266 1201 1354 1228 etiam
1365 1201 1491 1229 voluerit
1499 1209 1556 1236 pro
1567 1201 1629 1236 ipso
1642 1201 1727 1229 mori.
1739 1199 1806 1232 Sed,

983 1243 1125 1278 quoniam
1134 1244 1232 1272 animo
1241 1245 1366 1273 elatiore
1376 1246 1493 1274 locutus
1504 1249 1545 1274 est
1556 1254 1622 1274 cum
1633 1246 1723 1273 dixit:
1735 1256 1748 1270 «
1756 1245 1807 1272 Et-

982 1287 1009 1314 si
1031 1295 1130 1315 omnes
1151 1289 1355 1318 scandalizati
1382 1291 1499 1325 fuerint
1523 1292 1555 1318 in
1574 1293 1610 1325 te,
1637 1298 1691 1326 ego
1708 1293 1807 1318 tamen

982 1339 1138 1367 nunquam
1159 1334 1428 1371 scandatirabor“,
1448 1347 1461 1360 υ
1487 1336 1645 1364 timiditati
1666 1335 1807 1363 humanas

983 1376 1115 1405 traditus
1126 1381 1178 1410 est,
1188 1379 1351 1414 ceciditque
1361 1381 1390 1407 in
1405 1380 1629 1415 inﬁciationem,
1643 1381 1730 1414 lapsu
1741 1387 1808 1407 eru-

982 1421 1110 1449 diendus
1124 1423 1165 1450 ad
1188 1426 1296 1452 metum
1312 1425 1401 1460 alque
1422 1426 1462 1453 ad
1487 1426 1667 1458 cautionem,
1686 1425 1807 1453 edocen-

982 1465 1096 1501 dusque
1107 1467 1234 1502 infirmis
1245 1476 1372 1503 parcere
1381 1474 1407 1497 et
1420 1469 1576 1501 debilibus.
1590 1470 1669 1505 quod
1680 1472 1706 1497 et
1722 1477 1806 1497 suam

983 1512 1120 1546 cognovit
1129 1513 1345 1548 infirmitatem,
1361 1517 1388 1542 et
1397 1515 1556 1549 perspicue
1566 1514 1714 1542 intellexit
1728 1513 1809 1549 quod

983 1556 1232 1592 quemadmodum
1257 1566 1322 1586 cum
1347 1559 1377 1586 in
1402 1559 1510 1594 pelago
1532 1561 1728 1594 mergeretur,
1751 1565 1808 1593 per

985 1601 1097 1629 Christi
1109 1602 1264 1631 dexteram
1279 1606 1381 1631 erutus
1400 1606 1452 1636 est,
1476 1604 1520 1632 ita
1534 1604 1565 1631 in
1581 1603 1721 1632 scandali
1737 1611 1807 1638 pro-

983 1647 1061 1673 cella
1076 1646 1112 1674 ob
1127 1648 1369 1676 incredulitatem
1385 1649 1415 1676 in
1429 1648 1575 1684 pereundi
1581 1648 1751 1684 periculum
1762 1654 1808 1676 ve-

983 1691 1078 1725 niens,
1096 1691 1206 1720 Christi
1220 1694 1331 1720 virtute
1346 1696 1481 1721 servatus
1501 1694 1547 1721 sit.
1572 1694 1606 1721 In
1618 1693 1694 1728 psal.
1710 1699 1806 1727 χχχιιι,

983 1744 1014 1763 n.
1031 1738 1069 1764 2:
1083 1737 1185 1772 Neque
1204 1738 1280 1766 enim
1296 1738 1326 1765 in
1348 1739 1483 1773 potentia
1507 1738 1646 1772 hominis,
1670 1745 1764 1773 neque
1777 1737 1808 1764 in

984 1781 1143 1816 sapientia,
1159 1782 1211 1809 sed
1224 1782 1256 1809 in
1273 1783 1327 1810 Dei
1338 1784 1441 1817 gratia
1460 1783 1543 1810 salus
1556 1785 1609 1812 est.
1625 1782 1695 1810 Vide
1710 1781 1808 1810 homi-

982 1825 1053 1853 liam
1066 1827 1096 1853 in
1107 1827 1185 1860 psal.
1197 1835 1246 1859 vn,
1259 1827 1297 1854 ad
1304 1827 1368 1854 hinc
1380 1827 1473 1855 verba
1485 1836 1492 1854 ε
1508 1828 1546 1855 Et
1560 1827 1806 1862 dirigesjustum.

984 1870 1030 1898 Sic
1045 1868 1176 1906 loquitur
1190 1872 1219 1899 in
1236 1871 1358 1900 homilia
1366 1873 1397 1899 in
1406 1873 1485 1906 psal.
1500 1880 1582 1906 xxxu,
1595 1879 1625 1900 ιι.
1640 1874 1655 1899 5
1667 1872 1708 1907 (p.
1726 1873 1806 1903 137):

983 1916 1081 1951 Atque
1095 1917 1184 1944 etiam
1197 1917 1324 1944 multum
1341 1919 1382 1944 est
1393 1916 1576 1944 discriminis
1593 1916 1626 1944 in
1635 1917 1766 1951 peccatis
1775 1923 1809 1943 1c

982 1964 1061 1988 recte
1074 1962 1183 1995 factis:
1200 1961 1262 1989 haec
1276 1962 1355 1989 enim
1370 1962 1442 1989 tense
1452 1962 1584 1994 vendita,
1596 1962 1626 1989 vi
1635 1969 1669 1996 μη
1683 1963 1806 1996 peccato

982 2007 1099 2041 est,illa
1114 2014 1183 2034 vero
1199 2007 1234 2034 ab
1247 2007 1331 2034 initio
1345 2007 1448 2035 heram
1464 2006 1570 2035 bonam
1587 2009 1688 2039 nacta,
1705 2007 1736 2033 in
1748 2006 1806 2033 vir-

981 2053 1110 2087 ginitate
1125 2052 1250 2080 ertucata
1267 2054 1318 2079 est.
1334 2052 1397 2080 Cur
1410 2053 1474 2080 haec
1484 2053 1593 2087 affecta
1605 2051 1744 2086 bene/icio
1756 2051 1806 2085 sit,

981 2098 1038 2125 illa
1054 2105 1120 2125 vero
1145 2097 1360 2125 condemnata:
1385 2100 1412 2124 et
1426 2097 1499 2132 quid
1519 2097 1559 2124 sis
1574 2097 1736 2132 unicuique
1757 2095 1806 2124 ho-

981 2150 1048 2170 rum
1061 2150 1079 2170 a
1088 2143 1192 2176 judice
1206 2142 1431 2170 retribuendum
1445 2148 1454 2175 ,'
1473 2141 1579 2177 quibus
1601 2141 1738 2168 omnibus
1753 2140 1808 2168 tibi

981 2188 1011 2214 in
1027 2191 1153 2215 men/rm
1165 2187 1360 2218 venientibus,
1377 2187 1476 2221 cogita
1491 2186 1671 2220 Deijudicia
1682 2186 1805 2219 abyssos

980 2239 1050 2265 esse,
1065 2240 1118 2259 nec
1132 2239 1149 2259 a
1164 2232 1294 2267 quolibet
1304 2231 1398 2264 facile
1408 2230 1621 2265 comprehendi
1626 2230 1806 2265 posse,quod

979 2279 1011 2304 in
1024 2277 1133 2304 divinis
1148 2275 1297 2304 thesauris
1310 2276 1451 2303 conclusa
1466 2278 1545 2302 sunt.
1560 2274 1612 2302 Sed
1622 2277 1649 2302 et
1664 2274 1808 2302 credendi

980 2322 1054 2350 data
1071 2321 1230 2356 promissio
1252 2323 1293 2348 est
1318 2328 1336 2347 ιι
1352 2321 1422 2353 Deo,
1446 2319 1593 2348 videlicet.
1611 2330 1624 2344 ‹‹
1645 2319 1728 2347 Dabo
1751 2319 1806 2347 tibi

980 2367 1134 2395 thesauros
1147 2365 1334 2393 absconditos
1350 2368 1376 2393 et
1396 2364 1556 2392 invisibiles
1568 2365 1603 2391 εδ.
1616 2375 1630 2388 ι›
1641 2365 1804 2400 Postquam

979 2412 1072 2446 igitur
1082 2418 1115 2439 ea
1131 2411 1305 2445 cognitione,
1321 2417 1386 2445 qua:
1396 2412 1437 2437 est
1448 2409 1530 2441 [acie
1539 2409 1579 2437 ad
1590 2409 1708 2443 faciem,
1719 2409 1806 2443 digni

979 2456 1072 2484 habiti
1086 2456 1245 2490 fuerimus,
1272 2455 1361 2482 etiam
1381 2462 1430 2482 eas
1444 2461 1511 2489 qua:
1530 2455 1561 2482 in
1582 2455 1634 2482 Dei
1656 2454 1808 2488 thesauris

979 2504 1047 2528 sunt
1062 2501 1182 2535 abyssos
1198 2499 1390 2527 intuebimur.
1408 2499 1493 2532 Quod
1503 2499 1530 2526 si
1541 2506 1575 2527 ea
1586 2506 1651 2534 qua:
1662 2499 1691 2525 in
1704 2499 1804 2532 Scrip-

979 2550 1049 2574 tura
1062 2546 1098 2573 de
1112 2546 1229 2573 utribus
1244 2545 1325 2572 dicta
1339 2547 1419 2576 sunt.
1437 2544 1602 2579 collegeris,
1621 2543 1804 2578 prophetica

978 2591 1132 2619 sententia:
1146 2589 1378 2624 intelligentiam
1388 2590 1483 2623 magis
1496 2589 1671 2624 assequeris.
1683 2589 1714 2615 Et
1726 2596 1755 2615 ιι.
1766 2590 1781 2615 7
1793 2595 1804 2616 .·

978 2636 1017 2663 Et
1031 2636 1170 2670 quoniam
1186 2634 1276 2662 multi
1288 2636 1356 2661 sunt
1374 2634 1480 2667 vocati,
1496 2633 1666 2668 paucivero
1676 2632 1803 2668 electi",

134 2731 157 2747 “
176 2729 231 2767 Job
245 2738 305 2764 xw,
327 2732 354 2761 4,
376 2730 462 2765 juxta
485 2731 556 2759 LXX.
596 2731 619 2748 “
643 2731 720 2760 Psal.
738 2740 763 2765 L,
785 2735 810 2759 7.
851 2733 873 2750 ιε
898 2734 981 2761 Rom.
1009 2740 1048 2767 in,
1073 2734 1165 2760 23-25.
1204 2733 1225 2749 ³⁷
1250 2731 1350 2759 Matth.
1371 2738 1449 2764 xxw,
1466 2732 1510 2758 28.
1550 2729 1696 2766 “Ephes.
1712 2738 1730 2764 ι,
1746 2732 1801 2758 5-8.

98 2767 120 2783 ⁵⁵
135 2766 211 2794 Psal.
229 2774 324 2800 xum,
339 2769 380 2794 13.
419 2767 443 2784 ⁵ο
459 2767 550 2796 lCor.
565 2775 603 2801 iv,
619 2770 644 2794 7.
660 2767 681 2785 ⁵¹
697 2767 759 2795 Gal.
776 2776 812 2800 iv,
831 2770 857 2797 9.

98 2802 121 2819 ⁵⁵
137 2802 238 2830 Matth.
260 2810 333 2837 xxw,
347 2804 393 2831 33.

910 2769 933 2786 δ’
947 2769 1072 2805 Philipp.
1088 2777 1128 2803 In,
1144 2770 1184 2796 t2.

431 2803 466 2831 ⁵⁸.
482 2804 538 2831 lsa.
554 2810 617 2837 xw,
633 2803 659 2830 3.
700 2804 721 2820 ⁵⁷
738 2804 836 2832 Matth.
853 2812 920 2840 xxn,
934 2806 976 2832 14.

1224 2768 1257 2795 ⁵³.
1273 2769 1418 2801 Joan.xv,
1433 2768 1475 2793 t6.
1513 2766 1536 2783 5‘
1553 2767 1687 2800 “OHLXI,
1701 2769 1745 2801 20,
1759 2768 1802 2794 t7.
