2027 3144
218 130 251 158 63

968 125 1170 156 PREFATIO.

1902 124 1944 152 6i-

220 185 342 220 beatum’
353 190 426 218 dicit
451 197 510 219 non
532 193 681 223 vocatum,
702 190 753 218 sed
774 191 910 218 electum.
926 189 1038 217 Beatus
1055 188 1078 217 Α
1096 190 1219 223 mittit,a
1234 193 1330 218 morte
1342 189 1460 225 peccati
1474 194 1621 216 renovans
1633 186 1750 215 animas
1765 188 1893 214 nostras
1906 185 1942 213 in

218 243 356 271 namque,
369 243 454 272 quem
468 236 565 270 elegit.
576 243 641 271 qua
652 238 750 264 autem
763 235 952 264 beatitudinis
968 241 1039 262 cau-

217 281 274 309 sa?
289 281 471 316 Exspectata
487 281 630 308 bonorum
652 283 830 308 actm-norum
844 280 1040 307 hereditas...

218 326 328 354 Salvus
343 328 441 353 autem
464 326 498 359 ﬁt
520 333 580 352 non
601 326 706 361 quiuis,
731 325 782 353 sed
796 325 932 360 reliquis
946 324 1042 352 solum

219 370 382 398 secundum
406 370 576 398 electionem
610 370 754 404 gratiae”.
781 369 851 397 Vide
876 368 981 397 homil.
1011 370 1044 397 in

216 416 298 449 psal.
315 423 391 447 cxrv,
405 423 436 443 n.
450 417 476 450 5,
492 422 523 451 p.
539 416 602 442 202.

256 487 334 516 Satis
349 489 430 523 patet
445 495 480 514 ex
496 487 543 514 his
559 494 626 522 quae
640 486 806 520 attulimus,
826 488 974 523 quantum
987 486 1048 514 eni-

219 533 278 560 teat
291 531 393 559 divina
408 531 542 567 potentia
552 531 721 569 inhumani
733 531 831 559 cordis
843 531 1047 559 conversione-

221 576 278 604 Sed
293 578 438 612 praeterea
451 576 480 603 in
496 575 636 603 eamdem
650 576 830 603 sententiam
846 575 994 603 nonnulla
1006 583 1049 603 re-

219 619 353 647 ferenda.
366 621 565 655 Subjiciamur
578 628 647 655 ergo
659 621 729 655 Deo,
742 620 839 657 inquit
850 621 893 655 (in
904 620 980 655 psal.
996 628 1049 651 ιιι,

219 671 250 692 n.
264 666 303 699 2),
324 665 405 700 quod
419 665 554 693 salutare
578 665 615 692 ab
639 666 702 700 ipso
724 668 776 693 est.
795 665 872 698 Quid
891 667 990 692 autem
1012 661 1050 692 sit

220 709 368 744 salutare,
382 710 526 744 explicat.
542 710 609 737 Non
622 710 706 737 nuda
714 710 852 745 quedam
864 712 906 737 est
915 710 1050 744 operatio

220 755 356 790 aliquam
380 755 462 782 nobis
480 755 701 789 beneﬁcentiam
717 756 857 790 a/ferens,
875 762 934 791 qua
949 755 987 784 ab
1007 756 1050 782 in-

218 800 365 833 ﬁrmitate
385 799 554 834 liberemur,
577 800 712 836 bonaque
725 801 858 834 corporis
872 800 1049 828 habitudine

220 846 352 872 utamur.
369 844 426 872 Sed
434 844 508 880 quid
518 847 558 872 esl
572 845 706 872 salutare
716 846 729 872 ?
740 856 753 868 α
768 845 886 872 Etenim
900 845 962 879 ipse
972 845 1047 872 Deus

220 896 314 922 meus,
331 892 358 916 et
371 889 514 917 Salvator
528 897 621 923 meus,
634 892 789 924 susceptor
808 897 899 922 meus,
916 897 975 917 non
988 897 1048 917 mo-

220 934 310 962 vebor
325 934 453 961 multum
467 935 501 960 5’.
527 945 541 959 »
564 934 660 962 Filius
675 935 728 970 qui
752 942 788 962 ex
810 935 869 962 Deo
892 937 945 968 est,
970 935 1048 962 Deus

219 981 321 1006 noster
335 981 389 1006 est.
410 979 492 1007 Idem
509 979 598 1007 etiam
611 978 753 1007 Salvator
764 982 806 1007 est
817 981 935 1015 generis
945 979 1049 1008 huma-

221 1023 264 1057 ni,
277 1023 461 1051 debilitatem
476 1026 610 1052 nostram
619 1024 762 1059 fulciens,
778 1032 813 1051 ac
824 1024 1048 1052 commotionem

220 1075 257 1096 ετ
271 1068 485 1096 tentationibus
499 1069 607 1096 animis
618 1069 728 1096 nostris
739 1069 944 1096 advenientem
954 1069 1048 1097 corri-

221 1120 304 1147 gens.
321 1112 396 1140 Vide
407 1113 511 1140 homil.
525 1113 556 1141 in
569 1114 647 1148 psal.
664 1121 753 1146 χχχιι,
770 1121 799 1140 n.
817 1115 843 1147 3,
858 1122 877 1149 p
902 1115 962 1148 133,
978 1116 1006 1141 et
1017 1114 1048 1141 in

220 1157 299 1192 psal.
317 1165 411 1190 χχχιιι,
423 1165 453 1184 n.
473 1159 500 1191 4,
516 1166 546 1194 p.
566 1159 627 1192 146,
644 1161 671 1185 et
684 1158 798 1186 Homil.
810 1158 847 1186 de
860 1158 930 1193 ﬁde,
942 1167 972 1195 p.
988 1161 1048 1194 L53,

221 1203 283 1230 rei.
303 1202 410 1230 moral.
428 1204 472 1235 55,
486 1209 553 1238 cap.
572 1204 595 1230 ι.

256 1264 447 1293 Divinitatem
461 1265 522 1293 Filii
535 1265 725 1294 demonstrat
739 1265 864 1294 Basilius
879 1274 915 1294 ex
929 1273 1050 1295 summo

222 1309 300 1338 illius
315 1310 346 1337 in
361 1309 513 1338 humanas
530 1312 645 1337 mentes
660 1310 798 1346 imperio.
816 1311 909 1339 Petra
924 1311 1048 1345 dicitur,

221 1354 320 1391 inquit
340 1354 371 1382 in
393 1354 471 1382 libro
492 1355 536 1383 De
556 1355 673 1390 Spiritu
687 1358 802 1390 sancto,
821 1363 845 1383 θ’
870 1357 896 1388 8,
914 1363 944 1391 p.
962 1358 1003 1390 15,
1020 1363 1051 1384 eo

224 1399 305 1435 quod
315 1399 448 1427 validum
461 1400 499 1427 sit
511 1403 538 1428 et
552 1400 803 1433 inconcussum,et
814 1401 914 1435 gravis
922 1408 992 1429 arce
1001 1401 1052 1434 ﬁr-

222 1445 299 1472 mius
312 1444 577 1479 propugnaculum
587 1444 735 1479 ﬁdelibus.
752 1446 782 1472 Et
793 1452 862 1480 pag.
882 1447 934 1472 t6:
946 1445 1053 1473 Omnia

221 1491 320 1517 autem
329 1490 405 1524 facit
415 1493 554 1517 contactu
565 1490 737 1522 virtutis,ac
748 1490 904 1517 voluntate
913 1489 1056 1517 bonitatis

220 1541 359 1568 operans.
372 1535 482 1568 Pascit,
493 1534 661 1568 illuminat,
679 1534 746 1566 alit,
766 1533 898 1568 deducit,
910 1535 1054 1565 medetur,

221 1579 320 1613 erigit.
338 1578 409 1611 Qum
422 1586 481 1605 non
493 1581 571 1612 sunt,
582 1578 659 1612 facit
674 1580 704 1605 ut
716 1578 793 1611 sint,
804 1578 930 1606 condita
940 1581 1057 1606 conser‘

222 1625 283 1652 vat.
306 1623 372 1650 Hoc
397 1623 482 1650 modo
507 1623 584 1650 bona
598 1629 636 1650 ex
660 1623 720 1650 Deo
744 1630 800 1657 per
819 1623 931 1650 Filium
952 1624 992 1651 ad
1004 1631 1057 1652 nos

222 1667 410 1702 perveniunt,
432 1667 546 1702 majore
561 1667 714 1695 celeritate
729 1668 760 1694 in
783 1667 916 1702 singulis
928 1675 1057 1702 operan-

225 1715 387 1748 tem,quam
397 1712 479 1739 ullus
487 1719 581 1739 sermo
587 1713 753 1746 exprimere
761 1712 1057 1747 vateat.Nequeenim

223 1757 365 1792 fulgura,
380 1764 474 1792 neque
490 1757 565 1784 lucis
580 1764 634 1791 per
649 1764 747 1785 aerem
761 1759 823 1784 tam
841 1757 930 1785 velox
942 1757 1056 1785 discur-

225 1809 275 1830 sus
288 1804 340 1834 εει,
356 1809 416 1829 non
432 1802 588 1829 oculorum
599 1802 708 1830 celeres
725 1802 815 1832 ictus,
832 1809 892 1829 non
908 1802 1000 1836 ipsius
1013 1803 1057 1830 in-

224 1847 362 1875 tellectus
375 1847 473 1874 nostri
485 1849 599 1874 motus:
616 1847 669 1874 sed
684 1847 792 1874 horum
810 1847 949 1882 quodque
959 1847 1055 1882 magis

225 1893 358 1920 vincitur
368 1892 478 1920 divina:
492 1893 674 1926 operationis
698 1892 864 1924 celeritate,
880 1899 968 1927 quam
990 1893 1055 1920 ani-

224 1938 340 1965 mantia
363 1945 429 1972 quz
449 1939 518 1964 sunt
531 1936 614 1970 apud
632 1945 686 1964 nos
710 1938 842 1964 maxime
865 1937 979 1971 segnia,
996 1945 1055 1965 non

224 1982 323 2010 dicam
339 1982 520 2016 uolatilium,
546 1989 640 2017 neque
653 1984 818 2014 ventorum,
845 1989 939 2017 neque
958 1982 1054 2010 cazles-

226 2028 299 2056 tium
310 2027 425 2054 orbium
435 2027 558 2061 impetu,
568 2027 619 2054 sed
629 2027 722 2060 ipsius
733 2027 839 2054 mentis
850 2030 959 2054 nostrae
971 2029 1053 2054 motu

224 2074 419 2106 superantur.
430 2072 506 2099 Nam
518 2071 702 2106 quotandem
714 2074 853 2105 temporis
860 2072 957 2106 spatio
969 2074 1053 2106 egeat

224 2117 277 2152 qui
298 2118 403 2151 portat
427 2109 526 2144 omnia
543 2115 630 2144 verba
645 2116 765 2144 virtutis
780 2123 849 2151 sua,
867 2116 976 2152 quique
999 2123 1052 2144 nec
1068 2128 1090 2155 ι)

225 2161 429 2196 corporaliter
447 2163 600 2195 operatur,
628 2168 723 2196 neque
742 2168 886 2188 manuum
908 2168 998 2195 opera
1012 2160 1052 2188 ad

224 2207 388 2235 creandum
396 2214 470 2240 opus
477 2205 574 2241 habet,
583 2205 634 2233 sed
640 2213 740 2233 eorum
753 2213 818 2240 qua,
824 2206 902 2239 ﬁunt
909 2207 1050 2233 naturam

225 2251 312 2280 habet
329 2251 483 2278 voluntate
498 2258 558 2278 non
574 2253 677 2278 coacta
693 2250 907 2285 obsequentem.

261 2313 346 2341 Nullo
363 2313 422 2340 alio
437 2314 616 2347 argumento
630 2311 772 2339 libentius
787 2313 878 2340 utitur
893 2312 931 2340 ad
947 2312 1052 2340 divini-

226 2361 317 2387 tatem
334 2358 427 2385 sancti
445 2357 569 2394 Spiritus
584 2357 850 2386 demontrandam.
861 2358 964 2394 Neque
974 2359 1051 2386 enim

223 2403 292 2438 ﬁeri
305 2405 412 2437 potest.
423 2401 520 2438 inquit
531 2402 609 2438 (cap.
623 2403 810 2438 12,pag.23),
823 2405 854 2429 ut
866 2403 976 2430 Filium
987 2405 1052 2438 quis

225 2448 330 2476 adoret
341 2447 401 2474 nisi
410 2447 442 2474 in
453 2449 557 2474 sancto
567 2446 694 2481 Spiritu,
703 2449 755 2474 aut
765 2450 797 2474 ut
805 2447 926 2474 Patrem
937 2447 1052 2475 invocet

225 2493 285 2521 nisi
299 2493 329 2520 in
351 2492 520 2526 adoptionis
541 2492 669 2526 Spiritu.
688 2491 758 2519 Vide
779 2499 846 2527 cap.
861 2493 902 2520 t3.
919 2494 947 2519 et
966 2491 1053 2527 epist.

227 2539 271 2568 38.
286 2545 316 2564 n.
331 2538 357 2564 4.
376 2535 603 2564 Demonstratin
620 2544 687 2571 cap.
704 2538 735 2564 15
746 2535 883 2571 ejusdem
898 2535 975 2569 libri,
992 2536 1054 2572 Spi-

226 2582 318 2610 ritum
331 2584 468 2609 snnctum
482 2589 499 2608 a
515 2582 597 2608 Patre
613 2583 641 2608 et
656 2580 725 2608 Filio
736 2581 868 2616 disjungi
885 2588 944 2607 non
966 2588 1054 2616 posse

228 2629 268 2664 (p.
284 2628 338 2663 29),
356 2627 380 2654 si
394 2626 518 2663 quidem
531 2625 562 2654 in
580 2625 732 2661 baptismo
756 2626 813 2653 vim
839 2626 986 2659 viviﬁcam
1002 2626 1054 2653 in.-

1066 831 1084 857 Β

1094 235 1255 269 prislinam
1272 235 1384 263 vitam:
1400 242 1437 262 ac
1455 234 1547 261 vitam
1563 235 1698 260 nostram
1722 233 1883 266 operatur.
1905 231 1944 258 Et

1098 287 1166 316 cap.
1186 282 1227 315 t9,
1242 288 1262 316 p
1286 281 1316 307 41
1330 289 1340 307 .·
1365 279 1434 307 Sive
1449 278 1513 314 quis
1538 278 1717 306 creationem
1736 276 1871 310 accipiat
1901 274 1943 302 de

1099 325 1314 365 exstinctorum
1326 323 1549 357 reviviscentia,’
1560 329 1600 350 an
1611 329 1671 349 non
1682 328 1793 356 magna
1806 320 1942 356 spiritus

1101 369 1244 403 operatio,
1261 369 1313 404 qui
1335 368 1418 397 nobis
1433 367 1606 402 suppeditat
1628 366 1719 394 vitam
1737 372 1773 393 ex
1794 371 1940 393 resurre-

1102 414 1209 448 ctione,
1223 417 1249 442 et
1265 414 1305 442 ad
1325 413 1515 449 spiritualem
1530 413 1616 440 illam
1632 412 1726 439 vitam
1741 411 1861 438 animas
1879 416 1940 436 ηο-

1103 462 1182 487 stras
1193 459 1338 494 adaptat!
1347 459 1417 487 Sive
1425 458 1537 486 crealio
1552 457 1674 485 dicatur
1686 463 1747 485 esse
1755 463 1871 487 eorum,
1882 454 1945 489 qui

1106 504 1154 532 hic
1163 512 1221 539 per
1232 507 1389 538 peccatum
1411 503 1489 537 lapsi
1509 505 1588 537 sunt,
1606 502 1638 529 in
1651 501 1801 529 meliorem
1817 501 1943 527 statum

1106 549 1232 577 mutatio
1248 549 1329 583 (nam
1343 549 1386 576 ita
1402 555 1517 584 quoque
1532 553 1746 581 nonnunquam
1761 544 1945 578 usurpatur

1101 596 1196 630 juxta
1206 594 1366 628 scriptura
1375 592 1627 623 consuetudinem,
1643 591 1723 619 velut
1735 597 1801 617 cum
1813 588 1944 616 Paulus

1106 640 1190 671 dicit,
1202 650 1216 663 u
1232 639 1265 666 Si
1277 645 1337 673 qua
1351 638 1382 665 in
1394 638 1511 666 Christo
1523 643 1601 665 nova
1617 634 1810 668 creatura“).
1824 645 1837 658 »
1851 640 1945 662 reno-

1106 685 1185 712 vatio
1198 691 1264 719 qua
1279 683 1327 711 hic
1341 683 1386 717 ﬁt,
1403 686 1430 710 et
1446 689 1464 710 a
1477 682 1539 709 vita
1553 681 1690 709 terrestri
1700 686 1736 707 ac
1749 678 1945 706 turbulentis

1106 729 1262 763 affectibus
1287 728 1417 756 obnoxia
1445 726 1486 755 ad
1513 726 1658 754 caelestem
1682 723 1945 752 conversationem

1105 774 1397 808 transmutatio,quae
1405 772 1439 806 ﬁt
1451 772 1480 799 in
1492 770 1575 799 nobis
1586 777 1639 805 per
1645 767 1943 804 Spiritum,adsum-

1103 826 1182 847 mam
1189 818 1417 847 admirationem
1424 816 1662 844 deducitanimos
1668 811 1947 841 nostros-Similiter

1103 864 1133 891 in
1143 864 1227 899 epist.
1242 865 1267 896 8,
1280 871 1309 890 n.
1325 865 1352 890 11
1368 871 1374 890 :
1392 862 1460 889 Tria
1469 860 1629 890 creationis
1639 866 1750 894 genera
1759 858 1792 886 in
1800 857 1943 891 Scriptu-

1104 916 1140 937 ra
1148 909 1305 936 nominata
1315 907 1491 935 invenimus.
1505 906 1601 933 Unum
1614 903 1732 940 quidem
1743 910 1780 930 ac
1789 902 1940 937 primum,

1104 961 1142 981 ea:
1152 954 1247 981 nihilo
1258 952 1502 987 productionem:
1513 949 1676 978 secundum
1689 955 1768 980 vero,
1787 954 1824 975 ea:
1833 946 1943 981 pejore

1104 999 1135 1026 in'
1151 998 1256 1026 melius
1272 996 1508 1025 immutationem
1518 1001 1530 1030 ;
1541 994 1674 1027 tertium,
1684 991 1940 1020 resurrectionem

1104 1045 1302 1070 mortuorum.
1317 1041 1353 1068 In
1369 1041 1415 1068 his
1423 1040 1551 1075 reperies
1564 1039 1711 1073 Spiritum
1722 1039 1860 1065 sanctum
1872 1043 1941 1063 una

1106 1094 1173 1114 cum
1191 1086 1284 1114 Patre
1303 1088 1330 1114 et
1350 1086 1415 1119 ﬁlio
1436 1086 1619 1119 operantem.
1643 1083 1727 1119 Step0
1743 1081 1818 1109 alias
1834 1079 1941 1108 cordis

1105 1131 1263 1160 conversio
1281 1133 1407 1158 vocatur
1426 1138 1508 1158 nove.
1528 1128 1650 1162 creatio,
1662 1130 1694 1155 ut
1708 1128 1738 1154 in
1748 1126 1829 1161 psat.
1846 1132 1939 1158 χχχιι,

1105 1185 1136 1214 p.
1156 1177 1225 1209 138;
1244 1178 1273 1203 et
1296 1176 1324 1203 in
1339 1175 1475 1207 homilia,
1492 1173 1576 1208 Quod
1591 1174 1668 1201 Deus
1687 1180 1747 1200 non
1770 1174 1812 1200 est
1827 1173 1941 1199 auctor

1105 1222 1265 1256 malorum,
1292 1228 1319 1256 p.
1344 1220 1390 1253 75,
1416 1221 1444 1248 et
1462 1219 1514 1248 lib.
1534 1227 1554 1246 v
1576 1218 1721 1247 adversus
1740 1215 1939 1248 Eunomium,

1107 1275 1137 1304 p.
1152 1268 1214 1298 303,
1228 1267 1257 1293 et
1270 1265 1439 1293 Comment.
1454 1265 1486 1292 in
1501 1264 1624 1298 Isaiam,
1639 1270 1670 1298 p.
1685 1263 1748 1290 423.

1144 1330 1294 1362 Quantum
1314 1327 1432 1355 ﬁducita
1442 1325 1473 1354 in
1488 1325 1592 1354 divina
1604 1324 1701 1360 gratia.
1715 1324 1840 1360 poneret
1853 1322 1939 1350 Basi-

1108 1374 1165 1402 lius
1174 1381 1209 1401 ex
1218 1372 1264 1400 liis
1288 1371 1417 1407 perspici
1431 1372 1539 1406 potest,
1549 1378 1618 1406 quae
1626 1369 1664 1397 de
1674 1366 1873 1397 conciliandis
1881 1369 1939 1394 An-

1111 1418 1255 1446 tiochensi
1268 1416 1404 1444 Ecclesiae
1417 1415 1656 1443 dissensionibus
1666 1411 1837 1449 loquiturin
1846 1411 1938 1448 epist.

1071 1466 1090 1492 Ο
1111 1464 1154 1495 86,
1168 1469 1198 1498 p.
1211 1463 1274 1489 ist):
1288 1462 1359 1488 Ilzec
1373 1468 1441 1488 vero
1452 1460 1625 1494 conciliare,
1638 1457 1745 1494 inquit,
1756 1460 1782 1485 et
1793 1456 1834 1484 ad
1845 1456 1938 1484 unius

1112 1507 1243 1540 corporis
1258 1506 1446 1533 harmoniam
1460 1505 1602 1539 redigere,
1614 1503 1697 1531 illius
1712 1504 1755 1530 est
1769 1501 1871 1535 salius,
1886 1501 1941 1536 qui

1112 1554 1138 1579 et
1153 1551 1238 1578 siccis
1255 1549 1412 1584 assibus,ut
1427 1549 1468 1577 ad
1482 1556 1588 1576 nervos
1605 1551 1632 1576 et
1652 1554 1772 1575 carmen
1787 1545 1885 1574 denuo
1895 1552 1940 1573 re-

1112 1596 1214 1629 deant,
1231 1604 1289 1623 non
1305 1595 1474 1623 enarrabili
1487 1601 1541 1622 sua
1553 1596 1700 1628 potestate
1715 1592 1861 1627 largitur.
1881 1591 1937 1618 Do-

1112 1642 1210 1669 minus
1221 1644 1320 1669 autem
1333 1641 1455 1668 omnino
1467 1646 1579 1674 magna
1592 1646 1647 1673 per
1669 1645 1725 1672 eos,
1742 1637 1795 1673 qui
1807 1643 1836 1664 se
1851 1635 1938 1670 digni

1112 1690 1193 1719 sunt,
1218 1686 1322 1721 efﬁcit.
1339 1687 1372 1713 Et
1394 1685 1424 1712 in
1442 1685 1529 1720 epist.
1544 1686 1596 1711 203
1620 1683 1664 1719 (p.
1677 1684 1758 1718 300):
1775 1681 1843 1710 Non
1858 1680 1936 1708 enim

1111 1732 1268 1767 ignoratis,
1290 1738 1352 1764 nos,
1362 1730 1465 1764 palam
1479 1728 1616 1756 omnibus
1638 1727 1818 1762 propositos,
1845 1724 1938 1753 veluti

1111 1776 1248 1810 scopulos
1263 1775 1294 1802 in
1312 1775 1391 1802 mari
1402 1774 1616 1808 prominentes,
1630 1773 1766 1808 furorem
1788 1771 1931 1806 ﬂuctuum

1111 1821 1319 1850 hereticorum
1333 1820 1470 1854 excipere
1482 1827 1488 1852 ;
1498 1825 1602 1854 eosque
1612 1817 1683 1845 dum
1693 1817 1776 1845 circa
1788 1823 1842 1843 nos
1850 1815 1937 1850 fran-

1110 1869 1235 1901 guntur,
1252 1873 1285 1893 ea
1299 1872 1364 1899 qua:
1379 1867 1459 1892 retro
1475 1871 1528 1891 nos
1542 1867 1621 1896 sunt,
1635 1870 1695 1890 non
1713 1861 1840 1889 altuere.
1855 1860 1934 1887 Illud

1111 1915 1221 1942 autem,
1235 1921 1248 1935 «
1260 1918 1325 1944 nos,
1344 1920 1357 1935 ››
1370 1917 1436 1937 cum
1451 1909 1528 1941 dico,
1545 1916 1604 1936 non
1618 1908 1659 1936 ad
1673 1907 1822 1935 humanas
1837 1905 1934 1939 refero

1110 1956 1249 1990 vires,sed
1265 1955 1304 1983 ad
1321 1955 1374 1982 Dei
1382 1953 1580 1989 gratiam,qui
1590 1953 1622 1980 in
1638 1952 1789 1980 hominum
1805 1950 1935 1978 imbecil-

1111 2001 1195 2029 litate
1214 2000 1379 2035 potentiam
1403 2005 1488 2026 suam
1512 1998 1658 2030 declarat,
1685 1995 1934 2032 quemadmodum

1109 2045 1287 2080 aitproheta
1297 2051 1334 2072 cs:
1341 2050 1472 2078 persona
1482 2042 1603 2070 Domini
1613 2042 1728 2069 dicens:
1738 2051 1752 2066 «
1764 2041 1811 2068 An
1824 2047 1869 2067 me
1877 2046 1932 2067 non

1109 2089 1259 2123 timebitis,
1276 2089 1327 2123 qui
1342 2094 1468 2115 arenam
1494 2086 1570 2114 mari
1590 2085 1749 2113 terminum
1762 2084 1850 2119 posui
1857 2084 1879 2101 ω
1892 2084 1906 2110 ?
1918 2094 1931 2107 »

1105 2134 1186 2162 Nam
1199 2141 1331 2161 omnuun
1346 2131 1552 2166 inﬁrmissima
1567 2138 1602 2158 ac
1614 2129 1758 2158 vilissima
1774 2135 1815 2162 re,
1828 2135 1930 2160 arena,

1107 2180 1210 2214 ingens
1229 2186 1266 2206 ac
1278 2185 1368 2212 grave
1379 2177 1505 2212 pelagus
1524 2175 1706 2204 constrinxit
1725 2174 1926 2208 Omnipotens.

1107 2223 1220 2252 Similia
1231 2222 1326 2250 habes
1340 2222 1370 2250 in
1383 2221 1563 2256 homiliajn
1591 2221 1669 2255 psal.
1692 2227 1762 2247 χχχιι
1785 2219 1826 2254 (p.
1854 2218 1928 2252 138):

1107 2268 1180 2296 Cum
1192 2268 1286 2302 igitur
1295 2267 1427 2294 audieris
1436 2266 1604 2302 quempiam
1613 2271 1724 2300 magna
1733 2264 1928 2296 minitantem,

1101 2314 1331 2348 jactantemque
1345 2319 1375 2339 se
1386 2311 1440 2338 tibi
1453 2311 1548 2339 omnis
1559 2309 1674 2345 generis
1686 2307 1928 2341 arumnas,dam-

1107 2364 1148 2385 na
1163 2359 1216 2385 aut
1228 2357 1350 2391 plagas,
1370 2359 1423 2384 aut
1436 2357 1558 2383 mortem
1577 2355 1747 2386 illaturum,
1767 2353 1879 2387 respice
1891 2351 1929 2380 ad

1107 2402 1267 2429 Dominum
1282 2401 1414 2435 gentium
1432 2400 1558 2428 consilia
1578 2399 1784 2432 dissipantem,
1798 2399 1825 2425 et
1837 2404 1928 2431 popu-

1109 2447 1207 2474 lorum
1231 2446 1425 2480 cogitationes
1450 2443 1668 2478 reprobantem.
1689 2444 1723 2470 Et
1738 2444 1853 2478 pOstea,
1871 2449 1900 2469 ιι.
1913 2443 1927 2468 9

1109 2496 1151 2527 (p,
1169 2491 1228 2521 140)
1242 2499 1249 2518 :
1264 2492 1368 2526 Neque
1382 2491 1478 2525 igitur
1491 2496 1545 2517 res:
1562 2496 1599 2516 ea:
1615 2488 1707 2516 armis
1726 2487 1877 2521 sufﬁciens
1891 2485 1927 2514 ad

1107 2536 1235 2564 salutem
1251 2536 1401 2563 auxilium
1418 2534 1515 2567 habet,
1535 2541 1630 2569 neque
1650 2532 1735 2568 fortis
1751 2532 1799 2560 vir
1817 2531 1873 2559 sibi
1891 2530 1927 2558 ad

1109 2581 1149 2609 ad
1164 2581 1264 2608 omnia
1280 2580 1419 2614 sufﬁcere
1431 2581 1536 2614 potest.
1553 2577 1742 2606 Imbecillitas
1756 2577 1832 2604 enim
1847 2579 1872 2603 et
1886 2575 1924 2602 in-

1109 2626 1237 2660 ﬁrmitas
1255 2627 1325 2653 sunt
1341 2625 1440 2652 omnia
1455 2623 1546 2651 simul
1566 2623 1710 2656 humana,
1734 2621 1760 2649 si
1774 2628 1841 2648 cum
1862 2627 1925 2648 vera

262 2788 286 2807 ⁵³
301 2789 386 2817 Rom.
400 2796 437 2825 χι,
454 2790 479 2816 5.
519 2789 542 2806 ⁵³
556 2786 633 2815 Psal.
651 2794 706 2819 LXI,
721 2787 747 2813 6.
787 2785 810 2803 ⁸ο
824 2786 846 2815 ll
862 2784 926 2814 Cor.
945 2794 961 2814 ν
977 2787 1018 2813 17.

1108 2784 1205 2814 'erem.
1218 2793 1246 2820 γ,
1262 2786 1307 2812 22.
