2027 3144
76 142 107 168 65
637 136 817 165 ELENCHUS
836 134 999 163 VETERUM
1017 135 1208 166 LIBRORUM.
1741 137 1775 167 66

63 203 178 237 potenti
192 202 415 235 comparentur.
434 199 600 234 Propterea
619 210 633 224 α
649 199 773 234 Inﬁrma
788 197 896 226 mundi
910 200 934 225 A
985 198 1102 233 Agmen
1118 199 1238 228 claudet
1250 199 1368 234 insigne
1382 200 1600 235 testimonium,
1615 200 1699 237 quod
1713 209 1728 229 e
1745 202 1774 230 S-

66 247 152 281 elegit
164 246 292 279 Deus,ut
303 244 470 279 confundat
477 244 609 278 fortiaﬁ‘.
616 255 629 268 ››
638 245 726 277 Ει,ε;ε
734 251 785 271 ore
794 243 895 277 in/‘an-

65 292 136 318 tium
149 293 176 318 et
190 291 367 320 iacientium
377 289 504 323 perfecit
518 288 684 321 laudem,ut
695 288 831 316 destruat
842 287 895 314 ini-

64 337 174 363 micum
190 338 216 362 et
234 334 418 367 ultorem”;»
430 341 500 361 nam
511 333 614 361 divina
629 333 730 368 gratia
745 333 777 360 in
793 333 896 367 infan-

65 380 143 407 tibus
151 387 189 407 ac
198 378 326 406 rudibus
341 379 615 412 operans,ma.rime
624 377 898 412 resplenduitJ’rB-

65 424 270 452 clarissimum
296 425 340 451 est
359 422 477 450 initium
501 423 587 458 epist.
608 425 668 453 161,
686 422 723 450 ad
745 421 898 457 Amphilo-

66 469 188 497 chium:
205 468 385 496 Benedictus
399 468 487 501 Deus,
503 468 556 503 qui
564 467 621 495 sibi
630 468 782 502 placentes
792 468 823 494 in
839 467 898 494 sin-

65 514 145 549 gulis
160 514 300 541 aetatibus
315 513 410 548 eligit,
423 513 630 548 electionisque
641 513 768 540 secernit
781 513 899 546 vasa,et

67 559 111 586 his
126 559 226 586 utitur
241 557 283 586 ad
296 557 494 585 ministerium
515 559 687 586 sanctorum
707 565 718 584 .·
743 557 794 592 qui
817 563 899 584 nunc

65 605 154 631 etiam
170 606 209 635 te,
226 610 296 630 cum
311 604 442 637 fugeres,
456 604 489 629 ut
511 604 604 629 tumet
617 601 734 636 dixisti,
749 609 810 629 non
834 609 898 635 nos,

65 647 117 676 sed
143 648 330 676 vocationem
342 655 432 682 quam
447 655 500 682 per
511 655 564 674 nos
576 647 715 682 futuram
729 646 900 681 suspicaba-

67 693 118 726 ris,
144 691 374 720 inevitabilibus
387 692 495 727 gratim
510 692 623 720 retibus
640 691 786 727 illigavit,
806 698 841 719 ac
868 691 899 719 in

66 737 194 765 mediam
209 737 357 764 Pisidiam
372 736 496 764 deduxit
508 739 541 763 ut
561 736 692 764 homines
707 737 834 764 Domino
850 743 900 764 ca-

950 242 1049 270 Basilii
1063 243 1192 278 Liturgia
1208 244 1424 281 depromptum
1439 246 1543 273 Petrus
1556 245 1704 274 Diaconus
1720 246 1777 280 (18)

951 288 1021 316 citat
1032 288 1061 316 in
1075 288 1152 316 libro
1159 290 1203 316 De
1214 290 1425 318 incarnatione
1434 294 1461 318 et
1472 291 1573 326 gratia
1584 293 1680 327 cap.8:
1697 291 1777 319 Hinc

952 333 1052 363 etiam,
1070 334 1176 370 inquit,
1191 335 1293 362 beatus
1316 337 1444 363 Basilius
1456 336 1649 364 Casariensis
1664 338 1778 370 episco-

950 385 1008 412 pus
1019 378 1049 405 in
1065 379 1202 406 oratione
1211 380 1293 407 sacri
1306 380 1518 416 altaris,quam
1529 389 1606 415 pene
1620 382 1778 410 universus

951 422 1126 458 frequentat
1141 423 1256 458 Oriens,
1267 424 1348 452 inter
1361 428 1467 453 czetera
1481 434 1487 453 :
1504 427 1596 461 Dona,
1612 426 1779 462 inquit,Do-

952 467 1192 502 mine,virtutem
1207 471 1234 496 et
1246 471 1458 504 tutamentum,
1471 470 1577 505 malos,
1590 478 1776 507 quaesumus,

953 511 1051 539 bonos
1067 511 1167 546 facito,
1190 512 1287 541 bonos
1297 513 1328 541 in
1343 513 1476 542 bonitate
1489 522 1653 548 conserva;
1674 515 1779 543 omnia

953 555 1034 584 enim
1049 559 1144 592 potes,
1160 561 1189 585 et
1202 565 1263 586 non
1276 561 1320 586 est
1334 559 1386 594 qui
1406 559 1591 588 contradicat
1605 559 1659 587 tibi
1676 567 1682 586 :
1708 567 1777 587 cum

952 601 1034 628 enim
1046 601 1187 634 volueris,
1201 602 1311 632 salvas.
1334 605 1363 630 et
1387 596 1610 631 nullus'resistit
1633 602 1780 631 voluntati

954 647 1023 674 tum.
1039 646 1114 674 Ecce
1136 654 1224 682 quam
1250 647 1388 682 breviter,
1413 656 1560 684 quamque
1574 648 1659 676 docte
1677 648 1780 675 doctor

954 691 1091 726 egregius
1104 691 1174 718 alim
1191 691 1261 720 huic
1276 693 1485 721 controversiae
1494 694 1584 727 ﬁnem
1597 693 1710 727 posuit,
1730 691 1781 720 do-

955 743 1023 763 cens
1031 743 1086 770 per
1099 735 1178 763 hanc
1188 743 1306 770 precem
1318 745 1379 764 non
1395 745 1412 765 a
1426 738 1539 772 seipsis,
1551 738 1602 765 sed
1612 745 1630 765 a
1644 737 1705 764 Deo
1720 744 1781 765 ma-

65 782 143 816 pias,
158 784 185 809 et
201 789 241 809 ea:
255 781 410 816 profundo
423 781 586 816 per-trahas
600 781 641 809 ad
652 781 758 814 lucem,
772 789 844 817 quos
857 788 901 808 ce-

957 781 999 808 los
1013 781 1145 809 homines
1161 782 1249 810 bonos
1261 782 1403 816 ﬁeri,nec
1415 791 1471 812 sua
1480 783 1656 820 virtute,sed
1671 782 1781 810 divinat

65 827 111 862 pit
121 825 272 859 diabolus,
285 828 318 853 ut
330 832 414 853 suam
428 826 522 860 ipsius
534 825 654 860 faciant
669 826 863 854 voluntatem.

955 827 1062 861 gratia
1078 827 1231 861 adjutort‘o
1246 828 1278 855 in
1294 827 1359 863 ipsa
1375 829 1507 858 bonitate
1519 835 1720 864 perseverare.

103 917 126 933 "
141 917 152 943 l
167 916 236 944 Cor.
251 923 272 950 l,
286 917 331 943 27.
371 915 395 932 ⁸³
405 914 484 944 Psal.
497 923 557 950 Vill,
569 917 603 950 3;
619 915 719 944 Matth.
731 924 786 949 xxi,
803 917 846 944 16.

106 1005 161 1041 (18)
177 1004 332 1034 Biblioth.
349 1005 450 1040 Putta,
466 1007 540 1033 tom.
557 1006 599 1042 Xl,
616 1012 647 1042 p.
662 1008 722 1035 198.

701 1227 1141 1291 ELENCHUS

79 1377 232 1408 Veterum
261 1377 415 1408 librorum
440 1377 481 1408 ad
508 1386 591 1416 quos
620 1380 732 1408 exacta
761 1381 792 1408 et
820 1379 992 1409 emendata
1020 1381 1095 1409 sunt
1122 1378 1233 1409 Basilii
1260 1388 1369 1418 opera,
1399 1388 1471 1418 quae
1497 1380 1529 1410 in
1545 1381 1605 1411 hoc
1619 1381 1783 1413 volumine

747 1428 750 1431 ’
826 1428 1039 1460 continentur.

104 1629 192 1657 Liber
206 1629 250 1657 De
263 1629 378 1663 spiritu
391 1630 495 1656 sancto
506 1635 576 1656 cum
591 1626 727 1664 quinque
738 1627 837 1662 Regiis
849 1627 1006 1656 codicibus
1021 1629 1050 1656 et
1066 1635 1127 1656 uno
1144 1627 1323 1656 Colbertino.

105 1682 148 1710 Ad
168 1682 326 1718 Epistolas
339 1682 370 1709 S.
388 1681 489 1709 Basilii
501 1689 613 1716 magno
629 1681 766 1709 exstitere
780 1681 920 1717 praesidio
931 1683 990 1710 tres
1004 1681 1198 1718 potissimum
1214 1682 1333 1710 codices
1356 1681 1567 1718 antiquissimi,
1585 1683 1787 1712 Coislinianus

72 1735 101 1756 n.
115 1730 177 1763 237,
193 1727 310 1756 saeculo
326 1726 441 1754 circiter
453 1726 614 1754 undecimo
628 1726 757 1764 scriptus
769 1734 776 1760 ;
792 1726 979 1760 Harlmanus,
990 1726 1109 1754 decimo
1125 1729 1177 1754 aut
1187 1726 1359 1762 undecimo,
1372 1726 1578 1760 etMedicmus,
1590 1735 1682 1764 quem
1693 1736 1788 1756 manu

73 1780 127 1800 sua
141 1771 374 1800 accuratissime
396 1779 466 1799 cum
482 1770 568 1799 editis
585 1771 709 1799 contulit
723 1771 767 1799 vir
789 1771 865 1799 inter
878 1770 1024 1799 litteratos
1049 1771 1263 1799 celeberrimus
1282 1771 1430 1800 Antonius
1443 1772 1532 1800 Maria
1557 1773 1719 1801 Salvinius.
1736 1773 1786 1800 His

71 1817 165 1845 tribus
180 1816 354 1852 codicibus,
372 1815 478 1844 saltem
490 1823 559 1843 cum
570 1816 657 1844 editis
672 1815 797 1844 contulit
809 1815 854 1843 vir
866 1816 942 1844 inter
956 1815 1101 1844 litteratos
1122 1815 1333 1844 celeberrimus
1349 1817 1496 1844 Antonius
1511 1817 1602 1845 Maria.
1618 1817 1781 1846 Salvinius.

72 1861 119 1890 His
133 1862 230 1890 tribus
245 1860 419 1896 codicibus,
432 1860 538 1889 saltem
565 1868 636 1888 cum
658 1860 734 1888 inter
749 1868 780 1888 se
796 1860 996 1894 consentiunt,
1014 1860 1082 1897 plus
1098 1860 1200 1888 visum
1219 1863 1265 1889 est
1280 1861 1486 1896 tribuendum,
1502 1869 1596 1898 quam
1610 1861 1676 1890 aliis
1690 1862 1787 1890 omni-

70 1906 138 1934 bus.
149 1906 273 1934 Primus
286 1905 501 1941 complectitur
515 1905 656 1941 epistolas
667 1907 729 1938 351,
744 1905 895 1933 Harlaeam

953 1906 996 1939 49,
1009 1905 1167 1934 Medicmus
1181 1908 1242 1934 323.

103 1961 167 1988 Huc
182 1967 345 1988 accessere
358 1958 453 1987 codex
464 1960 535 1994 Reg.
549 1960 629 1993 2293,
650 1958 722 1986 olim
737 1959 900 1987 cardinalis
915 1959 1064 1993 Mazax-ini,
1076 1960 1280 1996 complectens
1295 1959 1439 1996 epistolas
1450 1962 1511 1988 272.
1529 1960 1579 1988 Hic
1587 1961 1682 1989 codex
1694 1968 1788 1990 anno-

68 2012 135 2033 rum
148 2007 197 2032 est
209 2007 276 2036 500.
294 2006 325 2032 et
334 2003 451 2040 primus
466 2003 575 2038 Regius
591 2011 608 2031 a
623 2003 712 2031 nobis
725 2005 858 2032 vocatur.
876 2003 977 2032 Codex
990 2006 1060 2039 Reg.
1077 2006 1157 2038 2897,
1170 2012 1262 2040 quem
1273 2005 1442 2033 secundum
1458 2013 1615 2039 vocamus,
1638 2005 1787 2042 complec-

69 2050 139 2078 titur
148 2049 300 2086 epistolas
317 2050 380 2077 334.
398 2048 497 2077 Codex
523 2048 596 2083 Reg.
612 2050 694 2083 2896,
711 2048 869 2076 continens
885 2048 1028 2084 epistolas
1043 2051 1088 2078 33.
1102 2049 1203 2078 Codex
1225 2050 1294 2084 Reg.
1316 2050 1397 2085 2502,
1410 2051 1567 2078 continens
1581 2050 1722 2087 epistolas
1740 2052 1787 2079 29.

70 2094 172 2122 Codex
187 2095 263 2129 Reg.
284 2096 364 2127 1824,
387 2094 418 2121 in
437 2101 499 2130 quo
515 2095 575 2121 tres
588 2092 734 2129 epistolas,
749 2101 859 2130 nempe
874 2095 918 2129 43,
935 2095 985 2122 243
1000 2096 1029 2122 et
1041 2096 1103 2122 260.
1120 2094 1221 2122 Codex
1236 2095 1306 2130 Reg.
1333 2096 1411 2129 1906,
1427 2095 1459 2123 in
1471 2103 1533 2131 quo
1546 2094 1679 2132 epistolae
1705 2095 1784 2128 duae,

68 2147 178 2176 nempe
189 2142 207 2168 2
220 2142 251 2168 et
261 2141 308 2168 46.
323 2139 424 2167 Codex
440 2140 509 2175 Reg.
529 2140 608 2171 1908,
620 2138 651 2166 in
665 2146 727 2175 quo
738 2139 885 2175 reperitur
895 2139 1022 2175 epistola
1036 2138 1077 2167 ad
1095 2138 1261 2167 Chilonem.

103 2193 277 2222 Habuimus
290 2193 384 2221 etiam
394 2192 494 2221 varias
515 2191 658 2221 lectiones
671 2200 707 2220 ex
727 2192 884 2221 codicibus
897 2192 1137 2224 Combeﬁsianis,
1156 2192 1319 2228 Bigotianis
1335 2192 1468 2226 duobus,
1481 2193 1716 2221 Claromontano
1730 2195 1790 2221 An-

71 2238 202 2274 glicano,
229 2240 262 2267 in
287 2246 353 2275 quo
375 2238 512 2275 epistola
534 2240 578 2272 28,
605 2238 759 2273 Vaticano,
775 2238 807 2266 in
821 2246 883 2274 quo
907 2237 1042 2274 epistola
1066 2239 1127 2272 327,
1145 2245 1200 2265 nec
1223 2245 1286 2265 non
1309 2237 1436 2272 insignis
1456 2237 1594 2266 Ecclesia:
1614 2238 1789 2266 Parisiensis

72 2283 188 2319 codice,
214 2284 269 2320 qui
296 2283 381 2311 idem
395 2283 514 2311 videtur
528 2290 595 2311 esse
620 2290 656 2311 ac
671 2283 898 2318 Bigotianorum
914 2281 997 2310 alter.
1016 2281 1225 2318 Suppeditavit
1247 2281 1429 2310 bibliotheca
1454 2282 1637 2310 Coisliniana
1652 2282 1789 2311 codicem

71 2330 133 2361 288,
149 2328 181 2356 in
195 2337 262 2365 quo
279 2328 416 2365 epistolae
432 2330 494 2362 328,
510 2335 603 2364 quem
617 2327 836 2356 Coislinianum
865 2327 1035 2355 secundum
1050 2333 1212 2360 vocamus;
1235 2328 1263 2353 et
1279 2325 1353 2354 alios
1367 2326 1543 2358 nonnullos,
1559 2327 1589 2354 in
1604 2327 1717 2363 quibus
1731 2326 1789 2355 ali-

72 2375 144 2408 quot
170 2373 280 2401 Basilii
296 2372 442 2409 epistolaz.
459 2374 598 2401 Canones
624 2372 720 2400 Basilii
745 2372 847 2400 collati
873 2371 993 2400 fuerunt
1013 2379 1082 2399 cum
1098 2371 1236 2408 pluribus
1252 2371 1408 2399 codicibus
1428 2371 1565 2407 ejusdem
1584 2371 1788 2407 bibliothecae,

72 2424 106 2444 ex
128 2417 246 2454 quibus
270 2418 371 2445 codex
397 2419 449 2446 209
473 2417 546 2445 noni
561 2424 632 2445 esse
644 2416 747 2445 iaculi
760 2417 961 2454 existimatur,
975 2418 1090 2445 etcum
1115 2416 1212 2451 Regiis
1238 2415 1394 2444 codicibus
1410 2418 1490 2449 2038,
1507 2418 1588 2450 2039,
1606 2417 1689 2452 2043,
1705 2417 1786 2451 20H,-

73 2461 151 2494 2502,
165 2463 252 2499 2505,
268 2463 356 2496 2508,
372 2463 455 2498 2509,
472 2463 555 2491 3027.
