2027 3144
274 132 304 158 7|
968 129 996 157 S.
1017 129 1139 157 BASILII
1159 129 1270 158 MAGNI
1927 127 1959 152 72

275 193 463 220 momentum
479 191 508 219 in
520 193 680 228 utramque
696 193 812 228 partem
826 192 839 220 ?
851 193 924 220 Nam
941 191 966 219 si
992 198 1027 218 ex
1041 190 1101 225 lege

1162 200 1217 217 εστι
1243 193 1275 218 τὰ
1295 191 1361 217 αὖτὰ
1374 193 1417 218 καὶ
1431 190 1531 227 μεγάλα
1548 201 1554 206 -
1574 193 1611 224 τῷ
1636 190 1680 225 μὲν
1702 190 1821 225 συντόμῳ
1841 192 1888 218 τῆς
1901 197 1960 224 προ-

272 244 329 264 nec
346 245 441 264 unum
457 237 517 265 iota
530 245 585 264 nec
601 245 679 272 apex
695 245 773 264 unus
794 235 958 272 praeteribit
969 236 1003 269 ⁵⁷,
1030 243 1108 271 quo-

274 281 367 309 modo
378 281 466 308 nobis
484 283 582 309 tutum
605 281 692 309 fuerit
707 281 754 309 vel
779 280 983 308 minutissima.
1000 280 1107 307 transi-

277 325 355 354 lire?
381 328 415 353 At
439 334 507 361 quae
535 328 596 353 tute
623 333 641 353 a
660 325 747 353 nobis
772 325 923 353 enucleari
938 324 1108 360 postulasti,

279 370 386 399 eadem
397 370 506 404 exigua
522 372 590 397 sunt
601 372 630 398 et
645 377 757 404 magna
775 378 781 396 ε
794 369 970 405 prolationis
983 369 1108 405 quidem

276 414 457 450 compendio
467 414 681 450 exigua,atque
695 414 735 441 ob
743 414 773 442 id
783 414 910 442 fortasse
921 412 1109 449 contemptui

273 459 415 492 obnoxia,
431 459 485 487 sed
501 467 600 486 rerum
618 459 857 494 significatarum
872 459 898 487 vi
914 467 1028 494 magna
1045 467 1051 485 ε
1068 458 1108 486 ad

274 503 502 532 similitudinem
514 503 727 539 sinapis,quod
737 512 807 531 cum
819 504 857 531 sit
869 502 1106 531 minutissimum

271 548 349 576 inter
361 547 446 576 arida
468 548 594 583 semina,
609 548 634 575 si
654 556 727 576 cura
742 548 845 576 debita
859 547 1051 582 adhibeatur,
1075 547 1106 575 in

273 593 460 622 altitudinem
474 593 548 620 satis
569 601 715 628 magnam
729 593 872 628 exsurgit,
887 593 939 621 ubi
955 593 1000 621 vis
1024 593 1054 621 in
1070 600 1106 620 eo

272 637 367 665 latens
380 645 445 665 sese
461 637 635 673 explicuerit
648 638 681 665 ⁵³.
699 637 786 670 Quod
807 638 832 665 si
856 637 925 673 quis
941 637 1028 672 ridet,
1054 644 1107 664 no-

273 684 368 709 strum
383 681 487 709 videns
499 682 577 710 circa
588 682 733 717 syllabas,
745 684 777 711 ut
794 682 902 718 psalmi
916 681 1013 710 verbis
1027 683 1105 714 utar,

272 726 492 754 tabulationem
505 728 528 744 ”
547 735 553 759 ;
584 727 649 762 ipse
669 727 792 762 quidem
808 727 944 755 futurum
971 726 1054 759 sciat,
1074 728 1107 754 ut

271 771 483 806 intrugiferum
500 771 545 798 sui
577 771 655 799 risus
671 771 801 799 fructum
822 773 913 799 metat
930 780 935 798 :
965 778 1020 799 nos
1035 778 1106 798 vero

271 815 516 852 haudquaquam
532 815 671 844 cedentes
687 816 846 844 hominum
866 816 1020 849 conviciis,
1049 822 1106 842 nec

1163 239 1242 273 φορᾶς
1257 235 1372 273 βραχέα,
1395 238 1438 262 καὶ
1463 233 1509 262 διὰ
1533 238 1609 261 τοῦτο
1634 235 1699 264 ἴσως
1726 233 1938 268 εὐκαταφρόνητα
1953 243 1959 249 -

1162 284 1192 316 τῇ
1215 279 1244 307 δὲ
1260 279 1369 317 δυνάμει
1397 285 1446 306 τῶν
1466 281 1661 316 σημαινομένων
1686 278 1796 314 μεγαλα,
1828 278 1895 303 κατά
1917 279 1960 305 τήν

1162 324 1248 351 εἰκονα
1271 329 1316 351 τοῦ
1338 326 1475 358 σινάπεως,
1506 325 1518 350 ὁ
1542 326 1697 360 μικρότατον
1717 323 1744 349 ὁν
1769 326 1819 348 τῶν
1841 331 1961 358 φρυγανι-

1161 373 1212 395 χῶν
1238 371 1402 406 σπερμάτων,
1428 374 1476 400 τῆς
1502 369 1689 405 προσηκούσης
1716 366 1858 402 ἐπιμελείας
1879 365 1960 397 ἀξιω-

1163 414 1214 447 Θὲν,
1241 414 1276 445 εἰς
1296 414 1362 449 ὕψος
1386 415 1512 451 αὔταρκες
1538 412 1718 447 διανίσταται,
1740 416 1786 442 τῆς
1815 420 1962 448 συνεσπαρ-

1161 460 1239 494 μένης
1255 458 1279 485 ἔν
1293 458 1363 494 αὖτῴ
1386 457 1521 495 δυνάμεως
1537 457 1712 487 ἁπλωθείσης.
1729 456 1759 482 Εἰ
1783 454 1812 482 δέ
1826 466 1866 486 τις
1891 455 1961 491 γελᾷ,

1161 501 1262 538 βλέπων
1285 505 1331 532 τὴν
1357 506 1415 539 περὶ
1440 504 1484 533 τὰς
1512 501 1642 532 συλλαϐὰς
1664 503 1747 538 ἡμῶν,
1775 500 1913 537 ψαλμικῶς
1932 499 1964 526 ti.-

1160 551 1227 581 πεῖν,
1262 546 1433 583 ἀδολεσχίαν,
1466 547 1544 577 αὐτὸς
1574 548 1618 583 μὲν
1656 548 1714 580 (28)
1753 547 1820 571 ἵστω
1849 544 1962 581 ἀνωφελῆ

1160 594 1258 629 καρπὸν
1281 585 1332 618 ⁹τοῦ
1356 592 1466 628 γέλωτος
1497 590 1654 628 δρεπόμενοί
1671 601 1676 607 ·
1699 591 1775 626 ἡμεῖς
1799 588 1828 616 δὲ
1847 592 1883 625 μὴ
1910 592 1966 619 τοῖς

1161 635 1274 662 ὀνείδεσι
1293 639 1342 662 τών
1367 636 1507 673 ἀνθρώπων
1523 634 1648 668 ἐνδόντες,
1675 637 1741 671 μήτε
1764 639 1800 669 τῷ
1827 634 1966 670 φαυλισμῷ

1161 681 1245 707 αὐτῶν
1277 682 1442 715 ἡττηθέντες,
1472 683 1519 710 τὴν
1548 682 1651 718 ἔρευναν
1688 679 1880 715 καταλίπωμεν.
1920 681 1967 706 Το-

1161 729 1254 752 σοῦτον
1273 727 1323 762 γὰρ
1340 724 1431 762 ἀπέχω
1447 735 1547 756 τοιιτοις
1568 727 1600 756 ὡς
1615 729 1716 762 μικροῖς
1743 723 1965 760 ἐπαισχύνεσθαι,

1160 771 1237 804 ὥστε,
1255 770 1276 796 εἰ
1294 773 1338 796 καὶ
1357 770 1501 797 πολλοστοῦ
1529 772 1621 806 μέρους
1643 774 1688 800 τῆς
1711 768 1785 800 ἀξίας
1812 769 1896 795 αὐτῶν
1919 768 1967 804 ἐφ-

1161 817 1275 850 ικοίμην,
1303 814 1405 851 ἐμαυτῷ
1429 825 1456 841 τε
1485 814 1514 840 ἆν
1541 815 1699 844 συνησθεὶην
1719 815 1753 844 ὡς
1768 813 1885 850 μεγάλων
1909 812 1967 845 agi-

272 860 394 889 illorum
409 860 629 896 vituperatione
655 861 725 888 victi
748 860 882 889 studium
902 859 1101 894 investigandi

1160 860 1260 892 ωθέντι,
1287 863 1323 895 τῷ
1345 869 1371 886 τε
1403 858 1616 897 συνδιιριυνῶντι
1638 858 1695 888 (29)
1720 859 1782 894 ἡμῖν
1807 856 1909 894 ἀδελφῷ
1936 858 1966 884 οὗ

274 906 464 935 deseramus.
485 906 613 933 Tantum
626 909 707 933 enim
723 905 817 938 abest,
835 908 867 933 ut
881 913 929 934 me
940 906 1049 933 harum
1063 912 1106 932 re-

274 959 343 979 rum
359 952 504 986 tanquam
519 950 706 978 minutarum
726 950 849 986 pudeat.
867 953 899 978 ut
917 950 942 978 si
956 949 1003 978 vel
1019 949 1106 977 mini-

274 1004 358 1024 mam
372 995 525 1030 dignitatis
540 1003 645 1023 earum
660 999 777 1031 partem
790 995 1017 1032 attingam,tum
1032 994 1107 1023 mihi

272 1040 477 1076 gratulaturus
505 1040 573 1072 sim,
602 1043 633 1068 ut
659 1048 772 1075 magna
794 1041 936 1077 quoidam
953 1042 1104 1073 assecuto,

272 1087 336 1113 tum
342 1084 592 1113 fratrinobiscum
602 1085 667 1112 haec
679 1086 880 1120 perscrutanti
886 1093 947 1113 non
954 1085 1106 1114 mediocre

271 1129 390 1158 lucrum
404 1129 475 1157 hinc
490 1129 626 1157 dicturus
641 1129 811 1158 obvenisse.
829 1131 944 1166 Itaque,
974 1138 1046 1157 cum
1075 1130 1106 1158 in

271 1173 405 1202 minimis
426 1173 525 1201 verbis
541 1173 728 1209 conspiciam
753 1177 905 1202 certamen
929 1174 1105 1207 maximum,

272 1226 326 1255 spe
340 1218 459 1255 praemii
473 1226 535 1246 non
554 1218 688 1246 detrecto
707 1218 843 1247 laborem
860 1228 866 1246 :
893 1221 977 1247 ratus
993 1227 1107 1247 sermo-

271 1271 342 1291 nem
359 1265 422 1291 tum
437 1262 511 1290 mihi
534 1262 598 1290 fore
613 1263 728 1298 utilem,
745 1265 809 1291 tum
823 1264 1016 1292 audientibus
1034 1264 1106 1292 satis

1160 906 1253 941 μικρὸν
1268 904 1297 930 ἂν
1314 907 1392 940 φαίην
1408 905 1519 931 ἐντεῦθεν
1537 904 1712 934 ἀπηντηκέναι
1728 905 1756 931 τὸ
1785 901 1888 939 κέρδος,
1910 905 1966 929 Με-

1160 959 1250 985 γιστον
1274 948 1319 976 οὖν
1345 950 1410 987 ὁρῶν
1426 949 1449 976 ἐν
1465 953 1569 987 μικροῖς
1588 950 1691 986 ῥήμασι
1710 950 1739 974 τὸ
1757 951 1908 984 ἀγώνισμα,
1926 947 1965 974 ἑλ-

1160 993 1221 1021 πίδι
1235 999 1284 1020 τῶν
1297 996 1398 1031 μισθῶν
1418 996 1460 1021 τὸν
1476 997 1552 1022 πόνον
1579 994 1626 1021 οὐκ
1643 992 1801 1030 ἀναδύομαι,
1818 992 1925 1029 ἐμαυτῷ
1941 1003 1969 1021 τι

1161 1039 1301 1075 ἠγονμενος
1314 1041 1441 1075 ἔγκαρπον
1466 1041 1508 1066 τὸν
1536 1039 1611 1075 λόγον
1627 1039 1746 1072 ἔσεσθαι,
1763 1042 1814 1068 τοῖς
1834 1047 1860 1065 τε
1889 1036 1969 1064 ἀκού·

1161 1094 1221 1110 ουσι
1241 1082 1336 1121 διαρκῆ
1357 1086 1402 1113 τήν
1429 1083 1550 1120 ὠφελιιαν
1566 1083 1699 1120 ὑπάρξειν.
1726 1084 1817 1119 Διόπερ
1842 1080 1896 1112 ἤδη
1920 1084 1968 1109 σὺν

1161 1129 1230 1164 αὑτῴ
1259 1138 1298 1164 γε,
1316 1129 1393 1164 φάναι
1408 1129 1475 1162 (30),
1500 1132 1536 1164 τῷ
1564 1128 1630 1164 ἁγίῳ
1659 1129 1790 1164 Πνεύματι
1817 1125 1968 1164 βαδιοῦμαι

1160 1175 1223 1210 πρὸς
1238 1174 1284 1202 τὴν
1301 1172 1433 1208 ἐξήγησιν.
1460 1175 1510 1199 Καὶ
1525 1172 1547 1198 εἰ
1561 1171 1650 1208 βούλει
1665 1173 1730 1199 ὥστε
1743 1182 1774 1208 με
1789 1171 1822 1202 εἰς
1837 1170 1900 1199 ὁδὸν
1923 1181 1968 1198 κα-

1161 1222 1289 1246 ταστῆναι
1307 1221 1353 1243 τοῦ
1380 1217 1467 1252 λόγου,
1492 1219 1585 1253 μικρὸν
1602 1216 1644 1243 ἰπὶ
1659 1219 1707 1246 τὴν
1723 1216 1810 1254 ἀρχὴν
1837 1220 1883 1243 τοῦ
1903 1226 1968 1253 προς

1161 1261 1290 1298 ϐλήματος
1302 1262 1458 1298 ὑποπρέψω
1476 1262 1500 1298 (3
1507 1264 1515 1289 1

271 1315 418 1344 magnum
431 1307 562 1335 fructum
578 1307 750 1337 allaturum.
765 1309 956 1344 Quapropter
967 1317 1038 1337 cum
1051 1310 1118 1345 ipso
1125 1307 1190 1343 jam
1201 1306 1377 1339 (dicendum
1393 1307 1473 1334 enim
1487 1308 1541 1337 est)
1553 1309 1658 1335 sancto
1674 1306 1784 1342 Spiritu
1809 1306 1849 1335 ad
1863 1306 1967 1343 expla-

270 1352 425 1381 nationem
441 1351 596 1380 accedam.
612 1354 645 1381 Et
658 1352 682 1380 si
693 1353 738 1381 vis
753 1355 784 1381 ut
795 1361 843 1381 me
855 1353 887 1381 in
898 1353 1112 1390 disputationis
1127 1353 1210 1382 viam
1222 1352 1421 1385 inducam,ed
1435 1351 1527 1388 hujus
1539 1351 1716 1388 quaestionis
1731 1351 1881 1388 originem
1891 1359 1966 1388 pau-

269 1397 362 1433 lisper
381 1396 538 1425 divertam.

305 1443 334 1469 3.
352 1443 451 1477 Nuper
463 1442 600 1478 precanti
615 1442 690 1471 mihi
704 1451 774 1472 cum
789 1444 914 1480 populo,
931 1446 959 1472 et
975 1446 1102 1480 utroque

269 1485 363 1514 modo
376 1486 626 1534 gloriﬁcationem
642 1487 812 1516 absolventi
826 1490 886 1517 Deo
899 1496 934 1516 ac
951 1489 1037 1522 Patri,
1059 1489 1102 1516 in-
1119 1509 1139 1534 Ο

270 1531 389 1558 terdum
406 1539 476 1559 cum
492 1531 565 1559 Filio
581 1539 643 1559 una
659 1540 728 1560 cum
757 1535 861 1561 sancto
878 1533 998 1569 Spiritu,
1013 1533 1101 1561 inter-

269 1574 345 1603 dum
365 1583 418 1611 per
431 1575 537 1603 Filium
553 1576 584 1604 in
600 1579 705 1604 sancto
721 1577 833 1613 Spiritu
847 1585 853 1611 ;
871 1577 996 1613 quidam
1016 1585 1052 1606 ex
1066 1578 1102 1606 iis

269 1620 322 1655 qui
337 1619 592 1651 aderant.crimen
607 1621 812 1656 intenderunt,
823 1622 957 1650 dicentes
971 1631 1027 1651 nos
1040 1631 1102 1651 non

270 1664 363 1692 modo
376 1665 541 1700 peregrinis
556 1674 590 1694 ac
602 1666 690 1694 novis
704 1667 745 1695 uti
760 1667 1002 1702 vocibus,verum
1011 1668 1102 1696 etiam

270 1709 348 1737 inter
374 1717 406 1737 se
437 1711 655 1746 pugnantibus.
669 1713 710 1739 Tu
725 1719 815 1747 porro
835 1712 966 1740 maxime
981 1712 1102 1742 illorum

270 1753 395 1782 utilitate
415 1755 587 1786 consulens,
603 1759 654 1783 aut
668 1756 692 1783 si
708 1764 832 1792 prorsus
847 1757 905 1793 ipsi
916 1757 1102 1786 insanabiles

271 1797 341 1832 sint,
359 1801 460 1826 tamen
476 1802 599 1835 propter
616 1801 786 1837 eorum,qui
796 1801 827 1829 in
842 1801 992 1836 ejusmodi
1004 1802 1102 1830 homi-

269 1851 323 1871 nes
351 1843 498 1879 incidunt,
513 1846 715 1880 securitatem,
733 1846 895 1881 postulasti
922 1847 1102 1883 quampiam

269 1888 436 1916 dilucidam
464 1889 634 1918 doctrinam
661 1890 698 1918 de
725 1890 753 1918 vi
775 1891 884 1919 harum
915 1891 1102 1928 syllabarum

269 1933 415 1968 evulgari.
430 1935 496 1962 Jam
509 1935 600 1969 igitur
622 1935 712 1963 nobis
721 1935 852 1964 breviter
870 1936 1034 1965 dicendum
1047 1940 1101 1970 est,

268 1982 419 2014 quantum
435 1979 564 2007 orationi
579 1981 679 2008 ratum
694 1980 852 2016 quoddam
868 1983 896 2010 et
912 1982 1103 2018 exploratum

268 2023 452 2059 principium
467 2024 653 2059 ponentibus
665 2024 729 2053 ﬁeri
741 2027 850 2061 potest.

303 2086 327 2103 ⁴¹⁷
343 2086 441 2114 Matth.
458 2094 485 2119 v,
502 2088 544 2114 18.
583 2087 606 2104 ⁸³
618 2087 718 2121 Matth,
736 2096 793 2120 xui.
809 2090 853 2123 3t,
867 2091 911 2117 32.

303 2148 360 2183 (28)
372 2148 464 2188 "Mi-£3;
476 2150 531 2188 μέν.
543 2149 617 2188 Beg.
631 2150 733 2188 tertius
743 2151 825 2188 αὐτὸς
835 2153 880 2188 μὲν
897 2151 1010 2188 ἀνωφελῆ
1033 2164 1096 2188 mp-

267 2181 315 2224 πρν
337 2181 382 2209 τοῦ
395 2219 399 2224 .
411 2181 512 2224 γελοξον
533 2181 682 2224 eaeaeae.
699 2186 819 2214 Videtur
835 2181 983 2216 .Erasmus
999 2181 1039 2217 ita
1054 2181 1096 2218 le-

268 2220 346 2260 gisse
357 2227 364 2252 ;
377 2220 419 2246 sic
432 2220 512 2260 enim
531 2220 740 2260 interpretatur
757 2231 763 2249 :
780 2223 846 2258 Ipse
860 2225 979 2259 quidem
997 2226 1098 2260 infru-

267 2255 396 2289 giferum
412 2255 491 2290 risus
505 2257 553 2283 sui
564 2255 701 2290 fructum
713 2255 817 2286 metut.

304 2291 360 2324 (29)
375 2289 598 2332 sumitspach-{sn
612 2293 671 2320 Hac
686 2301 760 2332 voce
775 2294 900 2332 Basilius
917 2304 979 2324 non
1004 2296 1094 2332 adju—

267 2327 527 2368 toremet‘socium.
537 2327 668 2368 aliquem
679 2330 777 2365 operis
788 2330 938 2368 designat.
956 2334 986 2359 ut
999 2327 1095 2368 suspi-

267 2363 351 2403 catur
364 2361 647 2403 Tille‘mlontiusfsed
662 2361 804 2403 lectorem
817 2361 1094 2403 stuvdiosumddq‘ue

266 2397 358 2435 paulo
373 2400 440 2432 past
455 2398 588 2427 declarat
603 2401 746 2435 apertius.

272 2468 278 2473 _
301 2433 358 2468 (30)
370 2434 500 2475 ξύν’-αὐτῇ
515 2445 552 2470 γε,
579 2433 728 2475 φέναιηδίο
748 2437 845 2475 reddit
861 2439 1011 2469 Erasmus,
1026 2447 1093 2467 cum

266 2471 340 2509 ipso,
356 2472 389 2496 ut
411 2471 576 2509 ita_dican_2.
593 2472 708 2509 Spiritu
723 2482 729 2507 ;
750 2474 838 2509 quasi
853 2477 999 2502 metueret
1014 2475 1094 2502 Basi-

266 2503 325 2545 lius
342 2511 380 2545 ne
391 2505 483 2545 paulo
495 2503 877 2545 audaciprhfec'lo‘quendi
890 2510 966 2538 ratio
981 2510 1096 2538 videre—

268 2541 410 2580 tur.‘_Visa
424 2544 468 2580 est
490 2541 785 2580 Combeﬁsiorrudis-
794 2546 917 2573 Erasmi
931 2547 1093 2580 expressio,

237 2606 241 2610 _
265 2583 302 2615 ac
312 2575 392 2615 illud
403 2578 483 2615 φάναι.
493 2578 524 2605 in
534 2578 559 2612 ej
566 2579 767 2607 usmodilocis
786 2588 894 2608 vacare
909 2575 1093 2615 pronuntiat;

265 2611 323 2651 Sed
331 2611 426 2640 multo
442 2611 630 2651 minups’mihi
649 2615 797 2650 probatur
811 2611 982 2643 Combéfisii
997 2615 1097 2644 obser-

263 2649 356 2687 vatio,
371 2655 464 2687 quam
474 2649 569 2685 ipsius
579 2649 782 2686 interpretatio
798 2651 922 2687 Erasini.
937 2653 1002 2678 Non
1012 2652 1092 2680 enim

264 2685 360 2722 otiose
371 2685 503 2722 positum
514 2693 591 2719 esse,
612 2688 640 2714 et
655 2685 716 2721 quo
727 2694 818 2722 sensu
829 2686 1041 2721 accipiendum
1055 2688 1093 2716 sit

263 2717 338 2746 illud
338 2717 430 2757 -φᾶναι
439 2721 569 2757 perspici
580 2717 677 2757 potest
692 2730 729 2749 ex
743 2721 819 2749 libro
836 2717 970 2750 secundo
985 2724 1091 2752 adver-

263 2761 313 2781 sus
332 2757 523 2787 Eunomium,
536 2764 564 2792 p.
581 2759 641 2791 256,
657 2757 709 2784 ubi
732 2757 857 2785 Basilius
869 2757 998 2786 difﬁcilis
1016 2760 1089 2788 Scri-

262 2791 358 2827 ptum
381 2791 544 2820 testimonii
564 2792 795 2828 explicationem
814 2794 1004 2830 promittens,
1024 2795 1090 2824 haec

1193 1443 1219 1470 3.
1244 1443 1452 1478 Προσευχομένῳ
1481 1451 1526 1477 μοι
1554 1443 1644 1478 πρώην
1669 1442 1733 1477 μετὰ
1757 1445 1802 1468 τοῦ
1824 1441 1900 1474 λαοῦ,
1922 1443 1966 1468 καὶ

1156 1486 1308 1522 ἀμφοτέρως
1344 1488 1391 1515 τὴν
1426 1484 1580 1521 δοξολογὶαν
1612 1485 1805 1524 ἀποπληροῦντι
1837 1490 1874 1521 τῷ
1905 1490 1965 1521 Θεῷ

1157 1532 1201 1556 καὶ
1217 1532 1311 1567 Πατρὶ,
1333 1534 1377 1556 νῦν
1393 1531 1437 1566 μὲν
1457 1531 1523 1566 μετά
1542 1534 1592 1566 μοῦ
1618 1532 1680 1557 Tia-3
1705 1533 1752 1557 σὺν
1767 1530 1802 1567 τῷ
1831 1532 1965 1567 Πνιύματι

1157 1579 1192 1609 τῲ
1215 1575 1290 1611 ἁγιῳ,
1305 1579 1349 1601 νῦν
1365 1573 1394 1601 δὲ
1414 1573 1460 1600 διὰ
1484 1579 1528 1601 τοῦ
1549 1576 1610 1602 Υἰοῠ
1626 1575 1649 1601 ἐν
1673 1580 1709 1611 τῷ
1723 1576 1780 1610 (32)
1800 1575 1867 1611 ἁγίῳ
1885 1577 1964 1602 Πντύ-

1156 1628 1231 1654 ματι,
1247 1617 1396 1654 ἐπέσκηψαν
1413 1628 1479 1649 τινες
1493 1623 1543 1645 τῶν
1555 1621 1698 1655 παρόντων,
1716 1619 1879 1651 ξενιζούσαις
1894 1620 1965 1655 ἡμᾶς

1157 1667 1250 1699 φωναῖς
1264 1664 1415 1699 κεχρῆσθαι
1429 1663 1553 1699 λέγοντες,
1567 1667 1612 1690 καὶ
1631 1664 1687 1700 ἅμα
1700 1666 1763 1700 πρὸς
1777 1663 1888 1694 ἀλλήλας
1902 1665 1964 1690 ὑπε-

1156 1710 1264 1738 ναντίως
1277 1707 1415 1744 ἐχούσαις.
1433 1710 1467 1734 Σὺ
1480 1706 1509 1734 δὲ
1520 1708 1636 1744 μάλιστα
1648 1704 1752 1745 μὲνγτῆς
1765 1709 1848 1734 αὐτῶν
1860 1707 1962 1735 ἐκείνων

1157 1753 1236 1778 ἕνεκεν
1256 1752 1384 1788 ὠφελείας,
1402 1753 1424 1779 εἰ
1438 1751 1468 1779 δὲ
1483 1752 1592 1783 ἀνιάτως
1605 1755 1698 1788 ῖχουσι
1715 1756 1856 1787 παντελῷς,
1871 1751 1920 1779 διὰ
1933 1753 1961 1779 τό

1156 1801 1205 1822 τῶν
1221 1796 1431 1833 ἐντυγχανόντων
1455 1798 1544 1829 αὐτοῖς
1564 1797 1675 1833 impedi;
1701 1797 1817 1829 ἠξίωσας
1833 1807 1891 1824 τινα
1905 1797 1961 1824 εὔκ-

1155 1845 1212 1879 ρινῆ
1239 1843 1298 1878 περὶ
1322 1845 1371 1873 τῆς
1383 1841 1407 1868 ἐν
1419 1846 1474 1872 ταῖς
1488 1841 1628 1873 συλλαϐαῖς
1641 1843 1749 1872 ταύταις
1764 1840 1899 1879 δυνάμεως
1917 1839 1960 1868 δι-

1158 1884 1304 1912 δασκαλίαν
1336 1887 1525 1923 ἐκφωνηθῆναι.
1553 1889 1661 1914 Λεκτέον
1688 1886 1722 1916 δὴ
1753 1885 1796 1913 οὖν
1825 1888 1889 1924 ἡμῖν
1914 1884 1962 1913 διὰ

1158 1930 1293 1969 βραχέων,
1310 1933 1343 1962 ὡς
1363 1932 1416 1958 οἷόν
1440 1941 1467 1958 τε
1494 1931 1582 1969 ἀρχὴν
1607 1942 1665 1958 τινα
1691 1931 1902 1968 ὁμολογουμένην
1920 1935 1960 1965 τῷ

1157 1975 1225 2012 λόγῳ
1242 1974 1367 2008 διδόντας
1387 1977 1454 2011 (33).

951 2091 974 2107 ⁶⁹
991 2090 1070 2119 Psal.
1088 2099 1184 2126 cxvui,
1200 2093 1247 2120 85.

1151 2154 1324 2190 interponit,
1343 2157 1390 2180 σὺν
1407 2158 1463 2191 Θεῷ
1480 2153 1504 2180 δ’
1519 2154 1644 2191 εἰρήσθω,
1660 2155 1741 2190 quod
1757 2154 1877 2189 quidem
1894 2162 1962 2183 cum

1150 2191 1211 2218 Deo
1223 2191 1336 2218 dictum
1343 2190 1513 2223 sit.Quibus
1520 2190 1619 2218 verbis
1627 2190 1846 2226 signiﬁcantius
1857 2193 1963 2218 monet

1151 2234 1182 2253 se
1198 2234 1260 2254 non
1275 2226 1336 2254 suis
1351 2225 1478 2261 viribus,
1493 2226 1544 2254 sed
1556 2226 1607 2254 Dei
1627 2226 1739 2254 auxilio
1751 2226 1914 2253 conﬁdere.
1933 2226 1962 2254 Si

1150 2262 1218 2298 quis
1232 2264 1334 2298 autem
1350 2262 1490 2298 observet
1502 2262 1572 2289 inde
1588 2264 1692 2289 natam
1706 2261 1774 2289 libri
1785 2263 1827 2290 De
1839 2263 1961 2298 Spiritu

1149 2301 1253 2325 sancto
1269 2297 1420 2325 scribendi
1440 2297 1630 2325 occasionem
1645 2297 1748 2333 fuisse,
1766 2297 1849 2333 quod
1865 2299 1961 2325 Pneu-

1149 2333 1700 2371 matomachifuriisexarsissent,cum
1711 2333 1961 2371 BasiliusPatriet
2004 2367 2006 2371 η

1149 2369 1220 2396 Filio
1230 2376 1298 2396 cum
1312 2369 1423 2404 Spiritu
1430 2371 1532 2396 sancto
1541 2368 1668 2403 gloriam
1676 2369 1823 2403 redderet;
1832 2369 1859 2396 is
1871 2369 1960 2397 facile

1148 2404 1308 2440 perspiciet
1321 2403 1458 2440 nonrsine
1470 2412 1563 2440 causa
1574 2403 1716 2431 Basilium
1725 2404 1797 2432 illud
1811 2405 1890 2440 φάναι
1907 2404 1960 2432 ad-

1148 2439 1229 2472 dere,
1247 2440 1301 2467 sed
1326 2442 1357 2467 ut
1384 2439 1496 2467 indicet
1524 2439 1581 2466 sibi
1596 2439 1842 2468 adversariorum
1858 2441 1960 2468 minas

1149 2476 1222 2503 tanti
1232 2482 1293 2503 non
1307 2482 1382 2508 esse,
1405 2477 1437 2502 ut
1453 2475 1533 2503 hanc
1546 2475 1692 2511 loquendi
1708 2476 1868 2511 rationem,
1891 2484 1961 2504 cum

1150 2498 1399 2550 amasse,
1407 2498 1700 2550 Ηυξῆἷᾴἶόζὸῖπόξι
1708 2498 1806 2540 ’1ῑόὶῖ
1810 2498 1881 2550 ἱιῖἔθ
1885 2498 1938 2540 [ἱεῑὶ
1941 2498 1962 2547 ἱζ

1149 2554 1296 2582 usurpare
1310 2546 1438 2574 desinat.
1454 2546 1610 2575 Basilianeé
1626 2555 1698 2582 ergo
1724 2547 1880 2575 sententias
1895 2546 1964 2576 ner-

1147 2590 1203 2610 vos
1218 2582 1299 2609 elidit
1324 2581 1536 2615 Combeﬁsius,
1549 2590 1621 2610 cum
1636 2581 1677 2611 ita
1691 2583 1864 2611 redendum
1891 2591 1963 2612 esse

1148 2618 1402 2654 Ρτοιιυιιῐὶειῌρεο
1407 2618 1526 2652 Spiritu
1538 2619 1663 2653 favente
1671 2619 1800 2654 beneque
1815 2620 1962 2654 propitio.

1183 2653 1240 2690 (δι)
1263 2653 1441 2690 Ὑποστρέψω.
1473 2654 1520 2682 Sic
1550 2654 1618 2682 libri
1642 2653 1766 2683 veteres.
1797 2655 1875 2682 Editi
1905 2655 1963 2681 ἔπι-

1148 2689 1259 2725 στρέψω.
1278 2689 1392 2717 Ibidem
1406 2691 1476 2724 Reg.
1489 2693 1616 2726 quartus
1627 2693 1834 2727 προσευχομένῳ
1850 2700 1896 2728 μοι
1909 2692 1962 2717 πά-

1145 2723 1197 2754 λαι,
1210 2733 1255 2753 me
1268 2725 1417 2754 quondam
1432 2730 1585 2754 precante.

1154 2735 1197 2758 tu,
1210 2733 1255 2753 me
1268 2733 1417 2760 quonaam
1430 2733 1585 2760 precante.

1180 2735 1197 2758 ι,
1210 2734 1255 2753 me
1268 2734 1417 2766 quonaam
1430 2734 1586 2767 precante.
1852 2763 1857 2768 _
1879 2762 1885 2767 ﬁ

1180 2761 1235 2796 (32)
1249 2761 1288 2788 Ἐν
1301 2765 1347 2796 τῷ.
1357 2762 1506 2790 Articulus
1517 2762 1640 2791 additus
1654 2770 1690 2791 ex
1703 2770 1776 2790 mss.
1790 2762 1960 2792 codicibus.

1180 2797 1235 2833 (33)
1253 2795 1388 2828 Διδόντας.
1411 2799 1474 2826 Duo
1501 2797 1624 2826 codices
1649 2798 1732 2834 Regii
1756 2796 1847 2831 δοῦσι,
1873 2798 1961 2835 quod
