2027 3144
89 137 120 163 73

357 197 555 222 ΚΕΦΔΛΛΙΟΝ
574 194 608 222 Β’.

87 251 162 276 Ποίαν
191 250 269 284 ἔσχεν
302 247 389 285 ἀρχὴν
432 249 447 276 ἡ
482 250 541 285 περὶ
584 249 631 277 τὰς

312 285 449 321 αἰρετικῶν
461 286 643 320 παρατήρησις
650 305 656 312 .

675 247 805 278 συλλαϐὰς
834 251 884 274 τῶν

119 331 144 358 4.
163 329 191 356 ἸΙ
217 331 277 366 περὶ
306 330 353 360 τὰς
381 328 511 359 συλλαϐὰς
531 331 575 354 καὶ
601 329 646 359 τὰς
674 328 754 360 λέξεις
778 333 827 354 τῶν
845 327 886 353 ἁν-

86 373 152 411 δρῶν
180 375 277 400 τούτων
303 373 459 410 μικρολογία
488 373 540 409 οὐχ
565 373 631 403 ἁπλῆ
649 375 686 403 τίς
711 373 791 404 ἐστιν,
807 374 840 404 ὡς
856 373 886 398 ᾱὶν

85 429 120 446 τω
135 417 221 450 δόξαι,
246 417 307 444 οὐδὲ
328 418 363 448 εἰς
387 420 481 454 μικρὸν
505 421 550 444 τοῦ
576 422 658 444 κακοῦ
683 420 807 454 φέρουσα,
823 417 886 444 ἀλλὰ

88 463 192 500 βαθεῖαν
218 465 273 499 ἔχει
299 466 345 489 καὶ
374 465 597 499 συνεσκιασμένην
628 462 725 499 βουλὴν
750 463 818 488 κατὰ
839 466 886 492 τῆς

88 508 220 539 εὐσεϐείας.
252 508 431 535 Φιλονειχοῡσι
460 509 511 544 γὰρ
551 507 673 544 ἀνομοίαν
702 507 758 543 (34)
785 509 887 544 Πατρός

87 556 129 580 καὶ
143 555 203 580 Υὶοῡ
218 556 263 579 καὶ
279 553 355 588 ἁγίου
378 554 527 589 Ιῐνεύματος
540 551 717 579 ἐπιδεικνύναι
729 555 776 582 τὴν
791 562 888 590 προφο-

88 600 143 636 ρὰν,
158 600 188 628 ὡς
206 597 234 624 ἐκ
260 599 354 624 τούτου
376 596 472 634 ῥᾳδίαν
500 598 597 628 ἕξοντες
620 600 665 624 καὶ
689 602 733 628 τῆς
760 599 827 623 κατὰ
841 599 887 626 τὴν

90 645 161 679 φύσιν
191 642 360 680 παραλλαγῆς
393 644 440 671 τὴν
470 640 613 673 ἀπόδειξιν.
642 641 721 668 ’Ἐστι
735 643 784 679 γάρ
799 652 826 668 τι
838 641 888 668 αὐ-

89 691 139 718 τοῖς
165 687 273 714 παλαιὸν
295 689 424 723 σόφισμα,
453 688 503 713 ὑπὸ
530 687 630 713 Ἀετίου
665 691 711 713 τοῦ
736 688 887 724 προστάτου

87 737 131 764 τῆς
157 734 279 770 αἱρέσεως
304 733 400 762 ταύτης
429 731 608 770 gaianas-1,6;
637 731 736 768 ἔγραψέ
762 742 811 757 που
839 735 888 757 τῶν

88 777 175 804 ἐαυτοῦ
198 776 352 810 ἕπιστολῶν,
376 776 455 811 λέγων
475 777 507 802 τὰ
537 775 647 812 ἀνόμοια
677 777 744 802 κατὰ
772 778 819 805 τὴν
841 777 888 812 φύ-

89 832 128 848 σιν
159 821 284 857 ἁνομοίως
311 821 507 858 προφέρεσθαι·
537 830 582 846 και
610 819 745 855 ἀνάπαλιν,
772 821 806 846 τὰ
833 819 889 846 ἀνο-

87 869 164 903 μοίως
189 868 367 903 προφερόμενοι
391 865 500 902 ἀνόμοια
528 864 592 891 εἶναι
621 866 690 891 κατὰ
718 867 765 894 τὴν
794 866 884 901 φύσιν.
911 877 929 904 Β

89 914 136 937 Καὶ
161 911 195 941 εἰς
223 913 369 947 μαρτυρίαν
393 914 439 936 τοῦ
464 910 541 946 λόγου
576 911 619 936 τὸν
650 910 807 936 Ἀπόστειλον
848 909 891 935 ἐπ-

89 957 218 982 εσπάσατο
247 955 363 991 λέγοντα·
392 954 434 985 Εἷς
461 956 525 986 Θῖός
551 957 596 981 καί
627 957 729 991 Πατὴρ,
758 954 784 986 ἐξ
812 954 843 980 οὗ
858 954 890 980 τὰ

88 1002 176 1027 πάντα·
206 1003 253 1026 καὶ
287 998 321 1030 εἷς
350 1001 446 1038 Κύριος
473 1001 577 1031 Ἰησοῦς
604 1002 730 1036 Χριστὸς,
746 997 782 1025 δι’
807 1000 838 1025 οὗ
858 1000 891 1026 τὰ

88 1047 168 1072 πάντα
180 1046 249 1082 (35)·
270 1045 314 1075 Ὡς
329 1043 373 1071 οὖν
393 1046 502 1081 ἔχουσιν
527 1046 555 1070 αἱ
570 1047 650 1081 φωναὶ
676 1045 741 1082 πρὸς
760 1043 886 1078 ἀλλήλας,

89 1091 165 1120 οὕτως
186 1090 285 1122 ἕξουσι,
312 1091 387 1126 φησι,
418 1092 463 1116 καὶ
490 1089 517 1115 αἱ
546 1087 582 1115 δι’
599 1089 683 1115 αὐτῶν
699 1091 889 1125 σημαινόμεναι

90 1137 184 1171 φύσεις·
208 1135 330 1171 ἀνόμοιον
354 1132 384 1160 δὲ
413 1138 450 1169 τῷ
479 1133 506 1165 ἐξ

91 1181 140 1215 ἄρα
154 1182 195 1206 ml
209 1180 318 1215 τῷ(36)
346 1181 431 1216 Πατρὶ
461 1179 473 1204 ὁ
499 1180 569 1209 Υἱός.
599 1180 704 1208 Ταύτης
731 1180 817 1204 τοίνυν
845 1183 891 1208 τῆς

92 1226 165 1250 νόσου
186 1227 230 1251 καὶ
252 1225 267 1253 ἡ
289 1227 348 1262 περὶ
376 1225 421 1254 τὰς
447 1225 616 1261 προκειμένας
638 1223 718 1255 λέξεις
743 1221 892 1259 ἀδολεσχία

94 1273 141 1294 τῶν
166 1268 264 1305 ὰνὸρῶν
279 1270 375 1295 τούτων
402 1270 526 1305 ἤρτηται.
554 1269 630 1294 Ὀθεν
646 1272 681 1303 τῷ
706 1269 751 1304 μὲν
772 1271 826 1303 Οεῷ
846 1270 891 1294 χαὶ

534 1133 564 1160 οὗ
583 1135 611 1160 τὸ
642 1132 677 1159 δι’
704 1134 744 1159 οὗ·
771 1133 889 1170 ἀνόμοιος

98 1316 188 1350 Πατρὶ,
216 1314 301 1349 ὥσπερ
334 1314 393 1339 τινὰ
423 1313 517 1350 κλῆρον
545 1313 683 1349 ἐξαίρετον,
714 1314 891 1350 προσνέμουσι

96 1359 135 1392 τὸ,
150 1357 174 1389 ἐξ
189 1356 227 1384 οὗ·
243 1362 277 1393 τῷ
298 1356 326 1384 δὲ
353 1359 405 1393 Υἱῷ
430 1360 474 1384 καί
502 1361 558 1393 Θεῷ
583 1356 717 1395 ἀφώρισαν
737 1359 778 1390 τὸ,
795 1355 831 1382 δι’
850 1359 889 1382 οὒ·

94 1406 130 1438 τῷ
146 1401 174 1429 δὲ
200 1403 264 1438 ἁγίῳ
290 1404 421 1439 Πνεύματι
445 1403 482 1438 τὸ,
499 1402 524 1428 ἔν
604 1404 649 1428 καί
672 1411 736 1438 φασι
760 1399 892 1438 μηδέποτε

92 1449 138 1476 τὴν
158 1451 259 1484 χρῆσιν
283 1449 380 1476 ταύτην
404 1451 453 1473 τῶν
480 1446 612 1473 συλλαϐῶν
635 1445 830 1483 ἑπαμείϐεσθαι·
849 1445 889 1481 ἶν’,

91 1493 150 1529 ὅπερ
175 1493 249 1528 ἔφην,
269 1497 306 1528 τῷ
334 1492 541 1530 παρηλλαγμὲνῳ
566 1495 613 1522 τῆς
642 1491 807 1527 sxw-mm;
845 1492 892 1516 καὶ

89 1537 104 1565 ἡ
125 1542 172 1568 τῆς
195 1539 294 1573 ῳύσεως
318 1536 470 1573 παραλλαγὴ
501 1533 705 1572 συνεκφαίνηταί
724 1537 792 1571 (37).
817 1534 893 1561 Ἀλλὰ
912 1558 932 1586 C

90 1583 138 1618 γὰρ
161 1582 189 1608 οὗ
212 1582 352 1611 λελήθασιν
367 1581 392 1607 ἐν
416 1585 447 1618 τῇ
475 1583 534 1619 περὶ
562 1582 608 1612 τὰς
633 1580 710 1612 λέξεις
738 1579 893 1616 λεπτολογίᾳ

93 1631 126 1662 τῷ
142 1626 230 1653 ἀσεϐεῖ
253 1627 323 1662 λόγῳ
348 1628 396 1655 τὴν
413 1626 493 1662 ἰσχὺν
519 1624 704 1656 διασώζοντες.
719 1626 753 1651 Τὸ
773 1625 818 1660 μὲν
830 1625 892 1661 γὰρ,

92 1671 118 1702 ἐξ
133 1671 173 1704 οὗ,
193 1673 238 1697 τὸν
265 1669 428 1708 δημιουργὸν
466 1672 601 1707 σημαίνειν
625 1669 774 1706 βούλονται·
801 1679 829 1695 το
854 1667 892 1702 δὲ,

93 1713 128 1742 δι’
143 1719 182 1750 οὐ,
199 1718 245 1742 τόν
268 1716 401 1753 ὑπουργὸν
420 1715 435 1744 ἡ
464 1717 492 1741 τὸ
514 1717 633 1752 ὄργανον⁸
661 1715 690 1740 τὸ
709 1712 748 1748 δὲ,
762 1713 786 1739 ἐν
806 1717 836 1749 ᾧ,
851 1715 894 1739 τόν

91 1762 182 1797 χρόνον
199 1759 300 1789 δηλοῦν
315 1759 329 1788 ἡ
353 1761 397 1785 τὸν
418 1761 506 1785 τόπον·
534 1760 575 1784 ἶνα
600 1757 683 1795 μηδὲν
710 1759 755 1794 μὲν
784 1757 894 1794 ὀργάνου

92 1807 245 1841 σεμνότερος
266 1805 278 1830 ό
303 1802 468 1840 δημιουργὸς
481 1808 530 1830 τῶν
557 1802 620 1829 ὅλων
648 1806 751 1835 νοῆται,
766 1800 849 1838 μηδὲν
866 1800 895 1828 δὲ

90 1853 140 1880 τῆς
168 1849 218 1876 ἆ.πὸ
249 1851 330 1875 τόπου
362 1850 377 1878 ἦ
401 1851 500 1885 χρόνον
530 1850 702 1885 συνεισφορᾶς
724 1846 759 1878 εἰς
780 1848 813 1873 τὰ
837 1848 896 1873 ὄντα

90 1893 175 1921 πλεῖον
204 1895 331 1931 φαίνηται
352 1893 408 1929 (38)
437 1895 467 1919 τὸ
496 1896 601 1929 Πνεῦμα
623 1894 651 1918 τὸ
680 1891 754 1928 ἅγιον
781 1892 896 1928 παρεχό-

91 1947 174 1974 μενον.

126 2098 151 2116 ⁷ο
172 2099 183 2125 l
199 2098 267 2126 Cor.
284 2104 346 2131 VIII,
361 2098 387 2126 6.

93 2159 217 2195 quidem
234 2167 253 2187 a
266 2159 396 2195 librariis
407 2157 545 2195 positum
560 2157 680 2195 videtur
692 2157 897 2195 nimiogram-

94 2193 212 2223 matica'.
226 2194 341 2223 studio.
361 2193 495 2229 Vulgata;
508 2194 631 2221 lectioni
652 2193 898 2229 faventplurima

95 2231 195 2259 Basilii
206 2231 410 2266 locaprorsus
421 2228 542 2266 similia.
558 2229 739 2266 Habetunus
753 2237 788 2256 ex
801 2228 896 2266 Regiis
914 2238 935 2265 Ι)

94 2266 253 2294 codicibus
266 2264 361 2300 δόντες,
379 2265 567 2293 Colbertiuus
584 2264 685 2295 δόντας.
703 2266 792 2292 Porro
814 2265 896 2291 Eras-

95 2310 164 2330 mus
176 2303 222 2330 sic
234 2302 445 2337 interpretatur
461 2310 468 2328 :
483 2301 552 2329 Jam
576 2302 672 2336 igitur
698 2301 783 2328 nobis
807 2307 897 2337 quam

116 2339 161 2366 eri
170 2340 269 2372 potest
281 2336 451 2365 brevissime
459 2337 617 2364 dicendum
631 2339 683 2364 est.
699 2338 798 2364 Posset
807 2336 898 2363 etiam

116 2374 142 2401 ic
167 2371 270 2401 afferri
293 2381 420 2400 sensus:
449 2373 587 2400 Orationi
609 2375 709 2400 ratum
734 2371 896 2406 quoddam,

95 2412 246 2445 quantum
257 2409 326 2442 ﬁeri
337 2410 444 2445 potest,
455 2411 481 2436 et
495 2409 691 2445 exploratum
708 2408 898 2445 principium

95 2442 287 2480 ponentibus.
301 2444 357 2471 Sed
369 2443 538 2471 accuratior
548 2444 667 2480 yidetur
682 2442 900 2480 interpretandi

94 2478 294 2516 ratio.quam
319 2479 525 2516 adhibuimus.
542 2479 616 2516 Cum
645 2478 797 2516 statuisset
824 2478 900 2505 Basi-

95 2516 153 2544 lius
170 2514 342 2543 orationem
354 2515 441 2542 altius
453 2515 733 2550 repetere,breviter
747 2514 900 2550 dicturum

94 2560 125 2579 se
143 2555 260 2584 monet,
273 2553 423 2586 quantum
437 2549 567 2578 brevitas
583 2559 653 2578 cum
669 2549 822 2585 ejusmodi
832 2557 901 2586 pro~

95 2587 199 2623 posito
216 2587 371 2614 conciliari
387 2589 495 2622 potest.

132 2625 192 2655 (34η
205 2623 353 2658 Ἀνομοίαν.
370 2619 415 2650 Sic
425 2622 532 2658 vetusti
544 2621 674 2649 codices.
683 2621 757 2649 Editi
769 2619 899 2658 ᾄνόμοιον.

133 2660 190 2693 (35)
212 2656 358 2685 Tini-1m.
388 2657 511 2685 Addunt
535 2657 691 2685 editiones.
719 2656 901 2693 Basileeuses

98 2694 237 2721 secunda
249 2698 276 2721 et
291 2695 379 2721 Paris.
400 2697 503 2729 Πνεῦμα
522 2693 605 2728 ἅγιον,
628 2693 652 2719 ἐν
665 2693 684 2718 ὦ
697 2694 729 2718 τὰ
743 2694 838 2729 πάντα.
862 2692 902 2719 Et

100 2737 180 2756 unus
189 2730 324 2763 Spiritus
337 2732 458 2757 sanctus
467 2728 499 2756 in
511 2737 568 2764 quo
580 2730 690 2756 omnia.
707 2728 766 2755 Sed
777 2732 839 2756 haec
851 2735 903 2764 ne-

99 2773 160 2800 que
173 2765 205 2792 in
217 2765 316 2800 prima
331 2765 459 2792 editione
473 2763 643 2798 Basileensi,
653 2763 790 2800 nequein
805 2763 903 2799 Regiis

101 2799 236 2837 quatuor
245 2800 411 2834 codicibus,
420 2808 517 2836 neque
526 2800 557 2828 in
568 2799 738 2829 Colbertino
751 2799 903 2835 leguntur.

247 2845 371 2875 PATROL.
387 2845 436 2874 GR.
453 2846 552 2873 XXXII.

676 133 778 161 LIBER
795 132 842 160 DE
861 131 995 160 SPlRlTU
1014 132 1162 162 SANCTO.

1729 136 1763 164 74

1245 194 1273 231 4
1293 195 1407 224 CAPUT
1425 196 1460 224 ιι.

944 248 1027 277 Unde
1036 249 1074 277 sit
1088 251 1156 278 orta
1168 249 1373 278 hereticorum
1390 250 1426 278 de
1444 249 1572 285 syllabis
1587 250 1763 280 observatio.

976 332 1002 359 4.
1024 330 1112 359 Exilis
1124 330 1174 359 illa
1200 331 1325 359 istorum
1343 331 1504 361 hominum
1526 331 1564 360 de
1593 332 1716 369 syllabis
1732 340 1767 360 ac

941 375 1122 404 dictionibus
1135 375 1304 404 observatio
1320 384 1380 404 non
1407 377 1535 413 simplex
1549 379 1603 412 est,
1618 376 1768 414 quemad-

942 420 1068 449 modum
1091 420 1178 448 alicui
1191 420 1285 448 videri
1309 421 1413 457 possit,
1429 430 1527 458 neque
1552 422 1591 450 ad
1617 423 1768 450 mediocre

942 465 1056 494 malum
1073 466 1176 499 tendit,
1191 466 1232 494 sel
1247 466 1433 503 profundum
1452 467 1543 495 habet
1557 469 1648 504 atque
1663 468 1768 495 obtec-

942 513 1006 539 tum
1031 511 1179 539 adversus
1207 511 1349 548 pietatem
1374 511 1546 540 consilium.
1579 511 1771 540 Contenduut

943 556 1024 584 enim
1039 556 1197 584 ostendere
1212 556 1390 584 dissimilem
1406 564 1472 584 esse
1494 556 1695 592 prolationem
1720 558 1770 586 Pa-

943 601 1007 636 tris,
1023 603 1051 629 et
1064 601 1138 634 Filii,
1153 604 1182 629 et
1197 601 1322 637 Spiritus
1336 602 1440 634 sancti,
1454 604 1599 638 tanquam
1615 601 1684 629 inde
1699 601 1768 629 faci-

942 646 1002 674 lem
1018 646 1150 674 habituri
1165 646 1261 682 ipsius
1271 646 1361 674 etiam
1377 647 1547 674 secundum
1559 649 1700 674 naturam
1711 645 1770 673 dis-

943 691 1147 719 similitudinis
1161 691 1381 727 probationem.
1399 691 1517 720 Habent
1531 691 1611 719 enim
1624 691 1671 719 isti
1685 693 1771 719 vetus

944 735 1101 772 quoddam
1121 738 1338 767 commentum,
1354 736 1392 764 ab
1412 737 1495 764 Aetio
1516 736 1607 772 hujus
1620 736 1771 764 haereseos

944 781 1079 817 principe
1098 781 1266 816 inventum,
1282 781 1334 817 qui
1350 781 1393 809 ’in
1416 781 1551 817 epistolis
1575 781 1638 809 suis
1661 780 1772 809 alicubi

945 825 1063 861 scripsit
1091 834 1126 853 ea
1150 834 1218 862 quae
1247 826 1415 854 secundum
1445 829 1586 854 naturam
1613 825 1773 854 dissimilia

945 873 1024 904 sunt,
1046 870 1230 898 dissimiliter
1258 870 1408 907 proferri:
1439 879 1473 899 ac
1493 871 1558 898 vice
1586 878 1683 904 versa,
1703 878 1772 907 quas

945 915 1130 944 dissimiliter
1174 916 1378 952 proferuntur,
1420 919 1485 944 eSSe
1524 915 1681 944 dissimilia
1729 924 1773 944 se-

945 959 1080 987 cundum
1093 962 1244 988 naturam.
1256 962 1351 996 Atque
1368 960 1407 988 ad
1420 961 1511 996 hujus
1526 960 1598 988 dicti
1610 960 1772 988 conﬁrma-

945 1004 1056 1032 tionem
1070 1005 1158 1033 traxit
1174 1005 1353 1041 Apostolum
1368 1005 1528 1039 dicentem,
1546 1005 1628 1033 Unus
1642 1006 1721 1033 Deus
1744 1007 1774 1033 et

944 1050 1040 1085 Pater,
1062 1058 1099 1079 ex
1126 1058 1184 1085 quo
1206 1051 1326 1085 omnia;
1356 1053 1382 1079 et
1411 1059 1488 1078 unus
1516 1051 1661 1078 Dominus
1686 1051 1772 1078 Jesus

945 1095 1094 1131 Christus,
1118 1103 1175 1130 per
1207 1103 1292 1132 quem
1329 1096 1430 1124 omnia
1444 1096 1479 1123 το.
1505 1095 1772 1128 Quemadmodum

944 1140 1034 1175 igitur
1048 1148 1137 1168 voces
1152 1148 1184 1167 se
1205 1140 1320 1169 habent
1345 1140 1421 1168 inter
1436 1148 1502 1168 sese
1519 1149 1525 1175 ;
1552 1140 1603 1176 ita,
1618 1140 1724 1177 inquit,
1740 1147 1771 1168 se

945 1185 1103 1217 habebunt
1116 1188 1144 1214 et
1157 1188 1284 1219 naturae,
1299 1194 1366 1222 quae
1379 1194 1433 1223 per
1445 1186 1527 1222 ipsas
1544 1185 1770 1221 signiﬁcantur:

946 1230 997 1258 sed
1010 1231 1085 1258 inter
1101 1239 1131 1259 se
1147 1231 1318 1268 discrepant
1331 1239 1389 1266 per
1398 1239 1483 1268 quem
1495 1233 1523 1259 et
1542 1239 1580 1260 ex
1594 1239 1671 1267 quo;
1687 1230 1772 1259 dissi-

946 1275 1025 1303 milis
1039 1276 1129 1311 igitur
1143 1276 1222 1304 Patri
1235 1277 1335 1305 Filius.
1352 1278 1393 1304 Ex
1408 1276 1466 1305 hoc
1495 1278 1596 1313 itaque
1621 1276 1730 1304 morbo
1744 1278 1773 1304 et

945 1320 1071 1348 istorum
1087 1321 1166 1348 circa
1181 1321 1409 1357 praepositiones
1424 1322 1581 1357 nugacitas
1610 1321 1771 1357 dependet.

947 1365 1029 1393 Unde
1055 1367 1113 1393 Deo
1139 1365 1262 1401 quidem
1286 1368 1315 1394 et
1352 1366 1428 1394 Patri
1456 1369 1601 1402 tanquam
1630 1366 1772 1394 eximiam

946 1410 1114 1446 quamdam
1125 1410 1293 1446 portionem
1305 1410 1472 1438 attribuunt
1481 1410 1606 1445 illud,e:c
1617 1418 1688 1446 quo;
1702 1410 1772 1438 Filio

946 1463 1018 1483 vero
1030 1458 1057 1483 et
1072 1457 1131 1483 Deo
1157 1455 1351 1490 assignarunt
1368 1455 1451 1489 iliud,
1464 1463 1520 1490 per
1530 1463 1636 1491 quem;
1652 1455 1774 1492 Spiritui

947 1503 1048 1535 autem
1062 1503 1177 1536 sancto,
1194 1494 1277 1535 illud,
1293 1501 1324 1528 in
1335 1507 1413 1536 quo;
1428 1503 1602 1536 negantque
1614 1500 1695 1528 hunc
1711 1500 1772 1536 syl-

946 1544 1086 1573 labarum
1104 1553 1193 1573 usum
1219 1553 1350 1582 usquam
1373 1545 1490 1578 inverti,
1508 1548 1550 1579 ut,
1572 1544 1774 1581 quemadmo-

947 1590 1020 1617 dum
1036 1590 1106 1625 dixi,
1124 1598 1160 1617 ex
1175 1589 1379 1626 discrepantia
1403 1589 1580 1626 prolationis
1604 1589 1694 1617 simul
1722 1597 1775 1625 ap-

946 1636 1054 1671 pareat
1066 1636 1094 1662 et
1113 1636 1228 1662 naturae
1244 1634 1459 1671 discrepantia.
1476 1634 1566 1671 Atqui
1584 1642 1646 1662 non
1665 1634 1774 1662 obscu-

947 1687 1015 1706 rum
1029 1681 1082 1713 est,
1099 1687 1160 1711 eos,
1173 1679 1247 1707 dum
1262 1679 1299 1707 de
1311 1679 1435 1715 syllabis
1450 1679 1598 1707 subtiliter
1610 1680 1774 1714 nugantur,

948 1724 1048 1760 impiae
1064 1724 1208 1752 doctrinae
1223 1724 1284 1752 vim
1301 1732 1336 1752 ac
1350 1724 1445 1752 robur
1458 1727 1602 1752 astruere.
1621 1724 1776 1760 Siquidem

948 1768 994 1796 his
1009 1768 1145 1805 syllabis,
1156 1777 1194 1797 ex
1203 1777 1270 1805 quo,
1283 1769 1469 1797 conditorem
1479 1769 1585 1797 volunt
1595 1769 1776 1804 signiﬁcari;
1807 1777 1815 1793 λ

932 1821 1054 1841 -rursus
1068 1813 1126 1846 his,
1139 1821 1195 1849 per
1205 1821 1302 1850 quem,
1314 1813 1485 1842 ministrum
1512 1821 1573 1841 non
1598 1814 1778 1842 instrumen-

950 1860 1013 1886 tum
1027 1867 1033 1886 :
1049 1858 1096 1886 his
1107 1858 1248 1895 denique,
1260 1859 1292 1887 in
1303 1867 1371 1894 quo,
1389 1861 1509 1895 tempus
1524 1860 1577 1886 aut
1599 1858 1701 1887 locum
1727 1858 1779 1887 de-

950 1903 1066 1939 clarari,
1079 1905 1111 1931 ut
1123 1903 1150 1931 is
1172 1903 1226 1939 qui
1251 1903 1387 1932 condidit
1413 1904 1567 1939 universa,
1593 1902 1778 1938 intelligatur

949 1948 1043 1987 nihilo
1057 1948 1496 1977 honorabiliorinstrumento:
1522 1948 1649 1985 Spiritus
1675 1950 1778 1976 autem

951 1995 1074 2021 sanctus
1086 1992 1180 2020 nihilo
1194 1992 1274 2029 plus,
1294 2001 1388 2029 quam
1412 1992 1497 2021 locus
1522 1994 1574 2021 aut
1593 1994 1723 2032 tempus,
1738 1991 1779 2021 ad

949 2045 998 2073 res
1009 2037 1187 2066 condendas
1203 2037 1339 2066 attulisse
1353 2037 1502 2066 videatur.
1707 2041 1710 2045 '

988 2155 1042 2189 (36)
1061 2154 1129 2192 ’Λρα
1147 2156 1192 2181 καὶ
1206 2158 1251 2190 τῷ.
1268 2155 1339 2189 Reg.
1355 2154 1526 2192 tertiusqipa
1536 2157 1621 2192 κεῖται
1632 2156 1678 2189 τῷ.

987 2191 1043 2223 (37)
1068 2190 1280 2227 Σύνεκφαίνηται.
1310 2192 1374 2218 Duo
1407 2190 1524 2226 antiqui
1544 2190 1663 2218 codices
1687 2198 1779 2226 συνεμ-

972 2236 1088 2255 αινηται.

972 2237 1088 2255 αινηται.

953 2237 969 2264 φ
988 2264 1042 2297 (38ι
1056 2255 1192 2290 ψαίνηταί.
1208 2262 1288 2289 Unus
1303 2261 1369 2288 cod.
1387 2269 1443 2289 ms.
1459 2265 1581 2298 φανῆται.
1604 2261 1650 2289 Sic
1677 2262 1779 2288 autem

946 2298 1050 2334 reddit
1073 2299 1154 2326 hunc
1179 2298 1279 2334 locum
1305 2298 1471 2334 Erasmus:
1502 2297 1635 2331 Spiritus
1657 2300 1780 2334 sanctus

953 2335 1049 2362 nihilo
1062 2335 1131 2368 plus
1146 2333 1185 2361 ad
1195 2341 1241 2361 res
1252 2333 1422 2361 condendas
1434 2334 1577 2361 momenti
1590 2334 1727 2360 attulisse
1741 2333 1782 2360 vi.

952 2371 1071 2403 deatur,
1086 2370 1145 2397 nisi
1156 2369 1236 2405 quod
1256 2373 1369 2403 tempus
1389 2372 1440 2397 aut
1457 2370 1554 2397 locum
1563 2368 1724 2403 przebuerit
1735 2376 1782 2405 re:

955 2407 1007 2433 bus
1036 2403 1174 2433 conditis.
1201 2406 1236 2432 At
1262 2412 1324 2432 non
1350 2407 1469 2432 tantum
1505 2404 1629 2432 honoris
1661 2403 1782 2440 Spiritui

954 2444 1059 2469 sancto
1079 2440 1235 2469 habebant
1246 2440 1329 2476 impii
1348 2439 1489 2474 haeretici,
1509 2443 1542 2467 ut
1557 2440 1596 2467 ab
1612 2447 1647 2467 eo
1663 2439 1783 2476 tempus

954 2479 982 2505 et
996 2477 1095 2504 locum
1115 2479 1215 2504 creata
1230 2475 1378 2508 dicerent;
1403 2476 1457 2503 scd
1472 2483 1540 2503 eum
1562 2475 1784 2511 comparabant

955 2521 1024 2540 cum
1037 2512 1104 2540 loco
1111 2515 1290 2547 ettempore,
1300 2515 1330 2538 ut
1339 2511 1442 2539 Filium
1450 2520 1518 2539 cum
1526 2512 1742 2547 instrumento;
1749 2518 1784 2537 ac

955 2551 981 2576 ei
1006 2545 1239 2584 appellationem
1254 2547 1311 2584 loci
1329 2547 1541 2584 imponebant,
1556 2550 1590 2574 ut
1603 2547 1643 2574 ait
1659 2545 1784 2584 Basilius

954 2582 1106 2620 capf/rfcuj
1113 2592 1146 2610 us
1155 2583 1350 2620 cavillationis
1359 2582 1466 2620 ansam
1473 2583 1611 2620 videntur
1619 2582 1784 2620 arripuisse

957 2617 1115 2647 ex-usitata
1128 2619 1210 2654 apud
1224 2618 1382 2654 scriptores
1396 2619 1615 2646 ecclesiasticos
1626 2617 1782 2654 sententia,

956 2655 1008 2692 qui
1017 2653 1298 2692 Spiritunisanctum
1307 2654 1405 2692 dicere
1412 2653 1786 2692 solentplenitquiricmlio-

957 2689 1064 2718 ﬂorum
1079 2691 1134 2718 Dei
1149 2699 1226 2725 esse,
1243 2692 1275 2717 ut
1290 2690 1330 2717 ait
1347 2690 1491 2725 Didymus
1518 2690 1588 2717 lib.1
1612 2690 1653 2716 De
1667 2689 1788 2723 Spiritu

958 2730 1072 2759 sancto,
1088 2735 1123 2754 ac
1138 2726 1168 2754 in
1183 2734 1218 2753 eo
1235 2729 1343 2754 cuncta
1367 2726 1421 2753 Dei
1438 2726 1517 2753 dona
1533 2725 1702 2753 consistere.
1721 2726 1787 2759 ipse

959 2762 1084 2790 Basilius
1095 2762 1214 2798 probat,
1227 2769 1293 2798 cap.
1311 2764 1346 2789 26
1361 2760 1451 2796 hujus
1464 2760 1541 2798 libri,
1557 2760 1700 2798 Spiritum
1717 2767 1787 2788 san-

959 2801 1041 2826 ctum
1057 2796 1122 2826 esse
1137 2797 1226 2826 veluti
1240 2796 1341 2826 locum
1361 2804 1466 2826 eorum
1480 2796 1533 2833 qui
1548 2796 1786 2825 sanctiﬁcantur.

1639 2843 1655 2869 3
