2027 3144
88 136 123 162 73
686 135 787 163 LIBER
806 135 852 163 DE
871 134 1005 163 SPlRlTU
1024 135 1172 166 SANCTO.
1738 142 1773 169 74

367 198 564 223 ΚΕΦΔΛΔΙΟΝ
583 195 617 224 Β’.

85 251 168 276 Ποίαν
199 250 279 285 ἔσχεν
311 248 399 290 ἀρχὴν
442 250 456 278 ἠ
492 252 550 287 περὶ
594 251 641 279 τὰς

322 287 364 321 αὶρ
369 289 458 311 ετικῶν
470 287 652 322 παρατήρησις
659 307 665 314 .

684 249 815 281 συλλαϐὰς
843 253 894 276 τῶν

121 332 150 358 4.
169 330 199 356 ’11
226 333 286 366 περὶ
315 331 362 360 τὰς
390 329 520 361 συλλαϐὰς
539 333 583 356 καὶ
610 332 655 361 τὰς
683 330 764 362 λέξεις
787 335 836 356 τῶν
853 330 894 356 ἁν-

85 373 158 411 δρῶν
187 376 286 401 τούτων
311 374 467 410 μικρολογία
496 375 549 411 οὐχ
574 375 640 404 ἁπλῆ
658 378 695 405 τίς
720 375 800 407 ἐστιν,
815 377 850 406 ὡς
864 375 895 401 οἶν

83 429 123 445 τω
140 417 230 450 δόξαι,
255 417 316 445 οὐδὲ
337 419 372 449 εἰς
396 421 489 455 μικρὸν
514 423 559 445 τοῦ
584 424 667 446 κακοῦ
691 422 816 456 φέρουσα,
831 419 895 446 ἀλλὰ

85 463 201 500 βαθεῖαν
226 465 282 500 ἔχει
308 467 354 490 καὶ
383 467 606 501 συνεσκιασμένην
636 464 734 501 βουλὴν
759 466 827 490 κατὰ
848 469 896 495 τῆς

85 508 229 540 εὐσεϐείας.
261 508 440 535 «φιλονεικοῦσι
468 510 519 546 γὰρ
559 509 682 546 ἀνομοίαν
710 510 767 545 (34.)
793 511 895 546 Πατρός

85 556 132 580 καὶ
149 555 212 580 Υἱοῡ
227 556 272 580 καὶ
287 553 364 589 ἁγίου
386 555 535 590 Πνιύματος
548 552 726 580 ἐπιδεικνύναι
737 557 784 584 τὴν
800 565 895 592 προφο-

86 600 148 636 ρὰν,
165 600 197 629 ὡς
215 598 242 625 ἐκ
269 600 362 624 τούτου
384 597 480 635 ῥᾳδίαν
508 599 606 630 ἕξοντες
629 602 674 626 καὶ
697 604 742 630 τῆς
769 601 835 626 κατὰ
849 601 895 629 τήν

88 645 168 680 φύσιν
201 643 368 680 παραλλαγῆς
401 645 448 672 τὴν
478 642 621 674 ἀπόδειξιν.
651 643 793 681 Ἐστιγάρ
808 644 896 670 τ·ιαὺ-

87 692 143 719 τοίς
172 688 281 714 παλαιὸν
303 690 432 724 σόφισμα,
461 689 511 714 ὑπὸ
538 688 638 715 ’Λετίον
674 692 720 715 τοῦ
745 690 896 726 προστάτου

85 738 134 764 τῆς
163 734 287 771 αἱρέσεως
311 734 408 762 ταύτης
437 732 616 771 ἰξευρῖθὲν,ὃς
644 733 743 770 ἔγραψέ
770 743 819 759 πον
847 738 896 759 τῶν

86 778 183 805 ἑαυτοῦ
208 777 360 811 ἐπιστολῶν,
383 777 462 813 λέγων
482 779 515 803 τὰ
544 777 654 814 ἀνόμοια
685 779 752 804 κατὰ
780 780 827 807 τὴν
849 779 895 814 φύ-

87 833 130 849 σιν
166 822 291 858 ἀνομοίως
318 823 514 859 προφέρεσθαι·
544 832 589 848 και
618 821 753 857 ἀνάπαλιν,
779 824 813 848 τὰ
841 821 896 848 ἀνο-

86 870 171 904 μοίως
198 869 374 904 προφερόμςνα
398 866 508 903 ἀνόμοια
536 865 600 893 εἶναι
629 868 697 893 κατὰ
725 869 772 896 τήν
801 868 892 903 φύσιν.

89 915 139 939 Καὶ
168 912 204 942 εἰς
231 914 376 949 μαρτυρίαν
400 915 446 937 τοῦ
471 911 548 947 λόγον
583 913 626 938 τὸν
657 912 814 938 ’Λποστολον
855 911 898 937 ἒπ-

88 958 226 984 εσποὶσατο
254 956 370 991 λέγοντα⁸
399 955 441 986 Εἷς
467 958 532 987 Θεὸς
558 959 603 982 καὶ
634 959 736 993 Πατὴρ,
765 956 791 988 ἐξ
819 956 850 982 οὗ
865 956 897 982 τὰ

88 1003 184 1028 πάντα-
214 1004 259 1027 καὶ
294 999 327 1031 οἷς
357 1002 452 1038 Κύριος
480 1002 585 1032 Ἰησοῦς
612 1003 737 1038 Χριστὸς,
752 999 789 1027 δι’
814 1002 845 1028 οὗ
865 1002 898 1028 τὰ

88 1048 175 1073 πάντα
187 1039 265 1081 (35)”.
276 1045 320 1076 Ὠς
335 1044 379 1071 οὖν
399 1047 508 1082 ἔχουσιν
533 1047 561 1072 αἱ
576 1049 657 1082 φωναὶ
683 1048 748 1084 πρὸς
767 1045 893 1080 ἀλλήλας,

89 1091 170 1121 οὕτως
193 1090 291 1123 ἕξουσι,
318 1093 393 1127 φησι,
424 1093 469 1116 καὶ
496 1091 523 1116 αἱ
553 1089 589 1116 δι’
606 1091 690 1117 αὐτῶν
705 1093 896 1127 σημαινόμεναι

90 1138 190 1172 φύσεις·
216 1135 336 1172 ἀνόμοιον
361 1134 390 1161 δὲ
420 1139 456 1170 τῷ
486 1134 511 1166 ἐξ
540 1135 570 1161 οὗ
589 1137 617 1162 τὸ
648 1134 684 1161 δι’
711 1135 750 1161 οὗ·
777 1135 895 1172 ἀνόμοιος

91 1182 143 1217 ἄρα
158 1183 201 1206 aui.
215 1184 251 1216 τῷ
266 1180 324 1216 (36)
352 1182 437 1217 Πατρὶ
467 1181 479 1206 ὀ
506 1181 575 1211 Υἱός.
606 1181 710 1210 Ταύτης
737 1182 823 1206 τοίνυν
852 1185 897 1210 τῆς

92 1227 170 1252 νόσου
192 1228 236 1251 καὶ
259 1226 273 1254 ἡ
295 1227 354 1263 περὶ
382 1226 427 1255 τὰς
453 1227 622 1262 προκειμένας
644 1224 724 1257 λέξεις
749 1223 898 1261 ἀδολεσχία

95 1274 144 1295 τῶν
170 1268 269 1306 ἀνδρῶν
284 1271 381 1296 τούτων
408 1271 532 1306 ἤρτηται.
560 1270 636 1296 Ὀθεν
651 1274 687 1305 τῷ
712 1270 757 1306 μὲν
778 1273 832 1305 Ou;
852 1272 897 1296 χαὶ

99 1316 193 1351 Πατρὶ,
223 1315 307 1351 ὥσπερ
340 1315 399 1340 τινὰ
429 1314 523 1352 κλῆρον
550 1314 688 1351 ἐξαίρετον,
719 1316 896 1352 προσνέμουσι

96 1360 137 1393 τὸ,
153 1358 180 1390 ἐξ
193 1356 233 1384 οὗ”
249 1363 283 1394 τῷ
304 1357 332 1385 δὲ
358 1360 410 1394 Υἱῷ
435 1361 479 1385 καί
508 1363 564 1394 Θεῷ
589 1358 722 1396 ἀφώρισαν
742 1361 784 1392 τὸ,
801 1357 837 1385 δι’
855 1362 894 1384 οὗ·

95 1407 132 1438 τῷ
149 1401 179 1429 δὲ
206 1403 270 1439 ἁγίῳ
296 1405 427 1440 Πνεύματι
450 1405 488 1439 τὸ,
504 1403 529 1429 ἐν
609 1406 654 1429 καί
677 1413 742 1440 φασι
765 1401 897 1440 μηδέποτε

93 1450 141 1477 τὴν
163 1452 265 1485 χρῆσιν
288 1450 385 1477 ταύτην
409 1452 459 1474 τῶν
485 1447 618 1474 συλλαϐῶν
640 1447 836 1485 ἐπαμείϐεσθαι·
854 1447 894 1483 ἵν’,

93 1494 154 1529 ὅπερ
181 1494 254 1529 ἔφην,
274 1497 311 1529 τῷ
339 1493 546 1530 παρηλλαγμένῳ
571 1497 618 1524 τῆς
647 1492 812 1529 ἐκφωνήσεως
850 1495 896 1519 καὶ

91 1538 106 1566 ἡ
128 1542 178 1568 τῆς
201 1539 299 1573 φύσεως
323 1537 474 1574 παραλλαγή
505 1535 710 1574 συνεκφαίνηταί
729 1538 797 1573 (37).
821 1537 897 1563 Ἀλλὰ

91 1584 141 1619 γὰρ
165 1582 195 1608 οὐ
219 1582 357 1611 λελήθασιν
372 1581 396 1608 ἓν
421 1586 452 1618 τῇ
480 1584 539 1620 περὶ
567 1584 613 1614 τὰς
638 1582 715 1613 λέξεις
743 1582 898 1618 λεπτολογίᾳ

95 1632 129 1663 τῷ
146 1627 236 1653 ἀσεϐεῖ
259 1627 327 1663 λόγῳ
354 1629 400 1656 τὴν
418 1627 498 1662 ἰσχὺν
524 1625 709 1657 διασώζοντες.
723 1629 758 1653 Τὸ
777 1628 822 1663 μὲν
835 1628 896 1664 γὰρ,

94 1671 122 1703 ἐξ
137 1673 178 1706 οὗ,
199 1673 244 1698 τὸν
269 1670 435 1708 δημιουργόν
470 1674 606 1708 σημαίνειν
630 1671 779 1708 βούλονται·
806 1681 834 1697 το
858 1669 897 1704 δὲ,

95 1715 131 1743 δι’
147 1721 187 1751 οὐ,
205 1718 250 1742 τόν
273 1717 405 1753 ὑπουργὸν
424 1716 438 1745 ἦ
468 1717 496 1742 τό
519 1718 638 1754 ὄργανον
665 1717 694 1741 τὸ
713 1714 753 1749 δὲ,
767 1715 790 1741 ἓν
810 1720 840 1751 ῷ,
856 1718 898 1741 τὸν

94 1763 187 1798 χρόνον
205 1759 304 1789 δηλοῦν
319 1760 333 1789 ἦ
356 1762 400 1786 τόν
422 1762 511 1786 τόπον
538 1761 580 1786 ῐνα
604 1758 687 1796 μηδὲν
714 1761 759 1796 μὲν
789 1759 898 1797 ὀργάνου

96 1807 250 1842 σιμνότερος
270 1806 282 1831 ὁ
307 1802 472 1841 δημιουργὸς
485 1809 535 1831 τῶν
561 1804 625 1830 ὅλων
653 1808 756 1837 νοῆται,
770 1802 854 1840 μηδὲν
870 1802 900 1830 δί

93 1854 144 1880 τῆς
172 1850 225 1876 ἀπὸ
254 1852 333 1876 τόπου
366 1851 381 1879 ἧ
405 1853 504 1887 χρόνον
534 1851 706 1886 συνεισφορᾱς
728 1848 763 1879 εἰς
784 1850 817 1874 τὰ
841 1850 901 1875 ὄντα

93 1894 179 1922 πλεῖον
209 1895 335 1931 φαίνηται
355 1895 412 1930 (38)
441 1895 471 1920 τὸ
500 1897 605 1930 Πνεῦμα
627 1895 655 1920 τὸ
684 1893 758 1929 οἶγιον
785 1894 899 1930 παριχό-

95 1948 179 1975 μενον.

130 2098 155 2116 ⁷ο
176 2099 187 2126 l
203 2098 270 2126 Cor.
287 2105 349 2132 vni,
364 2099 390 2126 6.

97 2159 223 2196 quidem
239 2167 257 2187 a
269 2159 399 2196 librariis
410 2159 548 2196 positum
564 2158 683 2196 videtur
695 2159 900 2196 nimiogram-

98 2195 216 2223 mattea:
231 2195 343 2223 studio.
364 2195 498 2229 Vulgata?
511 2195 633 2223 lectioni
655 2195 757 2223 favent
766 2195 900 2231 plurima

1254 198 1283 235 4
1303 199 1416 228 CAPUT
1435 201 1469 229 ιι.

953 251 1037 279 Unde
1045 252 1083 280 sit
1098 255 1165 281 orta
1177 253 1383 282 haereticorum
1400 254 1436 283 de
1453 254 1581 289 syllabis
1596 255 1772 285 observatio.

985 335 1012 362 4.
1033 333 1121 362 Exilis
1134 333 1183 362 illa
1209 334 1334 363 istorum
1353 336 1512 365 hominum
1535 336 1572 365 de
1602 337 1725 373 syllabis
1740 346 1776 366 ac

949 378 1131 406 dictionibus
1143 379 1314 408 observatio
1329 388 1390 408 non
1416 381 1544 417 simplex
1558 384 1612 416 est,
1626 381 1777 418 quemad-

950 423 1077 451 modum
1099 423 1187 452 alicui
1199 424 1294 452 videri
1317 425 1422 461 possit,
1438 434 1536 462 neque
1561 427 1600 455 ad
1626 427 1777 455 mediocre

950 469 1065 497 malum
1082 469 1184 503 tendit,
1199 469 1241 498 sel
1256 470 1441 506 profundum
1461 471 1552 500 habet
1567 474 1656 508 atque
1672 472 1777 500 obtec-

951 516 1014 542 tum
1040 514 1188 542 adversus
1216 515 1358 552 pietatem
1382 516 1554 544 consilium.
1588 517 1779 546 Contendunt

951 559 1032 587 enim
1048 559 1205 588 ostendere
1220 559 1398 588 dissimilem
1414 569 1480 589 esse
1503 560 1703 596 prolationem
1729 563 1779 591 Pa.

951 604 1015 639 tris,
1032 607 1060 632 et
1072 604 1146 638 Filii,
1161 607 1190 632 et
1205 605 1330 640 Spiritus
1344 606 1448 638 sancti,
1462 608 1608 642 tanquam
1623 606 1693 634 inde
1708 606 1777 634 taci-

950 649 1010 677 lem
1026 649 1158 677 habituri
1173 649 1268 686 ipsius
1278 650 1368 678 etiam
1384 651 1555 679 secundum
1567 653 1708 679 naturam
1719 651 1779 679 dis-

950 693 1155 722 similitudinis
1168 695 1389 730 probationem.
1406 695 1525 724 Habent
1539 696 1619 724 enim
1633 695 1679 724 isti
1694 698 1779 724 vetus

951 738 1108 775 quoddam
1129 742 1345 771 commentum,
1361 740 1400 768 ab
1419 741 1503 769 Aetio
1524 741 1615 777 hujus
1628 741 1779 769 haereseos

951 783 1087 820 principe
1105 784 1274 819 inventum,
1290 785 1342 821 qui
1357 786 1401 818 fin
1423 786 1558 822 epistolis
1583 786 1645 813 suis
1669 785 1780 814 alicubi

952 827 1070 864 scripsit
1098 837 1133 856 ea
1157 837 1225 866 quae
1254 829 1422 858 secundum
1452 833 1593 858 naturam
1621 830 1780 859 dissimilia

917 880 936 907 Β
952 875 1032 907 sunt,
1053 873 1237 902 dissimiliter
1265 875 1392 910 proferri
1409 884 1415 903 :
1446 883 1481 903 ac
1500 875 1565 903 vice
1593 883 1691 909 versa,
1711 883 1779 912 quae

952 918 1137 947 dissimiliter
1182 919 1385 955 proferuntur,
1427 924 1492 949 e‘Sse
1530 920 1688 949 dissimilia
1736 929 1780 949 ee-

952 962 1087 990 cundum
1100 966 1250 992 naturam.
1263 966 1358 1000 Atque
1375 964 1414 992 ad
1427 965 1518 1001 hujus
1533 965 1604 993 dicti
1617 965 1779 993 conﬁrma-

952 1007 1062 1035 tionem
1077 1008 1165 1036 traxit
1181 1009 1359 1044 Apostolum
1374 1009 1535 1044 dicentem,
1553 1010 1634 1039 Unus
1649 1011 1728 1038 Deus
1751 1012 1780 1038 et

951 1053 1046 1088 Pater,
1069 1061 1106 1082 ex
1133 1061 1190 1088 quo
1213 1055 1332 1089 omnia;
1363 1058 1389 1083 et
1417 1063 1495 1083 unus
1523 1056 1668 1084 Dominus
1693 1057 1778 1084 Jesus

952 1098 1101 1133 Christus,
1124 1106 1181 1133 per
1214 1107 1299 1135 quem
1335 1100 1437 1128 omnia
1451 1101 1486 1128 7°.
1511 1101 1778 1134 Quemadmodum

951 1142 1039 1177 igitur
1055 1151 1144 1171 voces
1159 1151 1190 1171 se
1212 1143 1326 1173 habent
1351 1144 1428 1172 inter
1442 1153 1508 1173 sese
1525 1155 1531 1180 ;
1559 1145 1609 1181 ita,
1624 1145 1730 1182 inquit,
1746 1153 1778 1173 se

951 1188 1108 1217 habebunt
1122 1192 1150 1217 et
1163 1191 1290 1223 naturae,
1305 1198 1373 1226 quae
1386 1198 1439 1227 per
1451 1191 1533 1227 ipsas
1551 1191 1776 1226 signiﬁcantur:

952 1233 1003 1261 sed
1016 1234 1091 1262 inter
1106 1243 1137 1262 se
1152 1234 1324 1271 discrepant
1337 1243 1395 1270 per
1404 1244 1490 1272 quem
1501 1238 1529 1264 et
1548 1243 1586 1264 ex
1600 1244 1657 1272 quo
1671 1245 1677 1270 ;
1693 1235 1778 1264 dissi-

952 1278 1031 1306 milis
1045 1279 1134 1314 igitur
1149 1280 1227 1308 Patri
1241 1280 1342 1309 Fitius.
1359 1282 1400 1309 Ex
1414 1281 1472 1309 hoc
1501 1282 1601 1318 itaque
1627 1281 1735 1309 morbo
1750 1283 1779 1310 et

950 1323 1076 1351 istorum
1093 1324 1172 1352 circa
1187 1325 1415 1361 praepositiones
1430 1326 1587 1361 nugacitas
1616 1325 1777 1362 dependet.

952 1368 1035 1396 Unde
1061 1370 1118 1396 Deo
1145 1369 1267 1405 quidem
1292 1372 1321 1397 et
1358 1370 1434 1398 Patri
1462 1373 1606 1406 tanquam
1635 1371 1777 1399 eximiam

952 1413 1119 1449 quamdam
1130 1414 1298 1450 portionem
1311 1415 1478 1442 attribuunt
1487 1415 1612 1450 illud,”
1622 1423 1694 1451 quo;
1707 1416 1777 1444 Filio

951 1465 1023 1486 vero
1035 1460 1063 1486 et
1078 1459 1136 1487 Deo
1162 1460 1356 1494 assignarunt
1373 1459 1456 1493 iliud,
1470 1468 1526 1495 per
1536 1468 1642 1495 quem;
1658 1461 1779 1497 Spiritui

952 1505 1053 1537 autem
1068 1506 1182 1539 sancto,
1199 1504 1282 1539 illud,
1297 1505 1328 1532 in
1340 1511 1419 1540 quo;
1434 1508 1607 1541 negantque
1620 1505 1700 1533 hunc
1716 1505 1778 1541 syl-

951 1547 1091 1576 labarum
1109 1556 1198 1576 usum
1224 1557 1356 1585 usquam
1378 1549 1495 1582 inverti,
1513 1552 1555 1583 ut,
1577 1549 1779 1586 quemadmo-

951 1592 1024 1620 dum
1041 1593 1111 1628 dixi,
1129 1601 1165 1621 ex
1180 1593 1384 1630 discrepantia
1408 1594 1585 1630 prolationis
1609 1594 1699 1622 simul
1726 1602 1779 1631 ap-

952 1639 1058 1673 pareat
1071 1639 1099 1665 et
1118 1639 1232 1665 naturae
1248 1638 1463 1675 discrepantia.
1481 1639 1571 1675 Atqui
1589 1646 1651 1666 non
1670 1638 1779 1667 obscu-

952 1690 1020 1710 rum
1033 1684 1087 1716 est,
1103 1691 1165 1715 eos,
1178 1683 1251 1710 dum
1267 1683 1303 1711 de
1316 1683 1440 1719 syllabis
1454 1683 1602 1711 subtiliter
1614 1685 1778 1719 nugantur,

952 1726 1053 1762 impia:
1068 1727 1212 1755 doctrinae
1227 1728 1289 1756 vim
1304 1736 1340 1756 ac
1355 1728 1449 1756 robur
1463 1731 1607 1757 astruere.
1626 1729 1780 1765 Siquidem

953 1771 999 1799 his
1013 1771 1149 1808 syllabis,
1160 1780 1198 1800 ex
1207 1780 1275 1809 quo,
1287 1772 1474 1801 conditorem
1484 1773 1590 1801 volunt
1599 1773 1761 1808 signiﬁcari
1773 1782 1780 1807 ;
1810 1783 1819 1799 ξ

953 1823 1058 1843 rursus
1072 1816 1130 1848 his,
1143 1824 1199 1851 per
1209 1825 1306 1853 quem,
1317 1817 1489 1846 ministrum
1516 1825 1577 1846 non
1602 1818 1782 1847 instrumen-

953 1862 1037 1888 tum:
1053 1861 1100 1889 his
1112 1860 1252 1898 denique,
1264 1863 1375 1898 inquo,
1392 1865 1513 1899 tempus
1528 1864 1581 1890 aut
1603 1862 1705 1891 locum
1731 1863 1783 1892 de-

954 1905 1070 1942 clarari,
1083 1908 1115 1934 ut
1128 1906 1154 1934 is
1176 1906 1229 1942 qui
1254 1907 1390 1935 condidit
1417 1908 1571 1943 universa,
1597 1907 1782 1943 intelligatur

953 1950 1047 1990 nihilo
1061 1951 1267 1980 honorabilior
1278 1952 1500 1980 instrumento:
1526 1952 1653 1989 Spiritus
1680 1955 1782 1981 autem

954 1997 1077 2023 sanctus
1090 1995 1184 2024 nihilo
1198 1995 1277 2032 plus,
1298 2004 1392 2032 quam
1416 1996 1500 2025 locus
1526 1999 1578 2026 aut
1596 1998 1727 2037 tempus,
1742 1996 1783 2026 ad

953 2047 1002 2076 res
1013 2040 1191 2070 condendas
1206 2040 1342 2069 attulisse
1356 2040 1505 2070 videatur.
1711 2046 1714 2049 ’

991 2158 1045 2196 (36)
1064 2157 1132 2196 Ἀρα
1150 2160 1195 2184 καὶ
1209 2161 1254 2193 τῷ.
1271 2159 1342 2196 Reg.
1359 2158 1529 2196 tertiusipu
1539 2162 1624 2196 κεῖται
1636 2161 1682 2194 τῷ.

990 2194 1047 2227 (37)
1071 2194 1283 2230 Σύνεκφαίνηται,
1313 2195 1377 2222 Duo
1410 2194 1527 2230 antiqui
1547 2194 1667 2222 codices
1690 2203 1782 2231 συνομ-

99 2231 199 2259 Basilii
210 2231 412 2267 locapprorsus
425 2230 545 2258 similia.
561 2230 742 2267 Habetunus
756 2239 790 2258 ex
803 2230 897 2266 Regiis

956 2233 1091 2266 φαίνηται.

99 2267 256 2295 codicibus
268 2265 364 2300 sane,
381 2266 570 2294 Colbertinus
587 2265 687 2297 δόντας.
706 2268 796 2294 Porro
817 2265 899 2294 Eras-

99 2310 168 2330 mus
180 2303 226 2330 sic
238 2303 448 2338 interpretatur
464 2311 470 2329 :
485 2303 555 2330 Jam
579 2303 674 2337 igitur
701 2303 786 2330 nobis
810 2309 900 2338 quam

97 2339 166 2376 ﬁeri
175 2341 272 2376 patest
284 2338 620 2376 brevissimeftiqendttm
634 2341 685 2366 est.
701 2340 801 2366 Posset
810 2339 901 2376 etiam

99 2374 147 2401 hic
171 2373 272 2401 afferri
295 2381 423 2401 sensus:
451 2373 590 2401 Ora'tzoni
611 2378 712 2402 ratum
737 2374 898 2408 quoddam,

100 2413 250 2445 quantum
260 2410 328 2443 ﬁeri
339 2412 446 2444 potest,
457 2412 484 2437 et
500 2410 693 2444 exploratum
710 2410 900 2445 principium

100 2444 289 2479 ponentibus.
304 2445 359 2472 Sed
371 2445 540 2472 accuratior
552 2445 669 2473 videtur
683 2444 902 2480 interpretandi

100 2480 296 2516 ratio.quam
322 2480 527 2508 adhibuimus.
544 2480 618 2508 Cum
647 2480 799 2508 statuisset
826 2480 903 2508 Basi-

100 2515 158 2543 lius
175 2515 345 2543 orationem
356 2516 443 2543 altius
455 2516 735 2552 repetere,breviter
749 2516 901 2552 dicturum

100 2559 130 2579 se
147 2555 262 2588 monet,
275 2554 425 2588 quantum
439 2552 569 2580 brevitas
585 2561 654 2580 cum
671 2551 823 2587 ejusmodi
835 2560 902 2588 pro-

101 2587 203 2623 posito
220 2587 373 2614 conciliari
390 2590 497 2622 potest.

137 2624 196 2654 (341
209 2623 355 2658 Ἀνοςιοίαν.
372 2624 418 2650 Sic
426 2623 534 2659 yetusti
546 2623 676 2659 codices.
685 2623 758 2650 Edill
771 2622 900 2659 ἀνόμοιον.

138 2660 194 2693 (35)
215 2660 252 2684 Τά
266 2660 360 2686 πάντα.
390 2658 513 2686 Addunt
537 2658 692 2686 editiones.
721 2658 903 2686 Basileenses

104 2694 240 2720 secunda
251 2698 278 2720 et
294 2695 382 2721 Paris.
402 2697 505 2730 Ηνεὺμα
523 2694 607 2729 ἅγιον,
629 2695 653 2720 ἐν
666 2695 686 2719 ὦ
699 2695 730 2720 τὰ
745 2696 840 2730 πάντα.
864 2694 903 2721 Et

105 2737 184 2756 unus
192 2730 326 2763 Spiritus
339 2733 459 2757 sanctus
472 2732 500 2756 in
512 2738 569 2764 quo
581 2731 692 2757 omnia.
709 2729 767 2757 Sed
778 2733 840 2757 haec
852 2737 904 2756 ne-

105 2771 164 2799 que
179 2764 207 2791 in
220 2765 317 2800 prima
333 2765 461 2793 editione
475 2765 645 2799 Basileensi,
655 2773 752 2801 neque
764 2765 792 2793 in
807 2765 904 2801 Regiis

106 2802 239 2836 quatuor
246 2801 412 2834 codicibus,
421 2809 517 2837 neque
527 2801 558 2829 in
569 2800 739 2830 Colbertino
752 2800 904 2836 leguntur.

249 2845 372 2875 PATROL.
388 2846 438 2874 Gn.
454 2846 552 2874 XXXII.

991 2267 1045 2300 (38‘.
1060 2259 1195 2294 ψαίνηταί.
1211 2265 1291 2292 Unus
1305 2264 1372 2292 cod.
1390 2273 1446 2293 ms.
1462 2269 1584 2301 φανῆται.
1607 2265 1653 2294 Sic
1680 2267 1782 2293 autem

954 2301 1053 2328 reddit
1076 2301 1157 2328 hunc
1181 2301 1282 2328 loeum
1308 2302 1474 2329 Erasmus:
1505 2302 1638 2336 Spiritus
1660 2305 1782 2329 sanctus

956 2337 1052 2364 nihilo
1065 2338 1133 2371 plus
1148 2337 1188 2364 ad
1197 2344 1244 2364 res
1255 2337 1425 2364 condendas
1436 2338 1581 2366 momenti
1592 2338 1730 2365 attulisse
1744 2338 1785 2365 vi-

955 2373 1073 2406 deatur,
1089 2373 1148 2400 nisi
1159 2372 1239 2408 quod
1259 2377 1371 2406 tempus
1391 2376 1443 2400 aut
1459 2374 1556 2401 locum
1566 2373 1727 2408 przebuerit
1738 2381 1785 2401 re-

957 2409 1010 2436 bus
1038 2409 1176 2445 conditis.
1203 2410 1326 2445 Atinon
1350 2411 1478 2445 tantum,
1508 2409 1632 2436 honoris
1663 2408 1785 2445 Spiritui

956 2447 1062 2472 sancto
1082 2443 1331 2480 habebantimpii
1350 2443 1492 2479 haeretici,
1512 2447 1544 2472 ut
1560 2445 1598 2472 ab
1615 2452 1649 2472 eo
1665 2443 1785 2480 tempus

956 2482 984 2508 et
998 2480 1098 2516 locum
1117 2482 1217 2507 creata
1232 2479 1380 2516 dicerent;
1405 2480 1459 2507 sed
1475 2488 1543 2507 eum
1564 2479 1787 2516 comparabant

956 2523 1026 2543 cum
1039 2515 1105 2543 lcco
1113 2518 1292 2551 ettempore,
1302 2515 1520 2543 utlt'iliumcum
1529 2515 1727 2543 instrumento
1736 2524 1742 2542 :
1751 2523 1785 2542 ac

957 2553 982 2579 ei
1007 2551 1240 2587 appellationem
1256 2551 1313 2578 loci
1334 2551 1543 2587 imponebant,
1558 2554 1591 2578 ut
1605 2551 1645 2579 ait
1661 2551 1786 2578 Basilius

956 2586 1056 2623 cathj
1063 2586 1108 2622 cuj
1115 2595 1148 2613 us
1157 2586 1352 2623 cavillationis
1360 2586 1467 2614 ansam
1476 2587 1614 2615 videntur
1622 2587 1786 2623 arripuisse

958 2621 1116 2650 ex‘usitata
1130 2622 1211 2658 apud
1225 2622 1384 2658 scriptores
1397 2623 1617 2650 ecclesiasticos
1628 2621 1784 2658 sententia,

958 2658 1009 2694 qui
1018 2658 1154 2693 Spiritum
1163 2661 1300 2685 sanctum
1309 2657 1406 2685 dicere
1414 2658 1734 2692 solentptenitmlinem
1741 2657 1788 2685 bo-

958 2693 1066 2721 riorum
1080 2695 1136 2722 Dei
1150 2702 1227 2728 esse,
1245 2696 1276 2720 ut
1291 2693 1332 2721 ait
1349 2693 1493 2729 Didymus
1520 2694 1590 2721 lib.i
1613 2695 1655 2721 De
1668 2693 1788 2728 Spiritu

959 2733 1073 2762 sancto,
1090 2737 1124 2757 ac
1139 2729 1169 2756 in
1184 2737 1219 2757 eo
1236 2733 1345 2757 cuncta
1368 2730 1422 2757 Dei
1439 2730 1519 2757 dona
1535 2730 1704 2757 consistere.
1722 2730 1788 2764 lpse

961 2765 1085 2793 Basilius
1096 2765 1215 2801 probat,
1228 2773 1294 2801 cap.
1313 2767 1346 2793 26
1362 2764 1453 2799 hujus
1466 2764 1543 2801 libri,
1559 2765 1701 2801 Spiritum
1718 2772 1788 2792 san-

960 2803 1042 2829 ctum
1059 2800 1123 2829 esse
1138 2800 1227 2829 veluti
1241 2800 1342 2829 locum
1362 2808 1468 2830 eorum
1481 2800 1535 2836 qui
1550 2800 1787 2829 sanctiﬁcantur.

1640 2846 1656 2874 3
