2027 3144
259 125 293 150 75
948 125 977 152 s.
999 122 1122 151 BASILII
1141 123 1261 151 MAGNI.
1904 135 1936 160 τε

560 219 562 221 ἱ
586 186 699 214 CAPUT
718 187 763 214 IlI.

294 231 321 259 E
335 230 492 259 mundana
502 230 693 266 philosophia
709 234 812 259 natam
829 238 888 259 esse
902 230 939 258 de
957 230 1083 265 syllabis

453 267 645 301 sophisticam
659 267 892 301 disputationem

294 314 319 339 5.
339 311 458 339 Induxit
473 319 563 347 porro
576 311 660 347 ipsos
680 311 710 339 in
725 311 806 339 hunc
830 319 962 339 errorem
988 313 1084 338 exter-

259 364 369 384 norum
385 364 507 392 quoque
523 356 702 392 scriptorum
719 356 898 389 observatio,
915 352 967 392 qui
981 364 1082 387 voces,

259 409 296 430 ea:
315 409 373 437 quo
388 404 416 429 et
429 409 485 436 per
501 409 598 436 quem,
615 401 705 428 rebus
721 403 828 429 natura
844 401 991 436 separatis
1006 400 1084 428 attri-

257 446 397 474 buerunt.
414 445 570 481 Siquidcm
585 445 626 472 iiil
644 447 750 481 putant
764 445 810 472 his
824 445 960 477 vocibus,
977 452 1015 472 ex
1026 452 1084 479 quo

258 491 422 526 signiﬁcari
436 490 614 518 materiam:
638 490 686 518 his
701 498 783 522 vero,
797 498 852 525 per
862 498 960 526 quem,
975 490 1082 517 instru-

258 538 395 563 mentum
418 534 579 569 designari,
597 535 621 571 5
647 537 699 562 aut
718 543 841 571 prorsus
870 534 1082 562 ministerium.

257 579 307 607 Vel
319 579 418 615 potius
432 579 516 615 (quid
531 580 612 607 enim
627 581 715 611 vetat,
731 581 793 607 tota
812 578 930 606 illorum
947 578 1084 606 doctrina

257 625 391 660 repetita,
407 624 513 660 paucis
529 631 665 658 arguere,
682 626 710 651 et
724 632 815 659 quam
832 624 879 651 isti
891 623 1030 651 homines
1039 623 1084 650 di-

257 671 327 697 cant
339 678 357 697 a
374 677 446 697 vero
467 668 644 696 dissidentia
654 671 682 696 et
692 677 785 704 quam
798 668 855 704 ipsi
867 676 928 696 non
947 670 1085 696 constent

257 715 346 744 sibi?)
368 714 421 750 qui
446 713 529 741 inani
551 713 751 749 philosophia;
775 713 923 740 dederunt
948 720 1082 749 operam,

256 759 330 787 dum
343 758 537 786 multifariam
554 760 710 794 exponunt
725 765 823 785 causa:
837 760 986 790 naturam,
1002 765 1084 784 eam-

255 813 314 841 que
326 804 355 832 in
364 803 486 840 propria
498 802 667 837 signiﬁcata
676 802 824 836 dividunt,
840 802 914 830 alias
925 802 1008 830 aiunt
1018 810 1083 829 esse

256 857 364 877 causas
376 847 568 885 principales,
581 847 656 875 alias
673 849 878 883 cooperantes,
893 849 945 874 aut
955 855 1084 874 concau-

221 918 224 922 .
256 894 347 928 sales,
364 893 439 921 alias
454 895 551 920 autem
564 891 647 919 hanc
664 891 812 919 rationem
834 891 946 918 habere
964 893 995 918 ut
1017 891 1081 918 sine

254 939 290 967 iis
309 938 383 967 nihil
396 937 551 965 efﬁciatur.
569 938 665 972 Atque
688 936 797 963 harum
822 936 930 972 cuique
952 935 1082 972 peculia-

255 992 319 1012 rem
334 984 424 1011 etiam
442 981 608 1010 attribuunt
625 980 871 1017 appellationem,
883 980 923 1008 ita
940 983 970 1007 ut
998 980 1082 1008 aliter

254 1029 364 1065 opifex,
394 1027 478 1055 aliter
513 1027 746 1054 instrumentum
787 1025 982 1060 signiﬁcetur.
1007 1026 1080 1053 Nam

253 1073 356 1110 opiﬁci
378 1079 544 1107 congruere
568 1071 740 1099 existimant
761 1070 844 1102 illud.
857 1079 874 1098 a
891 1078 971 1106 quo;
997 1071 1081 1098 aiunt

254 1119 334 1146 enim
343 1117 464 1154 proprie
474 1116 565 1147 dici,a
575 1115 663 1143 fabro
673 1115 784 1143 factum
797 1115 890 1142 fuisse
903 1122 1078 1142 scamnum:

254 1166 285 1191 at
296 1163 496 1190 instrumento
510 1160 669 1188 convenire
684 1159 767 1192 illud,
781 1167 838 1194 per
856 1167 941 1195 quem
956 1167 966 1194 ;
976 1159 1081 1187 dicunt

252 1207 344 1241 enim,
361 1214 414 1242 per
433 1205 561 1233 securim
577 1207 605 1232 et
625 1204 799 1232 terebellum
819 1203 984 1240 etreliqua.
998 1204 1081 1232 Simi-

252 1253 318 1281 liter
327 1252 408 1280 hanc
417 1250 608 1288 particulam,
616 1257 653 1278 ex
660 1257 728 1285 quo,
741 1249 782 1277 illi
795 1249 910 1277 faciunt
924 1249 1079 1285 propriam

253 1298 387 1326 materiae
401 1306 407 1331 ;
423 1295 573 1332 siquidem
586 1303 602 1322 e
617 1295 742 1322 materia
763 1294 796 1322 ﬁt
809 1294 975 1330 opiﬁcium.
992 1296 1080 1322 Porro

253 1341 444 1380 particulam,
456 1342 550 1376 juxta
564 1340 653 1375 quod,
668 1342 775 1375 putant
790 1339 957 1374 signiﬁcare
971 1347 1080 1367 conce-

253 1391 340 1425 ptum
367 1387 480 1419 animo,
507 1385 555 1413 vel
578 1385 759 1413 extrinsecus
791 1384 941 1420 objectum
975 1384 1080 1412 artiﬁci

254 1431 418 1468 exemplar.
431 1430 481 1458 Vel
490 1430 570 1458 enim
586 1430 670 1466 prius
684 1429 864 1464 cogitatione
878 1429 934 1457 sibi
948 1429 1082 1465 depingit

255 1477 284 1505 id
305 1476 388 1513 quod
403 1476 500 1504 facere
515 1474 654 1505 destinat,
669 1476 697 1501 et
709 1474 751 1501 sic
767 1473 850 1509 quod
866 1474 967 1501 animo
978 1482 1082 1502 conce-

255 1523 309 1559 pit,
325 1521 364 1549 ad
377 1529 454 1557 opus
469 1519 606 1569 perducit
621 1526 627 1546 ε
651 1518 697 1546 vel
708 1518 751 1569 “ad
770 1518 924 1569 exemplar
941 1518 1005 1554 jam
1022 1519 1082 1546 edi-
1101 1542 1121 1569 Ο

254 1570 316 1596 tum
325 1563 541 1602 respiciens,ad
551 1564 629 1592 illius
639 1563 863 1591 similitudinem
874 1564 1082 1600 operationem

256 1611 366 1646 dirigit.
383 1612 464 1638 Hanc
479 1611 580 1636 autem
589 1607 779 1644 particulam,
795 1609 1019 1644 propterquod,
1033 1617 1083 1637 vo-

254 1657 321 1685 lunt
333 1657 503 1691 competere
519 1653 569 1681 ﬁni
583 1661 589 1685 ς
605 1660 763 1680 scamnum
779 1653 857 1680 enim
881 1661 945 1681 esse
969 1654 1082 1682 factum

257 1702 295 1730 ad
311 1709 401 1729 usum
415 1699 585 1728 hominum.
603 1698 736 1734 Denique
759 1698 806 1725 his
833 1698 939 1734 verbis,
959 1700 988 1727 in
1015 1708 1081 1735 quo,

257 1749 377 1782 tempus
390 1747 441 1773 aut
457 1744 557 1772 locum
573 1743 710 1771 indicari.
732 1743 859 1776 Quando
875 1744 955 1772 enim
971 1745 1084 1772 factum

257 1792 324 1820 est?
340 1791 371 1819 in
383 1790 432 1818 tali
450 1792 594 1825 tempore.
614 1787 667 1815 Ubi
683 1787 797 1815 factum
812 1788 921 1816 est?in
936 1789 986 1816 tali
1005 1789 1084 1825 loco,

255 1838 323 1867 Haec
335 1838 437 1864 autem
450 1833 569 1862 tametsi
584 1832 658 1860 nihil
673 1833 831 1860 conferunt
842 1833 881 1860 ad
897 1833 927 1860 id
938 1834 1021 1869 quod
1040 1834 1082 1869 ﬁt,

255 1887 358 1912 tamen
375 1880 491 1916 absque
505 1878 551 1906 his
574 1877 648 1905 nihil
664 1880 763 1913 potest
787 1877 862 1905 ﬁeri.
884 1878 1083 1914 Operantibus

256 1927 336 1956 enim
352 1927 381 1953 et
403 1924 469 1952 loco
485 1925 513 1951 et
533 1925 667 1958 tempore
684 1930 762 1957 opus
787 1923 840 1949 est.
864 1923 921 1949 Has
940 1922 1082 1951 observa-

256 1971 352 2002 tiones
366 1979 401 1998 ex
417 1968 558 1997 inanibus
574 1967 740 2003 disciplinis
760 1975 795 1994 ac
810 1975 889 1994 vana
905 1967 1081 2004 deceptione

256 2016 434 2052 desumptas
446 2021 514 2041 cum
526 2012 573 2040 isti
587 2012 745 2039 didicerint
757 2014 846 2047 atque
860 2012 1000 2040 admirati
1010 2013 1079 2048 sint,

256 2070 308 2090 eas
320 2061 410 2089 etiam
422 2059 461 2087 ad
475 2057 641 2093 simplicem
652 2062 680 2084 et
690 2059 752 2084 arte
762 2056 846 2084 omni
857 2059 1006 2085 carentem
1019 2058 1080 2093 Spi-

254 2107 328 2135 ritus
344 2105 513 2134 doctrinam
529 2101 721 2134 trausferunt,
736 2104 769 2129 ut
784 2104 812 2129 et
831 2103 923 2129 Deum
950 2102 1079 2130 Verbum

253 2151 435 2183 diminuant,
450 2151 479 2177 et
504 2147 644 2184 Spiritum
671 2148 809 2174 sanctum
840 2146 997 2181 rejiciant:
1027 2149 1079 2184 qui

253 2196 376 2233 quidem
393 2202 499 2222 vocem
523 2191 728 2220 instrumentis
750 2191 892 2219 inanimis
912 2195 964 2220 aut
979 2193 1078 2220 servili

252 2248 288 2269 ac
298 2247 423 2276 prorsus
435 2236 541 2265 humili
558 2235 723 2264 ministerio
738 2243 755 2263 ιι
779 2235 913 2271 profanis
925 2236 1077 2272 scriptori-

251 2283 310 2312 bus
320 2281 634 2318 assignatam,loquor
649 2280 686 2308 de
707 2280 847 2315 dictione,
862 2288 916 2315 per
926 2288 1021 2316 quem,
1037 2281 1076 2308 ad

253 2329 415 2357 Dominum
427 2327 635 2355 universorum
646 2334 707 2354 non
721 2326 805 2354 veriti
816 2328 886 2353 sunt
901 2325 1073 2357 transferre;

250 2381 307 2402 nec
323 2373 418 2409 pudet
441 2372 625 2401 Christianos
651 2378 739 2398 serrae
754 2372 806 2397 aut
826 2369 926 2396 mallei
944 2369 1075 2397 vocabu-

250 2419 316 2447 lum
336 2418 483 2446 universae
499 2420 641 2445 creaturae
658 2414 810 2443 Conditori
826 2413 997 2443 attribuere.

285 2508 343 2542 (39)
361 2507 422 2534 ⁴οτι
444 2507 471 2533 ἐκ
497 2510 542 2536 τῆς
565 2504 777 2542 ἔξωθενᾏ-Ηυοη
791 2502 949 2542 transferre
978 2503 1074 2542 coacti

249 2539 356 2572 sumus
374 2544 456 2571 hunc
477 2542 596 2570 titulum
618 2548 636 2568 a
663 2539 794 2567 librariis
818 2539 898 2566 infra
913 2541 982 2567 ante
1008 2539 1073 2568 haec

246 2579 351 2615 verba,
370 2580 394 2605 oi
407 2580 524 2615 mptn‘w
538 2575 784 2615 paratag,_v_itiose
798 2583 931 2615 prorsu_,
946 2578 978 2603 ut
990 2577 1073 2615 patet

246 2623 283 2643 ex
303 2610 488 2651 parenthesi,
502 2610 596 2651 quam
616 2610 1000 2651 adjicimusfapposium.’
1016 2611 1071 2639 lbi-

244 2646 315 2680 deni
331 2653 399 2686 Reg.
417 2646 527 2686 tertius»
538 2646 811 2686 ouila§§whefoioyieg

281 2688 338 2722 (40)
360 2682 488 2715 ’ἐκείνους
498 2684 601 2715 αὐτούς.
613 2684 659 2711 Sic
668 2683 735 2711 libri
748 2685 873 2711 veteres.
887 2682 965 2710 Editi
975 2682 1069 2713 αὐτοὺς

243 2732 364 2753 manu;

278 2758 335 2794 (41)
357 2759 487 2794 Ἐπέχιιν.
508 2758 580 2794 Non
602 2755 680 2794 male
707 2754 737 2783 in
760 2762 820 2782 uno
840 2762 884 2794 ex_
899 2754 1068 2794 μεεὶρ-,νπ-

242 2789 513 2831 έχίινίΡθΑιΙόΡοεῐ
527 2791 670 2821 articulus
684 2799 719 2820 ex
739 2798 812 2818 mss.
830 2789 919 2818 codd.
945 2790 1068 2818 additus

1413 190 1607 216 ΚΕΦΑΛΔΙΟΝ
1627 191 1662 218 Γ.

1174 229 1233 256 Ὀτι
1247 230 1275 256 ἐκ
1297 236 1344 262 τῆς
1373 232 1462 274 ίξιμθὶν
1491 236 1547 267 (39)
1564 238 1658 274 σοφίας
1686 237 1701 266 ἡ
1718 240 1777 274 περὶ
1805 242 1855 264 τῶν
1878 239 1938 266 συλ-

1405 268 1488 295 λαϐῶν
1508 268 1671 307 τεχνολογία,

1220 311 1379 348 ’Υπηγάγετο
1398 315 1485 350 μέντοι
1528 316 1620 346 αὐτοὺς
1658 319 1722 353 πρὸς
1757 321 1804 348 τὴν
1837 319 1937 350 ἀπάτην

1138 357 1233 384 ταύτην
1250 359 1294 382 καὶ
1308 358 1322 386 ἡ
1340 362 1389 383 τῶν
1418 358 1508 390 ἔξωθεν
1534 364 1716 398 παρατήρησις
1743 363 1767 389 οἳ
1794 366 1833 395 τό,
1855 364 1881 396 ἐξ
1896 366 1936 399 οὗ,

1138 402 1183 425 καὶ
1198 402 1235 435 τὸ,
1262 399 1299 426 δι’
1320 402 1360 435 οὗ,
1375 407 1580 440 κεχωρισμένοις
1607 407 1674 432 κατὰ
1700 409 1746 436 τήν
1771 410 1848 444 φύσιν
1871 411 1938 436 rrad-

1138 455 1222 480 γμασι
1250 445 1463 483 προσδιένειμαν.
1504 449 1610 475 Ἐκεῖνοι
1635 453 1684 486 γὰρ
1707 454 1805 479 οἴονται
1835 455 1864 480 τό
1891 438 1936 490 μὲν

1139 488 1166 520 ἐξ
1181 489 1210 514 οὗ
1234 492 1281 519 τὴν
1302 491 1364 519 ὕλην
1385 490 1490 526 δηλοῦν,
1507 495 1535 519 τό
1553 493 1582 520 δὲ
1598 493 1634 521 δι’
1650 496 1679 521 οὗ
1694 498 1722 522 τό
1739 499 1845 534 ῷογανον
1872 509 1938 535 παρη

1140 536 1224 569 ιοτᾷν,
1251 535 1265 564 ἦ
1297 535 1360 567 ὅλως
1384 539 1430 566 την
1456 539 1611 575 ὑπουργίαν,
1640 541 1740 568 Μᾶλλον
1770 541 1799 569 δὲ
1819 543 1852 579 (τί
1884 546 1936 582 γὰρ

1138 577 1240 612 κωλύει,
1270 581 1354 606 πάντα
1373 583 1416 607 τόν
1446 582 1546 609 ἐκείνων
1570 584 1645 620 λόγον
1670 585 1852 622 ἀναλαϐόντας,
1868 591 1896 615 τό
1911 577 1939 616 τις

1139 624 1202 658 πρὸς
1218 626 1264 652 τὴν
1286 623 1405 653 ἀλήθειαν
1422 625 1598 664 ἀσυνάρτητον
1620 632 1665 655 καὶ
1691 632 1720 657 τὸ
1737 634 1800 669 πρός
1827 632 1939 665 ἐκείνους

1138 667 1231 699 αὐτοὺς
1257 670 1312 703 (40)
1328 668 1482 707 ἀσυμφωνον
1502 677 1551 698 τῶν
1578 672 1679 710 ἀνδρῶν
1703 667 1800 702 τούτων
1823 677 1847 703 ἐν
1872 678 1941 715 βρα-

1138 715 1184 747 χεῖ
1199 710 1329 748 διελέγξαι
1342 716 1366 748 ;)
1382 714 1405 740 οἳ
1421 718 1479 753 περὶ
1494 719 1536 746 τὴν
1550 721 1663 754 ματαίαν
1680 720 1833 757 φιλοσοφίαν
1855 723 1940 758 ἐσχο-

1139 759 1252 791 Αακότες,
1266 762 1310 784 τοῦ
1327 759 1411 786 αἰτίου
1434 763 1480 789 τήν
1496 763 1572 797 φύσιν
1596 763 1734 800 πολλαχῶς
1759 765 1937 803 ἐξηγούμενοι,

1138 804 1274 829 καὶτοῦτο
1289 803 1321 833 εὶς
1344 806 1376 830 τὰ
1399 805 1482 832 οἰκεῖα
1505 811 1683 844 σημαινόμενα
1709 808 1880 847 διαιροῦντες,
1906 814 1941 839 τὰ

1137 847 1182 882 μὲν
1221 851 1435 885 προκαταρκτικα
1469 850 1573 886 λέγουσι
1603 857 1653 878 τῶν
1690 854 1779 881 αἰτίων
1809 856 1882 890 εἶναι,
1904 858 1938 883 τὰ

1138 889 1168 917 δὲ
1195 894 1307 929 συνεργὰ
1330 894 1344 922 ἡ
1374 897 1505 927 συναίτια,
1526 897 1559 922 τά
1587 895 1616 923 δὲ
1639 903 1687 924 τῶν
1702 900 1736 924 ὧν
1752 900 1797 926 οὐκ
1817 902 1877 927 ἄνευ
1890 901 1935 928 λό-

1136 945 1181 970 γον
1204 935 1306 972 ἐπέχειν
1332 938 1400 973 (41).
1425 939 1540 976 Ἐκάστῳ
1561 944 1648 977 μέντοι
1665 945 1761 970 τούτων
1778 943 1935 976 ἰδιάζουσαν

1136 983 1181 1006 καὶ
1209 983 1255 1010 τὴν
1288 981 1432 1018 ἐκιρώνησιν
1469 984 1638 1020 ἀφορίζουσιν
1655 996 1661 1002 ·
1692 990 1758 1015 ὥστε
1783 989 1866 1021 ἄλλως
1891 993 1935 1017 τὸν

1137 1022 1299 1063 δημιουργόν
1321 1030 1506 1063 σημαίνεσθαι,
1534 1034 1578 1057 καὶ
1598 1033 1626 1058 τὸ
1656 1033 1762 1069 ὄργανον
1787 1034 1879 1066 ἄλλως.
1892 1039 1934 1069 Τῷ

1135 1071 1180 1105 μὲν
1195 1072 1245 1106 γὰρ
1276 1069 1431 1108 δημιουργῷ
1457 1076 1561 1110 πρέπειν
1591 1077 1688 1103 οἴονται
1714 1080 1743 1104 τὸ
1772 1077 1870 1115 ὑφόὖ-
1888 1090 1934 1106 κυ-

1135 1115 1196 1150 ρίως
1209 1116 1259 1152 γὰρ
1274 1125 1338 1151 φασι
1361 1116 1482 1152 λέγεσθαι
1502 1120 1551 1145 όπό
1577 1124 1622 1146 τοῦ
1647 1123 1765 1154 τέκτονος
1779 1126 1935 1159 γεγενῆσθαι

1135 1161 1164 1184 τὸ
1191 1158 1301 1196 βάθρον·
1319 1165 1354 1196 τῷ
1381 1159 1410 1187 δὲ
1434 1162 1534 1199 ὀργάνῳ
1552 1166 1581 1190 τό
1609 1163 1645 1191 δι’
1668 1167 1708 1192 οὗ·
1732 1158 1786 1194 διά
1806 1158 1855 1204 γὰρ
1877 1179 1935 1196 σκε-

1135 1206 1233 1242 πάρνου
1256 1208 1330 1241 φασὶ,
1348 1209 1392 1232 χαὶ
1410 1209 1537 1245 τερέτρου,
1561 1212 1606 1236 καὶ
1630 1215 1679 1237 τῶν
1699 1211 1804 1240 λοιπῶν.
1825 1214 1935 1250 Ὀμοίως

1136 1248 1165 1276 δὲ
1194 1252 1238 1276 καὶ
1265 1252 1293 1276 τό
1323 1250 1349 1281 ἐξ
1372 1251 1402 1277 οὗ
1421 1257 1467 1283 τῆς
1490 1253 1552 1284 ὕλης
1572 1253 1641 1281 ἴδιον
1657 1257 1769 1283 τίθενται
1783 1258 1882 1285 ἐκεῖνοι·
1904 1259 1933 1285 ἐκ

1135 1294 1211 1326 ξύλου
1238 1297 1287 1332 γὰρ
1317 1294 1381 1322 εἶναι
1404 1298 1431 1322 τό
1467 1295 1666 1336 δημιούργημαι
1693 1303 1721 1327 τὸ
1747 1300 1776 1328 δὲ
1796 1302 1881 1329 χαθ’ὃ
1904 1306 1934 1330 τὸ

1135 1338 1253 1375 ἐνθύμιον
1286 1338 1392 1373 δηλοῦν,
1427 1342 1441 1371 ἡ
1480 1345 1510 1368 τό
1543 1343 1685 1380 ἐκκείμενον
1718 1345 1868 1383 ὑπόδειγμα
1897 1353 1934 1384 τῷ

1135 1387 1252 1421 τεχνίτῃ.
1277 1384 1309 1410 Ἦ
1331 1386 1381 1422 γὰρ
1407 1388 1686 1425 προαναζωγραφήσας
1705 1394 1734 1426 τῇ
1760 1389 1864 1428 διανοίᾳ
1877 1394 1933 1428 (42)

1134 1431 1162 1455 τό
1184 1431 1400 1466 κατασκεύασμα,
1425 1432 1507 1463 οὕτως
1531 1433 1566 1463 εἰς
1601 1434 1673 1470 ἔργον
1707 1437 1752 1463 τὴν
1789 1440 1934 1471 φαντασίαν

1135 1475 1242 1509 ἣγαγεν·
1259 1474 1273 1503 ἦ
1302 1477 1367 1512 πρὸς
1390 1473 1443 1504 ἤδη
1469 1476 1611 1512 ἐκκείμενον
1637 1477 1806 1515 παράδειγμα
1827 1479 1933 1508 ἀποϐλέ‹

1135 1527 1199 1551 πων,
1227 1518 1284 1544 καθ’
1308 1519 1432 1554 ὁμοίωσιν
1457 1519 1552 1546 ἐκείνου
1580 1523 1627 1550 τὴν
1649 1521 1775 1559 ἐνέργειαν
1804 1525 1935 1559 (43)κατ-

1135 1563 1245 1590 meum.
1270 1565 1304 1589 Τὸ
1334 1562 1363 1589 δὲ
1389 1562 1426 1590 δι’
1455 1565 1467 1590 ὁ
1496 1570 1531 1600 τῷ
1553 1566 1618 1592 τέλει
1654 1570 1796 1603 προσήκειν
1827 1569 1936 1606 βούλον-

1137 1617 1188 1633 ται·
1207 1606 1253 1634 δια
1278 1609 1328 1644 γὰρ
1359 1611 1403 1637 τὴν
1426 1613 1527 1646 χρῆσιν
1551 1613 1595 1639 τὴν
1622 1616 1671 1637 τῶν
1698 1611 1838 1649 ἀνθρώπων
1861 1625 1935 1651 γεγο-

1137 1655 1205 1678 νίναι
1218 1654 1246 1678 τό
1270 1652 1378 1690 βάθρον·
1405 1655 1433 1679 τὸ
1450 1652 1479 1680 ti":
1508 1653 1532 1680 ἐν
1551 1654 1571 1690 ᾧ
1586 1658 1628 1682 τὸν
1646 1659 1741 1694 χρόνον
1774 1663 1905 1696 παριστᾷν
1919 1661 1934 1690 ἦ

1137 1699 1181 1723 τόν
1203 1700 1290 1725 τόπον.
1319 1700 1384 1724 Πότε
1408 1700 1457 1735 γάρ
1481 1701 1601 1735 γεγονεν;
1619 1701 1659 1727 Ἐν
1677 1700 1746 1737 τῷδε
1771 1708 1807 1739 τῷ
1835 1707 1934 1741 χρόνῳ,

1140 1744 1190 1768 Καὶ
1205 1746 1274 1775 που;
1290 1742 1329 1768 Ἐν
1352 1741 1420 1777 τῷδε
1436 1747 1472 1778 τῷ
1497 1746 1577 1780 τόπῳ,
1604 1748 1693 1772 Ταῦτα
1709 1744 1738 1772 de
1758 1747 1779 1773 εἱ
1792 1750 1837 1774 xii
1852 1747 1935 1785 μηδὲν

1139 1791 1174 1822 τῷ
1194 1790 1319 1823 γινομένῳ
1354 1787 1538 1824 συμϐάλλεται,
1568 1789 1622 1815 ἀλλ’
1649 1789 1692 1816 οὖν
1717 1791 1763 1817 οὐκ
1792 1792 1851 1819 ἀνευ
1878 1796 1934 1820 τούο

1138 1842 1187 1858 των
1204 1831 1314 1858 δυνατόν
1334 1843 1360 1858 τι
1381 1834 1511 1868 γενέσθαι.
1542 1837 1624 1871 Χρεία
1638 1837 1688 1872 γὰρ
1717 1839 1762 1862 καὶ
1783 1840 1862 1864 τόπου
1889 1841 1933 1865 καὶ

1136 1879 1234 1913 χρόνον
1254 1880 1309 1907 τοῖς
1340 1877 1482 1915 ἐνεργοῦσι.
1507 1882 1596 1904 Ταῦτα
1619 1881 1743 1915 μαθόντες
1765 1884 1811 1908 καὶ
1835 1883 1935 1919 θαυμά-

1137 1932 1227 1953 σαντες
1243 1923 1298 1958 (44)
1323 1923 1396 1949 οὗτοί
1416 1924 1448 1949 τὰ
1475 1923 1501 1949 ἐκ
1527 1928 1575 1954 τῆς
1598 1928 1773 1960 ματαιότητος
1792 1937 1836 1953 και
1859 1932 1936 1960 κενῆς

1135 1969 1236 1997 απάτης
1257 1970 1480 2005 παρατηρήματα,
1505 1971 1550 1994 καὶ
1571 1968 1613 1995 ἐπὶ
1637 1972 1683 1998 τὴν
1711 1970 1794 2000 ἁπλῆν
1809 1975 1853 1998 καὶ
1878 1972 1936 2000 ἀτι-

1133 2012 1294 2048 χνολόγητον
1321 2016 1366 2038 τοῦ
1409 2014 1556 2048 Πνεύματος
1590 2012 1766 2041 διδασκαλίαν
1794 2021 1935 2054 μετακομί-

1136 2059 1235 2090 ζουσιν,
1253 2057 1288 2088 εἰς
1312 2057 1452 2083 ἐλάττωσιν
1478 2059 1523 2093 μὲν
1552 2061 1597 2084 τοῦ
1620 2063 1686 2085 Θεοῦ
1714 2062 1811 2096 Λόγου,
1843 2061 1935 2092 ἀθέτη-

1135 2112 1176 2128 σιν
1197 2100 1226 2128 δὲ
1254 2106 1300 2128 τοῦ
1335 2102 1409 2137 ἁγίου
1521 2104 1677 2138 Πνευματος·
1707 2104 1732 2129 οἵ
1759 2114 1788 2140 γε
1813 2108 1860 2135 τὴν
1892 2106 1934 2134 ἐπὶ

1133 2146 1245 2183 ἀψύχων
1270 2146 1395 2183 ὁργάνων,
1427 2146 1441 2174 ἦ
1470 2150 1518 2176 τῆς
1545 2147 1700 2183 ὑποχειρίου
1731 2152 1776 2175 καὶ
1809 2156 1934 2183 ταπεινῆς

1132 2192 1258 2221 παντελῶς
1282 2192 1426 2227 ὑπηρεσίας
1453 2194 1537 2225 φωνην
1566 2190 1747 2228 ἀφωρισμένην
1777 2197 1849 2232 παρὰ
1881 2200 1932 2222 τῶν

1132 2237 1232 2268 ῖξωθεν,
1261 2238 1308 2264 τὴν
1335 2234 1371 2261 δι’
1390 2235 1420 2260 οὗ
1448 2235 1524 2270 λέγω,
1540 2237 1636 2265 ταύτην
1665 2236 1706 2263 ἐπὶ
1731 2239 1773 2264 τὸν
1798 2243 1930 2270 Δεσπότην

1130 2285 1179 2306 τῶν
1207 2280 1270 2306 ὅλων
1297 2280 1344 2305 οὐκ
1367 2281 1488 2308 ὤκνησαν
1503 2281 1661 2316 μεταθεῖναι,
1684 2285 1729 2308 καὶ
1753 2283 1799 2309 οὐκ
1829 2285 1928 2321 αἰσχύ-

1128 2334 1215 2351 νονται
1228 2325 1252 2350 οἱ
1268 2327 1423 2362 Χριστιανοὶ
1437 2334 1540 2361 πρίονος
1560 2325 1574 2354 ἦ
1597 2327 1698 2363 σφύρας
1712 2331 1747 2363 τῷ
1772 2327 1928 2367 δημιουργῷ

1128 2373 1175 2400 τῆς
1190 2372 1299 2400 κτίσεως
1315 2371 1400 2405 φωνὴν
1409 2368 1586 2405 ἀφορίζοντες.

1127 2511 1165 2531 an
1170 2505 1197 2531 te
1212 2505 1339 2534 τέκτονος.

1162 2540 1221 2578 (te)
1238 2542 1277 2578 fre
1295 2538 1410 2575 διανοίᾳ.
1420 2540 1491 2578 nuo
1507 2539 1627 2578 codices
1639 2547 1712 2569 mss.
1726 2541 1750 2567 εν
1761 2545 1792 2578 τῇ
1808 2540 1924 2578 διανοίᾳ.

1161 2572 1217 2619 (t3)
1238 2572 1393 2612 Ἐνέργειανξ
1416 2575 1462 2603 Sic
1476 2576 1596 2604 codices
1609 2585 1686 2606 mss.
1706 2585 1768 2606 sex.
1780 2572 1860 2607 'Editi
1883 2572 1924 2617 ἑρ-

1124 2620 1231 2646 γασιαν.

1161 2647 1289 2683 (44)](αὶ
1304 2647 1493 2683 θαυμάσαντες.
1509 2649 1575 2676 Haec
1589 2648 1698 2676 desunt
1716 2649 1746 2677 in
1768 2649 1923 2678 nonnullis

1124 2682 1280 2722 codicibus
1295 2682 1369 2722 mss.
1379 2682 1469 2722 Paulo
1481 2686 1549 2722 post
1562 2683 1690 2722 editin‘w
1700 2689 1745 2722 τοῦ
1760 2687 1920 2722 Πνευματος,

1124 2718 1176 2746 sed
1185 2718 1300 2754 primus
1315 2719 1458 2754 articulus
1468 2718 1529 2747 non
1541 2720 1689 2748 invenitur
1703 2721 1733 2748 in
1744 2729 1820 2749 mss.
1829 2718 1920 2749 'codd.

1159 2753 1284 2792 (43)__'t‘o-J
1313 2753 1398 2792 ἁγίου.
1419 2756 1481 2792 Duo
1497 2755 1613 2792 antiqui
1639 2755 1759 2785 codices
1774 2760 1819 2783 τοῦ
1840 2758 1918 2785 θείου.

1122 2790 1186 2819 Duo
1197 2789 1248 2818 alii
1261 2793 1307 2817 τοῦ
1323 2791 1391 2818 θείου
1407 2793 1452 2818 καὶ
1467 2791 1557 2827 ἁγίου.
