2027 3144
94 165 125 193 81
701 165 801 194 LIBER
821 165 865 193 DE
884 163 1018 193 SPIRITU
1039 164 1184 194 SANCTO.
1741 168 1777 196 82

88 226 168 254 αὑτοῦ
192 228 244 264 γὰρ
271 230 326 258 τοῖς
353 225 429 254 οὖσιν
453 228 468 256 ἠ
493 227 565 254 αἰτία
582 231 629 254 τοῦ
644 228 709 255 ιῖναι
722 229 790 254 κατά
802 228 831 254 τὸ
847 227 880 254 6i-

947 227 1023 261 ipso,
1044 229 1072 255 et
1089 235 1145 262 per
1159 228 1266 263 ipsum,
1279 231 1307 258 et
1321 229 1353 257 in
1363 229 1462 264 ipsum
1485 229 1586 257 omnia
1601 228 1637 258 ".
1663 230 1704 258 Ex
1715 229 1775 258 hoc

87 271 159 308 λημα
181 276 229 298 τοῦ
258 276 326 299 Θιοῡ
354 274 400 299 καὶ
427 274 527 310 Πατρός
552 275 662 309 γίνεται.
689 273 726 300 Δι’
741 273 891 305 αὐτοῦτοῖς

87 320 169 343 πᾶσιν
187 318 203 346 ἡ
220 315 333 354 διαμονή
356 319 401 344 καὶ
427 318 443 347 ἠ
474 319 614 349 σύστασις·
632 321 677 344 τοῦ
703 320 840 349 κτίσαντος
858 319 891 345 τὰ

87 361 182 393 πάντα,
199 362 244 387 καὶ
268 361 301 387 τὰ
324 362 389 398 πρὸς
416 363 549 399 σωτηρίαν
574 360 674 397 ἑκάστῳ
688 366 737 388 τῶν
750 363 890 398 γενομένων

87 404 298 443 ἓπιμιτροῡντος.
319 407 364 432 Διό
388 404 422 436 δὴ
448 408 494 432 καὶ
518 406 552 437 εὶς
567 405 645 432 αὐτὸν
665 405 844 444 ἐπέστραπται
858 408 891 433 τὰ

87 451 240 487 σύμπαντα,
257 449 362 486 ἇσχέτῳ
378 450 435 486 (56)
456 452 507 477 τινὶ
522 451 595 487 πόοῳ
609 453 654 477 καὶ
671 450 775 489 ὰῤῥήτῳ
792 455 888 489 στοργῇ

86 497 151 532 πρὸς
182 497 226 522 τὸν
251 494 370 532 ἀρχηγὸν
390 499 436 526 τῆς
471 495 543 527 ζωῆς
565 498 609 522 καὶ
635 498 753 533 χορηγὸν
779 495 890 523 ἀποϐλέ-

85 549 181 574 ποντα,
219 541 286 566 κατὰ
318 541 348 566 τὸ
378 542 569 577 γεγραμμένον·
601 540 633 566 Οὶ
670 540 799 578 ὀφθαλμοὶ
823 542 890 568 πάν-

84 594 135 611 των
166 584 202 614 εἰς
228 586 256 611 σὶ
289 583 437 615 ἔλπίζουσιθ
464 587 509 612 καὶ
535 585 623 612 πάλιν.
657 587 747 612 Πάντα
774 587 839 624 πρὸς
861 596 892 628 an:

83 628 269 666 προσδοκῶσι·
294 632 350 662 καὶ,
374 630 500 667 Ἀνοίγιις
524 632 558 658 σὺ
585 633 632 661 τὴν
657 632 738 670 χεῖρά
767 641 826 667 σου,
845 639 890 664 καὶ

83 675 217 712 ὶμπιπλᾷς
230 678 282 702 πᾶν
297 675 363 706 ζῶον
379 673 509 707 εὐδοκίας.

116 820 144 848 8.
168 818 200 845 Ei
225 816 254 845 δί
268 819 333 856 πρὸς
357 818 455 848 ταύτην
483 818 557 855 ἡμῶν
572 820 620 848 τὴν
641 817 759 856 ἐκδοχὴν
773 818 887 847 ἐνίσταν-

79 874 134 899 ται,
160 873 202 895 τις
224 863 321 895 αὐτοὺς
340 862 508 900 ἐξαιρήσιτιι
530 863 606 900 λόγος
620 867 666 890 τοῦ
687 867 722 900 μὴ
740 865 805 901 οὐχὶ
816 875 889 901 φανε-

81 913 131 946 ρῶς
160 907 262 938 ἱαυτοίς
286 909 450 944 περιπίπτειν
467 916 474 941 ;
498 907 530 934 Ei.
550 909 601 946 γὰρ
620 910 656 945 μὴ
673 908 715 935 ἐπὶ
729 912 775 935 τοῦ
791 912 888 947 Κυρίου

82 952 207 981 δώσουσι
235 954 282 985 τὰς
309 956 378 990 τρεῖς
402 953 525 990 εἰρῆσθαι
539 954 633 990 φωνὰς,
649 956 696 984 τήν
716 964 744 981 τε
758 953 785 986 ἐξ
797 954 888 987 αὐτοῦ,

80 1000 126 1025 καὶ
151 996 189 1024 δι’
218 997 309 1032 αὐτοῦ,
347 999 393 1024 καὶ
421 998 458 1029 εἰς
487 997 565 1024 αὐτὸν
594 1001 661 1033 (57)⁷
692 998 791 1035 ἀνάγχῆ
814 1003 889 1026 πᾶσα

80 1046 263 1081 προσοικειοῦν
281 1046 318 1078 τῷ
343 1046 401 1078 Θιῷ
425 1045 470 1068 καὶ
493 1045 588 1080 Πατρί.
611 1043 654 1070 Ἕλι
674 1041 703 1070 δι
717 1045 810 1070 τούτου
823 1054 888 1082 προ-

79 1085 167 1118 δήλως
193 1087 281 1117 αὐτοῖς
309 1084 478 1113 διαπεσεῖται
501 1088 531 1113 τὸ
546 1089 737 1124 παρατήρημα.
758 1088 888 1125 Eripiente-

79 1141 123 1158 ται
147 1133 199 1169 γὰρ
227 1131 257 1157 οὖ
281 1133 359 1167 μόνον
378 1132 407 1157 τό
431 1130 458 1163 ἕξ
483 1131 522 1166 οὗ,
549 1131 614 1158 ἀλλὰ
628 1134 673 1158 καὶ
695 1134 725 1158 τὸ
741 1130 778 1158 δι’
793 1130 833 1166 οὗ,
851 1137 887 1169 τῷ

80 1178 165 1213 Ῐῐατρὶ
193 1177 400 1214 προσαγόμενον.
424 1175 505 1213 Ὀπιρ
539 1176 561 1203 ιὶ
583 1178 629 1213 μὲν
655 1175 738 1203 aridis
764 1179 885 1204 ταπεινὸν

80 1220 207 1257 ἔμφαίνιι,
236 1223 262 1247 τί
295 1218 395 1250 δήποτι
427 1221 462 1252 ὡς
492 1219 678 1259 ὑποδιέστιρον
715 1220 884 1258 ἁφορίζονσι,

80 1269 117 1301 τῷ
144 1266 222 1301 Titi»;
250 1265 272 1292 εἰ
300 1264 329 1292 δὴ
361 1267 460 1296 πάντας
476 1266 531 1292 ἑαντὶ
557 1264 692 1297 διακονίας
721 1265 879 1300 δηλωτικὸν,

80 1309 316 1347 ἀποκρινάσθωσαν
345 1311 422 1346 ἡμῖν.
438 1310 468 1337 Ὀ
496 1312 561 1342 Θεὸς
582 1315 628 1341 τῆς
654 1309 734 1343 δόξης
762 1314 807 1338 καὶ
825 1315 882 1338 Πα-

80 1356 131 1392 τὴρ
159 1358 205 1380 τοῦ
237 1357 351 1391 Χριστοῦ
375 1357 445 1386 τινος
477 1354 547 1382 ἔστὶν
574 1356 705 1392 ἄρχοντος
728 1356 882 1393 inrupit“;

77 1402 180 1426 Εκιῖνοι
208 1400 254 1435 μὶν
278 1397 321 1425 οὖν
351 1399 434 1430 οὕτως
466 1398 507 1435 ὑφ’
537 1399 632 1425 ἑαυτῶν
665 1402 881 1437 πιριτρέπονται,

76 1444 141 1480 ἡμῖν
164 1441 195 1469 δὲ
219 1443 373 1481 ἑκατέρωθι-ν
401 1444 431 1469 τὸ
464 1443 576 1481 ἰσχυρόν
601 1444 883 1480 φυλαχοήσιται.Ἐάν

75 1497 102 1514 τε
123 1489 175 1525 γὰρ
199 1490 296 1524 νικήσῂ
328 1497 388 1525 περι
413 1492 458 1514 τοῦ
485 1489 547 1515 Υἱοῦ
572 1487 694 1515 εἶναιτόν
708 1488 792 1525 λόγον.
810 1489 882 1527 εὐρε-

75 1533 184 1562 θὴσιταὶ
212 1534 241 1558 τὸ
269 1532 295 1564 ἐξ
322 1532 352 1559 οὖ
377 1536 413 1568 τῷ
444 1533 495 1568 Υὶῷ
521 1534 717 1571 προσαρμόζον·
745 1533 787 1560 ἐάν
800 1536 827 1560 τέ
843 1544 882 1565 τις

947 271 1098 308 siquidem
1112 272 1148 300 iis
1163 281 1231 310 quae
1240 276 1321 307 sunt,
1338 282 1431 302 causa.
1444 276 1476 303 ut
1490 274 1550 302 sint
1560 276 1675 309 manat,
1686 274 1774 310 juxta

945 316 1131 345 voluntatem
1141 318 1192 346 Dei
1202 320 1230 346 et
1241 318 1342 347 Patris.
1358 321 1411 347 Per
1421 319 1524 355 ipsum
1537 322 1773 355 perseverantac

943 362 1115 390 consistunt
1138 363 1263 396 omnia;
1284 363 1497 392 universorum
1519 364 1674 392 conditore
1704 364 1772 393 uni-

945 407 1054 443 cuique
1067 407 1110 435 rei
1124 409 1230 436 creata:
1245 415 1282 436 ea.
1300 408 1391 436 etiam
1405 416 1474 445 quas
1495 408 1535 437 ad
1548 409 1594 436 sui
1609 417 1771 438 conserva-

945 451 1059 480 tionem
1087 453 1261 481 necessaria
1284 455 1354 482 sunt
1378 453 1561 482 dimetiente.
1583 454 1772 491 Quapropter

945 504 1018 525 sane
1043 496 1133 525 etiam
1157 497 1300 526 universa
1321 506 1387 526 sese
1411 498 1451 526 ad
1472 497 1557 526 illum
1579 501 1769 533 convertunt,

943 540 1109 569 invincibili
1120 544 1210 578 atque
1229 542 1390 571 insedabili
1410 542 1547 580 quodam
1568 542 1728 579 desiderio,
1740 546 1770 574 et

944 593 1057 614 arcano
1083 585 1193 615 affectu
1219 587 1258 615 ad
1282 589 1435 616 auctorem
1462 589 1491 616 et
1515 587 1689 623 largitorem
1700 589 1785 626 vitae.

943 630 1144 667 respicientis,
1160 631 1247 667 juxta
1261 631 1334 660 illud
1349 631 1433 669 quod
1444 631 1588 669 scriptum
1599 634 1643 661 est
1658 641 1666 661 :
1683 633 1772 662 Oculi

944 676 1075 704 omnium
1097 677 1129 704 in
1141 679 1169 704 te
1180 680 1304 712 sperant
1325 677 1369 711 '9;
1391 679 1420 706 et
1434 685 1570 706 rursum:
1589 677 1697 706 Omnia
1710 687 1728 706 a
1742 681 1770 708 te

944 723 1116 755 exspectant
1126 721 1151 739 9°
1167 730 1173 756 ;
1189 723 1217 749 et
1231 730 1237 749 :
1250 722 1358 757 Aperi:
1369 725 1401 750 tu
1412 730 1535 751 manum
1551 725 1645 757 tuam,
1661 725 1689 751 et
1712 723 1770 752 im-

941 765 1007 801 ples
1019 773 1105 794 omne
1119 766 1238 795 animal
1253 767 1467 796 benedictione.

980 811 1007 838 8.
1019 810 1106 844 Quod
1117 811 1142 839 si
1157 811 1303 840 adversus
1312 811 1392 840 hanc
1402 813 1538 840 nostram
1551 811 1769 848 expositionem

943 854 1109 889 instabunt,
1134 863 1203 892 qum
1231 855 1298 884 illos
1324 856 1402 884 ratio
1429 856 1578 891 liberabit,
1605 857 1770 893 quominus

905 904 924 932 Β
944 899 1097 928 evidenter
1110 900 1141 928 in
1157 908 1190 928 se
1200 900 1282 936 ipsos
1296 900 1595 933 incurrant?Etenim
1608 901 1632 929 si
1647 909 1769 930 conces-

943 944 1004 972 suri
1020 951 1082 972 non
1108 947 1179 972 sunt
1195 944 1232 972 de
1248 945 1375 973 Domino
1390 945 1487 973 dictas
1497 953 1564 974 esse
1574 946 1631 974 has
1646 947 1704 974 tres
1718 953 1770 974 vo-

942 996 991 1016 ces
1011 997 1049 1017 ex
1062 990 1136 1024 ipso,
1155 992 1184 1018 et
1196 997 1253 1024 per
1271 990 1379 1024 ipsum,
1394 992 1423 1018 et
1441 990 1474 1018 in
1495 991 1593 1025 ipsum
1613 998 1619 1017 :
1643 990 1769 1020 omnino

941 1042 1102 1063 necessum
1117 1036 1170 1070 est,
1187 1036 1220 1062 ut
1234 1035 1294 1062 Deo
1313 1036 1343 1062 et
1361 1035 1439 1063 Patri
1451 1035 1571 1072 proprie
1587 1035 1766 1064 tribuantur.

943 1082 1037 1117 Atque
1051 1080 1121 1108 hinc
1140 1079 1242 1116 palam
1263 1080 1426 1108 conciderit
1446 1079 1566 1108 illorum
1586 1080 1768 1109 observatio.

942 1125 1095 1162 Reperitur
1108 1125 1189 1153 enim
1204 1132 1266 1154 non
1286 1125 1378 1153 modo
1393 1133 1430 1154 ea:
1440 1133 1508 1162 quo,
1524 1125 1578 1153 sed
1592 1125 1682 1154 etiam
1704 1134 1769 1161 ,per

940 1179 1038 1207 quem,
1054 1170 1281 1199 accommodari
1296 1171 1335 1199 ad
1347 1172 1477 1199 Patrem.
1502 1171 1572 1204 Quae
1586 1178 1645 1198 vox
1660 1170 1684 1198 si
1694 1170 1769 1199 nihil

940 1224 1002 1252 prae
1016 1224 1047 1244 se
1062 1216 1118 1244 fert
1131 1215 1254 1249 humile,
1271 1223 1364 1252 quam
1379 1215 1501 1244 tandem
1514 1215 1553 1244 ob
1567 1223 1689 1244 causam
1699 1223 1768 1244 eam

939 1261 1020 1289 velut
1029 1260 1177 1289 inferioris
1188 1260 1343 1296 dignitatis
1356 1261 1515 1297 assignant
1526 1260 1600 1289 Filio
1615 1261 1629 1289 ?
1644 1260 1732 1294 Quod
1743 1260 1768 1289 si

939 1306 1063 1334 omnino
1072 1306 1204 1334 declarat
1213 1306 1421 1342 ministerium,
1438 1305 1644 1343 respondeant
1658 1305 1746 1334 nobis
1757 1314 1765 1334 :

939 1352 1016 1379 Deus
1029 1350 1130 1387 glorias
1152 1353 1179 1378 et
1204 1353 1290 1387 pater
1314 1351 1430 1386 Christi,
1453 1351 1540 1386 cujus
1556 1350 1701 1387 principis
1722 1352 1767 1379 est

938 1395 1073 1424 minister
1084 1395 1098 1422 ?
1122 1395 1214 1429 Igitur
1224 1395 1271 1423 isti
1282 1395 1406 1431 quidem
1421 1396 1450 1430 8
1461 1395 1500 1423 ad
1513 1395 1594 1423 hunc
1609 1395 1735 1423 modum
1747 1403 1766 1424 a

938 1440 1042 1476 seipsis
1050 1439 1182 1476 undique
1189 1440 1414 1474 subvertuntur,
1422 1439 1510 1468 nobis
1516 1442 1616 1468 autem
1625 1439 1764 1476 utrinque

936 1485 1020 1523 quod
1036 1486 1158 1513 ﬁrmum
1174 1487 1218 1513 est
1234 1485 1414 1513 servabitur.
1430 1485 1545 1513 Etenim
1563 1485 1624 1513 sive
1639 1485 1676 1513 de
1692 1485 1762 1514 Filio

936 1531 1056 1560 evicerit
1070 1531 1185 1559 dictum
1198 1538 1264 1559 esse
1275 1530 1358 1567 quod
1368 1530 1572 1565 recitavimus,
1593 1530 1761 1567 comperie-

76 1577 204 1614 ς>ἰλονεικῇ
232 1579 289 1613 (58)
316 1577 358 1604 ἐπὶ
384 1579 428 1604 τόν
451 1579 515 1605 Θεὸν
543 1577 675 1616 ἀναφέρειν
704 1583 749 1606 τοῦ
775 1582 879 1617 προφή-

938 1577 983 1606 tur
997 1576 1061 1604 haec
1076 1575 1235 1613 particula,
1257 1583 1296 1604 ex
1313 1583 1381 1612 quo,
1404 1575 1473 1604 Filio
1495 1575 1653 1604 convenire
1670 1584 1676 1603 :
1698 1575 1762 1604 sive

74 1631 119 1648 του
144 1625 191 1652 τὴν
219 1622 297 1656 λέξιν,
313 1622 389 1649 πάλιν
413 1625 460 1652 τὴν
484 1621 521 1650 δι’
547 1621 577 1649 οὗ
605 1626 688 1659 φωνήν
701 1628 737 1659 τῷ
749 1627 806 1660 Θεῷ
820 1627 879 1662 πρέ,

73 1676 129 1693 mw
154 1665 248 1700 δώσει,
273 1669 318 1693 καὶ.
338 1669 385 1696 τὴν
413 1669 475 1696 ἴσην
508 1668 558 1699 ἓξιι
585 1667 658 1699 ἀξιαν
692 1668 808 1706 ἑκατέρα,
841 1673 877 1705 τῷ

73 1713 142 1738 κατά
159 1714 204 1738 τὸν
220 1714 279 1749 ἶσον
300 1712 376 1748 λόγον
391 1712 433 1739 ini.
456 1717 523 1740 Θεοῦ
538 1713 724 1750 παρειλῆφθαι.
743 1716 793 1740 Καὶ
809 1714 876 1741 οὓτω

74 1766 104 1792 γι
131 1756 257 1788 nauium;
283 1757 406 1794 ὁμοτιμοι
435 1756 560 1789 ἀλλήλαις
591 1757 812 1794 ἀναφανήσονται,
837 1759 875 1796 ἐφ’

72 1801 128 1832 ἑνὸς
154 1805 296 1838 προσώπου
323 1804 369 1828 καὶ
397 1806 444 1828 τοῦ
470 1802 549 1829 αὐτοῦ
571 1805 733 1840 τεταγμέναι.
754 1803 820 1830 Ἀλλ’
832 1803 874 1830 ἐπὶ

73 1848 103 1873 τὸ
116 1849 285 1885 προκιὶμενον
298 1846 487 1884 ἕπανὸλθωμεν.

109 1982 137 2009 9.
163 1980 270 2017 Γράγων
293 1981 306 2007 ὀ
330 1980 489 2013 Ἀπὸστολος
513 1982 576 2019 πρὸς
605 1981 753 2018 Ἐφεσίους,
780 1983 872 2019 φησίν·

71 2024 254 2057 Ἀληθεύοντις
293 2023 323 2052 δὶ
358 2024 382 2052 ἂν
411 2025 512 2063 ἀγάπῃ,
542 2026 696 2063 αὐξήσωμεν
729 2026 763 2058 εἰς
794 2027 872 2054 αὐτὸν

70 2070 106 2095 τὰ
138 2069 232 2103 πάντα,
267 2070 294 2101 ὃς
331 2069 402 2097 ἔστιν
435 2071 450 2100 ἠ
490 2070 585 2107 κεφαλὴ
620 2073 747 2108 Χριστὸς,
785 2071 812 2104 ἕξ
841 2071 872 2099 οὗ

69 2117 124 2140 πᾶν
166 2113 196 2140 τὸ
234 2118 311 2151 σῶμα
346 2114 617 2152 συναρμολογούμενον
654 2118 698 2143 καὶ
737 2115 871 2153 συμϐιϐά-

73 2158 180 2195 ζόμινον
216 2156 264 2185 διὰ
295 2159 385 2190 πάσης
420 2159 490 2196 ἁφῆς
517 2164 565 2191 τῆς
597 2159 785 2198 ἐπιχορηγίας,
814 2161 871 2188 κατ’

71 2202 202 2240 ἂνάργείαν
249 2203 273 2230 ἓν
319 2206 404 2242 μάτρῳ
441 2204 492 2235 ἑνὸς
539 2204 651 2231 ἑκάστου
688 2207 779 2244 μέρους
814 2206 870 2242 (59)

70 2249 118 2277 τὴν
156 2248 268 2279 αὔξησιν
303 2252 351 2275 τοῦ
387 2251 506 2285 σώματος
542 2253 666 2278 ποιεῖται.
706 2252 756 2277 Καὶ
792 2250 870 2277 πάλιν

70 2291 97 2318 ἄν
121 2296 152 2328 τῇ
185 2294 249 2329 πρὸς
277 2293 438 2324 Κολασσαεῑς
467 2295 531 2330 πρὸς
555 2297 616 2326 τοῦς
638 2294 686 2320 οὐκ
701 2296 808 2331 ἔχοντας
823 2299 869 2322 τοῦ

71 2340 231 2372 Μοννογενοῡς
250 2340 298 2367 τὴν
319 2342 414 2374 γνῶσιν
439 2340 552 2376 εἳρηται,
575 2340 616 2365 ὅτι
635 2339 668 2365 Ὀ
691 2344 793 2376 κρατῶν
821 2342 869 2369 τὴν

69 2381 195 2418 κεφαλὴν,
234 2384 355 2410 τουτέστι
391 2384 435 2410 τὸν
471 2385 597 2422 Χριστὸν,
637 2383 665 2416 ἐξ
696 2384 727 2411 οὗ
756 2387 807 2411 πᾶν
839 2385 869 2411 τὸ

934 1621 1002 1658 quis
1015 1620 1176 1649 contendat
1191 1621 1345 1657 propheta:
1359 1620 1454 1648 verba
1472 1619 1512 1649 ad
1527 1621 1622 1648 Deum
1636 1628 1701 1648 esse
1715 1628 1761 1648 re-

933 1666 1067 1699 ferenda,
1084 1674 1189 1694 rursus
1208 1665 1353 1694 concedet
1374 1673 1482 1693 vocem
1494 1665 1584 1700 hanc,
1595 1673 1650 1700 per
1661 1673 1760 1701 quem,

933 1712 992 1739 Deo
1008 1718 1174 1746 congruere
1187 1719 1193 1744 ;
1210 1712 1238 1738 et
1249 1712 1376 1746 utraque
1391 1717 1450 1737 vox
1465 1717 1570 1746 parem
1585 1709 1760 1745 dignitatem

931 1755 1086 1791 obtinebit,
1103 1763 1138 1784 eo
1155 1755 1238 1792 quod
1249 1755 1315 1791 pari
1329 1755 1444 1783 ratione
1460 1754 1497 1782 de
1510 1755 1571 1783 Deo
1585 1757 1758 1791 usurpetur.

929 1803 1025 1838 Atque
1041 1801 1128 1836 juxta
1147 1800 1274 1828 modum
1299 1802 1473 1836 utrumque,
1489 1799 1686 1836 perspicuum
1705 1800 1760 1829 erit

927 1845 984 1874 has
996 1845 1158 1883 particulas
1173 1852 1278 1882 parem
1292 1845 1369 1873 inter
1384 1853 1415 1872 se
1436 1844 1549 1873 habere
1567 1844 1756 1880 dignitatem,

927 1890 1011 1927 quod
1029 1891 1067 1918 de
1096 1898 1158 1918 una
1179 1889 1348 1926 eademque
1372 1897 1503 1926 persona
1521 1891 1675 1926 usurpatae
1688 1889 1756 1924 sint,

928 1935 985 1964 Sed
1000 1935 1040 1964 ad
1054 1935 1244 1972 propositum
1258 1936 1455 1964 revertamur.

962 1982 989 2009 9.
1011 1979 1173 2016 Apostolus
1188 1978 1324 2007 scribens
1349 1977 1497 2015 Ephesiis,
1512 1978 1571 2006 ait:
1595 1978 1756 2008 Veritatem

926 2029 1026 2054 autem
1047 2025 1199 2060 loquentes
1212 2024 1243 2052 in
1258 2023 1419 2058 charitate,
1434 2031 1602 2052 crescamus
1613 2024 1645 2052 in
1657 2024 1756 2060 ipsum

923 2077 981 2106 per
989 2070 1101 2103 omnia,
1111 2069 1212 2106 quiest
1224 2071 1315 2104 caput
1328 2068 1581 2104 Christus,e.rquo
1590 2071 1683 2097 totum
1693 2076 1756 2097 cor.

925 2123 983 2151 pus
998 2115 1070 2143 dum
1094 2114 1299 2150 compingitur
1311 2116 1338 2142 et
1354 2114 1555 2147 connectitur,
1567 2121 1626 2149 per
1639 2121 1756 2142 omnem

922 2161 1105 2196 juncturam
1115 2158 1415 2193 subministrationis,
1430 2157 1595 2187 secundum
1607 2159 1754 2193 operatio-

927 2213 994 2234 nem
1017 2205 1047 2232 in
1064 2211 1207 2232 mensura
1223 2203 1461 2239 uniuscujusque
1473 2203 1570 2238 partis
1586 2203 1756 2231 incremen-

928 2252 990 2278 tum
997 2249 1211 2284 corporisfacit
1223 2249 1257 2275 θ’.
1267 2247 1447 2275 Etrursusin
1458 2246 1589 2283 Epistola
1602 2246 1642 2275 ad
1655 2246 1756 2275 Colos-

927 2293 1083 2328 senses,ad
1093 2301 1145 2322 eos
1156 2293 1208 2329 qui
1217 2299 1279 2321 non
1289 2291 1446 2321 habebant
1458 2291 1608 2328 Unigeniti
1618 2292 1756 2321 notitiam

926 2339 1040 2368 dictum
1048 2340 1105 2366 est:
1114 2338 1172 2372 Qui
1182 2340 1260 2366 tenet
1269 2337 1432 2372 caput,hoc
1439 2337 1691 2373 estChristum,ex
1700 2345 1756 2373 quo

926 2387 1020 2413 totum
1030 2384 1373 2420 corpus,perjuncturas
1385 2384 1413 2411 et
1419 2382 1616 2411 connexiones
1627 2382 1759 2412 submini

107 2471 133 2489 ⁸⁸
145 2472 231 2500 Rom.
246 2478 287 2505 xi,
302 2472 347 2500 36.
385 2471 410 2490 ’⁸
423 2470 499 2500 Psal.
516 2479 610 2506 cxuv,
628 2474 672 2502 t3.
709 2473 734 2492 ⁹⁰
747 2472 824 2502 Psal.
840 2481 880 2502 cu:

938 2476 959 2502 7.
998 2473 1022 2492 ⁹¹
1038 2471 1117 2501 Psal.
1133 2479 1227 2507 um,
1240 2472 1284 2500 16.
1323 2471 1347 2489 "
1362 2470 1470 2508 Ephes.
1482 2477 1521 2505 iv,
1538 2472 1582 2506 t5,
1604 2472 1648 2500 16.

107 2547 166 2586 (δᾷ)
181 2545 313 2586 ’Δσχέτῳ,
323 2546 441 2586 gtcLSic
450 2546 638 2586 reddithune
652 2547 755 2576 locum
769 2549 873 2586 S._Am-

68 2581 274 2621 brqs_ius,_lib._
286 2590 305 2610 ιι
316 2583 359 2610 De
370 2583 613 2621 Spiritusancto,
627 2591 694 2621 cap.
711 2586 747 2621 9:,
759 2586 791 2612 ln
806 2584 874 2621 ipso

70 2592 205 2614 Dl'OSlllS,
217 2592 269 2609 HD.
286 2592 305 2610 ll
316 2592 359 2610 υε
370 2592 613 2619 ορινιιιιεαησιο,
627 2592 661 2612 ca
688 2605 694 2612 .
711 2592 742 2612 ν;
759 2592 791 2612 In
806 2592 874 2621 IPSO

70 2617 147 2654 quid
153 2619 210 2646 est!
217 2618 296 2655 Quia
301 2619 403 2646 omnia
410 2619 587 2647 admirabili
591 2592 720 2655 quatiam
727 2620 875 2648 desiderio

69 2653 309 2682 étinenarrabiti
321 2661 424 2682 amore
437 2653 669 2684 auetorem‘vilz
679 2659 706 2684 et
723 2656 876 2684 ministra-

72 2693 171 2718 torem
190 2690 376 2726 gratizrsuz
391 2697 427 2718 ac
440 2693 572 2719 muneris
586 2692 756 2726 intuentur,
774 2699 877 2720 secun-

71 2726 147 2753 dum
158 2725 239 2760 quod
248 2725 396 2762 scriptum
409 2729 450 2753 est
460 2734 466 2753 :
475 2737 487 2751 ιι
498 2726 736 2762 Ocutiomnium,
748 2739 761 2752 »
773 2730 828 2755 etc.
844 2728 877 2755 In

72 2761 299 2799 Commentario
308 2760 461 2799 inlsaiam
472 2770 540 2798 cap.
555 2771 619 2799 v,p.
630 2760 763 2796 4'17,th
773 2763 877 2798 legun-

71 2800 138 2834 tur:
147 2796 327 2834 Unigenitus
338 2797 437 2831 ipsum
445 2796 565 2831 bonum,
575 2796 654 2834 quod
662 2796 878 2833 appetunt—om-

73 2832 140 2866 nia,
158 2833 247 2868 cujus
270 2839 357 2861 amor
377 2834 519 2863 naturali
534 2836 561 2863 et
577 2832 878 2863 inenarrabilimodo

928 2549 1065 2577 omnium
1080 2548 1198 2577 ratione
1213 2548 1361 2576 utentium
1375 2547 1486 2575 animis
1500 2546 1679 2575 instillatus.

963 2585 1019 2620 (57)
1040 2586 1088 2611 Καὶ
1109 2584 1143 2614 εἰς
1154 2584 1246 2620 (αὐτόν.
1268 2583 1393 2620 Addunt
1407 2582 1478 2620 editi
1491 2585 1521 2611 et
1531 2584 1592 2620 Reg
1604 2581 1759 2620 secundus

928 2617 1063 2647 τάτπάιτα.
1073 2619 1138 2656 Sed
1152 2619 1218 2648 haec
1233 2627 1355 2656 prorsus
1370 2618 1496 2653 inutilia,
1511 2625 1568 2646 nec
1578 2617 1613 2646 in
1624 2617 1760 2655 quinque

930 2656 995 2684 aliis
1011 2655 1167 2694 codicibus
1181 2655 1381 2694 reperiuntur.
1439 2691 1456 2694 _
1499 2689 1515 2694 __
1660 2689 1666 2694 λ
1729 2689 1745 2694 μ

966 2694 1023 2727 (58)
1040 2691 1182 2728 φιλονεικῇ.
1207 2689 1253 2719 Sic
1276 2691 1423 2728 editiones
1438 2689 1624 2728 Basileenses
1640 2689 1669 2716 et
1685 2689 1760 2718 anti-

930 2724 983 2764 qui
996 2724 1124 2755 codices.
1140 2724 1221 2755 U'nus
1236 2735 1306 2754 cum
1325 2726 1454 2764 editione
1469 2724 1759 2764 Parisiqiloruxﬁqy.

931 2759 1093 2799 Aliquanto
1113 2766 1181 2799 post
1202 2765 1318 2799 veteres
1340 2762 1455 2799 aliquot
1478 2760 1546 2788 libri
1558 2759 1609 2786 καί
1629 2760 1697 2788 οὑτω
1719 2759 1760 2788 δι’

971 2797 1027 2834 (39)
1043 2797 1154 2834 Μίροίις.
1167 2798 1365 2827 Consentium
1386 2797 1418 2834 in
1429 2797 1568 2834 haevoce
1585 2803 1693 2825 omnes
1714 2805 1762 2826 co-

933 2831 1102 2863 dices'mss.
1121 2834 1236 2863 Habent
1257 2836 1358 2863 tamen
1372 2832 1443 2861 editi
1452 2831 1553 2869 μέλους.
