2027 3144
250 163 284 191 87
495 176 499 177 ν
932 162 962 190 S.
989 161 1114 189 BASlLll
1133 161 1252 190 MAGNl.
1903 162 1940 188 88

583 224 695 252 CAPUT
713 223 756 252 Vl.

253 269 391 298 Occurrit
416 269 453 297 iis
474 268 527 304 qui
551 269 711 303 afﬁrmant
725 269 837 297 Filium
858 275 918 296 non
939 276 999 296 esse
1013 276 1080 296 cum

288 307 385 370 ῗςέηἱε,
400 304 452 333 sed
464 307 529 339 post
548 304 670 332 Patrem
681 311 693 340 ,'
713 305 765 333 ubi
777 307 803 332 et
816 304 851 332 de
865 305 970 340 gloria
984 312 1083 340 aequa-

303 350 311 369 ι
328 349 345 369 α
361 349 385 369 e.

291 387 322 413 13
342 385 431 422 Atqui
446 392 501 412 nec
516 384 556 413 ad
567 384 745 420 ignorantiae
763 384 990 413 excusationem
1012 391 1083 412 con-

254 429 357 465 fugere
365 431 501 466 possunt,
509 431 667 457 cumtanto
677 428 800 457 artiﬁcio
811 431 956 466 tantaque
966 437 1084 465 perver-

255 476 340 503 sitate
351 474 430 503 dicta
440 477 543 502 nostra
555 474 722 509 excipiant:
734 475 786 511 qui
795 474 920 510 quidem
933 474 1022 502 nobis
1032 481 1085 510 pa-

254 520 315 548 lam
330 519 536 554 indignantur,
548 519 631 555 quod
646 527 707 547 una
726 527 796 547 cum
810 521 894 548 Patre
914 519 1084 555 adimplea-

254 573 323 593 mus
338 564 495 599 Unigenito
511 564 772 598 gloriﬁcationem,
787 564 932 601 quodque
943 564 1086 600 Spiritum

255 611 396 637 sanctum
413 617 431 636 ο.
450 608 521 636 Filio
536 616 598 636 non
615 617 801 646 separemus.
819 609 902 637 Unde
924 611 1085 637 novatores

254 661 312 682 nos
324 653 487 690 appellant,
508 653 708 690 novitatisque
732 653 909 682 architectos
931 656 960 682 et
983 653 1086 682 verbo-

255 706 323 726 rum
338 698 519 734 inventores,
537 700 565 726 et
587 698 701 734 quibus
717 706 780 726 non
806 699 872 727 aliis
891 698 1087 735 probrosissi-

255 743 315 771 mis
335 742 536 771 nominibus?
552 743 686 776 Quorum
708 743 845 772 convicia
868 746 987 772 tantum
1003 743 1087 771 abest

255 790 289 816 ut
311 787 434 822 indigne
456 787 563 820 feram,
580 789 614 816 ut
637 787 694 816 nisi
721 795 778 816 nos
802 789 939 825 ipsorum
965 788 1087 816 exitium

255 833 360 861 dolore
381 834 588 868 perpetuoque
608 832 743 861 cruciatu
764 833 907 868 afﬁceret,
922 840 1087 869 propemo-

256 878 330 906 dum
354 877 486 905 dicerem
512 885 560 905 me
583 878 673 906 etiam
696 878 769 914 ipsis
783 886 838 915 pro
852 878 1021 907 maledictis
1036 878 1087 906 ha-

256 923 327 951 bere
339 922 480 957 gratiam,
491 924 523 950 ut
533 922 585 958 qui
596 921 670 950 mihi
680 922 839 951 concilient
856 923 1086 951 beatitudinem.

224 984 229 989 -
257 968 345 996 Beati
363 967 452 1002 enim,
468 967 576 1003 inquit,
598 967 678 1001 estis,
693 975 760 995 cum
775 968 895 1002 probris
907 976 957 996 vos
973 968 1088 1003 impeti-

256 1013 354 1041 verint
368 1014 494 1047 propter
508 1019 554 1040 me
569 1012 603 1039 ".
629 1012 808 1048 Hujusmodi
831 1015 933 1041 autem
956 1015 1027 1040 sunt
1052 1020 1089 1041 ea

257 1065 388 1095 quorum
412 1065 505 1085 causa
529 1057 739 1092 indignantur.
766 1057 832 1086 Non
855 1060 910 1092 est,
937 1058 1086 1094 inquiunt,

258 1111 327 1132 cum
340 1104 426 1131 Patre
435 1102 539 1136 Filius,
550 1102 604 1130 sed
615 1104 684 1139 post
693 1104 824 1138 Patrem;
838 1103 919 1131 unde
933 1103 1090 1140 consequi.

258 1150 307 1176 tur
319 1149 352 1175 ut
362 1155 415 1183 per
439 1154 506 1174 eum
524 1146 621 1181 gloria
635 1147 712 1175 Patri
723 1147 882 1181 tribuatur,
900 1147 952 1176 sed
968 1155 1038 1176 cum
1054 1155 1089 1176 eo

259 1199 466 1228 nequaquam.
475 1192 549 1219 Nam
557 1190 642 1224 illud,
650 1199 716 1220 cum
725 1200 768 1225 eo,
777 1192 983 1229 aequalitatem
994 1192 1090 1220 decla-

259 1239 315 1272 rat,
327 1244 383 1272 per
392 1244 458 1265 eum
470 1238 583 1269 autem,
596 1236 796 1265 ministerium
816 1236 975 1272 signiﬁcat.
988 1238 1089 1273 Neque

261 1282 351 1310 etiam
367 1289 436 1309 cum
465 1281 564 1313 Patre,
584 1280 735 1317 inquiunt,
749 1284 777 1309 et
797 1280 867 1309 Filio
896 1281 1090 1309 collocandus

262 1329 308 1354 est
324 1327 451 1354 Sanctus
463 1325 601 1361 Spiritus,
617 1325 670 1354 sed
685 1325 741 1354 sub
757 1326 838 1361 Filio,
856 1328 884 1354 et
899 1327 994 1359 Patre,
1008 1327 1048 1354 sic
1059 1328 1092 1355 ut

261 1379 324 1400 non
335 1379 396 1399 una
409 1378 478 1398 cum
492 1370 549 1398 illis
564 1369 736 1405 collocetur,
751 1370 805 1399 sed
817 1371 976 1404 subdatur,
993 1378 1091 1408 neque

263 1417 508 1450 connumeretur,
522 1415 576 1443 sed
601 1414 846 1444 subnumeretur.
871 1417 966 1452 Atque
982 1415 1092 1444 talibus

263 1460 448 1497 quibusdam
457 1459 619 1488 verborum
626 1460 764 1488 versutiis
773 1463 946 1496 pervertunt
953 1460 1026 1488 ﬁdei
1033 1460 1093 1488 sin~

264 1506 416 1534 ceritatem
427 1505 721 1541 simplicitatemque.
730 1505 859 1533 Proinde
865 1513 959 1542 quam
973 1506 1093 1534 veniam

264 1552 465 1586 assequentur
474 1549 632 1586 imperitiae
638 1551 793 1585 praetextu,
807 1557 860 1585 per
867 1557 944 1586 quos
955 1549 994 1578 ob
1004 1550 1093 1578 istam

266 1583 471 1623 curiositatem
490 1583 528 1621 ne
543 1593 607 1621 aliis
622 1583 748 1629 quidem
765 1583 910 1630 imperitis
921 1602 986 1622 esse
1002 1594 1092 1622 licet?
1113 1583 1133 1611 ε

303 1640 348 1666 14.
371 1639 430 1666 Nos
445 1646 515 1666 vero
530 1638 663 1674 primum
675 1638 749 1666 illud
760 1639 842 1675 ipsos
853 1646 1005 1675 rogemus,
1018 1647 1094 1676 quo-

266 1683 361 1712 modo
376 1683 479 1712 dicant
495 1683 599 1711 Filium
621 1685 691 1719 post
703 1684 820 1712 Patrem
833 1684 847 1712 ?
868 1692 943 1712 num
958 1687 1095 1720 tempore

266 1728 474 1762 recentiorem,
487 1736 561 1756 num
572 1728 734 1762 ordine,an
745 1728 889 1764 dignitate
899 1729 913 1757 ?
929 1729 986 1757 Sed
993 1729 1095 1757 nullus

269 1773 346 1803 adeo
359 1773 485 1801 demens
501 1774 547 1801 est
561 1775 594 1800 ut
608 1773 686 1801 dicat
706 1773 892 1802 conditorem
904 1774 1092 1811 saeculorum,

268 1826 426 1856 quoquam
439 1826 504 1846 esse
520 1820 655 1855 tempore
670 1818 876 1855 posteriorem,
888 1827 957 1847 cum
977 1819 1094 1848 nullum

269 1864 306 1892 sit
327 1863 530 1897 intervallum,
543 1863 625 1899 quod
640 1863 810 1892 naturalem
831 1863 894 1891 Filii
918 1872 986 1892 cum
1011 1866 1095 1893 Patre

268 1909 335 1945 conj
342 1908 511 1936 unctionem
520 1907 652 1936 dirimat.
662 1909 764 1944 Neque
774 1908 865 1936 etiam
879 1909 1039 1937 hominum
1048 1917 1096 1937 co-

269 1954 412 1989 gitatione
426 1952 507 1980 ﬁlius
520 1954 604 1989 patre
624 1952 771 1980 recentior
785 1953 844 1981 dici
856 1953 961 1989 possit,
975 1961 1036 1982 non
1055 1954 1096 1982 ob

269 1998 300 2026 id
311 1996 403 2026 modo
415 1996 498 2033 quod
513 1996 603 2024 simul
612 1996 816 2032 intelligantur
835 1997 1003 2025 secundum
1017 1998 1096 2026 rela-

266 2042 394 2076 tionem,
408 2049 512 2069 verum
524 2041 614 2069 etiam
625 2041 709 2078 quod
724 2050 760 2070 ea
772 2041 915 2071 dicuntur
928 2043 1096 2079 posteriora

269 2089 415 2123 tempore,
431 2094 499 2123 quas
513 2094 531 2114 a
544 2086 685 2122 praesenti
700 2088 834 2121 tempore
848 2087 949 2115 minus
964 2087 1076 2116 absunt
1089 2096 1095 2116 :

271 2133 300 2161 et
309 2139 415 2160 rursus
427 2131 478 2159 illa
488 2131 599 2167 priora,
607 2139 675 2168 quae
683 2131 802 2167 longius
815 2132 925 2160 absunt
934 2132 1098 2168 aprzesenti

270 2179 418 2214 tempore.
429 2175 564 2213 Exempli
574 2184 676 2211 causa,
684 2184 751 2213 quae
761 2177 820 2205 Noe
833 2177 1020 2214 temporibus
1030 2179 1098 2206 acta

271 2224 341 2251 sunt
365 2221 467 2257 priora
482 2223 552 2249 sunt
565 2221 601 2249 iis
619 2229 687 2257 qua:
708 2224 870 2250 narrantur
882 2221 920 2250 de
945 2222 1098 2250 subversis

1419 227 1613 252 ΚΕΦΑΛΑῙΟΝ
1634 223 1656 256 ς’

1137 270 1294 300 ’Δπάντησις
1310 270 1365 306 (71)
1392 272 1455 306 πρὸς
1482 269 1790 306 τοὺςηᾴποφαινομένους
1820 270 1856 304 μὴ
1871 263 1942 306 μετ-ξὀι

1173 308 1275 342 Πατρός
1302 303 1365 332 εἶναι
1392 303 1434 332 τὸν
1459 305 1610 342 ἱ”ἰὸν,.ᾇλλὰ
1628 303 1754 341 ’μετὰἾτόν
1784 303 1899 340 Πατέρα,
1914 303 1942 330 ἐν

1173 341 1192 377 ᾦ
1208 339 1240 367 rei
1254 344 1311 379 περὶ
1323 346 1368 372 τῆς
1384 343 1510 377 ὀμοτὶμου
1527 339 1615 372 δόξης.

1173 388 1221 415 13,
1242 389 1292 413 Καὶ
1307 389 1357 423 μὴν
1376 385 1437 413 οὐδὲ
1459 388 1523 422 πρὸς
1548 388 1595 415 τὴν
1611 385 1637 417 ἐξ
1659 385 1764 421 ἀγνοίας
1780 387 1942 421 συγγνώμην

1140 429 1250 457 δυνατὸν
1280 431 1375 462 αὐτοὺς
1398 435 1566 467 καταφυγεῖν,
1592 431 1659 456 οὑτω
1683 434 1809 466 τεχνικῶς
1831 432 1877 455 καὶ
1894 439 1943 455 κα·

1139 477 1239 506 κοήθως
1267 477 1309 502 τὸν
1334 476 1409 511 λόγον
1436 475 1673 512 ὑπολαμϐάνοντας·
1703 475 1728 500 οἶ
1749 484 1778 510 γε
1802 473 1943 512 προδήλως

1140 521 1202 557 ἡμῖν
1222 520 1437 556 χαλεπαίνουσιν,
1461 521 1500 546 ὄτι
1524 522 1590 557 μετά
1614 521 1716 556 Πατρὸς
1741 519 1943 556 ὰποπληροῦμεν

1140 569 1176 601 τῷ
1197 569 1334 601 Μονογενεῑ
1357 567 1403 595 τὴν
1431 563 1592 601 δοξολογίαν,
1622 566 1714 590 καὶτὸ
1734 565 1808 600 οῖγιον
1835 567 1946 600 Πνεῦμα

1141 613 1175 646 μὴ
1209 608 1351 646 διῖστῶμιν
1383 609 1502 636 ἀπὸτοῦ
1531 610 1592 636 Υὶοῡ
1620 612 1688 641 ('72).
1718 609 1793 635 Ὅθεν
1824 617 1947 645 νεωτερο-

1141 656 1231 685 ποιοὺς
1256 655 1324 691 ἡμᾶς
1353 657 1398 680 καὶ
1421 657 1591 691 καινοτόμους
1619 656 1664 680 καὶ
1697 653 1831 690 ἐφευρετὰς
1858 653 1947 690 ῥημά-

1142 710 1202 734 των,
1218 702 1263 726 καὶ
1285 703 1310 726 τί
1333 702 1382 738 γὰρ
1400 700 1464 736 ούχὶ
1478 704 1527 726 τῶν
1548 698 1730 726 ἔπονειόίστων
1746 698 1925 725 ἀποκαλοῦσιν
1939 706 1946 730 ;

1141 745 1190 771 Ὧν
1221 749 1345 771 τοσοῦτον
1375 744 1467 781 ἀπέχω
1493 743 1677 781 δυσχεραίνειν
1706 747 1764 774 ταῖς
1786 741 1946 780 λοιδορίαις,

1143 791 1219 824 ὥστε,
1241 790 1262 816 εἰ
1290 792 1325 826 μή
1353 789 1437 819 λύπην
1464 791 1526 826 ἡμῖν
1568 789 1673 815 ἐνεποίει
1698 791 1743 815 καὶ
1776 786 1946 814 ἀδιάλειπτον

1143 833 1239 863 ὀδύνην
1263 835 1278 864 ἡ
1307 834 1364 861 κατ’
1392 834 1487 866 αύτούς
1508 836 1599 870 ζημία,
1622 837 1717 870 μικροῦ
1743 833 1772 859 ἂν
1803 832 1872 859 εἷπον
1899 835 1947 859 καὶ

1143 881 1224 917 χάριν
1238 879 1326 910 αὐτοῖς
1340 878 1387 911 τῆς
1416 879 1587 916 βλασφημίας
1609 880 1690 915 ἕχειν,
1711 880 1745 909 ὡς
1772 881 1946 915 μακαρισμοῦ

1144 924 1288 961 προξένοις.
1322 925 1455 961 Μακάριοι
1489 925 1539 961 γάρ
1571 923 1638 957 ἐστε,
1674 926 1764 959 ᾳησὶν,
1789 924 1849 949 ὅταν
1879 923 1946 949 ὀνει-

1144 967 1256 996 δίσωσιν
1286 970 1354 1005 ὑμᾶς
1381 970 1437 1004 (73)
1461 969 1542 995 ἕνεκεν
1567 968 1638 1005 ἐμοῦ.
1674 968 1750 995 ’Ἐστι
1790 967 1819 994 δὲ
1847 967 1882 1004 ἐφ’
1908 968 1945 998 εἷς

1145 1014 1332 1050 ἀγανακτοῦσι,
1354 1017 1447 1040 ταῦτα.
1469 1014 1506 1040 Οὔ
1530 1015 1596 1050 μετὰ
1620 1015 1731 1051 Πατρός,
1758 1016 1847 1050 φασὶν,
1871 1012 1944 1046 Υἱὸς,

1144 1058 1207 1085 ἀλλὰ
1233 1060 1298 1095 μετὰ
1330 1061 1374 1084 τὸν
1403 1060 1516 1096 Πατέρα·
1543 1057 1634 1095 διόπερ
1657 1057 1796 1084 ἀκόλουθον
1811 1055 1946 1084 διἀύτοῦ

1143 1106 1188 1133 τὴν
1204 1102 1283 1135 δόξαν
1295 1105 1436 1140 προσάγειν
1453 1107 1489 1139 τῷ
1512 1105 1608 1141 Πατρὶ,
1624 1103 1678 1129 ἀλλ’
1695 1103 1758 1139 ούχὶ
1772 1102 1826 1139 μετ’
1852 1102 1944 1130 αὐτοῦ.

1143 1150 1178 1175 Τό
1200 1150 1245 1185 μὲν
1265 1149 1315 1185 γὰρ
1341 1148 1396 1184 μετ’
1411 1148 1490 1174 αὐτοῦ
1516 1150 1563 1178 τὴν
1592 1148 1723 1184 ἰσοτιμίαν
1745 1146 1839 1177 δηλοῖ·
1865 1149 1893 1173 τὸ
1914 1145 1946 1173 δὴ

1145 1191 1181 1220 δι’
1200 1193 1230 1219 οὗ
1251 1195 1298 1222 τήν
1321 1193 1465 1230 ὑπουργίαν
1489 1195 1659 1230 παρίστησιν.
1682 1193 1749 1219 Οῦτε
1771 1195 1822 1229 μήν
1843 1193 1890 1218 σὺν
1907 1195 1946 1227 τῷ

1145 1241 1241 1275 Πατρὶ,
1267 1240 1342 1274 φασὶ,
1371 1240 1416 1264 καὶ
1438 1242 1474 1274 τῷ
1502 1239 1554 1273 Υἱῳ
1578 1239 1606 1264 τὸ
1628 1242 1733 1274 Πνεῦμα
1759 1239 1875 1270 τακτέον,
1890 1237 1949 1263 ἀλλ’

1145 1284 1195 1309 ὑπὸ
1210 1284 1253 1309 τὸν
1267 1284 1325 1309 Υἱὸν
1339 1285 1384 1308 καὶ
1399 1285 1443 1309 τὸν
1468 1284 1581 1320 Πατέρα,
1608 1283 1637 1309 ού
1659 1285 1872 1319 συντεταγμένον,
1893 1281 1949 1308 ἀλλ’

1145 1329 1359 1364 ὑποτεταγμένον,
1397 1326 1459 1355 οὐδὲ
1488 1330 1735 1366 συναριθμούμενον,
1765 1327 1817 1354 ἀλλ’
1846 1329 1947 1365 ὑπαρι-

1147 1374 1300 1410 θμούμενον.
1330 1376 1380 1399 Καὶ
1395 1374 1529 1404 τοιαύταις
1545 1376 1601 1400 τισὶ
1623 1373 1802 1409 τεχνολογίαις
1819 1373 1947 1411 ῥημάτων

1146 1419 1175 1444 τὸ
1201 1417 1297 1444 ἁπλοῦν
1326 1421 1368 1444 καὶ
1390 1417 1567 1444 ἀκατάσκευον
1601 1418 1657 1453 (74)
1683 1421 1729 1447 τῆς
1754 1420 1868 1448 πίστεως
1888 1415 1947 1443 δια-

1149 1465 1313 1500 στρέφουσιν.
1338 1462 1419 1489 “mm
1447 1465 1515 1493 τίνος
1538 1463 1568 1488 ιὶν
1598 1460 1634 1488 δι’
1648 1461 1766 1499 ἁπειριαν
1787 1465 1947 1499 συγγνώμης

1147 1509 1263 1544 τύχοιεν,
1280 1508 1304 1534 οἱ
1328 1505 1397 1544 μηδὲ
1420 1510 1473 1537 τοῖς
1501 1506 1588 1538 ἄλλοις
1617 1506 1725 1544 ἀπείρως
1754 1508 1825 1542 ἕχείν
1850 1506 1879 1533 ἐκ
1899 1507 1948 1539 ri;

1148 1552 1232 1578 αὐτῶν
1247 1552 1494 1589 φιλοπραγμοσύνης
1506 1552 1561 1587 (75)
1576 1551 1751 1589 ἐπιτρέποντες
1763 1560 1770 1585 ;

1186 1642 1229 1669 i4"
1248 1641 1335 1678 Ἠμιῖς
1362 1638 1391 1667 δὲ
1415 1640 1495 1667 ἐκεῖνο
1515 1644 1615 1678 πρῶτον
1645 1640 1738 1671 αὐτοὺς
1766 1639 1947 1677 ἑρωτήσωμεν,

1147 1687 1175 1713 τὸ
1198 1687 1262 1722 μετὰ
1281 1687 1324 1711 τὸν
1349 1687 1452 1722 Πατέρα
1481 1696 1535 1716 πως
1567 1687 1611 1711 τὸν
1647 1686 1705 1712 Υίόν
1745 1685 1884 1721 λέγουσινς
1913 1685 1947 1716 ὡς

1148 1733 1236 1768 χρόνῳ
1246 1733 1375 1768 νεώτερον,
1393 1731 1408 1760 ἦ
1425 1732 1457 1761 ὡς
1481 1730 1561 1762 τάξει,
1577 1731 1592 1760 ἢ
1614 1731 1645 1760 ὡς
1659 1729 1737 1766 ἀξίοις
1759 1729 1835 1757 Ἀλλὰ
1857 1731 1946 1766 χρόνῳ

1149 1778 1204 1813 μὲν,
1232 1774 1319 1806 οὐδεὶς
1356 1776 1438 1807 οὕτως
1475 1775 1593 1809 ἀνόητος,
1623 1776 1656 1805 ὡς
1685 1774 1840 1812 δευτερεύειν
1863 1774 1942 1809 λέγειν

1148 1823 1191 1848 τὸν
1211 1823 1320 1850 ποιητὴν
1345 1831 1394 1847 των
1410 1820 1519 1854 αἰώνων,
1546 1818 1651 1851 οὐδενὸς
1671 1818 1850 1856 διαστήματος
1871 1827 1944 1855 μεσι-

1148 1867 1265 1897 τεύοντος
1293 1869 1324 1902 τῇ
1342 1869 1438 1902 φυσικῇ
1459 1867 1522 1903 πρὸς
1549 1867 1592 1891 τὸν
1617 1867 1720 1902 Πατέρα
1743 1868 1787 1891 τοῦ
1810 1865 1871 1891 Υὶοῡ
1887 1872 1947 1889 συν-

1150 1915 1236 1947 αφείᾳ.
1254 1910 1330 1936 Ἀλλὰ
1342 1912 1393 1946 μὴν
1409 1911 1467 1936 οὔτε
1491 1914 1521 1946 τῇ
1554 1909 1637 1946 ἐννοίᾳ
1664 1920 1714 1936 των
1734 1909 1873 1946 ἀνθρώπων
1890 1910 1948 1943 (76)

1151 1954 1288 1991 συμϐαίνει
1311 1957 1432 1990 νεώτιρον
1458 1953 1539 1990 λέγειν
1562 1958 1606 1980 τοῦ
1636 1955 1737 1990 Πατρός
1758 1955 1801 1979 τὸν
1823 1954 1892 1986 Υίόν,
1918 1952 1948 1978 οὐ

1150 2001 1226 2036 μόνον
1254 2009 1290 2035 τῳ
1310 2001 1357 2025 σὺν
1380 1998 1500 2030 ἀλλήλοις
1531 2000 1648 2025 νοεῖσθαι
1675 1999 1742 2024 κατά
1769 2000 1816 2027 τὴν
1840 1999 1947 2033 σχέσιν,

1151 2044 1205 2071 ἀλλ’
1223 2045 1259 2070 ὅτι
1285 2043 1368 2070 ἐκεῖνα
1389 2043 1490 2079 λέγιτοιι
1517 2053 1552 2079 τῳ
1571 2046 1659 2081 χρόνῳ
1687 2041 1806 2079 δεύτερα,
1830 2042 1881 2068 ὅσα
1902 2044 1950 2071 τήν

1151 2090 1216 2126 πρὸς
1227 2090 1256 2115 τὸ
1271 2092 1315 2114 νύν
1327 2088 1473 2115 ἀπόστασιν
1487 2087 1608 2114 ἐλάττονα
1618 2089 1684 2123 ἔχειν
1698 2089 1742 2113 καὶ
1766 2086 1842 2113 πάλιν
1867 2087 1952 2113 ἐκεῖνα

1151 2136 1273 2171 πρότερα,
1291 2134 1341 2159 ὅσα
1365 2135 1551 2170 περισσότερον
1570 2132 1665 2169 ἀπέχει
1680 2136 1725 2158 τοῦ
1748 2135 1792 2158 νῦν
1812 2132 1873 2158 Οἵον
1888 2134 1952 2168 πρό-

1151 2188 1214 2216 τερα
1227 2188 1276 2204 των
1291 2176 1469 2214 Σοδομιτικων
1489 2179 1545 2213 (77)
1561 2179 1594 2204 τὰ
1610 2178 1680 2208 κατὰ
1703 2180 1769 2210 Nm,
1785 2177 1825 2202 ὅτι
1838 2180 1884 2203 τοῦ
1906 2180 1951 2203 νῦν

1152 2223 1194 2250 ἐπὶ
1209 2223 1284 2249 πλέον
1313 2222 1471 2258 ἀπῴκισται·
1496 2224 1541 2248 καὶ
1562 2222 1660 2258 ὕστερα
1673 2225 1758 2248 ταῦτα
1779 2221 1891 2254 ἐκείνων,
1911 2222 1952 2248 ὁτι

274 2266 424 2300 Sodomis,
437 2265 522 2302 quod
539 2265 590 2294 illa
616 2265 738 2302 longius
764 2265 871 2295 dissita
886 2267 946 2295 sint
973 2275 991 2296 a
1018 2275 1091 2304 pra:-

1151 2267 1246 2304 μᾶλλόν
1265 2277 1318 2299 πως
1343 2266 1416 2294 δοκιί
1433 2267 1615 2304 προσεγγίζειν
1637 2270 1673 2302 τῷ
1683 2270 1736 2294 νῦν.
1751 2269 1804 2297 Τῆς
1822 2264 1850 2293 δί
1867 2267 1952 2293 πάντα

308 2347 333 2365 ³³
351 2346 451 2376 Matth.
473 2353 503 2380 γ,
526 2348 568 2374 tt.

308 2437 364 2471 (Ἠ)
385 2436 556 2466 ⁷Λπάντησις.
578 2435 687 2470 Regius
701 2435 805 2464 tertius
821 2436 837 2465 ὴ
850 2435 1012 2466 ἀντίστασις.

307 2473 363 2507 (72)
384 2473 448 2498 Ἀπὸ
463 2476 509 2498 τοῦ
526 2473 598 2499 Tios}.
619 2474 689 2506 Reg.
708 2472 810 2499 tertius
824 2471 875 2498 ἀπὸ
890 2475 935 2497 τοῦ
951 2475 1029 2499 Θεοῦ.

308 2509 364 2545 (73)
378 2508 467 2545 ’Υμᾶς-
483 2507 605 2545 Addunt
628 2507 709 2542 editi,
728 2507 979 2545 _repugnantibus
999 2507 1096 2536 omni-

270 2541 329 2574 bus
357 2541 509 2572 veteribus
539 2543 634 2577 libris,
651 2541 705 2570 mir
722 2541 848 2578 ὃιῴξωσι,
874 2546 918 2569 καὶ
933 2545 1025 2569 ιῖπωσι
1046 2547 1096 2570 πᾶν

271 2582 382 2618 πονηρὸν
405 2580 493 2618 ῥῆμα,
508 2579 566 2618 καθ-⁷
601 2580 671 2616 ὑμων
699 2577 865 2618 ψευδόμενοι.
882 2579 921 2618 Εἰ
945 2581 1098 2613 persecuti

268 2615 445 2652 fuer'z'ntjel'
460 2616 595 2644 dixerint
626 2622 711 2643 omne
732 2615 846 2643 malum
862 2615 1022 2643 adversum
1046 2623 1095 2644 vos

270 2653 456 2681 mentientes.

306 2690 365 2727 (74)
385 2688 588 2727 Ἀκατάσκενον.
615 2688 657 2727 Ita
676 2694 748 2714 mss.
765 2687 909 2727 quatuor:
931 2686 1006 2727 Editi
1033 2686 1095 2713 ἀκα-

271 2720 461 2751 τασκεῦαστον.
492 2722 605 2759 Ibidem
621 2722 689 2759 ‘duo
719 2720 839 2759 codices
864 2720 1094 2759 iy3_t«¢rpepouat.

272 2760 389 2793 Quibus
404 2760 484 2796 favet
506 2758 593 2789 alius,
619 2757 648 2785 in
662 2765 723 2796 quo
746 2757 854 2796 legitur
874 2756 1092 2796 ἐνδιατρίϐουσιν.

307 2796 363 2831 (75)
381 2793 707 2832 φιλοπραγμοσύνηςκδὶο
723 2793 857 2832 quinque
882 2793 1000 2822 codices
1019 2803 1092 2832 mss.

269 2829 632 2867 Ειίἱῐίττολυπραγμοσύνης.
647 2831 711 2859 Mox
727 2829 798 2858 editi
808 2829 897 2868 spe-mi
904 2839 990 2866 σομεν.
1010 2830 1093 2859 Pleri-

1151 2444 1210 2473 que
1229 2436 1349 2473 codices
1364 2445 1439 2464 mss.
1456 2437 1531 2464 utin
1548 2437 1700 2473 contextu.

1187 2474 1244 2508 (76)
1264 2476 1319 2499 Των
1336 2472 1487 2509 ἀνθρώπων.
1500 2472 1624 2500 Codices
1637 2472 1772 2508 quinque
1785 2481 1834 2498 των
1850 2471 1949 2509 ἐςνορω-

1150 2510 1238 2543 πίνων,
1257 2516 1294 2536 ex
1309 2507 1410 2537 rerum
1436 2507 1782 2536 humanarum’notione.
1803 2509 1839 2535 At
1861 2507 1951 2542 longe

1150 2545 1249 2580 potior
1272 2546 1318 2572 est
1342 2544 1463 2579 vulgata
1478 2544 1638 2580 Scriptura.
1656 2543 1845 2580 Propositum
1870 2544 1950 2571 enim

1150 2578 1196 2608 cst
1224 2580 1340 2615 Basilio,
1355 2588 1424 2607 cum
1440 2583 1530 2607 antea
1542 2578 1729 2615 probaverit
1742 2578 1862 2615 NFiIirurm
1875 2614 1880 2615 γ
1891 2586 1951 2606 non

1150 2623 1216 2643 esse
1233 2618 1370 2652 tempore
1393 2614 1601 2652 posteriorem,
1626 2622 1706 2642 nunc
1716 2614 1838 2652 aliquid
1857 2614 1951 2649 signi—

1149 2650 1434 2683 ﬁcantius—addere,
1451 2651 1689 2687 eumqueliquel
1713 2650 1744 2687 in
1772 2650 1829 2677 hoc
1864 2657 1951 2687 argu-

1149 2691 1251 2715 mento
1265 2687 1389 2719 versari,
1406 2689 1437 2715 ut
1454 2686 1557 2715 Filium
1574 2695 1611 2714 ne
1625 2686 1805 2720 cogitatione
1826 2686 1949 2721 quidem

1149 2725 1233 2751 Patre
1248 2723 1442 2759 posteriorem
1457 2723 1515 2750 dici
1527 2730 1616 2759 posse
1632 2722 1834 2759 demonstret.»
1846 2721 1948 2749 Statim

1149 2759 1220 2786 editi
1238 2757 1418 2791 ἐόναλλὴλονς,
1435 2757 1555 2786 codices
1569 2765 1676 2786 omnes
1690 2765 1763 2785 mss.
1778 2759 1811 2784 ut
1828 2757 1858 2784 in
1878 2765 1947 2785 con-

1150 2797 1243 2823 textu.

1185 2831 1241 2866 (77)
1249 2834 1304 2857 Τῶν
1320 2829 1508 2867 Σοδομιτικων.
1519 2831 1588 2858 Tres
1598 2829 1716 2858 codices
1728 2838 1777 2855 των
1788 2826 1943 2865 Σοδομιτων.
