2027 3144
82 157 132 195 ’89

698 160 800 188 LIBER
821 160 864 188 DE
884 159 1018 188 SPIRITU
1038 158 1186 187 SANCTO.

1748 153 1783 180 90

96 220 193 254 χρόνον
209 221 255 245 καὶ
270 220 370 250 πάντας
380 219 472 251 αἰῶνας
488 221 669 257 ὑπερεχούσης
683 222 750 253 ζωῆς
785 227 815 259 τῇ
846 223 895 259 πρὸ

965 221 1042 249 senti
1057 222 1109 256 ιι
1128 223 1261 257 tempore
1276 229 1282 247 :
1299 222 1326 248 et
1338 219 1399 247 hec
1413 218 1471 246 illis
1495 216 1673 254 posteriora,
1698 214 1781 250 quod

96 266 126 289 τὸ
142 267 187 289 νῦν
203 263 352 291 ἀποστάσει
366 267 395 291 τὸ
412 266 476 292 εἶναι
490 271 659 304 καταμετριῐν
682 272 734 299 πῶς
755 268 816 304 οὐχὶ
844 267 908 305 πρὸς

97 312 128 344 τῇ
162 308 269 345 ἀσεϐείᾳ
296 310 335 335 ἔτι
363 313 408 336 καὶ
436 313 524 336 πᾶσαν
551 311 693 348 ὑπερϐολὴν
725 312 814 344 ἀνοίας
838 313 903 348 ἔχει·

96 354 171 389 εἰπερ
196 353 255 379 καθ’
280 354 307 379 ὃν
332 356 427 389 τρόπον
453 356 486 381 τὰ
509 354 534 380 ἓν
561 357 657 391 γενέσει
682 359 727 382 καὶ
743 358 826 394 φθορᾷ
840 359 904 392 πρό-

95 406 161 434 τερα
190 395 255 423 εἶναι
277 397 390 426 ἀλλήλων
406 398 516 434 λέγεται,
532 400 600 425 κατὰ
619 402 662 426 τὸν
679 400 754 426 αὐτὸν
781 403 875 437 τρόπον
891 401 903 426 ὁ

98 444 166 472 Θεὸς
192 445 237 469 καὶ
266 446 355 480 Πατὴρ
384 448 419 479 τῷ
436 445 487 480 Υίῷ
502 447 546 471 καὶ
563 449 618 480 Θεῷ
635 449 670 480 τῷ
686 446 834 483 ὑπάρχοντι
853 447 902 482 πρὸ

97 491 152 513 τῶν
179 487 277 514 αἰώνων
295 490 540 526 παραμετρούμενος
565 490 690 526 ὑπερέχοι
706 499 712 524 ;
730 490 808 517 Ἀλλὰ
819 492 869 528 γὰρ
885 491 900 520 ἡ

96 533 164 568 πρὸς
193 533 225 558 τὰ
252 533 304 559 ἄνω
332 534 451 570 ὑπεροχὴ
480 537 526 560 τοῦ
557 536 656 571 Πατρός
684 534 838 572 ἀθεώρητος,
866 539 902 571 τῷ

98 576 260 614 ἁπαξαπλῶς
290 583 356 614 μῆτε
384 578 535 616 ἐνθύμησιν,
565 582 629 616 μήτε
657 582 714 606 τινὰ
743 582 838 607 ἔννοιαν
855 583 901 610 τὴν

97 625 145 648 τοῦ
173 624 268 659 Κυρίου
296 625 417 658 γέννησιν
441 624 600 661 ὑπιραίρειν,
616 624 700 656 καλῶς
715 629 760 651 τοῦ
782 626 899 651 Ἰωάννου

97 664 146 692 διὰ
163 665 211 692 δύο
225 671 313 703 φωνῶν
327 669 389 694 εἵσω
403 671 584 706 περιγράπτων
614 670 678 707 ὅρων
706 672 753 699 τὴν
782 669 899 696 διάνοιαν

94 710 310 747 ἀποκλείσαντοῆ
339 712 363 738 ἓν
391 717 427 748 τῷ
457 717 544 740 εἰπεῖν·
575 714 614 740 Ἐν
640 713 710 752 ἀρχῇ
729 713 898 751 ᾖνόΛὸγος.

95 755 250 783 ’Δνέκϐατον
281 758 325 792 μὲν
352 758 403 794 γὰρ
438 756 568 789 διανοίαις
599 761 627 785 τὸ
664 763 703 795 ᾖν·
724 759 898 796 ἀνυπέρϐατον

95 798 126 826 δὲ
139 802 298 835 φαντασίαις
318 802 374 836 (78)
400 801 482 838 ἀρχή.
507 801 588 829 Ὀσον
611 804 662 840 γὰρ
687 803 716 829 ἂν
744 802 898 840 ἀναὸράμῃς

94 848 126 880 τῇ
145 843 252 880 διανοίᾳ
267 844 309 871 ἐπὶ
324 856 352 872 το
368 847 431 880 ἅνω,
447 848 494 873 οὐκ
509 847 634 878 Exegi-ast;
649 849 678 874 τὸ
698 846 738 876 ἦν.
765 851 815 874 Καί
837 849 897 875 ὅσον

962 266 1190 302 quodaminodo
1196 267 1362 302 appareant
1372 263 1508 300 praesenti
1521 261 1648 297 tempori
1662 259 1784 288 vicinio-

958 318 1001 338 ra.
1011 310 1117 346 Atejus
1128 310 1202 343 vitae,
1212 318 1279 345 quae
1289 317 1377 337 omne
1389 311 1505 343 tempus
1519 309 1547 334 et
1557 305 1660 334 omnia
1671 304 1783 332 saecula

959 354 1153 389 transcendit,
1179 354 1368 382 existentiam
1399 350 1781 386 metiri_distantiaaprze-

958 400 1033 428 senti
1053 402 1198 436 tempore,
1215 407 1254 427 an
1269 407 1328 426 non
1342 400 1446 434 praeter
1459 397 1781 433 impietatem,omnem

956 444 1046 472 etiam
1060 444 1245 472 dementiam
1259 445 1381 479 supcrat
1393 451 1398 476 ;
1411 442 1435 469 si
1454 440 1716 478 quemadmodum
1732 446 1780 466 res

957 489 1142 524 generationi
1149 488 1392 524 corruptionique
1400 486 1548 517 obnoxiae,
1557 485 1622 512 aliis
1629 484 1694 512 alia:
1703 483 1781 520 prio-

955 542 1002 562 res
1015 542 1082 562 esse
1097 533 1248 564 dicuntur,
1265 532 1406 560 eumdem
1425 530 1592 558 admodum
1607 530 1681 556 Deus
1692 530 1781 556 etPa-

955 581 1008 611 ter,
1028 578 1155 606 collatus
1171 586 1241 605 cum
1257 577 1327 605 Filio
1347 579 1376 604 et
1391 578 1450 604 Deo
1463 575 1515 611 qui
1531 576 1576 602 est
1589 575 1657 601 ante
1670 572 1780 601 saecula

955 623 1142 660 superat?At
1166 622 1247 650 cnim
1274 624 1389 650 Patrem
1409 629 1473 649 esse
1496 619 1676 648 anteriorem
1689 625 1780 646 nemo

953 668 1050 705 possit
1058 668 1160 696 animo
1168 667 1336 702 concipere,
1349 674 1385 694 eo
1395 665 1478 702 quod
1488 663 1605 704 Domini
1616 663 1781 699 generatio-

954 721 1023 740 nem
1039 720 1094 740 nec
1109 712 1168 740 ulla
1186 719 1311 748 prorsus
1327 710 1477 745 cogitatio,
1493 716 1593 745 neque
1614 708 1673 736 ulla
1697 707 1780 735 notio

953 757 1145 785 transcendat
1155 766 1161 784 :
1171 757 1286 784 Joanne
1296 756 1418 792 pulchre
1429 754 1549 782 duabus
1561 753 1685 781 vocibus
1699 752 1780 787 cogi-

952 802 1095 830 tationem
1109 801 1186 829 intra
1195 800 1436 836 circumscriptos
1445 799 1588 827 terminos
1597 797 1778 830 recludente,

951 855 1022 875 cum
1037 847 1078 875 ait
1090 855 1095 874 :
1106 847 1140 875 In
1151 847 1303 881 principio
1318 844 1528 876 erat,Verbum
1539 844 1574 870 ²⁸.
1591 844 1664 871 Nam
1682 850 1780 878 neque

95 888 126 914 ἂν
156 887 289 926 διαταθῇς
319 889 383 917 ἰδεῖν
407 895 453 917 τοῦ
481 893 543 918 Υὶοῡ
571 894 604 918 τὰ
629 891 753 926 ἐπέκεινα,
780 894 895 929 ὑπεράνω

951 900 986 920 ex
995 893 1052 921 hac
1063 900 1146 925 voce,
1161 894 1235 925 eral,
1248 890 1389 926 cogitatio
1400 890 1512 918 exitum
1525 888 1653 925 reperire
1665 889 1778 924 potest;

95 935 219 969 γενέσθαι
247 939 303 975 figi
320 934 408 972 ἀρχῆς
440 936 469 962 οὐ
499 935 612 973 δυνήσῃ.
641 937 750 968 sanes;
772 935 897 964 οὖνκατὰ

97 982 187 1004 τοῦτον
202 981 246 1005 τόν
256 981 351 1016 τρόπον
364 980 419 1016 οἶμα
432 985 497 1007 νοεῖν
511 983 539 1007 τὸ
556 983 614 1008 Υἱὸν
629 985 665 1017 τῷ
681 984 776 1018 Πατρί,

950 945 1048 973 neque
1064 936 1244 972 principium
1260 934 1435 970 imaginatio
1450 933 1778 965 transcendere.Quan-

952 982 1062 1010 tumvis
1078 981 1159 1009 enim
1171 981 1350 1016 cogitatione
1375 988 1478 1008 curras
1507 979 1547 1007 ad
1566 978 1778 1007 anteriorem:

97 1030 183 1058 voce,
201 1027 279 1059 erat,
309 1025 422 1053 exitum
438 1033 499 1054 non
516 1027 685 1062 reperis.Et
699 1028 874 1063 quatumvis
885 1027 1029 1056 institeris
1042 1026 1141 1065 videre
1164 1034 1232 1063 quae
1260 1026 1319 1053 sint.
1337 1025 1415 1053 ultra
1437 1025 1553 1060 Filium,
1582 1032 1642 1052 non
1667 1023 1778 1060 poteris

99 1069 200 1096 tamen
217 1076 361 1105 superare
375 1070 567 1106 principium.
583 1073 685 1108 Itaque
701 1073 784 1109 pium
797 1075 840 1100 est
850 1072 934 1108 juxta
947 1072 1026 1100 hanc
1036 1071 1184 1099 rationem
1201 1070 1307 1098 Filium
1320 1069 1413 1097 simul
1430 1077 1500 1097 cum
1516 1068 1602 1097 Patre
1613 1067 1776 1102 intelligere

135 1115 176 1141 15.
203 1113 232 1140 Εἰ
263 1112 288 1140 δ’
317 1115 349 1145 ὡς
378 1114 402 1140 ἐν
425 1118 497 1151 τόπῳ
521 1117 679 1153 ὑποκειμένῳ
695 1117 823 1144 ὑποϐασίν
838 1127 896 1143 τινα

98 1161 142 1184 τοῦ
172 1159 233 1184 Υἱοῡ
257 1162 347 1185 νοοῦσι
368 1161 433 1196 πρός
463 1162 506 1186 τὸν
541 1163 654 1198 Πατέρα,
684 1163 750 1188 ὥστε
778 1163 895 1198 ὑπεράνω

99 1203 142 1238 μὲν
166 1204 209 1228 τὸν
238 1205 340 1239 Πατέρα
368 1205 511 1238 καθῆσθαι,
530 1207 595 1242 πρὸς
611 1205 640 1232 δὲ
666 1208 695 1232 τό
712 1206 801 1243 ἐφεξῆς
817 1207 852 1238 εἰς
866 1208 894 1232 τὸ

99 1247 170 1272 κάτω
193 1249 236 1273 τὸν
261 1249 320 1274 Υὶόν
349 1248 493 1283 ἁπεῶσθαι,
521 1250 726 1286 ὁμολογιίτωσαν
747 1255 834 1286 τοῦτο,
851 1253 895 1277 καί

101 1291 174 1327 ἡμεῖς
203 1295 369 1331 σιωπήσομεν
393 1295 460 1328 (‘79),
493 1299 541 1325 τῆς
564 1296 697 1333 ἐναργείας
717 1297 774 1330 (80)
789 1296 895 1322 αὐτόθτι

102 1336 130 1361 τὸ
159 1335 313 1372 ἁπιμφαίνον
339 1337 465 1374 ἐχούσης.
495 1337 565 1366 Οὐδὲ
590 1342 641 1377 γὰρ
665 1342 695 1366 τὸ
715 1340 739 1366 iv
752 1344 806 1372 τοῖς
820 1340 894 1376 λογι-

100 1383 178 1416 σμοῖς
200 1380 336 1408 ἀκόλουθον
359 1381 540 1414 ὃσασώζονσιν
567 1386 591 1410 oi
616 1383 662 1411 διὰ
676 1387 778 1411 πάντων
794 1384 893 1414 διήκειν

97 1428 132 1459 τῷ
155 1428 239 1462 Πατρὶ
264 1429 300 1462 μὴ
329 1425 458 1462 διδόντες,
485 1432 532 1459 τῆς
546 1432 595 1454 τῶν
621 1430 787 1465 ὑγιαινόντων
799 1429 895 1460 ἑννοίας

95 1470 127 1495 τὰ
139 1470 226 1496 πάντα
239 1472 282 1496 τὸν
296 1472 371 1507 λθεόν
395 1472 591 1508 πεπληρωκέναι
616 1476 803 1504 πιστευούσης
833 1473 895 1501 οὐδὲ

93 1517 242 1551 μέμνηνται
267 1520 314 1542 τοῦ
341 1519 477 1553 προφήτου
501 1518 628 1554 λέγοντος
663 1519 720 1546 Ἐὰν
749 1518 834 1545 ἀναϐὠ
861 1519 894 1550 εἰς

93 1561 135 1586 τόν
181 1560 301 1596 οὐρανόν,
345 1563 378 1587 σύ
421 1561 473 1588 ἐκεῖ
504 1561 534 1588 εἴ·
570 1563 612 1589 ἐὰν
641 1563 745 1589 καταϐῶ
779 1564 814 1594 εἰς
850 1566 893 1590 τόν

93 1603 170 1640 ᾅδην,
200 1606 288 1642 πάρει·
315 1607 339 1632 οἱ
367 1608 395 1632 τὸ
424 1608 476 1633 ἄνω
505 1610 549 1634 καὶ
575 1609 646 1634 κάτω
670 1609 703 1638 εἰς
731 1610 833 1645 Πατέρα
848 1611 891 1635 καὶ

988 1119 1029 1144 l5.
1046 1115 1132 1148 Quod
1148 1115 1173 1143 si
1185 1114 1265 1143 velut
1279 1114 1309 1142 in
1321 1114 1388 1142 loco
1401 1113 1560 1141 humiliore
1570 1112 1674 1141 Filium
1696 1111 1777 1140 Patri

950 1161 1073 1189 subesse
1089 1160 1296 1195 imaginantur
1310 1168 1316 1193 ;
1329 1161 1361 1186 ut
1375 1159 1405 1186 in
1422 1158 1544 1186 sublimi
1562 1157 1665 1186 sedeat
1679 1157 1776 1190 Pater,

950 1214 984 1234 ac
1000 1206 1069 1233 dein
1085 1205 1172 1233 Filius
1188 1205 1217 1232 in
1233 1204 1333 1233 locum
1354 1203 1525 1232 inferiorem
1551 1202 1693 1230 detrusus
1716 1201 1775 1235 sit;

949 1249 1099 1278 fateantur
1111 1249 1201 1280 istud,
1218 1251 1247 1277 et
1256 1257 1311 1277 nos
1326 1248 1506 1281 tacebimus,
1519 1249 1623 1284 aperta
1632 1245 1776 1282 loquendi

948 1295 1063 1322 ratione
1074 1302 1126 1330 per
1142 1302 1173 1322 se
1190 1294 1409 1322 absurditatem
1421 1293 1562 1320 habente.
1580 1293 1655 1319 Nam
1674 1299 1730 1318 nec
1745 1291 1774 1318 in

949 1339 1156 1367 ratiocinando
1170 1338 1226 1366 sibi
1237 1340 1388 1372 constant,
1404 1337 1457 1374 qui
1471 1345 1532 1365 non
1546 1336 1717 1364 concedunt
1726 1337 1778 1363 Pa-

948 1385 1023 1411 trem
1040 1382 1078 1411 ad
1098 1383 1238 1410 universa
1253 1383 1433 1418 pertingere,
1448 1389 1518 1409 cum
1527 1389 1632 1409 eorum
1647 1380 1699 1416 qui
1710 1379 1776 1407 sani

949 1430 1029 1462 sunt,
1044 1427 1184 1462 cogitatio
1206 1427 1307 1455 credat
1323 1428 1416 1454 Deum
1437 1425 1582 1462 implesse
1606 1425 1749 1453 universa
1766 1433 1772 1452 :

948 1480 1003 1500 nec
1011 1472 1207 1500 recordentur
1217 1471 1370 1508 Prophetas
1377 1470 1502 1498 dicentis
1515 1479 1521 1497 :
1533 1470 1566 1498 Si
1573 1470 1734 1498 escendero
1743 1470 1774 1496 in

949 1518 1062 1550 calum,
1077 1520 1108 1544 tu
1116 1517 1181 1545 illic
1194 1525 1223 1545 es
1236 1526 1242 1550 ;
1254 1517 1279 1544 si
1289 1516 1467 1544 descendere
1483 1515 1524 1542 ad
1534 1514 1776 1549 inferos,ades”;

948 1562 999 1598 qui
1020 1569 1111 1598 supra
1127 1563 1153 1589 et
1167 1561 1243 1589 intra
1258 1560 1429 1597 partiuntur
1448 1559 1524 1587 inter
1542 1560 1659 1586 Patrem
1674 1560 1703 1586 et
1728 1558 1775 1586 Fi-

947 1605 1032 1634 lium.
1043 1608 1078 1633 At
1092 1608 1123 1633 ut
1136 1605 1317 1633 nihildicam
1333 1604 1373 1632 ad
1390 1603 1635 1638 redarguendam
1655 1603 1774 1631 illorum

93 1650 149 1676 Υἱόν
180 1647 352 1687 διαιροῦντες.
380 1651 435 1678 Ἰνα
467 1650 496 1678 δὲ
523 1657 572 1683 τῆς
587 1651 714 1689 ἁμαθείας
727 1655 770 1679 τὸν
787 1653 893 1690 ἑλεγχον

951 1649 1531 1687 imperitiam,rebusincorporeislocum
1538 1648 1774 1682 attribuentium;

93 1697 233 1728 σιωπήσω,
269 1697 346 1721 τόπον
375 1695 417 1722 ἐπὶ
445 1701 494 1722 τῶν
531 1696 679 1733 ἀσωμάτων
709 1698 892 1734 ἁφοριξὸντωψ

91 1741 116 1765 τί
141 1742 189 1769 τὴν
211 1741 276 1776 πρὸς
302 1741 350 1771 τὰς
376 1743 476 1778 Γραφὰς
497 1742 589 1777 μάχην
617 1744 662 1768 καὶ
686 1741 834 1768 ἐναντίωσιν
850 1743 894 1769 αὖ-

91 1788 139 1809 τῶν
165 1784 251 1815 οὕτως
278 1783 454 1820 ἀναίσχυντον
478 1784 559 1812 οὖσαν
587 1788 825 1823 παραμυθήσεται,
852 1789 891 1820 τὸ,

94 1829 180 1855 Κάθου
211 1828 239 1855 ix
266 1827 358 1860 δεξιῶν
384 1839 445 1866 μου,
475 1833 519 1857 καὶ
548 1833 588 1865 τό,
618 1831 752 1858 Ἐκάθισεν
779 1830 802 1857 ἐν
820 1830 894 1867 δεξιᾷ

92 1877 138 1903 τῆς
166 1873 350 1910 μεγαλοσύνης
373 1878 420 1900 τοῦ
443 1877 506 1901 Θεοῦ
527 1884 533 1909 ;
555 1878 589 1902 Τὸ
617 1877 667 1912 γὰρ
688 1874 773 1907 δεξιὸν
802 1876 831 1902 οὐ
846 1879 893 1905 τὴν

91 1919 160 1944 κάτω
186 1921 282 1954 χώραν
308 1917 385 1948 δηλοῖ
413 1920 461 1955 (ὡς
482 1921 495 1946 ὀ
524 1921 620 1946 τούτων
644 1921 730 1956 λόγος)
764 1920 827 1947 ὰ).λά
846 1924 893 1951 τὴν

92 1962 156 1997 πρὸς
181 1963 213 1987 τὸ
240 1963 297 1987 ἶσον
323 1963 427 1997 σχέσιν·
444 1962 472 1988 οὗ
490 1967 646 1998 σωματικῶς
661 1967 706 1989 τοῦ
721 1961 809 1994 δεξιοῦ
824 1963 893 2000 λαμ-

92 2004 233 2041 ϐανομένου
257 2007 334 2040 (οὕτω
358 2007 407 2042 γὰρ
431 2007 462 2033 ἄν
491 2017 516 2033 τι
541 2009 586 2033 καὶ
601 2009 692 2033 σκαιὸν
708 2008 750 2034 ἐπὶ
764 2012 810 2034 τοῦ
826 2012 893 2034 Θεοῦ

92 2050 152 2085 εἴη),
182 2049 239 2076 ἀλλ’
265 2050 293 2076 ἔκ
319 2055 368 2076 τῶν
390 2053 483 2088 τιμίων
511 2056 559 2082 τῆς
572 2050 745 2089 προσεδρείας
761 2054 818 2088 (81)
836 2053 892 2079 ὀνο-

90 2095 176 2128 μάτων
201 2097 231 2121 τὸ
256 2095 448 2133 μεγαλοπριπές
474 2100 521 2127 τῆς
546 2099 606 2133 περὶ
644 2098 686 2122 τόν
722 2098 780 2124 Υἰὸν
814 2102 893 2134 τιμῆς

90 2145 272 2177 παριστῶντος
299 2144 345 2166 τοῦ
369 2140 456 2176 λόγου.
487 2144 643 2178 Λειπόμενον
674 2144 759 2168 τοίνυν
772 2142 828 2178 (82)
843 2142 892 2168 αὗ-

125 2214 150 2232 "
164 2215 251 2243 Joan.
266 2223 282 2249 ι,
297 2217 321 2244 1.
361 2216 384 2234 ³⁸
405 2215 482 2244 Psal.
495 2224 630 2250 cxxxvm,
646 2218 674 2245 8.
711 2217 735 2234 ²⁶
749 2217 824 2246 Psal.
843 2225 899 2251 cxx,
915 2219 938 2245 1.

127 2291 182 2326 (78)
198 2293 368 2327 Διανοίαις...
390 2293 554 2327 φαντασίαις.
585 2291 632 2320 Sic
660 2292 722 2320 duo
743 2292 812 2321 libri
837 2301 890 2321 ve—

91 2328 179 2362 teres,
193 2326 305 2363 quibus
319 2326 398 2355 favet
413 2327 540 2364 aliorum
557 2328 646 2356 trium
661 2328 808 2364 scriptura
828 2327 891 2355 δια-

91 2362 373 2401 νοίοις.,ξφα-ιντοιειταςἶ
393 2363 475 2401 _Editi
502 2362 640 2401 διανοίᾳ...)
670 2362 809 2401 φαντασίᾳ.
833 2365 890 2392 Ali-

92 2401 206 2433 quanto
223 2401 293 2434 po~st
304 2398 375 2427 editi
389 2398 430 2426 ἐπὶ
440 2400 473 2425 τὰ
491 2400 554 2433 ἄνω,
571 2398 689 2428 codices
716 2398 793 2428 mss.
808 2402 839 2428 ut
859 2401 891 2428 in

93 2436 246 2461 contextu.

127 2472 182 2507 (79)
198 2472 376 2507 Σιωπήσομεν.
391 2471 459 2507 Tres
477 2470 596 2498 codices
613 2473 796 2507 σιωπήσωμεν,

127 2505 403 2542 (80)_Ti;ivap7zia;.
417 2506 463 2534 Sic
485 2506 546 2534 duo
571 2506 689 2534 codices
715 2505 788 2534 mss.
814 2507 891 2539 Qua-

93 2541 158 2579 tuor
168 2540 219 2568 alii
229 2540 400 2579 cum:editi_s
415 2542 528 2570 habent
543 2542 667 2579 ἐνεργείας
692 2543 748 2571 Sed
761 2543 891 2578 proclive

93 2575 146 2604 fuit
159 2584 260 2616 errare
280 2577 420 2616 li_brariis,
434 2585 515 2616 quos
525 2575 802 2616 pariterhineadém
817 2587 891 2606 voce

93 2619 171 2647 stupe
181 2612 259 2650 alias
267 2613 430 2650 offendisse
440 2612 619 2650 ridebimus.
631 2614 890 2650 Scriptura.quam

94 2647 188 2687 secuti
205 2656 322 2687 sumus,
334 2648 427 2687 haret
436 2649 612 2677 etconducit
622 2647 780 2687 proposito
791 2647 891 2678 Basilii

93 2684 144 2718 qui
150 2687 294 2722 provpcat
302 2684 499 2722 luereticosut
507 2688 607 2722 aperte
614 2684 715 2722 dicant
722 2687 757 2713 Pa
763 2688 837 2714 trem
845 2694 893 2713 su-

95 2719 210 2758 periore
223 2719 289 2758 loco
304 2719 418 2758 sedere,
437 2719 541 2758 Filium
557 2720 696 2758 inferiore
709 2730 716 2754 ;
731 2724 801 2748 tunc
810 2722 890 2749 enim

96 2753 192 2792 verbis
206 2755 243 2792 ad
260 2763 312 2782 eos
322 2755 500 2792 refellendos
514 2764 591 2792 opus
604 2764 665 2784 non
673 2757 891 2789 futurum,cum

95 2789 431 2830 erSmodisenten_t_ia,si
440 2789 543 2830 palam
547 2800 582 2819 ac
589 2792 651 2820 sine
658 2791 891 2830 dissimulatione

95 2827 460 2861 enuntietur,manifestam
467 2827 892 2864 habeatrepugnantiam.l\'on

947 1695 1020 1732 quid
1036 1695 1190 1723 excusabit
1203 1702 1308 1722 eorum
1324 1694 1521 1730 impietatem,
1533 1701 1594 1729 qua
1607 1693 1776 1729 tamimpu-

947 1742 1051 1768 denter
1066 1741 1235 1776 repugnant
1250 1739 1508 1775 adversanturque
1518 1737 1776 1774 Scripturis?quod

947 1792 1043 1820 genus
1053 1787 1098 1812 est
1111 1784 1185 1812 illud
1194 1793 1200 1811 :
1209 1784 1282 1812 Sede
1297 1791 1315 1811 a
1326 1783 1441 1811 dextris
1452 1783 1524 1811 meis
1535 1783 1600 1816 “;et
1614 1790 1620 1810 :
1635 1782 1775 1810 Consedit

947 1830 978 1857 in
991 1830 1101 1857 dextra
1116 1830 1283 1864 majestatis
1297 1829 1351 1856 Dei
1362 1829 1396 1855 '7.
1411 1830 1511 1864 Neque
1536 1827 1615 1855 enim
1637 1827 1776 1854 dextrum

948 1873 1400 1908 signiﬁcatlocuminferiorem
1415 1872 1500 1908 quod
1525 1872 1571 1900 isti
1597 1871 1774 1908 praedicant,

948 1919 1001 1947 sed
1015 1919 1191 1946 relationem
1206 1918 1280 1946 adid
1294 1918 1376 1954 quod
1388 1917 1504 1954 aequale
1518 1917 1689 1953 est;quippe
1705 1925 1775 1944 curn

947 1963 1084 1991 dextrum
1097 1971 1158 1991 non
1170 1963 1335 1999 accipiatur
1347 1962 1541 1999 corporaliter
1554 1962 1607 1997 (sic
1618 1961 1698 1989 enim
1708 1969 1776 1997 pos-

947 2009 985 2036 sit
1001 2008 1090 2036 etiam
1105 2016 1170 2036 esse
1185 2007 1299 2044 aliquid
1311 2007 1468 2035 sinistrum
1479 2007 1510 2034 in
1528 2007 1599 2042 Deo)
1612 2006 1664 2034 sed
1680 2006 1776 2034 hono-

946 2053 1036 2081 riﬁcis
1053 2052 1207 2080 assidendi
1224 2052 1324 2080 verbis
1343 2052 1403 2080 Filii
1416 2052 1603 2087 majestatem
1615 2051 1775 2078 honorem-

947 2106 1006 2134 que
1020 2099 1171 2134 Scriptura
1181 2097 1221 2125 ob
1233 2097 1336 2125 ocu105
1348 2098 1449 2133 ponat.
1459 2096 1616 2133 Reliquum
1628 2098 1673 2124 est
1686 2095 1777 2130 igitur

947 2145 979 2171 ut
996 2142 1054 2170 hac
1068 2150 1140 2170 voce
1154 2142 1308 2179 dignitatis
1322 2142 1493 2171 inferiorem
1505 2141 1635 2176 gradum
1645 2140 1774 2169 indicari

979 2218 1001 2235 ετ
1020 2217 1105 2245 Hebr.
1119 2225 1139 2252 ι,
1156 2219 1181 2245 3.

946 2293 1065 2321 diverso
1079 2301 1178 2328 sensu,
1192 2292 1260 2320 licet
1274 2292 1395 2320 diverso
1409 2291 1567 2320 verbOrum
1581 2292 1776 2327 ordine,dixit

946 2329 1075 2366 Basilius
1091 2329 1122 2356 in
1137 2328 1256 2366 epistol.
1278 2328 1316 2356 al.
1332 2329 1385 2356 344
1399 2337 1405 2356 :
1421 2328 1532 2366 Αὐτορεν
1556 2329 1613 2364 ἔχιι
1638 2330 1669 2366 re
1698 2328 1775 2366 ἔναρ-

945 2367 990 2407 γὲς
999 2365 1013 2394 ἠ
1027 2364 1193 2402 βλασφημία.
1204 2365 1267 2393 Sua
1277 2367 1382 2399 sponte
1396 2365 1558 2398 manifesta
1577 2367 1618 2392 est
1635 2364 1774 2400 blasphe-

947 2409 1017 2428 mza.

982 2436 1036 2472 (8t)
1054 2434 1403 2473 Hpoatdpsiagiouamvis
1418 2435 1483 2473 haec
1496 2436 1643 2472 scriptura
1667 2436 1697 2464 in
1713 2444 1775 2473 uno

946 2474 1064 2500 tantum
1077 2472 1171 2500 exstet
1186 2472 1289 2500 codice
1302 2472 1523 2506 ms.,assentior
1533 2474 1632 2500 tamen
1649 2472 1775 2501 Combe-

945 2507 1011 2536 ﬁsio
1023 2515 1092 2544 eam
1105 2507 1233 2544 vulgata:
1244 2506 1392 2544 προεδρίας,
1405 2515 1473 2544 quae
1493 2507 1526 2544 in
1540 2507 1606 2535 aliis
1627 2508 1775 2544 reperitur

946 2552 1019 2571 mss.
1037 2543 1193 2571 codicibus
1204 2546 1233 2571 et
1248 2543 1347 2576 editis,
1361 2543 1582 2579 praeferendam
1593 2543 1669 2579 esse;
1686 2544 1774 2572 Filius

945 2588 1014 2616 cum
1028 2581 1112 2607 Patre
1125 2577 1394 2616 comparatusnon
1416 2578 1509 2606 habet
1540 2577 1691 2616 προεδρίαν,
1719 2587 1774 2607 nec

945 2615 985 2643 illi
999 2617 1067 2643 Eras
1082 2623 1137 2642 nus
1149 2615 1211 2642 sine
1220 2614 1355 2642 absurdo
1366 2617 1538 2642 commento
1548 2614 1773 2650 praesidentium

946 2651 1002 2685 (sic
1017 2651 1096 2678 enim
1111 2650 1240 2678 reddidit
1250 2650 1328 2678 hanc
1341 2651 1457 2684 vocem)
1473 2651 1635 2678 attribucre
1660 2650 1768 2685 potuit.

980 2688 1037 2720 (82)
1072 2689 1230 2722 Λιιπόμενου
1259 2688 1356 2714 τοίνυν.
1391 2686 1463 2722 CQd.
1495 2686 1632 2722 Colbert.
1650 2688 1774 2722 ᾼιὶπιται

945 2725 1042 2750 τοίνυν.
1054 2721 1210 2750 Contendit
1226 2724 1326 2750 autem
1340 2722 1397 2749 hoc
1410 2721 1479 2749 loco
1506 2721 1702 2749 C-rmbeﬁsius
1728 2722 1773 2750 le-

946 2758 1080 2791 gendum
1090 2765 1166 2792 esse,
1183 2758 1250 2785 utin
1263 2758 1398 2792 margine
1409 2757 1521 2784 codicis
1529 2757 1774 2789 Henricianimﬁd“:

947 2792 1032 2824 ἀξίας,
1048 2796 1078 2821 et
1090 2793 1132 2821 sic
1147 2792 1545 2827 reddendum:1telinquitur
1559 2793 1655 2827 igitur
1665 2794 1726 2822 illis
1740 2797 1774 2822 ut

946 2837 1000 2858 nec
1013 2829 1186 2864 inferiorem
1196 2829 1353 2864 dignitatis
1367 2828 1496 2863 gradum
1511 2835 1566 2862 per
1581 2829 1661 2858 hanc
1676 2837 1772 2860 vocem
