2027 3144
105 174 137 200 93
703 169 803 196 LIBER
824 168 868 195 DE
889 167 1022 195 SPIRITU
1044 169 1187 197 SANCTO.
1751 171 1784 198 94

103 237 138 271 μὴ
164 238 246 270 τιμῶν
268 235 312 259 τὸν
336 234 395 260 Υἰὸν
410 233 439 258 οὐ
455 235 519 268 τιμᾷ
541 233 585 258 τὸν
610 232 713 268 Πατέρα
725 239 732 264 ;
745 232 776 257 Τί
793 231 843 266 γὰρ
859 231 902 255 καὶ

962 229 1085 258 sationis
1114 231 1273 260 atIeremus
1299 233 1330 259 in
1361 231 1543 260 formidabili
1568 239 1603 260 ac
1629 233 1785 260 communi

104 283 236 316 φήσομεν;
267 280 326 304 τίνα
356 277 442 314 ἕξομεν
472 275 578 303 δικαίαν
612 275 753 311 ἀπολογίαν
786 273 828 300 ὶπὶ
858 276 904 299 τοῦ

104 325 214 362 φοϐεροῦ
233 326 279 349 καὶ
301 326 388 349 κοινοῦ
406 326 456 353 τῆς
476 325 585 353 κτίσεως
605 323 693 352 πάσης
715 319 902 356 δικαστηρίου,

103 370 185 396 εἰτοῦ
212 371 309 405 Κυρίον
330 372 416 404 σαφῶς
438 367 656 403 ἐπαγγελλομένου
671 366 739 397 ἥξειν
753 364 777 390 ὲν
791 368 820 400 τῇ
839 362 902 399 δόξῃ

103 418 150 441 τοῦ
167 416 281 451 Πατρός,
298 415 343 439 καὶ
367 414 493 449 Στεφάνου
510 413 668 448 θεασαμένου
689 411 790 439 Ἰησοῦν
806 409 906 435 ἑστῶτα

103 459 132 486 ἐκ
156 458 250 490 δεξιῶν
262 462 308 484 τοῦ
328 461 405 491 Θεοῦ,
423 459 468 484 καὶ
488 457 591 483 Παύλου
611 456 635 482 ἐν
656 457 784 491 Πνεῦματι
804 452 905 489 διαμα-

102 506 263 541 ρτυρομένου
279 503 335 538 (86)
348 505 407 539 περὶ
422 505 551 539 Χριστοῦ,
567 502 607 528 ὅτι
631 502 700 527 ἔστιν
726 499 749 525 ἐν
771 497 846 534 δεξιᾴ
859 501 905 524 τοῦ

101 552 166 576 Θεοῦ
179 556 187 564 ·
204 551 249 574 καὶ
264 549 429 584 τοῦγΠατρός
443 547 569 583 λέγοντος,
586 547 671 573 Κάθου
687 545 714 571 ὲκ
728 544 819 576 δεξιῶν
834 555 884 581 μου
897 554 903 560 ·

102 597 147 620 καὶ
170 597 217 620 τοῦ
238 593 315 628 ἁγίου
339 593 488 628 Πνεῦματος
508 595 712 628 μαρτυροῦντος,
729 591 767 616 ὃτι
786 590 905 616 ἐκάθισεν

104 641 128 665 ἓν
144 637 219 673 δεξιᾷ
232 642 278 669 τῆς
294 637 472 674 μεγαλοσυνης
487 641 533 663 τοῦ
549 640 616 663 Θεοῦ
629 647 634 652 ·
652 637 724 672 ἡμεῖς
739 637 782 661 τὸν
799 636 906 672 σύνθρο-

104 694 144 710 νον
169 686 215 709 καὶ
237 683 362 719 ὁμότιμον
379 682 429 708 ἀπὸ
449 687 496 713 τῆς
517 683 582 719 πρὸς
601 683 630 707 τὸ
647 683 702 707 ἴσον
727 682 844 716 σχέσεως
864 679 906 706 ἐπὶ

101 730 130 755 τὸ
158 729 232 754 κάτω
260 726 481 763 καταϐιϐάζοιμω
502 727 579 761 (87);
604 725 686 761 Οίμαι
711 726 762 762 γὰρ
790 727 837 753 τὴν
861 725 905 760 μὲν

104 775 199 800 στάσιν
213 775 257 799 καὶ
278 774 326 801 τὴν
341 771 500 809 καθίδρυσιν
512 773 541 797 τό
556 773 651 806 πάγων
675 774 722 801 τῆς
746 771 844 804 φύσεως
863 772 906 797 καὶ

101 820 187 847 πάντη
214 819 344 853 στάσιμον
366 818 528 853 ὑποφαίνειν,
547 817 612 842 καθὸ
632 818 677 841 καὶ
701 816 714 841 ὁ
737 816 853 850 Βαροὺχ,
875 816 904 840 τὸ

101 861 236 895 ἀκίνητον,
260 863 304 887 καὶ
329 860 486 896 ἀμετάθετον
507 864 554 890 τῆς
581 863 626 886 τοῦ
648 862 715 886 Θεοῦ
741 857 904 894 διεξαγωγῆς

101 906 304 943 ἐνδεικνύμενος,
319 907 364 942 ἔφη
380 908 420 939 τὸ,
430 907 463 931 Σὺ
476 905 621 941 καθήμενος
636 904 669 934 εἰς
688 905 732 930 τὸν
753 903 842 936 αἰῶνα,
859 905 904 929 καὶ

102 953 178 988 ἡμεῖς
198 951 369 987 ἀπολλύμενοι
385 951 417 980 εἰς
437 952 480 976 τὸν
496 950 592 976 αἰῶνα·
609 952 656 979 τὴν
672 947 760 980 δεξιὰν
772 946 801 974 δὲ
813 950 903 985 χώραν

103 995 199 1025 δηλοῦν
224 998 253 1021 το
275 999 323 1026 τῆς
342 994 414 1026 ἀξίας
433 995 568 1031 ὁμότιμον.
592 997 650 1024 Πῶς
668 991 711 1019 οὖν
731 993 759 1019 οὑ
775 992 903 1029 τολμηρὸν

101 1045 147 1072 τῆς
161 1042 229 1067 κατὰ
243 1043 291 1069 τήν
305 1038 457 1076 δοξολογίαν
471 1040 527 1075 (88)
543 1041 677 1070 κοινωνίας
694 1038 844 1074 ἀποστερεῖν
860 1038 902 1063 τὸν

101 1086 171 1118 Υἰόν,
185 1086 220 1116 ὡς
235 1083 260 1110 ἐν
275 1083 390 1110 ἐλάττονι
405 1087 483 1120 χώρᾳ
497 1088 576 1120 τιμῆς
590 1083 720 1119 τετάχθαι
735 1082 805 1113 ἄξιον
819 1093 824 1098 ·

385 1149 579 1173 ΚΕΦΑΛΛΙΟΝ
599 1145 624 1172 Ζ’

105 1207 171 1243 Πρὸς
185 1207 246 1236 τοὺς
264 1205 385 1241 λέγοντας
400 1207 435 1240 μὴ
458 1204 580 1243 ᾁρμοζειν
600 1203 643 1243 ἔπι
662 1205 723 1243 ὶξοῡ
738 1203 859 1240 λεγεσθαι
873 1205 902 1229 τὸ

275 1238 361 1277 (ι’μεθ“
377 1238 408 1266 οὗ
424 1252 437 1265 )›
455 1238 519 1266 ἀλλά
531 1242 559 1266 τὸ
575 1251 587 1264 ιι
607 1238 643 1266 δι’
659 1239 699 1267 οὗ.
715 1251 728 1264 ››

144 1305 184 1330 10.
204 1302 279 1329 Ἀλλὰ
304 1304 332 1329 τὸ
355 1301 410 1339 μετ’
435 1302 516 1328 αὑτοῦ
541 1301 631 1338 λέγειν,
660 1304 748 1338 φασὶν,
776 1300 898 1332 ὰπεξενω-

104 1349 180 1384 μενον
207 1347 331 1377 παντελῶς
354 1349 400 1373 καὶ
425 1346 552 1378 ἀσύνηθες
567 1357 573 1364 υ
596 1348 626 1372 τό
651 1345 679 1372 δὲ
704 1344 742 1372 δι’
761 1346 841 1372 αὐτον
868 1349 903 1380 τῷ

103 1403 130 1419 τε
156 1393 224 1428 λόγῳ
246 1397 292 1423 τῆς
315 1395 416 1429 Γραφῆς
444 1392 602 1418 οἰκειότατον
627 1394 673 1418 καὶ
697 1391 721 1418 ἐν
750 1396 778 1428 τῇ
804 1394 904 1428 χρήσει

103 1442 152 1468 τῆς
188 1436 364 1473 ἁδελφότητος
395 1439 570 1474 τετριμμένον.
600 1440 632 1463 Τι
664 1435 708 1462 οὖν
737 1438 811 1472 ἡμεῖς
840 1439 904 1473 πρὸς

99 1491 205 1515 tuum;
238 1482 299 1508 Ὀτι
332 1482 451 1518 μακάρια
482 1483 513 1508 τὰ
546 1480 599 1507 ὦτα
631 1483 664 1507 τὰ
695 1484 730 1517 μὴ
757 1481 905 1508 ακούσαντα

98 1528 181 1564 ὑμῶν,
203 1529 250 1553 καὶ
269 1525 380 1562 καρδίαι
404 1527 466 1553 ὅσαι
489 1527 601 1563 ἄτρωτοι
626 1525 676 1552 ἀπο
699 1531 747 1552 τῶν
763 1527 819 1561 (89)
841 1527 903 1563 ύμῖ-

96 1575 176 1610 τέρων
197 1571 282 1607 λόγων
309 1569 540 1607 διεφυλάχθησαν.
572 1570 640 1596 Ἀλλ’
669 1571 729 1606 ὑμῖν
758 1570 823 1606 λέγω
850 1575 902 1602 τοῖς

97 1617 296 1653 φιλοχρίστοις,
322 1616 362 1641 ὃτι
385 1614 532 1652 ἀμφοτέρας
555 1613 624 1641 οἶδεν
651 1616 665 1644 ἡ
695 1615 836 1644 Ἐκκλησία
857 1617 903 1646 τὰς

95 1665 220 1697 χρήσεις,
243 1663 287 1686 καὶ
312 1658 450 1696 οὐδετέραν
474 1660 558 1686 αὐτῶν
583 1664 747 1696 παραιτεῖται
771 1661 802 1690 ὡς
827 1659 901 1686 ἀναι-

95 1708 201 1742 ρετικὴν
239 1709 287 1735 τῆς
321 1704 414 1741 ἐτέρας.
441 1704 521 1730 Ὀταν
550 1706 594 1740 μὲν
627 1706 678 1740 γὰρ
710 1706 738 1730 τὸ
768 1704 902 1740 μεγαλεῖον

94 1755 139 1781 τῆς
162 1752 268 1786 φύσεως
291 1759 336 1775 του
360 1752 516 1785 Μονογενοῦς
539 1752 584 1775 καὶ
603 1751 650 1778 τὴν
667 1753 715 1779 τῆς
738 1748 811 1780 ἀξίας
827 1750 903 1785 ὑπερ-

95 1797 165 1831 οχήν
191 1795 338 1830 θεωρῶμεν,
354 1795 420 1830 μετά
443 1795 544 1831 [ἰατρὸς
569 1792 633 1820 εἶναι
658 1793 728 1828 αὐτῷ
750 1797 902 1831 μαρτυροῦ-

96 1849 141 1875 μεν
159 1841 208 1868 τὴν
235 1837 334 1869 δόξαν·
356 1839 416 1864 ὁταν
439 1836 469 1864 δὲ
488 1841 535 1867 τὴν
557 1839 592 1869 εἰς
616 1839 686 1874 ἡμᾶς
707 1841 838 1875 χορηγίαν
852 1843 902 1864 τῶν

96 1883 201 1920 ἀγαθῶν
228 1882 398 1919 ἐννοήσωμεν,
415 1883 430 1912 ἢ
456 1885 500 1911 τὴν
525 1884 598 1919 ἡμῶν
622 1883 706 1908 αὐτῶν
725 1885 903 1919 προσαγωγὴν

95 1931 140 1954 καὶ
164 1928 299 1954 οἰκείοισιν
322 1928 386 1964 πρὸς
407 1928 449 1953 τόν
471 1929 534 1953 Θεὸν
550 1927 617 1962 (90),
642 1925 680 1953 δι’
703 1927 783 1953 αὑτοῦ
807 1930 852 1953 καὶ
877 1927 902 1953 ἑν

94 1973 166 2008 αὐτῷ
195 1972 360 2008 ἐνεργεῖσθαι
385 1972 446 2008 ὑμῖν
465 1974 511 2000 τὴν
539 1973 619 2009 χάριν
643 1973 739 2000 ταύτην
764 1972 903 2008 ὁμολογου-

93 2027 149 2054 μιν.
173 2017 257 2044 Ὠστε
281 2017 296 2046 ἠ
324 2018 369 2052 μὲν
395 2015 452 2042 ἰδία
478 2021 528 2043 τῶν
553 2015 760 2052 δοξολογούντων
785 2017 865 2051 ἐστὶν,
887 2019 901 2047 ὴ

92 2063 150 2098 μεθ’
168 2062 200 2088 οὗ
214 2072 221 2078 ·
243 2062 259 2090 ἠ
284 2059 314 2087 δε
334 2059 370 2087 δι’
387 2061 416 2087 οὗ
436 2065 486 2087 τῶν
509 2061 737 2098 εὐχαριστοῦντων
757 2061 898 2098 ἐξαίρετος.

92 2105 197 2138 Ψενὸος
220 2105 251 2133 δὲ
275 2105 388 2140 κάκεῖνο,
405 2107 446 2132 ὅτι
469 2107 484 2135 ἠ
507 2106 563 2142 μεθ’
586 2106 616 2132 οὗ
641 2109 709 2142 φωνὴ
735 2110 780 2137 τῆς
796 2112 844 2133 τῶν
866 2107 904 2134 εὖ·

91 2151 178 2178 λαϐὼν
207 2154 332 2188 χρήσεως
365 2151 531 2183 ἁπεξένωται.
560 2151 639 2177 Ὀσοι
665 2153 716 2188 γὰρ
746 2150 783 2178 δι’
812 2153 903 2179 εὐστά-

93 2198 164 2223 θειαν
188 2199 294 2233 τρόπων
318 2197 348 2222 τὸ
368 2200 415 2227 τῆς
442 2196 621 2232 ἀρχαιότητος
642 2198 734 2232 σεμνὸν
756 2206 799 2222 τοι)
820 2207 904 2224 mavo-

91 2251 213 2278 πρεπους
243 2243 435 2277 προετίμησαν,
459 2243 504 2267 καὶ
527 2239 726 2278 ὰπαραποίητον
751 2245 801 2267 τῶν
828 2244 904 2269 πατέ-

91 2296 143 2323 ρων
165 2285 328 2322 διεφύλαξαν
353 2288 399 2314 τὴν
423 2284 584 2323 παράδοσιν,
605 2288 672 2312 κατά
697 2296 723 2312 τε
746 2290 837 2323 χώραν
859 2289 902 2313 καὶ

90 2330 166 2356 πόλιν
195 2331 281 2366 ταύτῃ
308 2332 454 2367 κέχρηνται
480 2334 510 2366 τῇ
539 2334 620 2366 φωνῇ.
650 2331 682 2356 Οἱ
710 2328 738 2356 δὲ
770 2329 902 2367 διακορεῖς

91 2378 141 2400 τῶν
164 2375 286 2403 συνήθων
310 2377 355 2400 καὶ
377 2378 426 2400 τῶν
450 2373 566 2400 παλαιῶν
590 2375 624 2404 ὡς
644 2373 726 2400 ἑώλων
748 2378 901 2413 κατεπαιρό-

89 2428 174 2454 μενοι,
202 2419 278 2444 οὗτοί
302 2419 366 2444 εἰσιν
387 2419 411 2445 οἱ
429 2420 477 2449 τὰς
501 2421 695 2455 νεωτεροποιίας
714 2417 899 2456 παραδεχόμε-

125 2506 278 2572 ’"3Matth.
295 2515 352 2542 xw,
368 2509 412 2534 27.

90 2550 134 2576 ιιι,
152 2550 179 2572 3.

451 2508 475 2525 ³⁸
495 2509 557 2536 Act.
574 2515 625 2542 vu,

125 2620 464 2655 (86)_Amaapru,aoaévov.
488 2619 533 2647 Sic
558 2621 616 2648 trcs
638 2620 777 2651 codices;
794 2619 843 2648 alii
869 2622 898 2648 et

89 2654 160 2682 editi
179 2653 441 2690 διαμαρτυραμένου.

127 2692 187 2719 (87)
207 2690 448 2727 ΔΙζοιητοιϐιϐςιέζτιψει.
464 2691 524 2727 δίε
547 2693 605 2719 tres
630 2691 768 2724 codices;
793 2691 899 2719 melius

89 2733 186 2762 quam
203 2725 236 2753 in
247 2726 317 2763 aliis
333 2729 361 2753 et
376 2725 406 2754 in
422 2726 509 2754 editis
525 2727 744 2763 καταϐιϐάζομεν.

126 2763 187 2795 (88)
208 2761 373 2798 Δοξολογίαν.
401 2763 470 2797 Reg.
497 2765 624 2798 quartus
654 2760 811 2798 ἀξιολογίαν.
836 2760 899 2791 Has

91 2804 195 2834 voces,
212 2799 349 2834 τόνᾘὶῖἱον,
366 2805 434 2834 quin
451 2805 519 2826 mox
541 2801 718 2834 sequuntur,
734 2807 749 2827 e
765 2800 834 2834 Reg.
853 2807 898 2827 sc-

91 2832 195 2861 cundo
211 2832 399 2862 addidimus.

724 2509 747 2526 ³⁹
769 2509 854 2537 ltom.
870 2516 931 2544 vni,
949 2510 994 2537 34.

961 275 1051 303 totius
1073 278 1216 304 creaturae
1234 277 1356 312 judicio,
1374 277 1397 305 si
1422 279 1620 314 posteaquam
1641 278 1785 305 Dominus

961 323 1061 356 aperte
1076 321 1263 349 denuntiavit
1277 330 1307 349 se
1323 324 1480 350 venturum
1494 322 1524 350 in
1541 322 1634 357 gloria
1648 322 1738 350 Patris
1749 323 1784 351 ³⁷.

960 367 989 392 et
1005 365 1173 401 Stephanus
1187 366 1288 393 Jesum
1304 367 1377 394 vidit
1390 370 1516 394 stantem
1534 375 1551 395 a
1564 367 1675 395 dextris
1690 367 1738 395 Dei
1749 368 1783 402 ",

961 412 989 438 et
1007 410 1116 438 Paulus
1138 411 1247 447 Spiritu
1268 411 1388 439 afﬂatus
1404 412 1576 440 testiﬁcatus
1591 414 1634 440 est
1649 413 1685 440 de
1702 413 1784 440 Chri-

961 457 1016 489 sto,
1035 454 1118 491 quod
1133 458 1178 484 est
1196 455 1226 483 in
1250 456 1355 484 dextra
1370 456 1420 484 Dei
1432 457 1475 490 a9;
1493 459 1582 492 atque
1601 457 1690 485 etiam
1714 465 1784 486 cum

961 501 1045 528 Pater
1073 500 1162 532 dicat.
1187 501 1247 529 Sed
1273 508 1292 528 α
1321 501 1435 530 dextris
1459 503 1530 530 meis
1541 502 1575 533 ⁸ο,
1603 505 1630 530 et
1659 502 1784 538 Spiritus

961 547 1082 572 sanctus
1107 545 1312 573 testimonium
1335 546 1500 582 perhibeat,
1516 547 1599 582 quod
1617 547 1784 575 consederit

961 589 1000 617 ad
1016 589 1153 617 dextram
1170 590 1334 625 maiestatis
1351 591 1400 618 Dei
1412 591 1434 608 Η
1449 600 1455 622 ;
1470 599 1525 618 nos
1547 591 1647 618 throni
1662 599 1784 619 consor-

961 635 1030 666 tem,
1048 637 1075 661 et
1087 634 1210 662 honoris
1224 635 1361 670 ejusdem
1375 635 1563 671 participem,
1580 635 1619 663 ab
1632 635 1785 672 aequalita-

961 678 996 706 tis
1009 680 1087 706 statu
1107 679 1146 706 ad
1164 679 1333 707 inferiorem
1356 679 1534 715 dejiciamus
1549 679 1649 708 locum
1661 681 1674 708 ?
1691 680 1785 716 Siqui-

961 723 1030 750 dem
1055 723 1183 751 arbitror
1202 725 1326 752 statione
1342 726 1370 751 et
1385 732 1529 752 concessu
1553 728 1678 759 naturai,
1693 724 1784 752 ﬁrmi-

960 771 1052 797 tatem
1080 777 1115 796 ac
1142 769 1335 797 stabilitatem
1361 770 1571 798 omnimodam
1602 770 1782 805 signiﬁcari;

957 813 1042 848 juxta
1061 821 1152 849 quem
1173 816 1293 849 tropum
1316 816 1344 841 et
1359 815 1473 842 Barueh
1489 815 1582 842 Deum
1598 815 1784 842 immobilem

960 859 987 884 et
1002 857 1222 886 immutabilem
1246 866 1367 895 semper
1385 859 1439 895 13
1455 867 1520 887 esse
1536 859 1708 890 ostendens.
1724 859 1782 887 ait:

926 909 944 935 Β
964 902 1007 929 Τιι
1019 902 1100 930 sedes
1115 903 1146 929 in
1162 905 1318 937 sternam,
1332 907 1358 932 et
1374 911 1427 932 nas
1441 905 1572 938 perimus
1587 904 1618 932 in
1634 911 1729 932 a’vum
1739 904 1762 921 “
1776 911 1783 930 :

959 945 1063 974 dextro
1086 949 1188 975 autem
1209 947 1276 975 loco
1300 947 1426 976 indicari
1447 948 1602 982 dignitatis
1626 948 1783 985 aequalita-

960 993 1029 1019 tem.
1046 994 1089 1019 An
1111 999 1172 1020 non
1194 992 1285 1027 igitur
1306 993 1407 1021 audax
1426 993 1544 1021 facinus
1565 994 1663 1027 fuerit,
1680 994 1783 1022 Filium

959 1035 1182 1071 gloriﬁcatiouis
1208 1038 1360 1065 consortio
1385 1038 1512 1073 privare,
1536 1038 1626 1066 veluti
1646 1038 1699 1075 qui
1724 1047 1782 1067 me-

957 1083 1058 1109 reatur
1072 1081 1103 1109 in
1116 1081 1184 1110 loco
1196 1082 1298 1110 minus
1314 1083 1462 1110 honorato
1478 1082 1642 1111 collocari?

1279 1145 1391 1173 CAPUT
1409 1146 1464 1173 VII.

958 1203 1111 1231 Adversus
1123 1211 1170 1231 eos
1185 1203 1235 1239 qui
1250 1203 1355 1231 dicunt
1371 1211 1431 1231 non
1446 1207 1647 1238 congruenter
1658 1204 1695 1231 de
1704 1204 1783 1232 Filio

1060 1239 1132 1273 dici,
1149 1250 1161 1264 ‹‹
1179 1247 1245 1267 cum
1261 1247 1328 1275 quo,
1347 1250 1360 1264 »
1375 1239 1436 1273 sed,
1454 1251 1467 1263 ‹‹
1484 1247 1538 1274 per
1552 1247 1648 1275 quem.
1666 1250 1680 1264 »

996 1303 1037 1328 16.
1059 1301 1117 1329 Sed
1138 1301 1195 1329 hoc
1213 1301 1358 1338 loquendi
1378 1310 1483 1337 genus,
1500 1310 1566 1330 cum
1592 1303 1664 1338 ipso,
1685 1302 1782 1334 aiunt,

958 1346 1083 1373 omnino
1108 1346 1299 1382 peregrinum
1328 1349 1371 1374 cst
1394 1349 1422 1375 et
1445 1347 1640 1375 inusitatum:
1667 1349 1780 1382 contra,

958 1390 1049 1424 istud,
1064 1398 1120 1425 per
1134 1392 1241 1424 ipsum,
1259 1393 1322 1418 tum
1336 1392 1468 1420 sermoni
1484 1392 1642 1428 Scripturse
1659 1392 1784 1421 familia~

957 1434 1112 1462 rissimum
1126 1437 1189 1462 tum
1213 1435 1337 1463 fratrum
1354 1444 1412 1463 usu
1426 1436 1529 1464 tritum
1544 1444 1621 1465 esse.
1638 1437 1715 1469 Quid
1729 1437 1783 1472 igi-

959 1482 1006 1508 tur
1021 1487 1076 1507 nos
1092 1480 1128 1507 ad
1151 1481 1232 1508 ista?
1247 1480 1392 1508 Nimirum
1414 1480 1518 1508 beatas
1534 1489 1598 1509 esse
1612 1489 1700 1509 aures
1714 1489 1782 1518 qua:

958 1531 1020 1552 non
1036 1524 1197 1552 audierunt
1211 1532 1274 1556 vos,
1291 1527 1319 1552 et
1333 1524 1423 1552 beata
1444 1524 1546 1560 corda,
1563 1533 1631 1561 quae
1646 1534 1663 1554 ει
1678 1526 1782 1553 vestris

958 1568 1150 1596 sermonibus
1172 1572 1290 1597 servata
1311 1571 1380 1597 sunt
1402 1569 1504 1597 illasa.
1519 1570 1607 1597 Vobis
1622 1578 1712 1606 porro
1730 1570 1782 1607 qui

958 1613 1108 1641 Christum
1130 1613 1259 1648 diligitis,
1276 1613 1344 1641 dico
1365 1614 1530 1642 Ecclesiam
1553 1617 1714 1650 utrumque
1732 1615 1783 1642 ha-

958 1665 1026 1685 rum
1050 1666 1158 1685 vocum
1182 1666 1271 1685 usum
1291 1666 1467 1693 agnoscere,
1488 1661 1689 1695 neutrumque
1717 1658 1783 1694 reji-

958 1711 1034 1734 ccre,
1051 1703 1139 1738 quasi
1159 1702 1232 1730 alter
1254 1702 1380 1730 alterum
1399 1703 1542 1731 destruat.
1557 1705 1631 1732 Cum
1652 1704 1731 1732 enim
1751 1704 1782 1732 in

959 1746 1116 1781 Unigenito
1131 1749 1245 1775 naturae
1261 1747 1450 1782 majestatem
1471 1756 1506 1775 ac
1523 1747 1675 1782 dignitatis
1690 1747 1783 1776 excel-

956 1792 1080 1820 lentiam
1112 1792 1362 1828 contemplemur,
1388 1793 1414 1820 ei
1441 1801 1511 1820 cum
1537 1794 1622 1821 Patre
1654 1792 1781 1828 gloriam

957 1845 1024 1865 esse
1040 1840 1196 1865 testamur.
1213 1838 1325 1865 Rursus
1341 1845 1410 1865 cum
1432 1838 1599 1872 cogitamus
1614 1846 1681 1874 quae
1702 1838 1783 1866 bona

957 1882 1045 1910 nobis
1067 1882 1274 1919 suppeditarit,
1291 1885 1343 1910 aut
1365 1882 1520 1919 quomodo
1543 1882 1664 1915 nosrad
1689 1884 1781 1910 Deum

957 1927 1115 1956 adduxerit
1131 1935 1166 1954 ac
1181 1929 1238 1954 Deo
1251 1927 1423 1960 asseruerit,
1436 1927 1615 1955 conﬁtemur
1626 1927 1706 1955 hanc
1716 1934 1783 1962 gra-

958 1971 1042 2005 tiam,
1069 1979 1124 2006 pc-r
1148 1972 1245 2006 ipsum
1268 1975 1295 1999 et
1320 1972 1351 1999 in
1375 1972 1439 2006 ipso
1469 1970 1556 1999 nobis
1576 1971 1662 1999 efﬁci.
1685 1972 1782 2004 Quare

958 2016 1051 2044 altera
1073 2015 1228 2052 particula,
1245 2023 1310 2044 cum
1334 2024 1401 2052 quo,
1418 2016 1541 2052 propria
1556 2019 1600 2044 est
1614 2015 1782 2050 gloriﬁcan-

959 2060 1032 2088 tium
1046 2069 1052 2094 ;
1069 2061 1172 2094 altera,
1185 2068 1242 2094 per
1255 2068 1350 2096 quem,
1369 2060 1490 2096 propria
1504 2062 1548 2088 est
1563 2061 1673 2095 gratias
1693 2068 1782 2095 agen-

959 2106 1043 2134 tium.
1061 2106 1138 2138 Ouin
1159 2108 1188 2133 ct
1202 2105 1275 2133 illud
1290 2105 1486 2133 mendacium
1508 2108 1552 2133 est
1570 2106 1649 2133 hanc
1664 2113 1781 2140 vocem,

959 2159 1025 2180 cum
1042 2158 1109 2187 quo,
1124 2150 1163 2178 ab
1185 2158 1242 2177 usu
1259 2150 1376 2186 piorum
1391 2149 1522 2177 alienam
1537 2157 1614 2177 esse.
1631 2151 1783 2186 Quotquot

958 2196 1039 2224 enim
1056 2203 1173 2222 morum
1190 2194 1370 2228 constantia,
1384 2194 1569 2230 antiquitatis
1592 2194 1781 2229 majestatem

959 2241 1102 2277 speciosis
1132 2239 1316 2268 novitatibus
1340 2238 1543 2275 prmtulerunt,
1567 2246 1602 2266 ac
1630 2239 1782 2274 majorum

958 2285 1149 2314 traditionem
1171 2284 1244 2312 citra
1260 2283 1457 2312 mutationem
1473 2286 1700 2315 conservarunt,
1719 2285 1782 2311 tum

956 2331 1028 2365 ruri,
1046 2334 1109 2358 tum
1125 2329 1154 2357 in
1180 2328 1349 2357 civitatibus
1371 2328 1428 2356 hac
1450 2335 1522 2356 voce
1547 2330 1680 2356 utuntur.
1696 2328 1782 2357 Caete-

955 2383 1022 2403 rum
1038 2375 1090 2411 qui
1102 2376 1246 2402 consueta
1258 2373 1424 2405 fastidiunt,
1438 2375 1466 2401 et
1480 2372 1511 2400 in
1524 2375 1625 2400 vetera
1638 2376 1783 2408 tanquam

954 2420 985 2448 in
1001 2419 1136 2447 obsoleta
1152 2419 1325 2453 insurgunt,
1342 2417 1360 2446 ii
1377 2420 1448 2445 sunt
1463 2417 1515 2454 qui
1528 2417 1676 2445 novitates
1692 2417 1784 2445 susci‘

1314 2507 1334 2524 ι’
1360 2506 1446 2535 Hebr.
1463 2514 1521 2540 vui,
1540 2509 1563 2534 t.
1607 2507 1630 2524 “
1651 2506 1778 2535 Baruch.

1034 2509 1057 2526 ιο
1077 2507 1153 2536 Psal.
1171 2515 1226 2540 cxx,
1247 2509 1269 2534 t.

989 2621 1046 2655 (89)
1071 2620 1133 2646 Ἀπὸ
1162 2623 1223 2646 τῶν.
1252 2618 1539 2655 ῡθεεινρτωρογδὶιίο
1569 2618 1598 2645 in
1630 2617 1782 2655 nonnullis

955 2653 1120 2683 codicibus.
1138 2655 1228 2683 Paulo
1242 2657 1311 2691 post
1336 2653 1398 2682 ddo
1420 2653 1539 2682 codiccs
1558 2662 1630 2681 mss.
1646 2655 1675 2679 τό
1689 2653 1783 2680 τέλειον

955 2701 1130 2763 τηῖθῧῖίιῖῖῖξξξ
1154 2728 1197 2752 τὸν
1223 2725 1447 2763 ΘεονηΛᾲάιίιιε
1473 2733 1508 2752 ex
1527 2724 1677 2763 veteribus
1697 2724 1783 2752 libris

955 2760 1116 2795 articulus;
1141 2769 1274 2797 moxque
1301 2761 1408 2788 iisdem
1432 2760 1606 2797 auctoribus
1633 2762 1782 2789 mutatum

953 2798 1036 2835 quod
1052 2797 1209 2832 legebatur
1222 2795 1251 2826 in
1265 2796 1362 2830 editis,
1377 2796 1535 2834 ἐνεργεῖσθαι
1550 2795 1574 2821 ἐν
1589 2796 1661 2831 ἡμῖν.
