2027 3144
247 156 281 183 95
929 155 959 182 s.
979 151 1103 180 BASlLll
1122 152 1241 181 MAGNL
1433 156 1435 159 π
1898 159 1936 186 θσ

246 217 342 253 piunt,
364 217 626 254 quemadmodum
646 217 677 246 in
699 217 886 253 vestimento,
909 216 962 252 qui
984 222 1069 243 oma-

1128 224 1174 247 νοι,
1191 217 1277 255 ὥσπερ
1303 217 1345 245 ἐπὶ
1362 222 1408 250 τῆς
1431 219 1542 250 ἐσθῆτος
1565 219 1590 246 οὶ
1613 218 1768 256 φιλόχοσμοι
1785 222 1834 249 τὴν
1859 220 1936 252 ἐξηλ-

247 264 311 290 tum
331 265 443 295 amant,
458 271 572 290 novum
592 270 710 298 semper
729 262 891 299 praeferunt
905 259 1072 289 communi.

246 306 352 334 Videas
371 307 472 343 itaque
494 308 660 335 etiamnum
680 307 838 335 rusticana:
858 305 956 342 plebis
970 305 1001 333 in
1013 305 1072 333 hac

246 359 319 380 voce
333 360 447 380 morem
462 352 639 388 antiquum:
656 352 781 380 istorum
794 354 894 380 autem
910 350 1070 384 artificum,

247 398 275 424 et
289 396 319 424 in
333 396 493 425 verborum
509 397 619 433 pugnis
634 396 831 424 contritorum
847 396 966 431 signata
984 403 1071 423 novae

247 441 401 476 sapientiae
423 441 555 469 cauterio
574 441 677 469 verba.
695 441 823 469 Proinde
842 440 925 477 quod
941 448 959 468 δ.
974 440 1072 477 ωδ]οτ

245 485 329 513 ribus
349 486 458 513 nostris
473 485 587 513 dictum
603 487 658 517 est,
675 488 703 514 et
721 493 777 513 nos
790 485 930 519 dicimus,
944 484 1071 520 gloriam

245 529 384 558 videlicet
406 537 600 558 communem
629 538 696 558 esse
723 530 800 558 Patri
829 537 864 558 ac
893 529 974 563 Filio,
998 536 1072 563 qua~

245 576 368 610 propter
387 582 456 602 cum
472 574 545 603 Filio
560 574 809 610 gloriﬁcationem
828 574 905 603 Patri
927 573 1072 610 persolvi-

246 627 324 647 mus.
341 620 523 656 Quanquam
545 620 603 648 hoc
624 619 712 648 nobis
734 627 795 648 non
817 621 861 648 est
880 619 964 651 satis,
987 619 1030 646 sic
1054 626 1073 646 a

245 664 383 692 Patribus
409 673 476 693 esse
501 664 660 699 traditum;
684 673 755 692 nam
783 667 811 692 et
840 664 880 692 illi
915 663 1072 700 Scriptura

246 708 341 737 secuti
357 711 429 736 sunt
443 709 632 740 sententiam.
645 717 681 736 ex
694 708 886 742 testimoniis,
898 716 966 744 qua:
980 707 1073 744 paulo

246 756 314 782 ante
337 754 424 782 vobis
447 761 463 782 e
484 754 637 790 Scriptura
660 753 832 786 citavimus,
855 752 1003 789 principia
1025 760 1072 780 su-

246 800 373 827 mentes.
402 798 549 835 Splendor
569 799 649 827 enim
679 806 748 827 cum
768 798 863 833 gloria
885 797 1069 832 intelligitur,

246 845 274 871 et
293 843 396 878 imago
416 852 485 871 cum
510 843 686 879 archetypo,
700 846 729 871 et
753 843 840 871 Filius
862 842 987 871 omnino
1002 850 1072 870 cum

1125 258 1251 296 λαγμένην
1289 261 1328 289 ἀεὶ
1362 267 1410 294 τῆς
1442 267 1532 294 κοινῆς
1562 267 1749 300 προτιμῶντες.
1783 262 1868 296 Ἰδοις
1901 265 1933 291 ἃν

1125 302 1169 330 οὖν
1183 310 1234 332 τῶν
1257 308 1302 343 μὶν
1327 306 1453 345 ἀγροίκων
1475 310 1513 335 ἔτι
1536 311 1581 335 καὶ
1605 319 1649 335 νυν
1674 308 1868 347 ἁρχαιότροπον
1884 312 1934 339 τὴν

1125 352 1228 386 φωνήν
1253 355 1301 378 τῶν
1324 351 1354 379 δὲ
1378 353 1502 390 ἐντέχνων
1526 354 1634 388 τούτων,
1659 356 1704 380 καὶ
1732 358 1790 385 ταῖς
1818 354 1932 391 λογομαρ

1125 397 1202 430 χίαις
1227 396 1436 435 ἑντετριμμένων,
1463 398 1490 425 ἐκ
1517 403 1564 431 τῆς
1590 401 1648 431 νέας
1678 402 1770 436 σοφίας
1802 409 1932 429 κεκαυτη·

1124 443 1253 477 ριασμένα
1276 444 1310 469 τὰ
1339 443 1456 480 ῥήματα·
1486 443 1567 481 Ὀπερ
1596 443 1682 480 ἔλεγον
1707 446 1762 478 (91)
1785 447 1870 471 τοίνυν
1903 445 1931 472 οἱ

1124 487 1231 522 πατέρες
1254 487 1336 523 ἡμῶν,
1357 489 1403 513 καὶ
1423 489 1498 524 ήμιῖς
1517 487 1633 525 λέγομεν,
1656 489 1696 515 ὅτι
1720 489 1735 518 ἠ
1764 487 1831 520 δόξα
1855 491 1930 519 κοινή

1126 532 1210 566 Πατρὶ
1233 533 1276 556 καὶ
1299 533 1360 567 Υἱῷ,
1383 530 1426 558 διὸ
1449 533 1515 569 μετὰ
1537 542 1582 559 του
1611 534 1674 560 Υἰου
1701 535 1748 563 τὴν
1773 531 1930 570 δοξολογίαν

1125 576 1290 612 προσάγομεν
1313 580 1350 612 τῷ
1374 579 1468 614 Πατρί.
1486 577 1554 604 Ἀλλ’
1575 577 1605 604 οὗ
1624 587 1701 604 τουτο
1725 579 1788 615 ἡμῖν
1815 579 1928 615 ἐξαρκεῖ,

1126 620 1166 646 ὅτι
1194 625 1244 647 τῶν
1276 624 1392 659 πατέρων
1418 624 1433 652 ἡ
1465 621 1632 660 παράθου-ις’
1660 623 1775 651 κάκεῖνοι
1807 625 1858 661 γὰρ
1891 628 1931 660 τῷ

1126 664 1276 702 βουλήματι
1303 671 1349 697 τῆς
1377 670 1481 704 Γραφῆς
1506 667 1698 704 ἠκολούθησαν,
1729 669 1756 695 ἐκ
1784 673 1834 696 τῶν
1861 679 1931 707 μαρ-

1126 714 1241 746 τυριῶν,
1271 710 1302 743 ἃς
1329 716 1415 749 μικρῷ
1451 713 1564 749 πρόσθεν
1593 713 1654 749 ὑμῖν
1687 713 1714 740 ἐκ
1746 717 1794 744 τῆς
1826 717 1932 751 Γραφῆς

1126 755 1300 792 παρεθέμεθα,
1330 757 1377 788 τὰς
1410 755 1497 793 ἀρχὰς
1530 756 1659 788 λαϐόντες.
1692 759 1728 784 Τὸ
1760 759 1810 795 γὰρ
1846 758 1931 785 ἀπαύ-

1125 808 1219 835 γασμα
1244 801 1310 836 μετὰ
1335 804 1383 832 τῆς
1408 799 1489 833 δόξης
1516 805 1633 828 νοεῖται·
1661 804 1703 829 καὶ
1727 803 1742 831 ἠ
1768 803 1842 829 εἰκὼν
1863 804 1933 840 μετὰ

1127 853 1172 870 του
1200 843 1351 881 ἀρχετύπου
1366 853 1372 859 ·
1402 848 1447 872 καὶ
1476 846 1489 872 ὁ
1518 847 1578 877 Υἱὸς
1604 847 1663 882 (92)
1689 847 1790 878 πάντως
1817 849 1864 874 σὺν
1893 852 1930 884 τῷ

245 889 341 922 Patre,
362 896 431 916 cum
454 896 510 916 nec
533 889 695 916 nominum
716 888 941 924 consequentia,
958 887 1069 915 nedum

1128 891 1233 925 Πατρί*
1259 888 1321 916 οὐδε
1343 893 1391 921 τῆς
1412 894 1462 916 τῶν
1487 890 1619 927 ὀνομάτων
1644 891 1806 926 ἀκολουθίας,
1837 894 1872 929 μή
1902 895 1931 920 τί

243 940 345 962 rerum
357 935 477 968 natura,
488 933 712 970 separationem
726 933 874 961 admittat.

520 1032 576 1068 14
597 1033 709 1060 CAPUT
728 1033 798 1060 Vill.

245 1086 321 1120 Quot
348 1086 443 1114 modis
472 1086 666 1121 intelligatur
695 1086 758 1114 hzc
783 1085 951 1120 particula,
976 1095 990 1109 «
1017 1092 1072 1119 per

278 1129 374 1158 quem,
393 1133 407 1147 »
423 1125 450 1150 et
468 1123 500 1149 in
521 1130 578 1158 quo
601 1129 688 1149 sensu
709 1123 922 1158 congruentius
946 1121 1070 1158 dicitur,

280 1156 294 1183 ἆ
315 1165 382 1185 cum
405 1165 485 1193 quo:
504 1156 591 1184 »μοι
614 1158 703 1185 etiam
727 1157 900 1191 exponitur,
925 1156 1071 1192 quomodo

277 1192 456 1222 mandatum
471 1193 581 1228 accipit
595 1193 704 1226 Filius,
720 1195 747 1221 et
766 1192 913 1228 quomodo
929 1193 1069 1220 mittitur.

281 1249 322 1276 i7.
344 1249 445 1283 Itaque
461 1254 530 1274 cum
547 1246 708 1282 Apostolus
730 1246 842 1282 gratias
863 1246 924 1280 agit
944 1247 1002 1273 Deo
1017 1253 1071 1282 per

242 1294 344 1320 .lesum
369 1291 518 1320 Christum
530 1291 564 1325 ‘3,
590 1299 626 1319 ac
645 1299 749 1318 rursus
775 1299 843 1318 cum
870 1291 911 1318 ait
931 1298 998 1318 sese
1017 1298 1071 1326 per

241 1337 327 1365 illum
346 1336 498 1373 accepisse
522 1336 649 1371 gratiam
675 1339 703 1363 et
727 1335 930 1372 apostolatum
947 1335 986 1364 ad
1001 1335 1071 1364 obe-

206 1407 210 1412 .
241 1382 385 1410 dientiam
396 1381 465 1409 ﬁdei
475 1381 506 1408 in
517 1380 660 1408 omnibus
671 1380 850 1415 gentibus“.
860 1382 911 1408 aut
919 1388 988 1408 cum
999 1379 1071 1408 dicit

241 1435 298 1455 nos
311 1435 363 1463 per
373 1434 442 1454 eum
458 1434 614 1454 accessum
630 1425 742 1453 habere
757 1425 795 1453 ad
810 1424 939 1460 gratiam
949 1425 1029 1453 hanc
1039 1425 1069 1453 in

242 1479 302 1508 qua
317 1474 434 1499 stamus
445 1473 473 1499 et
486 1470 652 1505 gloriamur
661 1471 695 1505 ⁸⁵,
707 1470 787 1498 illius
801 1477 873 1505 erga
888 1477 945 1497 nos
958 1469 1070 1497 beneﬁ-

241 1516 288 1544 cia
300 1516 443 1550 declarat,
459 1523 539 1543 nunc
555 1515 679 1551 quidem
694 1517 726 1542 ut
741 1522 759 1542 a
773 1515 856 1541 Patre
871 1513 998 1548 gratiam
1018 1514 1070 1542 bo-

1125 943 1156 969 γε
1176 938 1222 964 τῆς
1242 939 1292 962 τῶν
1315 936 1477 972 πραγμάτων
1501 937 1612 973 φύσεως,
1627 938 1669 963 τὸν
1688 938 1828 975 χωρισμὸν
1847 935 1929 974 δεχο-

1126 980 1213 1014 μένης.

1398 1036 1594 1062 ΚΕΦΑΔΑῙΟΝ
1614 1035 1652 1063 Η’.

1127 1090 1259 1125 Ποσαχᾶις
1281 1088 1311 1113 τὸ
1336 1097 1350 1112 ιι
1374 1085 1411 1114 δι’
1431 1088 1462 1114 οὗ
1484 1099 1498 1112 »
1522 1090 1576 1125 ααὶγ
1591 1088 1633 1115 ἰπὶ
1656 1091 1735 1120 ποίας
1755 1089 1811 1125 (93)
1831 1088 1930 1121 ἐννοίας

1161 1121 1353 1161 ἁρμοδιώτερον
1372 1125 1407 1161 λτὸ
1434 1134 1448 1161 ι(
1471 1124 1527 1161 μεθ’
1552 1124 1601 1150 οὖ·
1626 1135 1640 1149 »
1665 1124 1691 1151 ἐν
1713 1125 1732 1160 ᾧ
1758 1121 1806 1151 icui,
1826 1125 1927 1161 ἐξήγη-

1163 1159 1294 1196 σιςῖἒπῶς
1310 1159 1416 1189 ἐντολὴν
1435 1159 1561 1196 λαμϐάνει
1585 1160 1598 1186 ὁ
1619 1161 1687 1195 Υἱὸς,
1712 1159 1757 1187 iui.
1782 1165 1838 1192 πῶς
1863 1159 1929 1188 ἆπο·

1163 1194 1305 1222 στελλεται.

1162 1248 1206 1275 17.
1225 1247 1305 1274 Ὀταν
1324 1246 1367 1274 οὖν
1387 1248 1400 1274 ὀ
1412 1248 1570 1280 ’Δπόστολος
1589 1249 1737 1287 εὐχαριστῇ
1754 1253 1791 1285 τῷ
1806 1254 1863 1286 Θεῷ
1879 1249 1930 1277 διὰ

1126 1292 1214 1321 Ἰησοῦ
1231 1296 1360 1330 Χριστοῦ,
1377 1295 1423 1319 καὶ
1441 1293 1518 1320 πάλιν
1538 1292 1575 1321 δι’
1591 1294 1671 1321 αὐτου
1694 1294 1756 1332 λέγῃ
1776 1297 1824 1324 τὴν
1844 1297 1928 1333 χάριν

1126 1336 1255 1372 εἰληφέναι
1281 1339 1326 1364 καὶ
1353 1340 1398 1367 τὴν
1427 1337 1575 1368 ἀποστολὴν
1604 1339 1639 1370 εἰς
1667 1339 1786 1369 ὑπακοὴν
1814 1342 1929 1371 πίστεως

1126 1380 1149 1407 ἑν
1170 1384 1237 1408 πᾶσι
1256 1385 1309 1411 τοῖς
1333 1382 1442 1416 ἔθνεσιν,
1459 1383 1474 1412 ἣ
1496 1385 1541 1409 καὶ
1561 1381 1598 1409 δι’
1621 1383 1700 1410 αὐτοῦ
1720 1386 1766 1414 τὴν
1788 1394 1929 1421 προσαγωο

1124 1428 1174 1462 γὴν
1199 1425 1343 1462 ἐσχηκέναι
1370 1427 1406 1459 εἱς
1428 1429 1477 1457 τὴν
1495 1428 1577 1466 χάριν
1602 1429 1700 1458 ταύτην
1725 1428 1749 1455 ἐν
1772 1429 1788 1465 ᾖ
1815 1428 1929 1458 ἑστήκα-

1125 1480 1169 1507 μςν
1188 1473 1234 1497 καὶ
1253 1473 1424 1508 καυχώμεθα,
1447 1473 1494 1503 τὰς
1518 1473 1553 1504 εἱς
1578 1474 1648 1509 ἡμᾶς
1672 1473 1819 1511 εὐεργεσίας
1844 1474 1928 1501 αὑτοῦ

1124 1518 1283 1552 παρίστησι,
1300 1526 1343 1541 νυν
1363 1517 1407 1552 μὲν
1423 1516 1474 1543 ἀπὸ
1496 1519 1596 1554 Πατρὸς
1611 1517 1647 1549 εἰς
1662 1519 1732 1554 ἡμᾶς
1748 1522 1798 1544 τῶν
1820 1518 1927 1555 ἀγαθῶν

240 1561 390 1589 norumin
406 1560 461 1588 bos
475 1559 726 1594 transfundentis,
740 1566 822 1586 nunc
838 1567 959 1587 rursum
975 1561 1069 1595 utper

1128 1562 1172 1589 τὴν
1195 1561 1276 1597 χάριν
1306 1559 1513 1596 διαϐιϐάζοντος,
1536 1572 1581 1588 νυν
1609 1560 1639 1589 δι
1665 1563 1736 1599 ἡμᾶς
1764 1561 1802 1589 δι’
1831 1563 1928 1590 ἑαυτοῦ

241 1613 271 1634 se
285 1605 385 1642 ipsum
402 1604 589 1632 conciliantis
601 1612 657 1632 nos
669 1603 756 1631 Patri.
770 1603 924 1640 Siquidem
938 1611 1007 1632 cum
1018 1604 1068 1637 ait,

239 1651 300 1678 Per
321 1658 406 1685 quem
430 1650 598 1684 accepimus
620 1650 752 1684 gratiam
768 1652 794 1677 et
820 1649 1067 1685 apostolatum“,

240 1694 389 1730 significat
404 1694 555 1722 bonorum
570 1694 761 1729 largitionem
780 1693 819 1721 ab
843 1693 893 1722 illo
909 1694 1069 1729 proﬁcisci.

240 1741 370 1767 Rursum
383 1747 450 1766 cum
467 1739 526 1767 ait:
542 1739 603 1766 Per
617 1747 702 1774 quem
719 1746 867 1766 accessum
883 1739 1024 1767 habemus
1034 1740 1068 1771 Η,

240 1784 352 1811 assumi
363 1791 430 1816 nos,
438 1791 473 1811 ac
481 1784 539 1811 Deo
548 1791 602 1819 per
613 1783 762 1811 Christum
773 1783 916 1818 conjungi
928 1783 1068 1811 ostendit.

240 1829 315 1856 Num
328 1828 417 1862 igitur
432 1827 534 1862 gratiae
545 1835 638 1864 quam
654 1827 685 1855 in
700 1827 789 1855 nobis
802 1830 943 1863 operatur
956 1828 1070 1856 confes-

240 1873 284 1900 sio
296 1872 436 1910 diminujt
450 1872 529 1900 illius
546 1872 672 1907 gloriam
682 1872 696 1899 ?
709 1879 747 1899 an
761 1872 861 1908 potius
874 1871 955 1900 dictu
969 1872 1069 1900 verius

239 1917 335 1951 fuerit,
345 1917 568 1945 enarrationem
580 1916 796 1945 beneﬁciorum
808 1917 918 1945 decens
931 1925 997 1945 esse
1008 1917 1070 1953 glo-

238 1962 375 1990 riﬁcandi
390 1964 604 1997 argumentum
614 1962 628 1989 ‘I
641 1963 721 1989 Hanc
734 1961 773 1989 ob
787 1969 911 1989 causam
922 1962 1069 1998 comperi-

238 2015 306 2034 mus
318 2006 503 2042 Scripturam
515 2014 574 2034 non
588 2014 648 2034 uno
658 2007 780 2034 nomine
795 2005 883 2034 nobis
898 2006 1068 2041 significare

239 2050 411 2086 Dominum,
424 2058 479 2079 nec
489 2050 537 2078 his
550 2052 666 2078 tantum
677 2058 745 2086 quae
758 2050 946 2078 divinitatem
959 2059 994 2078 ac
1005 2059 1068 2079 ma-

237 2095 426 2130 gnitudinem
442 2095 508 2130 ejus
522 2094 686 2129 declarant,
703 2095 757 2122 sed
772 2094 923 2123 interdum
942 2095 1066 2131 quidem

237 2140 280 2168 uti
295 2140 421 2168 vocibus
437 2142 578 2168 naturam
594 2139 869 2175 experimentibus;
888 2140 969 2168 novit
985 2140 1067 2169 enim

237 2193 349 2213 nomen
373 2175 444 2219 Filii,
463 2184 547 2221 quod
570 2187 613 2212 est
634 2192 725 2220 super
746 2192 837 2213 omne
859 2192 970 2213 nomen
983 2186 1017 2219 ",
1039 2188 1069 2214 et

237 2229 342 2258 Filium
355 2237 461 2257 verum
477 2229 588 2263 dicere,
603 2231 631 2257 et
647 2229 838 2264 Unigenitum
853 2230 957 2263 Deum,
969 2232 997 2258 ct
1011 2230 1068 2258 vir-
1084 2250 1105 2277 ι)

236 2276 332 2302 tutem
354 2274 416 2307 Dei,
432 2276 461 2301 et
485 2274 676 2310 sapientiam,
690 2276 719 2302 et
734 2273 874 2301 Verbum.
896 2275 928 2302 Et
951 2282 1065 2310 rursus,

236 2318 277 2347 ob
293 2318 489 2354 multiplicem
506 2318 535 2346 in
548 2326 603 2346 nos
614 2318 856 2352 beneﬁcentiam,
868 2327 961 2355 quam
973 2319 1013 2347 ob
1025 2319 1068 2348 di-

235 2362 325 2391 vitias
339 2362 484 2390 bonitatis
506 2370 561 2399 pro
574 2363 661 2391 .varia
675 2371 730 2391 sua
746 2363 895 2399 sapientia
910 2364 1068 2398 egentibus

236 2409 373 2444 prastat,
387 2407 454 2435 aliis
470 2407 638 2435 innumeris
654 2407 908 2444 appellationibus
925 2408 1067 2436 eumdem

235 2451 384 2487 designat,
400 2451 474 2479 dum
500 2451 667 2488 aliquando
682 2453 773 2480 vocat
794 2451 879 2479 illum
901 2454 1065 2488 pastorem,

1124 1606 1304 1641 προσάγοντος
1327 1609 1363 1641 τῷ
1390 1608 1485 1643 Πατρί.
1506 1606 1547 1633 Ἐν
1568 1608 1614 1643 μὲν
1635 1608 1685 1644 γὰρ
1712 1611 1748 1643 τῷ
1774 1607 1864 1644 λέγειν,
1887 1608 1927 1634 Δι’

1125 1649 1155 1675 οὗ
1195 1649 1316 1685 ἐλάϐομεν
1353 1650 1435 1686 χάριν
1468 1652 1512 1676 καὶ
1550 1650 1710 1681 ἀποστολὴν.
1743 1653 1791 1681 τὴν
1832 1652 1927 1679 ἐκεῖθεν

1124 1697 1174 1719 τῶν
1201 1693 1304 1730 ἀγαθῶν
1330 1697 1462 1732 χορηγίαν
1490 1695 1625 1731 ἑμφαίνει⁵
1651 1695 1675 1722 ἐν
1705 1693 1735 1722 δὲ
1767 1700 1803 1731 τῷ
1830 1696 1925 1732 λέγειν,

1124 1738 1163 1764 Δι’
1189 1738 1218 1763 οὗ
1250 1741 1297 1767 τήν
1325 1741 1503 1775 προσαγωγὴν
1531 1739 1694 1776 ἐσχήκαμεν,
1720 1742 1767 1769 τὴν
1800 1741 1925 1778 ἡμετέραν

1123 1782 1273 1820 πρόσληψιν
1288 1785 1333 1809 καὶ
1355 1783 1486 1809 οἱκείωσιν
1506 1781 1552 1810 διὰ
1570 1778 1691 1821 ’Χριστοῦ
1718 1786 1783 1822 πρὸς
1801 1786 1844 1811 τὸν
1859 1786 1921 1811 Θεὸν

1123 1829 1258 1863 γινομένην
1294 1829 1466 1864 παρίστησιν.
1498 1827 1556 1864 ’Λρ’
1588 1826 1632 1854 οὖν
1665 1830 1680 1858 ἡ
1716 1829 1842 1865 ὁμολογία
1875 1833 1925 1860 τῆς

1124 1872 1306 1909 ἐνεργουμένης
1329 1872 1391 1908 παρ’
1412 1872 1492 1899 αὐτου
1514 1874 1580 1909 πρὸς
1601 1873 1669 1909 ἡμᾶς
1687 1875 1800 1910 χάριτος
1820 1875 1927 1911 ὑφαίρε-

1124 1919 1166 1947 σίς
1188 1916 1245 1943 ἐστι
1268 1920 1316 1947 τῆς
1340 1915 1436 1950 δόξης;
1460 1917 1475 1946 ἣ
1505 1917 1600 1953 μᾶλλον
1633 1918 1712 1944 εἰπεῖν
1742 1918 1926 1956 ἀληθέστερον,

1123 1961 1163 1987 ὃτι
1185 1963 1323 1998 πρέπουσα
1348 1959 1502 1998 ὃοξολογίας
1521 1962 1645 1994 ὑπόθεσις
1671 1963 1686 1992 ἡ
1715 1967 1765 1989 τῶν
1791 1963 1927 2001 εὐεργετη-

1121 2006 1210 2042 μάτων
1232 2004 1378 2041 διὴγησις;
1395 2007 1443 2033 Διὰ
1464 2016 1541 2033 τουτο
1558 2008 1615 2042 (94)
1630 2007 1738 2045 εὕρομεν
1757 2010 1804 2038 τὴν
1819 2011 1926 2045 Γραφήν

1121 2050 1169 2076 οὐχ
1184 2050 1210 2082 ἐξ
1225 2050 1280 2081 ἑνὸς
1305 2050 1429 2087 ὀνόματος
1446 2052 1490 2077 τὸν
1516 2052 1611 2088 Κύριον
1631 2053 1693 2088 ἡμῖν
1708 2051 1926 2089 παραδιδουσαν,

1121 2094 1183 2122 οὐδὲ
1207 2094 1234 2121 ἐκ
1249 2100 1298 2121 τῶν
1315 2096 1366 2122 ὅσα
1389 2100 1434 2126 τῆς
1459 2097 1581 2127 θεότητος
1601 2096 1670 2123 ἐστιν
1686 2097 1766 2124 αὐτου
1787 2100 1864 2134 μόνον
1880 2101 1928 2126 καὶ

1120 2143 1166 2166 τοῦ
1192 2141 1318 2176 μεγέθους
1342 2138 1487 2174 δηλωτικὰ,
1508 2140 1573 2167 ἀλλὰ
1594 2151 1637 2167 νυν
1658 2143 1704 2178 μὶν
1727 2145 1783 2173 τοῖς
1805 2146 1851 2173 τῆς
1873 2143 1926 2179 φύ-

1121 2194 1185 2215 σεως
1207 2185 1259 2220 (95)
1283 2189 1538 2223 χαρακτηριστικοῖς
1564 2187 1729 2223 κεχρημένην
1745 2197 1752 2203 ·
1783 2185 1839 2213 οἶδε
1871 2188 1926 2225 γὰρ

1119 2230 1149 2255 τὸ
1174 2231 1254 2265 ὄνομα
1272 2231 1301 2254 τὸ
1324 2230 1387 2266 ὑπὲρ
1402 2233 1453 2255 πᾶν
1477 2231 1559 2266 ὄνομα
1576 2234 1621 2256 τοῦ
1643 2231 1705 2257 Υἰοῦ
1726 2233 1772 2257 καὶ
1786 2231 1846 2257 Υὶόν
1862 2230 1926 2261 ἀλη-

1123 2274 1191 2300 θινὸν
1215 2273 1308 2309 λέγειν,
1332 2276 1376 2300 καὶ
1402 2278 1526 2311 μονογενῆ
1555 2276 1630 2308 Θεὸν,
1647 2277 1691 2301 καὶ
1711 2273 1823 2312 δύναμιν
1843 2279 1924 2309 Θεου,

1120 2321 1165 2344 καὶ
1195 2320 1298 2354 σοφίαν,
1321 2320 1366 2344 καὶ
1395 2321 1491 2355 Λόγον.
1521 2321 1571 2346 Καὶ
1598 2319 1676 2346 πάλιν
1702 2321 1791 2356 μέντοι
1817 2318 1865 2346 διὰ
1895 2322 1926 2348 τὸ

1121 2362 1285 2400 πολύτροπον
1304 2367 1350 2394 τῆς
1378 2363 1414 2394 εἰς
1438 2364 1507 2400 ἡμᾶς
1525 2364 1647 2401 χάριτος,
1672 2363 1702 2393 ἣν
1732 2363 1780 2391 διὰ
1806 2366 1851 2391 τὸν
1878 2369 1926 2397 τῆς

1121 2407 1282 2444 ὴαθὸτητος
1303 2410 1371 2435 κατὰ
1389 2410 1434 2438 τὴν
1458 2408 1643 2435 πολυποίκιλον
1666 2409 1747 2436 αὐτοῦ
1764 2411 1856 2446 σοφίαν
1870 2414 1926 2442 τοῖς

1125 2451 1257 2489 δεομένοις
1285 2454 1448 2490 παρὲχεται,
1475 2455 1584 2491 μυρίαις
1612 2453 1689 2480 αὐτὸν
1716 2453 1814 2492 ἑτέραις
1843 2465 1925 2492 προσ-

275 2528 298 2545 ⁶³
319 2529 404 2556 Rom.
425 2536 446 2563 l,
467 2529 494 2556 8.
533 2528 556 2546 “
576 2527 651 2556 ibid.
673 2530 699 2556 5.
738 2528 761 2545 ⁸⁵
783 2529 866 2555 Rom.
888 2535 916 2562 v,
937 2530 963 2556 2.
1003 2529 1027 2547 ⁴⁶
1047 2530 1069 2557 R

1128 2550 1133 2557 .
1153 2537 1172 2564 ι,
1194 2531 1220 2557 5.
1260 2530 1280 2546 ιτ
1304 2511 1388 2557 Rom.
1409 2537 1437 2564 v,
1457 2531 1485 2557 2.
1523 2529 1547 2547 ⁴⁸
1566 2529 1695 2567 Philipp.
1711 2538 1743 2565 ll,
1762 2533 1789 2560 9.

271 2604 331 2647 (91)
349 2604 431 2647 Ὅπερ
455 2604 561 2647 Qqva
577 2604 746 2647 Deesthémp
762 2603 799 2647 in
820 2603 945 2647 duobus.
964 2604 1073 2647 codici:

235 2639 306 2668 bus.
324 2639 442 2675 Legitur
463 2639 611 2668 in'tribus
633 2639 698 2667 aliis
723 2639 741 2665 ἁ
761 2639 856 2675 ἔλεγον.
875 2639 979 2667 Statim
1002 2640 1072 2668 editi

237 2675 281 2702 διὸ
307 2678 351 2702 καὶ
373 2677 449 2712 μετὰ,
474 2675 528 2703 sed
553 2675 635 2703 deest
659 2675 834 2710 conjunctio
858 2674 889 2703 in
916 2676 1072 2704 codicibus

238 2720 332 2787 missi?)
351 2747 380 2773 ὀ
396 2749 465 2778 Υἱός.
483 2740 529 2775 Sic
545 2745 664 2774 codices
680 2754 752 2773 mss.
768 2747 853 2774 Deest
879 2745 1022 2774 articulus
1041 2747 1073 2775 in

238 2783 339 2854 adﬂixi?)-
358 2818 415 2845 Ἐπὶ
430 2820 507 2852 ποίας
522 2817 626 2849 ἐννοίας.
641 2817 770 2847 Colbert.
787 2817 828 2846 ἐπὶ
842 2819 934 2850 ποίαις
954 2818 1072 2849 ἐννοίαις.

1129 2605 1211 2633 Unus
1225 2612 1261 2632 ex
1275 2604 1372 2640 llegiis
1385 2604 1427 2631 ἐπὶ
1440 2607 1516 2631 ποίαν
1531 2606 1638 2632 ἔννοιαν.

1162 2642 1217 2675 (9-H
1239 2642 1286 2678 Διᾲ
1304 2641 1466 2678 τουτοη-Ηὶο
1488 2641 1594 2678 incipit
1615 2643 1705 2678 caput
1729 2643 1871 2670 octavum
1894 2642 1926 2671 in

1127 2677 1199 2711 Reg.
1215 2677 1300 2704 tertio
1314 2679 1343 2704 et
1356 2676 1485 2705 Colbert.

1164 2712 1221 2746 (95)
1238 2715 1291 2743 Ti;
1306 2713 1417 2748 φύσεως.
1428 2713 1570 2740 Erasmus
1582 2712 1768 2748 perabsurda
1782 2713 1925 2748 reddidit,

1127 2751 1269 2784 naturam
1297 2751 1499 2784 assumptam,‘
1515 2750 1598 2784 quod
1624 2751 1756 2776 erratum
1781 2757 1844 2777 non
1867 2750 1924 2777 im-

1128 2791 1210 2846 pune
1223 2783 1288 2823 tulit
1304 2791 1322 2811 a
1334 2783 1534 2824 .Combeﬁsio:
1546 2785 1616 2826 illo;
1632 2783 1724 2812 editio
1740 2784 1831 2814 Paris.
1845 2784 1923 2822 λέγει.

1142 2818 1209 2846 .ibri
1223 2821 1341 2846 antmur
1356 2822 1385 2846 et
1400 2819 1471 2846 edit.
1487 2819 1573 2846 Basrl.
1587 2819 1677 2846 λεγειν.

1142 2818 1209 2846 .ibri
1223 2819 1341 2855 antiqui
1356 2822 1385 2848 et
1400 2819 1471 2848 edit.
1487 2819 1573 2848 Basil.
1587 2819 1677 2856 λέγειν.
