2027 3144
77 140 113 167 97
673 141 776 169 LIBER
796 141 841 169 DE
861 141 996 170 SPIRITU
1015 142 1169 172 SANCTO.
1734 146 1769 174 98

76 202 200 238 ιγορίαις
233 200 429 238 ἆποσημαίνει·
462 203 525 230 ποτὶ
549 203 596 239 μὶν
620 204 731 239 ποιμένα
758 203 882 239 λέγουσα,

950 203 1015 232 tlias
1024 212 1138 240 regem,
1144 207 1173 234 et
1179 213 1284 234 rursus
1292 205 1456 239 medicum,
1466 205 1598 243 denique
1605 213 1768 243 sponsum-

76 247 139 272 ποτε
163 243 194 272 δί
216 245 340 282 βασιλία,
367 248 412 272 καὶ
431 246 508 273 πάλιν
538 247 636 284 ἰατρὸν,
666 250 711 274 καὶ
737 249 780 274 τὸν
807 247 884 274 αὐτὸν

79 293 197 327 νυμφίον,
214 293 260 317 καὶ
275 289 348 323 ὁδὸν,
364 293 410 318 καὶ
435 292 524 328 θύραν,
541 294 586 319 καὶ
606 295 707 328 πηγὴν,
728 294 773 319 καὶ
795 293 884 329 ἄρτον,

76 338 123 362 καὶ
148 335 249 369 ἀξίνην,
279 338 325 362 καὶ
351 338 457 373 πέτραν.
490 340 578 363 Ταῦτα
605 338 655 375 γὰρ
683 337 712 363 οὗ
738 339 785 367 τήν
808 339 885 373 φύσιν

76 383 255 417 παρίστησιν,
272 378 336 414 ἄλλ’,
359 382 422 418 ὅπερ
447 382 519 418 ἔφην,
546 384 576 408 τὸ
599 387 648 413 τῆς
672 382 801 420 ἐνεργείας
823 392 887 408 παν-

76 424 207 459 τοδαπόν,
222 425 253 455 ἣν
267 425 295 452 ἔκ
317 429 362 456 τῆς
380 428 440 463 περὶ
468 428 498 453 τὸ
522 425 593 453 ἴδιον
621 427 731 463 πλάσμα
757 427 886 463 εὐσπλαγ-

77 472 160 506 χνίας
187 471 256 496 κατὰ
284 471 314 496 τὸ
338 474 388 501 τῆς
423 473 517 507 χρείας
549 469 649 499 ἰδίωμα
673 475 728 502 τοῖς
755 470 887 508 δεομένοις

78 516 240 552 παρέχεται.
269 516 337 546 Τοὺς
364 516 410 552 μὶν
435 517 486 553 γὰρ
515 520 743 553 προσπεφευγότας
766 517 826 552 (96)
853 520 884 553 τῇ

78 558 225 595 ἄπιστασίᾳ
244 559 335 595 αὐτοῦ,
360 562 406 587 καὶ
430 561 460 586 τὸ
483 559 656 597 ιύμεταδοτον
670 563 726 593 (97)
749 559 785 588 δι’
801 561 886 593 ανιξι-

79 606 178 636 κακίας
197 605 406 642 ιατωρθωκότας
420 626 427 638 ,
456 604 576 643 πρόϐατα
598 605 666 641 λέγει
679 627 686 639 ,
715 608 761 632 καὶ
791 608 887 642 ποιμὴν

81 646 149 675 εἶναι
167 653 216 674 τῶν
230 649 354 675 τοιούτων
369 648 500 685 ὁμολογεῖ,
517 653 568 675 τῶν
591 652 788 676 χατακουόντων
807 650 887 676 αὐτοῦ

80 697 128 724 τῆς
155 697 248 730 φωνῆς,
268 696 313 720 καὶ
346 695 382 730 μὴ
410 696 596 730 προσεχόντων
619 693 751 730 διδαχαῖς
773 695 887 726 Eniten-

81 747 154 769 σαις.
180 739 221 765 Τὰ
244 739 296 774 γὰρ
317 737 366 774 ὶμὰ
388 738 520 776 πρόϐατα,
546 741 621 775 φησι,
644 743 692 770 τῆς
720 738 783 776 ἐμῆς
805 744 888 776 φωνῆς

81 782 189 809 ἀκούει·
225 781 351 819 βασιλεὺς
386 781 416 810 δὴ
446 787 495 810 τῶν
528 783 790 821 ὑπιραναϐεϐηκότων
812 782 886 820 ἤδη,

80 830 127 854 καὶ
151 831 200 859 τῆς
225 827 329 864 ἔννομον
354 825 482 864 δεομένων
503 827 658 859 ἐπιστασίας
672 828 738 860 (98)·
759 831 803 855 καὶ
823 830 890 865 Θύρα

939 248 1031 285 viam,
1044 250 1166 284 ostium,
1176 250 1302 286 fontem,
1315 258 1439 287 panem,
1450 251 1579 279 securim
1593 259 1628 279 ac
1639 254 1769 287 petram.

940 293 1007 321 Haec
1021 294 1102 321 enim
1120 302 1182 322 non
1206 298 1348 323 naturam
1368 295 1514 330 indicant,
1529 295 1592 330 sed,
1612 295 1695 332 quod
1710 295 1771 323 aie-

939 337 1021 372 bam,
1030 339 1213 374 operationis
1220 339 1405 368 varietatem:
1412 348 1504 376 quam
1512 340 1770 377 exaflectu,quem

940 383 1095 418 geriterga
1105 392 1194 412 suum
1201 384 1389 419 ﬁgmentum,
1401 385 1770 422 indigentibus,utcuique

940 434 1017 463 opus
1034 430 1090 463 est,
1106 428 1250 464 impartit.
1269 430 1325 456 Eos
1340 429 1419 456 enim
1435 429 1487 465 qui
1503 429 1540 457 ad
1553 430 1619 465 ejus
1635 429 1771 466 regimen

939 471 1266 510 confugerunt,quique
1275 481 1328 508 per
1335 473 1485 501 malorum
1494 474 1681 502 tolerantiam
1690 482 1773 502 com-

941 517 1119 545 municandi
1129 517 1302 545 facilitatem
1313 518 1525 554 praestiterunt,
1537 526 1606 546 oves
1622 518 1770 555 appellat;

941 569 1034 597 seque
1049 562 1153 590 talium
1168 564 1324 598 pastorem
1339 570 1404 590 esse
1417 563 1583 599 proﬁtetur,
1598 563 1650 599 qui
1665 571 1771 591 vocem

939 606 1035 642 ipsius
1048 606 1185 638 audiunt,
1197 615 1251 635 nec
1262 608 1421 635 attendunt
1436 607 1580 636 doctrinis
1591 607 1770 644 peregrinis.

942 649 1016 677 Oves
1024 651 1101 678 enim
1112 658 1192 682 mea,
1200 651 1306 687 inquit,
1317 659 1416 680 vocem
1426 659 1522 680 meam
1532 652 1662 679 audiunt
1669 652 1702 679 δ’.
1713 652 1773 679 Rex

941 696 1042 722 autem
1059 697 1186 723 vocatur
1202 703 1319 729 eorum,
1333 695 1383 732 qui
1402 696 1467 731 jam
1483 695 1572 724 altius
1595 696 1650 732 15
1673 703 1773 724 assur-

941 742 1092 773 rexerunt,
1102 747 1138 768 ac
1145 739 1279 775 legitimo
1287 741 1425 777 imperio,
1432 744 1461 769 et
1468 741 1685 776 gubernatione
1696 748 1774 777 opus

942 783 1065 812 habent.
1078 785 1155 817 Quin
1168 788 1196 813 et
1211 785 1322 813 ostium
1343 785 1462 821 dicitur,
1474 793 1510 814 eo
1524 786 1607 823 quod
1620 793 1674 822 per
1689 786 1773 814 recti-

943 828 1078 856 tudinem
1092 832 1313 866 praceptorum
1324 831 1424 858 educit
1436 831 1476 858 ad
1491 831 1557 867 pias
1570 831 1704 859 actiones
1716 839 1723 858 :
1745 832 1774 859 et

81 871 122 907 δὶ,
139 876 177 908 τῷ
203 872 245 899 ἐπὶ
269 874 317 904 τὰς
341 871 492 904 σπουδαίας
513 873 621 910 πράξεις
640 871 687 900 διὰ
707 877 756 904 τῆς
780 873 890 911 ὀρθότηο

950 881 1045 901 rursus
1062 876 1125 902 tuto
1141 875 1279 910 perducit
1292 875 1331 903 ad
1347 875 1452 903 caulas
1467 883 1529 910 eos,
1545 875 1598 912 qui
1613 883 1666 911 per
1680 875 1773 904 ﬁdem

80 927 126 948 τος
148 921 199 944 τῶν
224 919 435 954 προσταγμάτων
462 917 573 954 ἰξοῐγειν,
599 920 644 944 καὶ
664 917 890 955 «Quidquid»;

82 962 199 993 αὐλίζειν
223 964 285 994 τοὺς
313 962 355 989 ini.
379 964 409 989 τὸ
436 967 486 994 τῆς
509 965 629 999 γνώσεως
653 962 750 999 ἀγαθὸν
777 961 823 990 διὰ
844 967 890 994 τῆς

83 1007 119 1037 εἰς
138 1006 217 1033 αὐτόν
243 1010 356 1039 πίστεως
382 1009 610 1044 καταφεύγοντας.
639 1006 733 1042 Ὅθεν,
763 1007 800 1035 Δι’
827 1007 890 1045 ὶμοῡ

82 1050 126 1077 iui-1
154 1061 197 1082 τις
225 1051 338 1088 εἰσὲλθῃ,
368 1054 413 1078 καὶ
440 1051 623 1085 εἰσελεύσεται,
650 1054 695 1078 καὶ
721 1052 889 1088 ὶξιλεύσεται,

80 1098 128 1123 καὶ
141 1098 225 1133 νομήν
251 1097 366 1133 εὑρήσει.
399 1099 484 1134 Πέτρα
510 1095 550 1131 δε,
575 1095 622 1124 διὰ
654 1099 683 1123 τὸ
710 1097 823 1134 ἰσχυρόν
845 1100 890 1124 καὶ

83 1142 208 1168 ἄσειστον
240 1143 286 1168 καὶ
317 1143 415 1173 παντὸς
447 1141 572 1179 ἐρύματος
609 1141 798 1180 ἆρῥαγίστερον
826 1141 891 1169 εἶναι

84 1186 263 1223 φυλακτήριον
279 1189 336 1217 τοῖς
358 1190 472 1217 πιστοῖς.
493 1186 535 1213 Ἐν
550 1187 649 1217 τούτοις
672 1188 712 1220 τὸ,
742 1185 778 1212 δι’
798 1186 889 1220 αὐτοῦ,

86 1229 288 1267 «Erpualdum-dtus
311 1232 358 1260 τὴν
383 1234 485 1267 χρῆσιν
509 1233 554 1257 καὶ
575 1233 690 1268 εὔσημον
712 1230 890 1266 ἀποδίδωσιν,

87 1275 149 1301 ὅταν
164 1276 198 1306 ὡς
219 1276 287 1312 θύρα
298 1276 354 1307 I99)
381 1278 427 1302 καὶ
450 1277 486 1306 ὡς
511 1274 573 1307 ὁδός
595 1276 712 1312 λέγηται.
739 1276 784 1307 Ὠς
805 1278 892 1313 μέντοι

89 1321 155 1351 Θεὸς
184 1322 230 1346 καὶ
259 1321 338 1353 Υἱὸς,
367 1321 434 1356 μετὰ
457 1322 556 1357 Πατρός
586 1323 631 1347 καὶ
658 1322 705 1347 σὺν
734 1323 819 1357 Harp}.
844 1323 892 1350 τὴν

89 1362 171 1396 δόξαν
199 1365 264 1400 ἕχει·
290 1364 351 1391 ὀτι
372 1364 398 1391 ἂν
428 1369 465 1401 τῷ
498 1365 606 1402 ὀνόματι
636 1365 724 1395 Ἰησοῦ
755 1368 806 1392 πᾶν
828 1367 891 1401 γόνυ

86 1408 200 1445 κάμψει,
223 1409 391 1446 ἐπουρανίων,
414 1411 460 1436 καὶ
483 1408 612 1445 ὶπιγείων,
633 1412 678 1436 καὶ
698 1411 891 1446 καταχθονίων,

84 1456 132 1480 καὶ
142 1456 218 1480 πᾶσα
237 1454 348 1490 γλῶσσα
365 1453 596 1490 ἐξομολογήσεται,
613 1455 654 1481 ὅτι
676 1455 773 1492 Κύριος
792 1454 893 1486 Ἰησοῦς

85 1500 205 1536 Χριστὸς
228 1498 263 1530 εἰς
291 1497 372 1531 δόξαν
396 1503 464 1526 θεοῦ
483 1501 596 1536 Πατρός.
626 1501 717 1536 Διόπερ
738 1499 893 1537 ἀμφοτὸραις

943 918 973 946 in
984 917 1084 954 ipsum
1098 918 1137 946 ad
1148 919 1328 954 cognitionis
1338 919 1456 948 bonum
1467 919 1668 955 confugerint.
1678 919 1772 954 Unde,

943 963 1085 991 Permest'
1091 964 1158 999 quis
1163 964 1353 998 introieril,et
1360 965 1505 1000 ingrediet
1509 967 1586 998 ur,et
1592 965 1772 1000 egredietur,

944 1014 980 1036 ac
990 1015 1102 1042 pascua
1114 1009 1284 1037 inveniet“.
1298 1010 1381 1037 Petra
1395 1009 1504 1037 dicitur
1517 1010 1552 1044 ει,
1576 1017 1611 1037 eo
1627 1009 1710 1045 quod
1722 1017 1774 1038 va-

943 1051 1040 1081 lidum
1063 1053 1100 1080 it
1123 1055 1152 1081 et
1173 1053 1390 1082 inconcussum
1403 1057 1431 1082 et
1445 1053 1553 1090 quavis
1574 1061 1642 1082 arce
1657 1053 1775 1082 ﬁrmius

944 1097 1209 1134 propugnaculum
1216 1097 1368 1126 ﬁdelibus.
1376 1098 1408 1126 ln
1414 1098 1462 1127 his
1469 1098 1534 1126 haec
1540 1106 1610 1134 vox,
1615 1099 1774 1134 peripsum

945 1142 1138 1179 aptissimum
1153 1150 1188 1171 ac
1203 1142 1318 1171 clarum
1334 1151 1425 1171 usum
1440 1143 1543 1178 habet,
1558 1143 1676 1180 quoties
1693 1143 1776 1171 velut

945 1187 1057 1216 ostium
1071 1190 1101 1216 et
1115 1187 1196 1216 velut
1209 1188 1256 1216 via
1270 1187 1391 1216 dicitur.
1405 1190 1440 1216 At
1454 1196 1526 1216 vero
1542 1191 1575 1216 ut
1589 1189 1668 1216 Deus
1690 1190 1719 1216 et
1734 1187 1776 1216 Fi-

944 1232 1013 1266 lius,
1034 1240 1105 1260 cum
1121 1234 1205 1260 Patre
1218 1240 1413 1261 communem
1433 1233 1524 1261 habet
1539 1233 1685 1268 gloriam:
1703 1233 1778 1263 Quo-

946 1277 1027 1305 niam
1038 1277 1070 1304 in
1082 1278 1201 1305 nomine
1216 1277 1287 1305 Jesu
1302 1285 1388 1306 omne
1409 1285 1489 1313 genu
1508 1277 1656 1314 ﬂectetur,
1677 1277 1777 1306 caeles-

947 1321 1031 1355 tium,
1050 1322 1219 1349 terrestium
1238 1324 1266 1350 et
1287 1323 1488 1357 infernarum,
1512 1325 1540 1350 et
1560 1323 1655 1350 omnis
1672 1322 1776 1358 lingua

947 1365 1147 1401 conﬁtebitur,
1163 1366 1244 1402 quod
1257 1367 1404 1395 Dominus
1416 1367 1502 1395 Jesus
1518 1367 1654 1395 Christus
1668 1367 1700 1395 in
1714 1367 1777 1402 glo-

946 1411 994 1438 ria
1008 1410 1046 1438 sit
1060 1410 1117 1439 Dei
1129 1411 1234 1439 Patris
1245 1411 1279 1440 ⁵².
1300 1412 1396 1445 Quam
1411 1411 1452 1440 ob
1471 1419 1536 1440 rem
1555 1411 1709 1439 ambabus
1726 1419 1778 1440 vo-

947 1455 1033 1484 cibus
1055 1447 1180 1490 utimur;
1201 1455 1294 1484 altera
1316 1456 1472 1493 propriam
1493 1456 1573 1485 illius
1587 1456 1776 1491 dignitatem,

947 1499 1042 1528 altera
1051 1500 1117 1535 ejus
1126 1507 1199 1534 erga
1213 1508 1269 1528 nos
1283 1500 1521 1528 muniﬁcentiam
1534 1500 1741 1536 praedicantes.

85 1545 244 1581 κεχρήμεθα
258 1547 317 1575 ταῖς
331 1547 436 1580 φωναῖς,
450 1548 481 1580 τῇ
496 1545 541 1581 μὶν
555 1546 603 1574 τὴν
614 1545 711 1571 οἰκείαν
726 1545 808 1571 αὑτοῦ
824 1544 950 1581 ἅξίαν,τῇ
967 1543 997 1571 δί
1011 1547 1059 1574 τὴν
1074 1545 1155 1582 χάριν
1170 1547 1217 1574 τὴν
1231 1546 1296 1581 πρὸς
1311 1546 1379 1581 ἡμᾶς
1392 1543 1598 1581 διαγγίλλοντες.

125 1599 169 1626 18.
190 1597 228 1625 Δι’
248 1597 329 1624 αὐτοῦ
351 1599 402 1636 γὰρ
418 1601 494 1624 πᾶσα
517 1597 628 1634 βοήθεια
650 1602 701 1625 τῶν
721 1598 827 1634 ψυχῶν,
850 1600 895 1625 καὶ
911 1599 931 1627 C

87 1641 147 1669 καθ’
172 1643 283 1669 ἕκαστον
310 1640 381 1674 εἶδος
404 1642 551 1679 ἐπιμελείας
575 1641 720 1673 ἰδιάζουσά
746 1652 787 1674 τις
809 1651 896 1680 προσ-

90 1689 187 1724 ηγορία
200 1686 371 1721 ἐπινενόηται,
386 1686 469 1714 Ὀταν
483 1689 528 1724 μὶν
540 1688 591 1725 γὰρ
607 1689 654 1717 τὴν
670 1688 778 1724 ἄμωμον
792 1687 896 1723 ψυχὴν,

89 1734 137 1762 τὴν
162 1734 199 1768 μή
216 1734 333 1768 ἔχουσαν
357 1732 449 1759 σπῖλον
468 1733 483 1762 ἣ
500 1731 609 1770 ῥυτίδα,
626 1733 658 1763 ὡς
677 1732 758 1768 ἁγνὴν
773 1733 898 1770 παρθένον

91 1777 176 1813 ἑαυτῷ
204 1780 423 1815 παραστήσηται,
448 1780 556 1815 νυμφίος
579 1779 812 1814 προσαγορεύεται·
839 1777 899 1804 ὅταν

92 1820 124 1848 δέ
147 1825 328 1859 κεκακωμένην
356 1823 406 1849 ὑπό
431 1826 480 1849 τῶν
506 1826 624 1861 πονηρῶν
649 1822 754 1858 πληγῶν
774 1826 820 1848 τοῦ
837 1820 898 1848 δια-

92 1866 171 1893 ϐόλου
193 1866 282 1903 λάϐῃ,
316 1866 419 1905 βαρέως
458 1866 646 1894 ἕνασθενοῦσαν
678 1871 736 1898 ταῖς
761 1867 901 1904 ἁμαρτίαις

93 1911 177 1940 αὐτὴν
205 1910 352 1948 ὶξιώμενος,
384 1912 473 1950 ἰατρός
501 1912 678 1949 ὀνομάζεται.
707 1911 767 1950 Ἆρ’
796 1909 840 1938 οὖν
873 1912 900 1938 αἱ

92 1959 215 1983 τοιαῦται
240 1957 313 1993 ἡμῶν
332 1956 475 1994 ὶπιμέλειαι
501 1957 537 1989 εὶς
565 1958 595 1984 τό
621 1958 741 1984 ταπεινόν
769 1958 830 1987 τοὺς
853 1955 899 1982 λο-

132 2064 156 2082 "
175 2064 260 2093 Joan.
276 2071 303 2099 ι,
319 2066 367 2094 27.
408 2064 434 2083 ⁸³
452 2064 539 2093 Joan.
555 2071 582 2100 ι,
597 2065 624 2093 9.
664 2064 686 2082 ⁶¹
707 2063 719 2091 I
735 2064 801 2092 Cor.
817 2071 844 2098 ι,
860 2064 888 2092 4.

133 2161 461 2205 ς96)ῐ1ροσπεφευγότας.
492 2161 617 2190 Codices
644 2161 783 2190 nonnulli
815 2170 897 2199 προσ-

117 2206 225 2225 ενγοννα
229 2207 239 2225 ς
243 2219 249 2225 .

97 2207 249 2267 "is/3;???
256 2231 513 2269 r3ptcai6orov.Vitii
523 2233 694 2269 suspicione
704 2232 806 2269 aliqua
816 2232 901 2269 labo-

98 2271 145 2297 rat
154 2269 202 2296 hic
217 2268 310 2305 locus.
320 2269 379 2296 Etsi
396 2268 476 2297 enim
484 2268 586 2305 justos
603 2268 831 2305 appellarioves
846 2268 901 2296 ob-

98 2306 198 2332 servat
211 2304 336 2340 Basilius
346 2306 378 2332 in
388 2302 496 2339 psalmi
509 2313 605 2337 xxvui,
619 2302 653 2339 p.‘
667 2307 726 2332 421.
741 2302 788 2330 διὰ
801 2306 831 2330 τὸ
841 2306 902 2340 ἦμε-

98 2350 144 2377 ρον
158 2342 204 2366 καὶ
218 2338 393 2376 μιταδοτιχόν
411 2341 445 2365 ὢν
458 2342 524 2376 ἱχει,
541 2340 579 2377 ob_
595 2340 748 2377 lenitatem
758 2343 784 2368 et
800 2338 901 2368 rerum

99 2375 224 2404 suarum
242 2375 556 2411 communicationem;
573 2375 621 2403 hic
638 2378 738 2404 tamen
756 2383 817 2403 non
829 2384 903 2404 con-

100 2411 212 2440 siderat
226 2411 257 2439 in
269 2411 376 2439 ovibus
391 2410 637 2439 communicandi
652 2411 835 2446 facilitatem,
849 2410 903 2439 sed

99 2447 301 2476 constantiam
310 2447 340 2475 in
348 2447 504 2483 sequendo
512 2450 634 2483 pastore
643 2450 670 2475 et
679 2447 843 2483 peregrinis
852 2447 903 2475 do-

99 2483 203 2519 ctrinis
214 2482 400 2518 rejiciendisf
407 2482 777 2519 Regius’seoundus'habet
789 2485 819 2508 τὸ
828 2483 905 2519 γεὺμε-

100 2518 218 2551 τάϐολον,
231 2526 300 2555 qua:
314 2519 462 2555 scriptura
476 2518 529 2555 etsi
544 2518 655 2555 vulnus
660 2525 774 2555 augere.
786 2518 905 2546 videtur

99 2556 229 2595 (pugnat
235 2553 442 2595 enimanimus
448 2553 534 2595 facile
542 2553 694 2595 mutabilis
700 2562 765 2582 cum
772 2556 906 2595 constan-

101 2590 143 2618 tia
149 2590 180 2618 in
188 2590 345 2627 sequendo
351 2591 481 2626 pastore)
488 2590 536 2624 ,ad
542 2590 723 2627 illud_tamen
731 2590 905 2627 sanandum

102 2633 217 2661 magno
228 2625 296 2662 usui
306 2625 372 2662 esse
381 2627 488 2662 potest.
499 2627 573 2654 Nam
585 2625 816 2660 silegamuslevi
826 2625 907 2654 facta

101 2661 314 2690 immutatione
322 2663 350 2688 τὸ
362 2661 530 2697 ἀμιτάϐολον,
537 2662 590 2697 qui
595 2669 649 2696 per
655 2662 833 2696 patientiam
842 2662 907 2689 ani-

101 2705 183 2726 mum
195 2697 411 2734 immutabilem
419 2697 626 2734 prqbuerunl,
634 2697 726 2734 plana
735 2697 826 2734 eritet
836 2700 908 2734 apta

102 2733 263 2769 sententia.
279 2733 396 2761 Usitatat
407 2732 491 2769 apud
502 2732 644 2769 antiquos
653 2733 806 2768 ejusmodi
819 2732 907 2761 ratio-

103 2777 158 2798 nes
177 2768 334 2805 loquendi,
351 2768 492 2805 quamvis
501 2768 601 2804 justos
613 2768 717 2805 gratias
729 2768 867 2805 resistere
879 2771 909 2805 et

100 2803 229 2842 justitité
241 2803 472 2837 statua—cidere
486 2812 576 2841 posse
588 2803 651 2834 nOn
663 2803 846 2834 dubitarent.
861 2804 909 2834 Sic

988 1600 1030 1626 l8.
1047 1599 1142 1626 Omne
1156 1598 1237 1626 enim
1252 1598 1422 1627 animarum
1444 1598 1589 1627 auxilium
1610 1606 1664 1635 per
1677 1599 1779 1635 ipsum

951 1644 1006 1676 est,
1017 1645 1108 1678 atque
1118 1642 1205 1678 juxta
1218 1642 1338 1678 singula
1347 1642 1476 1671 curandi
1489 1650 1525 1671 ac
1539 1642 1720 1679 providendi
1731 1650 1781 1677 ge-

951 1694 1026 1717 nera
1037 1687 1205 1722 excogitata
1219 1690 1264 1715 est
1277 1687 1437 1723 peculiaris
1452 1687 1594 1724 quaedam
1607 1687 1780 1724 appellatio.

953 1733 993 1760 Cu
998 1739 1027 1759 m
1033 1731 1167 1760 enimani
1172 1739 1253 1760 mam
1260 1732 1542 1767 incontaminatam,
1549 1740 1611 1761 non
1617 1732 1781 1761 habentem

953 1776 1106 1805 maculam
1125 1779 1177 1805 aut
1195 1785 1315 1812 rugam,
1333 1777 1424 1813 quasi
1438 1781 1548 1814 puram
1562 1778 1711 1812 virginem
1724 1777 1782 1807 sibi

954 1821 991 1849 ad
993 1821 1003 1856 j
1008 1820 1103 1856 ungit,
1111 1829 1241 1858 sponsus
1249 1821 1430 1857 appellatur;
1442 1830 1513 1850 cum
1522 1830 1594 1850 vero
1603 1829 1672 1850 eam
1679 1822 1782 1859 pravis

955 1865 1069 1894 diaboli
1080 1865 1178 1902 plagis
1197 1866 1374 1895 afﬂictatam
1388 1867 1504 1902 recipit,
1519 1875 1555 1895 ac
1569 1867 1701 1903 peccatis
1715 1875 1783 1902 gra-

953 1910 1026 1939 viter
1047 1910 1236 1940 laborantem
1255 1913 1354 1944 sanat,
1371 1911 1506 1940 medicus
1520 1914 1656 1940 vocatur.
1678 1912 1782 1940 Utrum

953 1955 1043 1991 igitur
1052 1955 1135 1992 quod
1145 1956 1227 1985 hisce
1237 1956 1339 1985 modis
1350 1956 1446 1985 nostri
1456 1963 1559 1985 curam
1570 1956 1657 1992 gerit,
1672 1956 1783 1992 cogita-

926 2063 951 2081 "
971 2062 1079 2100 Philip.
1091 2070 1122 2098 ιι,
1141 2064 1182 2098 t0,
1197 2065 1242 2092 ιι.

952 2161 1122 2197 Cyprianus
1138 2169 1240 2189 coram
1250 2161 1433 2197 proconsule
1444 2161 1561 2190 aiebat:
1578 2161 1666 2189 Bona
1682 2161 1785 2190 volun-

955 2200 1012 2227 tas.
1029 2204 1094 2233 qua
1106 2198 1200 2225 Deum
1213 2198 1306 2228 novit,
1323 2198 1479 2233 immutari
1493 2205 1552 2225 non
1573 2200 1690 2233 potest:
1714 2197 1782 2233 Act.

955 2232 1058 2269 mort},
1074 2240 1104 2269 p.
1118 2234 1182 2269 2l6.
1200 2233 1246 2260 Sic
1268 2233 1359 2260 etiam
1375 2234 1402 2260 S.
1428 2232 1561 2260 Felicitas
1578 2232 1681 2260 Publio
1697 2232 1784 2260 Urbis

955 2268 1096 2305 praefecto
1107 2268 1226 2296 dicebat
1231 2278 1240 2305 ς
1251 2269 1313 2296 Nec
1324 2269 1537 2305 blandimentis
1548 2269 1606 2305 tuis
1617 2276 1681 2305 resp
1686 2269 1726 2305 lvi
1733 2276 1786 2302 po-

957 2303 1031 2339 tero,
1047 2311 1101 2332 nec
1112 2304 1278 2332 terroribus
1292 2305 1409 2340 frangi.
1428 2305 1458 2331 Et
1472 2303 1553 2331 Felix
1565 2304 1644 2331 illius
1655 2304 1785 2332 ﬁliorum

957 2343 1029 2368 natu
1041 2340 1194 2368 secundus
1206 2349 1212 2368 :
1227 2341 1408 2368 Immineaul
1425 2340 1557 2373 verbera,
1571 2342 1648 2368 stent
1660 2342 1785 2368 cruenta

958 2376 1102 2412 consilia;
1115 2376 1188 2410 ﬁdes
1200 2379 1304 2404 nostra
1320 2384 1374 2404 nec
1388 2376 1469 2404 vinci
1482 2378 1576 2410 potest
1593 2383 1646 2404 nec
1661 2375 1784 2404 mutari.

959 2412 1084 2440 Basilius
1102 2412 1131 2439 in
1144 2412 1252 2446 psalm.
1270 2419 1317 2443 vn.
1334 2420 1363 2447 p.
1383 2414 1443 2445 103,
1455 2412 1555 2446 gratia
1570 2414 1729 2447 acceptum
1743 2419 1787 2439 re-

958 2447 1014 2475 fert
1029 2449 1144 2475 rectum
1156 2447 1229 2482 justi
1243 2448 1431 2483 propositum
1447 2450 1474 2474 et
1492 2447 1598 2475 mentis
1613 2447 1786 2476 immutabi-

957 2483 1081 2512 litatem.
1098 2484 1167 2517 Reg.
1183 2485 1215 2511 39
1231 2483 1352 2515 Moral.,
1367 2485 1473 2518 p.263.

995 2520 1053 2552 (98)
1074 2519 1257 2550 ⁷Επιστασίας.
1282 2520 1352 2553 Reg.
1378 2519 1482 2546 tertius
1506 2518 1653 2554 βασιλείας.
1681 2519 1747 2547 Mox
1769 2525 1785 2546 e

959 2554 1110 2583 veteribus
1133 2554 1217 2582 libris
1238 2555 1411 2589 conjunctio
1426 2557 1471 2580 καί
1491 2554 1595 2583 addita
1619 2556 1686 2583 ante
1709 2555 1786 2590 θύρα,

960 2590 1318 2631 eademque_auctoritate
1332 2590 1457 2618 verbum
1475 2592 1539 2626 φησί
1553 2590 1705 2618 sublatum
1720 2591 1788 2626 post

961 2634 1067 2654 vocem
1084 2635 1145 2651 ειιου
1152 2647 1157 2653 .

997 2663 1051 2696 (99)
1071 2655 1115 2691 Ὠίς
1129 2661 1296 2698 θύρακΕάίιί
1311 2661 1428 2690 addunt
1442 2664 1486 2688 καὶ
1503 2663 1537 2698 ᾡς
1551 2663 1658 2698 ποιμήν,
1675 2660 1727 2688 sed
1742 2668 1788 2688 as-

961 2689 1074 2725 sentior
1087 2689 1267 2725 combeﬁsio
1280 2697 1336 2725 has
1346 2705 1435 2725 voces
1445 2689 1702 2732 rejiciendasesse
1715 2705 1721 2729 ;
1733 2704 1789 2725 nec
1812 2704 1826 2731 "

961 2732 1102 2769 leguntur
1121 2733 1151 2761 in
1165 2734 1263 2769 tribus
1279 2733 1445 2761 codicibus.
1469 2732 1560 2762 Paulo
1579 2734 1649 2769 post
1667 2732 1808 2761 codicesx

962 2767 1036 2798 mss.
1053 2767 1142 2802 δόξαν.
1159 2769 1235 2798 Editi
1249 2767 1413 2805 δοξολογίαν.
