2027 3144
275 134 309 160 99
957 133 975 160 S
983 153 990 160 .
1011 131 1136 160 BASILH
1155 131 1276 159 MAGNI.

1906 134 1960 160 £00

274 195 371 223 tiones
385 196 505 223 nostras
521 202 557 223 eo
572 194 711 229 deducet,
725 196 757 223 ut
771 194 916 223 humilius
930 194 968 222 de
983 202 1017 222 eo
1034 201 1087 221 sen

1154 195 1267 229 γισμοὺς
1297 194 1479 230 κατάγουσιν;
1513 194 1528 224 ἦ
1554 195 1583 221 τὸ
1616 195 1728 222 ὶναντίον
1754 194 1876 227 ἔκπληξιν
1910 199 1959 226 τῆς

274 239 386 267 ιὶοῐιιιεε
397 239 411 267 ?
426 247 465 268 an
481 240 580 275 potius
591 247 606 267 e
621 239 740 267 diverso
755 239 872 273 eﬂieiet,
890 241 921 267 ut
935 238 1101 267 Servatoris

273 286 301 312 et
322 285 474 319 ingentem
494 284 659 320 potentiam
675 287 703 312 et
717 284 938 312 humanitatem
960 291 1033 318 erga
1045 291 1100 310 nos

273 329 558 365 admiremur,quod
573 331 601 356 et
612 329 744 365 compati
756 329 864 357 nostris
875 327 1100 357 inﬁrmitatibus

273 374 427 405 sustinuit,
442 377 471 402 et
485 382 515 402 se
528 373 564 401 ad
582 376 716 401 nostram
731 373 934 401 inﬁrmitatem
946 372 1100 409 potuitde-

270 419 387 447 mittere
397 419 410 446 ?
424 420 525 455 Neque
536 418 616 446 enim
624 418 733 446 malum
743 426 778 446 ac
792 421 878 452 terra,
888 419 1099 453 immensaque

272 464 377 497 maria,
392 471 447 491 nec
462 463 638 496 animantia,
654 463 738 491 velin
751 463 838 499 aquis
850 463 895 491 vel
906 463 935 490 in
952 463 1035 490 terris
1051 462 1100 489 de-

270 509 382 543 gentia,
398 516 454 536 nec
470 508 589 544 plantae,
607 515 662 536 nec
685 511 775 541 astra,
792 515 847 536 nec
863 516 924 542 aer,
949 515 1004 535 nec
1028 507 1101 534 anni

269 555 416 589 tempora,
429 560 483 580 nec
494 552 648 588 multiplex
659 553 790 580 universi
802 555 926 580 ornatus
953 551 1098 580 excellen-

269 597 341 625 tiam
361 597 501 632 potentiae
526 596 604 624 illius
627 597 752 633 perinde
775 597 980 633 commendat,
1005 599 1098 632 atque

268 642 351 677 quod
362 627 450 669 -Deus
466 627 779 677 incomprehensibilis
793 642 889 677 potuit
903 627 958 677 per
975 627 1097 668 carnem

268 687 342 714 citra
354 694 466 714 noxam
483 694 551 713 cum
572 688 667 714 morte
691 686 865 718 conﬂictari,
889 689 921 713 ut
936 685 1024 713 nobis
1041 693 1098 713 sua

267 731 363 767 ipsius
376 731 517 767 passione
532 731 966 766 largireturimmortalitatem,
976 729 1059 766 quod
1072 729 1096 757 si

269 776 429 812 Apostolus
446 776 503 803 ait:
518 776 552 803 In
564 776 609 804 his
619 776 756 804 omnibus
769 783 946 811 superamus
959 783 1015 810 per
1029 782 1094 803 eum

268 822 320 858 qui
340 822 447 849 dilexit
471 828 523 848 nos
534 821 577 848 ‘3:
602 829 798 857 nequaquam
813 821 872 848 hac
893 828 967 848 voce
983 819 1095 848 humile

266 866 421 902 quoddam
431 866 632 893 ministerium
640 865 821 899 indicat,sed
830 865 975 893 auxilium
983 864 1094 900 potius,

265 911 347 947 quod
358 918 412 946 per
421 910 581 946 imperium
589 918 650 938 sum
657 910 795 946 potentiae
802 913 945 946 operatur
953 910 983 937 in
994 909 1092 936 nobis.

266 955 418 992 Siquidem
433 956 532 991 ipsum
546 955 678 991 alligavit
688 955 806 989 fortem,
822 955 1006 991 diripuitque
1020 960 1094 982 vasa

262 1000 383 1033 illius“,
397 1000 530 1028 videlicet
539 1008 606 1034 nos,
617 999 729 1036 quibus
741 1000 780 1028 ad
793 1000 897 1028 omnia
907 999 989 1028 mala.
1001 1006 1094 1035 opera

263 1044 360 1073 fuerat
371 1044 500 1079 abusus;
516 1044 644 1081 fecitque
658 1052 733 1073 vasa
748 1044 831 1072 utilia
845 1044 984 1076 Domino,
999 1051 1093 1080 appa-

262 1092 343 1117 ratos
358 1090 398 1118 ad
418 1097 508 1117 omne
530 1097 608 1126 opus
624 1089 739 1118 bonum
751 1090 786 1122 ⁵⁵,
812 1097 866 1125 per
878 1089 964 1117 liberi
979 1088 1093 1119 arbitrii

262 1136 354 1163 n0stri
371 1135 636 1171 praeparationem.
650 1135 708 1162 Hoc
719 1138 807 1170 pacto
818 1141 975 1162 accessum
987 1133 1024 1161 ad
1040 1134 1092 1161 Pa-

261 1183 337 1208 trem
352 1180 516 1207 habuimus
532 1187 584 1215 per
605 1180 716 1215 ipsum,
733 1179 868 1206 translati
884 1179 921 1206 de
943 1181 1090 1215 potestate

261 1225 454 1253 tenebrarum
461 1225 491 1252 in
499 1226 614 1259 partem
621 1224 709 1252 sortis
715 1227 888 1252 sanctorum
896 1224 925 1251 in
932 1223 1045 1251 lumine
1053 1224 1088 1250 ⁵⁸.

262 1270 303 1297 Ne
324 1269 414 1305 igitur
434 1268 692 1305 dispensationem
709 1268 769 1296 Filii
789 1271 926 1296 coactum
940 1276 975 1296 ex
990 1268 1089 1296 servili

260 1314 429 1342 humilitate
440 1313 638 1341 ministerium
649 1313 869 1340 existimemus:
884 1313 938 1340 sed
951 1312 1089 1341 volunta-

259 1359 335 1386 riam
362 1357 592 1386 sollicitudinem
614 1365 649 1385 ex
673 1357 807 1385 bonitate
823 1365 857 1385 ac
873 1357 1086 1392 misericordia,

257 1404 345 1439 juxta
359 1403 544 1431 voluntatem
556 1402 605 1430 Dei
616 1405 644 1430 et
656 1402 759 1433 Patris,
774 1409 847 1437 erga
859 1410 949 1429 suum
960 1402 1088 1438 ﬁgmen-

259 1450 323 1476 tum
338 1448 514 1476 exhibitam.
533 1447 578 1475 Sic
594 1447 673 1475 enim
689 1446 880 1474 servabimus
894 1447 1047 1482 pietatem,
1064 1447 1088 1475 si

257 1493 288 1521 in
303 1493 446 1521 omnibus
458 1492 550 1520 rebus
563 1492 602 1520 ab
615 1499 651 1519 eo
664 1491 792 1526 peractis
807 1494 835 1518 et
855 1492 910 1526 16
922 1492 1086 1526 perfectam

257 1537 298 1565 illi
312 1537 478 1574 potentiam
496 1537 664 1564 testimonio
689 1539 794 1563 nostro
809 1535 1016 1568 tribuerimus,
1032 1544 1087 1564 nec

257 1590 386 1618 usquam
402 1582 486 1609 illum
502 1589 520 1608 a
532 1583 660 1617 paterna
669 1579 820 1608 voluntate
833 1581 1084 1615 separaverimus.

257 1626 522 1659 Quemadmodum
546 1625 649 1661 utique
674 1633 743 1652 cum
760 1625 904 1652 Dominus
917 1625 1087 1661 appellatur

255 1671 347 1702 via“,
360 1671 400 1698 ad
415 1670 621 1698 sublimiorem
634 1669 858 1704 intelligentiam
869 1670 979 1706 potius,
991 1678 1084 1707 quam

255 1715 296 1744 ad
306 1715 461 1750 vulgarem
469 1723 503 1742 ac
509 1722 703 1743 communem
710 1714 813 1742 animo
820 1714 1085 1743 ferimur-Audien-

255 1763 298 1788 tes
313 1760 393 1788 enim
404 1760 496 1794 viam,
509 1759 676 1795 profectum
690 1767 770 1792 eum,
785 1760 836 1795 qui
850 1760 924 1787 serie
936 1762 1025 1796 atque
1037 1768 1083 1788 or-

253 1805 324 1833 dine
337 1812 389 1841 per
402 1804 524 1840 justitize
539 1811 631 1840 opera
644 1806 671 1832 et
685 1804 814 1832 scientiae
829 1803 1081 1833 illuminationem

253 1850 293 1879 ad
313 1849 526 1886 perfectionem
553 1848 657 1882 tendit,
681 1848 883 1883 intelligimus,
909 1857 1028 1886 semper
1049 1850 1080 1878 id

252 1895 336 1931 quod
347 1895 478 1923 anterius
490 1896 535 1922 est
545 1895 732 1930 appetentes,
748 1895 777 1921 et
793 1894 831 1921 ad
842 1902 878 1922 ea
889 1902 957 1930 quia
967 1897 1081 1923 restant

251 1939 453 1975 nosmetipsos
464 1938 657 1966 extendentes
663 1938 697 1972 ⁵⁸,
712 1937 808 1965 donec
819 1939 1030 1974 perveniamus
1041 1939 1080 1967 ad

251 1984 374 2012 beatum
382 1983 485 2017 ﬁnem,
492 1991 559 2019 quae
568 1985 612 2010 est
625 1983 673 2011 Dei
683 1983 823 2018 cognitio,
830 1990 924 2019 quam
933 1984 1079 2011 Dominus

251 2037 304 2066 per
328 2037 392 2056 sese
415 2029 445 2056 in
467 2029 567 2065 ipsum
591 2027 782 2056 credentibus
806 2027 942 2062 largitur.
967 2030 1079 2057 Revera

249 2074 329 2102 enim
341 2074 423 2102 bona
430 2075 474 2101 est
482 2073 539 2105 via,
547 2072 771 2101 exorbitationis
783 2072 953 2108 errorisque
964 2074 1076 2108 nescia,

250 2118 394 2146 Dominus
405 2117 564 2150 noster,ad
576 2119 703 2151 Patrem,
715 2116 767 2153 qui
777 2124 883 2145 verum
894 2117 1009 2145 bonum
1022 2120 1076 2151 est,

1155 238 1270 273 μεγάλης
1289 236 1424 275 δυνάμεως
1448 240 1513 275 ὁμοῦ
1537 242 1583 266 καὶ
1613 239 1807 277 φιλανθρωπίας
1829 243 1875 267 τοῦ
1904 243 1958 266 σώ-

1155 282 1240 313 ζοντος
1255 282 1416 320 ἐμποιοῦσιν,
1439 285 1479 310 ὅτι
1499 286 1544 310 καὶ
1559 285 1686 320 ἠνέσχετο
1707 286 1883 320 συμπαθῆσαι
1899 287 1958 316 ταῖς

1154 327 1299 359 ἀσθενείαις
1336 329 1419 365 ἡμῶν,
1453 331 1497 355 καὶ
1528 327 1642 358 ἐδυνήθη
1676 331 1741 365 πρὸς
1771 332 1801 356 τό
1832 331 1956 367 ἡμέτερον

1154 371 1260 403 ἀσθενὲς
1274 373 1420 403 καταϐῆναι
1437 382 1443 407 ;
1466 375 1503 400 Οὐ
1516 375 1567 411 γὰρ
1582 378 1707 401 τοσοῦτον
1726 374 1833 411 οὐρανός
1850 377 1896 400 καὶ
1918 379 1954 410 γῇ

1154 419 1198 444 καὶ
1213 419 1246 444 τὰ
1259 419 1353 454 μεγέθη
1369 423 1420 445 τῶν
1434 419 1561 454 πελαγῶν,
1578 421 1623 445 καὶ
1637 420 1671 445 τὰ
1689 419 1713 445 ἐν
1735 418 1818 446 ὕδασι
1841 418 1858 446 δ
1861 423 1955 445 ιαιτώ-

1153 471 1225 498 μινα,
1240 466 1285 489 καὶ
1299 464 1331 489 τὰ
1354 468 1465 501 χερσεῖα
1490 468 1540 490 τῶν
1570 464 1652 496 ζώων,
1681 466 1723 490 καὶ
1750 465 1783 490 τὰ
1805 465 1881 500 φυτὰ,
1908 467 1956 490 καὶ

1153 506 1267 544 ἀστέρες,
1283 511 1328 534 καὶ
1350 507 1411 545 ἀὴρ,
1436 511 1480 534 καὶ
1505 509 1580 545 ὧραι1
1607 511 1652 535 καὶ
1667 510 1682 537 η
1699 509 1804 538 ποικίλη
1819 513 1865 535 τοῦ
1884 519 1954 535 παν-

1152 554 1193 582 τός
1209 550 1388 589 διακόσμησις
1402 555 1431 580 τό
1444 554 1571 590 ὑπερέχον
1591 557 1640 584 τῆς
1663 554 1759 589 ἰσχύος
1783 557 1952 586 συνίστησιν,

1152 598 1212 624 ὅσον
1226 599 1255 623 τό
1274 596 1420 628 δυνηθῆναι
1439 600 1482 625 τὸν
1506 601 1580 634 Θεὸν,
1605 600 1649 625 τόν
1671 598 1819 635 ἀχὼρητον,
1845 598 1955 630 ἀπαθῶς

1153 640 1199 668 διὰ
1228 644 1324 679 σαρκὸς
1354 643 1539 679 συμπλακῆναι
1561 647 1598 679 τῷ
1622 645 1734 679 θανάτῳ,
1762 645 1804 670 ἶνα
1831 645 1893 679 ἡμῖν
1916 647 1953 678 τῷ
1998 667 2004 672 ,

1152 685 1214 722 ἰδίῳ
1227 688 1305 713 πάθει
1326 690 1373 717 τήν
1390 687 1516 715 ἀπάθειαν
1530 691 1691 726 χαρίσηται.
1717 687 1770 715 Κᾶν
1793 688 1854 724 λέγῃ
1881 686 1912 714 δι
1940 689 1953 714 ὁ

1152 729 1318 767 ⁷Λπόστολος,
1346 733 1385 759 ὃτι
1412 733 1452 760 Ἐν
1479 735 1579 764 τούτοις
1603 736 1682 760 πᾶσιν
1706 733 1880 769 ὑπερνικῶμεν
1905 730 1954 759 διὰ

1150 780 1196 802 τοῦ
1228 776 1413 812 ἀγαπήσαντος
1444 779 1512 814 ἡμᾶς
1526 801 1534 813 ,
1563 778 1627 814 οὐχὶ
1651 780 1774 806 ταπεινήν
1799 787 1858 804 τινα
1879 778 1952 806 ὑπη-

1111 843 1130 870 Β
1149 824 1239 859 ρεσίαν
1267 822 1294 848 ἐκ
1319 827 1365 853 τῆς
1387 825 1507 853 τοιαύτης
1534 827 1617 859 φωνῆς
1640 822 1787 856 ὑποϐάλλει,
1902 824 1952 852 τὴν

1149 867 1173 893 ἐν
1206 871 1242 902 τῷ
1274 868 1363 904 κράτει
1390 872 1436 898 τῆς
1470 868 1565 903 ἰσχύος
1602 867 1785 904 ἐνεργουμένην
1813 866 1953 903 βοήθειαν.

1149 911 1232 943 Αὐτός
1245 913 1296 948 γὰρ
1322 911 1407 943 δήσας
1430 914 1474 938 τὸν
1506 912 1628 948 ἰσχυρόν,
1650 911 1796 950 διήρπασεν
1815 912 1895 938 αὐτοῦ
1916 913 1951 938 τὰ

1149 959 1242 992 σκεύη,
1266 958 1346 994 ἡμᾶς,
1369 956 1408 989 οἷς
1427 958 1463 988 είς
1486 961 1575 984 πᾶσαν
1596 957 1721 994 ἐνέργειαν
1750 958 1864 994 πονηρὰν
1889 966 1951 982 κατ-

1148 1004 1286 1040 αέχρητο-
1313 1005 1357 1029 καὶ
1382 1003 1489 1032 εποίησε
1513 1003 1592 1031 σκεύη
1614 1004 1753 1039 εὔχρηστα
1766 1005 1801 1037 τῷ
1818 1004 1948 1037 Δεσποτῃ,

1148 1050 1206 1078 τοὺς
1231 1050 1452 1085 κατηρτισμένους
1481 1047 1515 1078 εἰς
1542 1050 1591 1074 πᾶν
1620 1048 1693 1084 ἔργον
1721 1046 1820 1082 ἀγαθόν
1843 1046 1872 1072 ἐκ
1901 1050 1951 1076 τῆς

1148 1092 1300 1128 ἑτοιμασίας
1313 1096 1360 1118 τοῦ
1379 1091 1418 1128 ἂρ’
1441 1093 1511 1128 ὑμῖν.
1533 1092 1608 1118 Οὕτω
1622 1094 1670 1120 τὴν
1694 1089 1732 1118 δι’
1757 1091 1836 1118 αὑτοῦ
1860 1099 1962 1126 προσ-υ
1996 1102 2004 1109 ι

1147 1139 1253 1173 αγωγὴν
1268 1137 1420 1174 ἐσχήκαμεν
1432 1139 1495 1174 πρός
1518 1139 1562 1163 τόν
1586 1138 1698 1173 Πατέρα,
1723 1136 1895 1172 μεταστάντες
1918 1135 1949 1161 ὰ

1145 1188 1191 1214 τῆς
1206 1183 1325 1214 ἔξουσίας
1339 1186 1385 1208 τοῦ
1399 1184 1509 1212 σκότους
1533 1181 1568 1212 εἰς
1592 1184 1638 1211 τὴν
1662 1179 1758 1218 μερίδα
1779 1184 1824 1207 τοῦ
1848 1180 1948 1216 κλήρου

1145 1233 1194 1255 τῶν
1210 1228 1290 1263 ἁγίων
1306 1227 1330 1253 ἐν
1349 1230 1385 1262 τῷ
1406 1229 1481 1263 furi.
1504 1228 1547 1255 Μὴ
1564 1229 1650 1252 τοίνυν
1663 1225 1691 1252 ix
1716 1225 1841 1256 δουλικῆς
1855 1234 1948 1252 ταπειυ

1143 1277 1251 1304 νότητος
1279 1273 1480 1308 ἡναγκασμένην
1508 1272 1652 1307 ὑπηρεσίαν
1684 1274 1790 1306 νοῶμεν,
1819 1272 1864 1299 τὴν
1897 1267 1947 1299 διὰ

1143 1320 1204 1346 Υὶοῡ
1221 1319 1378 1353 οἰκονομίαν,
1405 1316 1468 1343 ἀλλά
1492 1318 1539 1346 τὴν
1563 1316 1681 1342 ἑκούσιον
1705 1311 1859 1351 ἐπιμέλειαν,
1876 1315 1945 1350 ἁγα-

1144 1365 1234 1392 θότητι
1261 1365 1305 1388 καὶ
1332 1361 1524 1397 εὐσπλαγχνίᾳ,
1553 1362 1620 1387 κατά
1640 1363 1669 1387 τό
1693 1360 1791 1396 σε’λημα
1809 1363 1855 1386 τοῦ
1876 1363 1945 1386 θεοῦ

1142 1411 1187 1434 καὶ
1225 1409 1341 1444 Πατρός,
1368 1408 1427 1443 περὶ
1454 1408 1482 1432 τό
1510 1404 1580 1432 ἴδιον
1606 1406 1716 1442 πλάσμα
1747 1404 1944 1442 ὸεργουμένην.

1143 1453 1218 1479 Οΰτω
1247 1453 1299 1488 γὰρ
1315 1451 1354 1488 (1)
1376 1449 1560 1487 εὗσεϐἠσομεν,
1590 1450 1615 1476 ἐν
1641 1453 1708 1476 πᾶσι
1731 1454 1785 1479 τοὶς
1812 1449 1945 1476 ἐπιτελου-

1142 1500 1228 1533 μένοις
1250 1499 1296 1522 καὶ
1313 1496 1410 1522 τελείαν
1436 1495 1507 1529 αὐτῷ
1538 1499 1729 1533 μαρτυροῦντες
1749 1497 1796 1524 τὴν
1817 1493 1942 1530 δύναμιν,

1142 1545 1186 1568 καὶ
1197 1540 1316 1578 οὖδαμου
1329 1551 1375 1568 του
1392 1540 1557 1578 βουλήματος
1571 1550 1616 1567 του
1631 1543 1760 1577 πατρικοῦ
1778 1538 1795 1565 δ
1797 1543 1941 1570 ιῐστῶντες.

1140 1586 1240 1624 Ὠσπερ
1265 1584 1309 1612 οὖν
1333 1587 1378 1612 καὶ
1407 1586 1467 1611 ὅταν
1490 1584 1550 1616 ὁδός
1578 1586 1590 1611 ὀ
1616 1586 1710 1623 Κύριος
1733 1584 1850 1620 λέγηται,
1875 1594 1943 1620 προς

1140 1631 1302 1668 ὑψηλοτέραν
1322 1631 1428 1662 ἔννοιαν,
1451 1629 1504 1655 ἀλλ’
1525 1629 1589 1665 οὐχὶ
1611 1631 1674 1665 πρός
1690 1631 1737 1657 τὴν
1757 1629 1785 1655 εκ
1811 1632 1858 1655 τοῦ
1877 1638 1942 1665 προ-

1138 1679 1232 1713 χείρου
1260 1675 1455 1712 λαμϐανομένην
1480 1675 1670 1712 ὑποφερόμεθα.
1706 1676 1758 1703 Τὴν
1783 1674 1833 1710 γὰρ
1859 1672 1940 1710 ιίρμῷ

1138 1723 1183 1747 καὶ
1197 1720 1268 1751 τάξει
1292 1718 1338 1746 διὰ
1361 1723 1411 1746 τῶν
1439 1720 1519 1755 ἔργων
1545 1723 1589 1749 τῆς
1616 1717 1796 1751 δικαιοσύνης,
1822 1720 1866 1744 καὶ
1891 1721 1938 1744 τοῦ

1137 1768 1273 1802 φωτισμοῡ
1292 1768 1338 1794 τῆς
1352 1766 1473 1799 γνώσεως
1494 1763 1535 1789 ἐπὶ
1553 1765 1581 1789 τό
1601 1763 1694 1789 τέλειον
1718 1764 1853 1800 προκοπὴν
1873 1761 1936 1789 ὀδόν

1136 1809 1300 1845 ἐξοαούομεν,
1318 1807 1357 1835 ἀεὶ
1372 1806 1417 1834 τοῦ
1439 1810 1530 1845 πρόσω
1550 1807 1790 1844 impr/611.9042),
1815 1809 1857 1833 καὶ
1877 1810 1933 1838 τοῖς

1134 1847 1294 1890 λειπομένοις
1323 1853 1430 1884 ἑαυτοὺς
1463 1852 1665 1887 ἐπεκτιίνοντες,
1697 1852 1741 1882 ἕως
1769 1852 1800 1878 ἂν
1826 1852 1934 1888 φθάσω-

1133 1908 1179 1935 μεν
1205 1898 1248 1925 ὲπὶ
1274 1900 1304 1925 τό
1329 1898 1458 1934 μακάριον
1486 1896 1567 1930 τελος,
1595 1898 1642 1926 τὴν
1669 1900 1736 1924 Θεοῦ
1763 1899 1936 1932 κατανόησιν,

1134 1943 1164 1973 ἣν
1180 1944 1192 1969 ὁ
1210 1944 1304 1980 Κύριος
1330 1941 1366 1968 δι’
1391 1942 1483 1968 ἑαυτοῦ
1510 1945 1563 1972 τοῖς
1592 1941 1625 1972 εἰς
1649 1941 1727 1968 αὐτόν
1746 1944 1938 1968 πεπιστευκόσι

1133 1988 1276 2025 χαρίζεται
1290 1988 1338 2022 (3).
1366 1988 1464 2022 Ἀγαθὴ
1489 1988 1540 2023 γὰρ
1567 1988 1645 2017 ὅντως
1667 1984 1739 2020 ὁδός,
1760 1985 1949 2022 ἁπαρεξόδευε

1132 2042 1176 2063 τος
1209 2035 1253 2058 καὶ
1285 2031 1408 2064 ἀπλανὴς,
1435 2032 1448 2057 ὁ
1474 2033 1570 2068 Κύριος
1593 2032 1676 2068 ἡμῶν,
1704 2033 1768 2068 πρὸς
1801 2033 1830 2057 τό
1858 2033 1938 2062 ὄντως

1133 2077 1241 2113 ἀγαθόν,
1268 2079 1312 2104 τόν
1337 2079 1451 2114 Πατέρα,
1481 2078 1572 2113 φέρων.
1608 2074 1703 2107 Οὐδεὶς
1734 2077 1784 2112 γὰρ
1813 2077 1935 2113 ἔρχεται,

1132 2125 1207 2158 φησι,
1231 2125 1295 2159 πρός
1323 2125 1365 2148 τόν
1399 2124 1503 2158 Πατέρα
1529 2121 1551 2148 εἰ
1580 2123 1616 2157 μὴ
1649 2119 1684 2147 δι’
1712 2121 1784 2157 ἐμοῦ.
1817 2122 1935 2150 Τοιαύτη

249 2163 429 2200 perducens.
449 2163 542 2190 Nemo
553 2162 641 2195 enim,
661 2162 768 2196 inquit,
791 2163 872 2190 venit
895 2162 936 2190 ad
955 2163 1076 2191 Rati-em

1143 2168 1176 2193 i‘n
1188 2165 1232 2193 οὖν
1247 2168 1262 2196 ἡ
1278 2168 1389 2203 ἡμετέρα
1402 2169 1468 2203 πρός
1480 2168 1545 2192 Θεὸν
1559 2163 1652 2196 ἄνοδος
1668 2163 1716 2191 διὰ
1726 2165 1772 2191 τοῦ
1786 2166 1858 2192 Υὶοῦ.

249 2208 307 2236 nisi
317 2215 374 2243 per
383 2215 429 2236 me
440 2208 473 2234 ⁵³.
491 2206 568 2235 Talis
583 2208 626 2235 est
640 2206 730 2241 igitur
739 2208 841 2234 noster
862 2206 902 2235 ad
920 2208 1014 2235 Deum
1031 2215 1076 2236 as-

248 2260 356 2281 census
369 2260 423 2288 per
438 2251 552 2280 Filium.

285 2299 327 2324 19.
343 2298 456 2324 Rursus
465 2298 565 2324 autem
576 2295 675 2332 qualis
685 2295 721 2324 sit
730 2296 820 2324 etiam
832 2296 924 2324 Patris
936 2303 1008 2332 erga
1017 2304 1074 2325 nos

247 2349 301 2378 per
318 2341 461 2369 eumdem
479 2341 630 2369 bonorum
650 2341 863 2376 suppeditatio,
880 2349 1072 2377 consequens

243 2387 309 2422 jam
322 2386 409 2414 fuerit
424 2387 581 2414 disserere.
596 2386 741 2414 Nimirum
759 2393 828 2414 cum
850 2386 949 2414 omnis
964 2389 1072 2415 natura

246 2434 358 2465 creata,
370 2434 433 2460 tum
448 2432 513 2460 haec
522 2431 659 2467 visibilis,
671 2433 736 2459 tum
748 2431 952 2467 intelligibilis,
960 2432 1000 2460 ad
1012 2432 1070 2461 hoc

281 2522 305 2540 ⁵³
316 2522 469 2556 Rom.vui,
485 2523 528 2550 37.
567 2521 701 2550 “Matth.
716 2528 765 2553 xu,
782 2523 826 2549 2t.

244 2574 284 2601 ιιι,
302 2569 345 2596 13.
384 2567 407 2585 ⁵⁹
426 2568 511 2595 Joan.
523 2575 577 2600 ιιι,
594 2568 620 2595 6.

281 2657 319 2693 (1)
341 2657 498 2693 Οὗτωνγάρ,
521 2658 578 2693 etc.
602 2655 676 2683 Editi
699 2657 803 2693 contra
827 2655 966 2693 codicum
992 2664 1067 2685 mss.

243 2691 335 2721 ﬁdem
349 2691 513 2720 hebebabt:
529 2691 711 2728 ὶνιργουμίνην
726 2691 750 2717 iv
772 2694 838 2718 πᾶσι
860 2695 915 2722 τοίς
941 2691 1070 2719 ἐπιτελου-

243 2731 340 2765 μένοις.
356 2729 430 2754 Οὕτω
440 2730 490 2765 γὰρ
507 2727 690 2765 εὐσεϐήσομιη.

281 2765 319 2799 (2)
340 2763 547 2801 Ἐπορεγόμενοιτ
562 2763 691 2801 Quidam
704 2763 823 2791 codices
838 2763 996 2801 ὀρεγόμενοι.

279 2798 317 2838 (3)
337 2798 491 2837 Χαρὶζέται.
521 2799 567 2827 Sic
595 2798 715 2827 codices
742 2807 827 2833 mss.,
852 2798 970 2828 nonut
998 2800 1069 2829 editi

865 2521 889 2539 ⁵⁵
901 2522 923 2549 ιι
933 2521 1007 2550 Tim.
1024 2529 1053 2557 ιι,
1067 2524 1112 2551 29.

1165 2301 1208 2328 19.
1227 2299 1322 2326 Ὀποία
1342 2298 1371 2326 δι
1395 2299 1472 2325 πάλιν
1495 2302 1540 2326 καὶ
1563 2300 1578 2328 ἡ
1604 2300 1676 2336 παρὰ
1698 2303 1743 2325 τοῦ
1769 2300 1872 2336 Πατρός
1892 2300 1931 2334 (4)

1128 2344 1161 2374 εἰς
1182 2345 1252 2380 ἡμᾶς
1271 2343 1308 2370 δι’
1323 2344 1404 2370 αὐτοῦ
1423 2346 1544 2381 χορηγία
1564 2348 1614 2370 τῶν
1630 2343 1745 2379 ἀγαθῶν,
1769 2344 1827 2375 ἑξῆς
1842 2343 1873 2369 ἂν
1889 2346 1929 2374 εἴη

1125 2388 1217 2424 λέγειν.
1240 2388 1308 2424 Ὀτι,
1334 2390 1424 2420 πάσης
1447 2393 1492 2419 τῆς
1517 2390 1626 2425 φύσεως,
1654 2393 1701 2418 τῆς
1726 2387 1750 2414 ἐν
1776 2392 1807 2425 τῇ
1830 2392 1929 2424 κτίσει,

1125 2437 1156 2470 τῇ
1184 2443 1211 2460 τε
1243 2434 1359 2471 ὁρωμένη
1382 2435 1463 2470 ταύτῃ
1493 2435 1537 2459 καὶ
1566 2437 1596 2469 τῇ
1620 2436 1755 2470 νοουμένῃ,
1781 2432 1930 2469 ἐπίμελείας

1151 2523 1175 2542 ⁵⁸
1187 2523 1301 2553 Coloss.
1315 2526 1390 2559 1,12,
1405 2525 1447 2552 t3.
1491 2524 1512 2541 ⁵⁷
1527 2524 1611 2552 Joan.
1626 2526 1723 2560 x1v,6.
1761 2524 1785 2542 ⁵³
1798 2523 1927 2561 Philipp.

1125 2660 1290 2696 χαρίσεταιλ
1298 2658 1362 2685 Mox
1376 2657 1508 2696 itipditis
1524 2659 1536 2696 ο
1553 2659 1648 2694 Κύριος
1659 2658 1728 2694 ημῆν
1744 2657 1848 2690 Ἰησοῦς
1863 2661 1927 2696 πρός

1124 2693 1178 2724 τάιᾱ,
1199 2696 1253 2721 etc.
1269 2694 1386 2721 Veteres
1401 2693 1468 2721 libri
1485 2696 1516 2721 ut
1530 2694 1560 2721 in
1575 2693 1726 2722 centextu.

1162 2730 1200 2764 (4)
1221 2730 1296 2766 Παρὰ
1311 2733 1356 2766 τρο
1370 2732 1483 2766 Πατρός.
1499 2732 1562 2766 Περὶ
1575 2730 1604 2757 in
1617 2729 1760 2766 omnibus
1773 2729 1833 2766 fere
1844 2730 1926 2759 codi-

1124 2765 1210 2792 cibus
1224 2763 1299 2792 mss.
1316 2763 1431 2793 lbidem'
1445 2765 1523 2794 male
1536 2763 1575 2794 in
1598 2765 1684 2794 editis
1711 2768 1755 2792 καὶ
1775 2763 1813 2792 δι’
1831 2767 1922 2794 αὐτοῦ.

1124 2799 1302 2836 Conjunctio
1315 2800 1401 2829 deest
1415 2801 1445 2829 in
1461 2809 1534 2829 mss.
