2027 3144
268 156 318 184 103

957 141 986 169 S.
1008 137 1133 166 BASlLll
1155 136 1263 164 MAGN!

1907 136 1958 163 104

266 218 319 246 nia
329 222 394 244 mea
402 216 455 241 tua
469 212 584 243 sunt,ut
593 209 632 237 ad
641 209 740 245 ipsum
751 206 900 241 originem
910 210 1011 232 rerum
1025 208 1094 229 con-

1158 202 1195 225 τοῦ
1221 200 1317 235 Κυρίου
1337 198 1409 234 ἡμῶν
1425 198 1514 228 Ἰησοῦ
1541 201 1668 236 Χριστοῦ,
1690 195 1726 224 δι’
1746 197 1776 224 οὗ
1802 198 1836 224 τὰ
1861 198 1957 232 πάντα,

265 261 398 289 ditarum
410 257 543 285 referens
560 263 567 282 :
581 255 617 282 Et
627 258 679 281 tua
694 260 760 280 mea
772 253 806 285 69;
823 253 855 278 ut
863 249 933 278 inde
949 246 1095 283 principia

266 303 388 334 creandi
404 301 573 337 accipiens;
599 305 660 326 non
686 296 768 333 quod
793 294 909 323 auxiliis
933 295 1033 320 utatur
1056 290 1096 318 ad

266 335 568 385 operandum,neque
575 341 659 378 quod
670 338 935 377 eiparticularibus
945 335 1096 364 mandatis

266 381 509 426 uniuscujusque
535 387 636 424 operis
657 385 858 413 ministerium
873 381 1072 410 concredatur
1088 387 1095 407 :

265 445 338 466 nam
350 424 430 464 istud
444 424 570 470 quidem
581 430 731 461 servile.et
744 437 761 457 a
772 428 876 456 divina
886 426 1032 461 dignitate
1043 424 1097 452 im-

266 489 372 510 menso
388 480 538 508 semotum
554 475 722 504 intervallo:
740 473 794 501 sed
809 471 893 509 quod
909 470 1036 499 Verbum
1046 477 1098 505 pa-

266 526 361 554 ternis
374 524 463 552 bonis
483 522 617 558 plenum,
638 518 831 555 resplendens
851 525 869 544 a
885 518 979 549 Patre,
994 513 1098 542 omnia

269 570 341 598 facit
353 570 392 597 ad
408 565 635 595 similitudinem
650 565 714 597 eius
729 563 780 599 qui
792 562 890 598 ipsum
908 559 1097 595 genuit.Nam

267 615 291 643 si
303 615 388 649 juxta
403 611 565 640 essentiam
581 608 656 637 nihil
669 607 768 635 differt
780 615 798 634 a
809 608 904 639 Patre,
925 612 980 632 nec
995 606 1098 639 poten-

266 647 311 687 tia
320 658 411 686 etiam
426 665 444 685 a
460 658 543 683 Patre
557 654 682 682 differet.
699 653 791 680 Porro
820 658 950 687 quorum
973 647 1098 684 aequalis

267 705 312 730 est
330 702 473 739 potentia,
495 699 603 727 horum
617 697 742 726 omnino
761 695 886 732 aequalis
900 697 982 722 estet
994 700 1099 728 opera-

266 747 318 775 tio.
331 737 471 775 Christus
495 743 645 780 siquidem
673 742 722 770 Dei
739 741 833 769 virtus
849 742 904 772 est,
921 742 950 766 et
974 737 1024 765 Dei
1051 745 1099 764 sa-

266 791 424 828 pientia”.
448 791 481 817 Et
501 789 544 816 sic
569 787 671 815 omnia
692 794 745 822 per
761 786 860 822 ipsum
878 784 956 811 facta
983 783 1098 816 sunt“,

267 827 432 871 omniaque
447 842 500 870 per
515 833 615 870 ipsum
636 834 666 859 et
679 831 710 858 in
729 831 830 866 ipsum
846 828 968 857 condita
981 829 1052 854 sunt
1064 827 1098 859 ⁷³,

1150 246 1194 270 καὶ
1221 241 1257 269 δι’
1282 244 1309 269 ὃν
1332 245 1365 270 τὰ
1392 245 1485 270 πάντα.
1511 244 1558 270 Διά
1586 245 1661 269 τοῦτο
1687 252 1766 278 φησιν
1798 243 1810 268 ὁ
1837 245 1932 279 Κνριος
1949 252 1955 258 ι

1576 289 1608 318 ὡς
1635 287 1674 314 ἐπ’
1699 287 1776 314 αὑτὸν
1795 290 1841 317 τῆς
1867 286 1956 324 ἀρχῆς

1151 337 1200 359 τῶν
1229 332 1468 370 δημιουργημάτων
1489 332 1649 369 ἀνοιγομένης
1665 341 1671 347 ·
1694 334 1745 359 Καὶ
1777 333 1810 358 τὰ
1839 333 1874 358 σὰ
1894 331 1956 367 ἰμά-

1150 289 1188 314 Τίι
1207 288 1257 324 ἐμὰ
1284 290 1368 315 πάντα
1396 290 1429 315 σα
1449 288 1520 314 ἐστιν
1537 297 1543 303 ·

1152 379 1187 409 ὡς
1219 377 1312 404 ἐκεῖθεν
1337 379 1407 413 αὐτῷ
1436 378 1475 413 (9)
1498 382 1543 408 τῆς
1576 378 1663 407 αἰτίας
1700 380 1745 403 τοῦ
1784 375 1956 414 δημιουργεῖν

1151 424 1331 456 καθηκούσης,
1356 423 1385 449 οὐ
1413 423 1546 459 βοηθείαις
1572 425 1700 459 χρωμένῳ
1728 423 1794 458 πρὸς
1822 425 1869 450 τῆν
1889 421 1956 458 ὶνὲρ-

1151 478 1233 503 γειαν,
1258 467 1320 494 οὐδὲ
1343 472 1400 499 ταῖς
1425 469 1493 494 κατὰ
1519 469 1595 504 μέρος
1625 467 1797 503 ἑπιτροπαις·
1819 469 1866 495 τὴν
1895 466 1956 492 ἑκά-

1154 523 1215 540 στου
1253 514 1329 550 ἔργον
1367 511 1501 539 διακονίαν
1539 514 1716 547 πιστευομένῳ
1734 521 1740 528 ·
1778 511 1957 547 λειτουργικόν

1152 559 1203 594 γὰρ
1219 561 1295 584 τοῦτο
1314 567 1354 593 γε,
1374 560 1418 583 καὶ
1443 561 1490 588 τῆς
1517 558 1584 587 θείας
1613 556 1688 588 ἀξίας
1713 556 1867 592 παμπληθὲς
1895 555 1959 581 ἁπο-

1154 601 1211 629 δέον
1227 610 1234 617 ·
1261 602 1324 628 ἀλλὰ
1349 604 1399 639 γάρ
1423 602 1522 639 πλήρης
1537 602 1596 637 (10)
1610 602 1625 627 ,ὁ
1646 603 1732 636 Λόγος
1749 604 1798 626 τῶν
1825 605 1959 636 πατρικῶν

1154 647 1268 683 ἀγαθῶν,
1299 651 1344 674 τοῦ
1369 649 1470 684 Πατρός
1491 645 1657 682 ὰπολάμψας,
1685 647 1771 672 πάντα
1793 649 1862 671 ποιεῖ
1890 646 1962 670 κατα

1155 696 1200 722 τὴν
1220 703 1265 719 του
1285 695 1455 728 γεννήσαντος
1472 693 1624 728 ὁμοιότητα.
1645 690 1676 717 Εἰ
1700 691 1749 726 γάρ
1775 689 1842 716 κατὰ
1856 691 1902 718 τὴν
1919 689 1961 715 οὔ·

1157 740 1214 764 σίαν
1248 737 1453 774 ἀπαραλλάκτως
1490 738 1556 772 ἔχει,
1593 735 1798 772 ἀπαραλλάκτως
1831 735 1881 765 ἔξει
1914 737 1960 760 καὶ

1155 783 1222 809 κατὰ
1234 785 1281 812 τὴν
1307 781 1428 818 δύναμιν.
1444 782 1491 808 *Ων
1518 779 1547 807 δὲ
1568 782 1583 809 ἠ
1613 779 1724 816 δύναμις
1748 781 1806 814 ἶση,
1835 781 1880 808 ἴση
1907 789 1959 806 που

1155 829 1258 858 πάντως
1268 838 1313 853 και
1328 829 1343 857 ἡ
1361 827 1482 864 ἐνέργεια.
1497 827 1613 864 Χριστὸς
1625 826 1676 862 γάρ
1692 829 1758 852 Θεοῦ
1774 823 1898 861 δύναμις,
1913 827 1960 850 καὶ

267 889 329 910 non
343 869 424 917 quod
436 869 659 907 instrumentali
669 876 805 912 quodam
817 873 956 902 acservili
969 872 1100 900 ministe-

1158 877 1223 899 Θεοῦ
1241 875 1328 909 σοφία,
1351 875 1401 899 Καὶ
1416 872 1484 898 οὕτω
1506 872 1592 897 πάντα
1619 869 1655 897 δι’
1671 870 1752 896 αὑτοῦ
1781 869 1888 905 έγὲνετο,
1913 872 1959 895 καὶ

267 927 311 955 rio
330 926 474 960 fungatur
488 932 494 951 :
509 923 562 950 sed
577 922 661 958 quod
677 925 822 957 tanquam
839 919 976 947 conditor
1000 920 1099 954 pater-

267 979 339 999 nam
349 969 475 1006 impleat
490 967 688 996 voluntatem.

302 1063 348 1088 20.
363 1061 467 1096 Itaque
486 1066 556 1086 cum
570 1057 610 1085 ait
627 1065 633 1084 :
648 1057 712 1092 Ego
723 1063 762 1084 ex
775 1063 821 1084 me
831 1055 895 1089 ipso
906 1054 1023 1082 locutu:
1038 1061 1098 1081 non

269 1113 336 1133 sum
347 1105 381 1138 ⁷³;
394 1107 423 1132 et
437 1111 558 1131 rursum
576 1111 582 1129 :
601 1102 682 1129 Sicut
698 1101 776 1128 dixit
791 1099 868 1127 mihi
881 1100 985 1131 Pater,
1000 1099 1043 1126 ita
1059 1098 1100 1125 lo-

268 1150 380 1186 quor“;
392 1150 436 1176 et:
452 1148 557 1176 Sermo
567 1154 652 1182 quem
669 1145 795 1173 audistis
811 1152 870 1172 non
885 1147 927 1172 est
941 1151 1032 1177 meus,
1048 1142 1100 1171 sed

269 1196 335 1229 ejus
351 1195 403 1229 qui
417 1193 497 1220 misit
512 1192 593 1224 me”;
604 1193 632 1218 et
643 1190 713 1218 alibi
727 1199 733 1216 ε
748 1188 1001 1223 Quemadmodum
1016 1195 1100 1215 man-

273 1239 355 1268 davit
371 1237 446 1265 mihi
460 1237 564 1270 Pater,
582 1236 625 1263 sic
635 1235 761 1271 facio”:
778 1242 838 1262 non
854 1233 938 1269 quod
950 1234 1051 1260 careat
1063 1231 1098 1259 li-

273 1284 347 1312 bero
363 1282 486 1311 arbitrio
506 1289 542 1309 ac
556 1280 715 1309 voluntatis
731 1282 825 1314 motu,
842 1286 940 1315 neque
960 1277 1043 1314 quod
1064 1285 1100 1305 ex

268 1329 346 1357 datis
362 1327 457 1362 signis
467 1326 588 1354 veniam
604 1334 639 1354 ac
654 1325 805 1353 licentiam
817 1323 928 1359 agendi
939 1324 1098 1359 exspectet,

269 1374 338 1402 ideo
350 1372 460 1402 talibus
472 1372 564 1399 utitur
577 1370 688 1399 verbis:
701 1369 754 1398 sed
765 1371 795 1397 ut
804 1369 935 1397 declaret
945 1367 1101 1404 propriam

269 1418 456 1446 voluntatem
482 1416 641 1451 conjuncte
666 1417 756 1450 atque
773 1413 1013 1450 inseparabiliter
1028 1407 1102 1440 Patri

271 1463 486 1492 adhaerentem.
497 1460 623 1489 Proinde
639 1459 720 1496 quod
734 1458 843 1487 dicitur
856 1458 1048 1489 mandatum,
1064 1464 1102 1484 ne

271 1515 443 1536 sermonem
458 1505 656 1542 imperiOsum
670 1512 724 1540 per
740 1503 858 1531 vocalia
871 1510 986 1537 organa
1006 1501 1103 1537 prola-

268 1555 333 1581 tum
342 1549 632 1586 intelligamus,Filio
642 1548 724 1576 velut
732 1548 852 1576 subdite
859 1546 1103 1583 praescribentem

271 1596 347 1634 quid
356 1597 455 1633 facere
463 1594 583 1622 debeat:
597 1593 650 1621 sed
658 1593 746 1629 juxta
757 1600 881 1620 sensum
892 1593 950 1620 Deo
965 1591 1101 1634 dignum,

270 1640 476 1675 intelligamus
492 1637 655 1666 voluntatis
681 1637 999 1671 communicationem,
1013 1635 1105 1664 veluti

271 1686 377 1714 formae
388 1683 560 1719 cujuspiam
574 1682 604 1710 in
618 1681 741 1719 speculo
753 1681 955 1717 imaginem,a
973 1681 1059 1709 Patre
1073 1680 1104 1708 in

271 1730 381 1758 Filium
395 1729 458 1756 sine
473 1730 608 1763 tempore
618 1727 847 1756 demanantem.
862 1727 955 1755 Pater
969 1727 1048 1755 enim
1062 1726 1094 1753 di

273 1774 344 1810 ligit
359 1774 483 1806 Filium,
499 1776 525 1801 et
546 1773 646 1800 omnia
661 1772 789 1800 ostendit
801 1772 889 1800 illi“.
906 1773 1010 1807 Itaque
1024 1778 1106 1807 quaa-

272 1827 393 1856 cunque
407 1818 501 1847 habet
516 1819 610 1851 Pater,
631 1817 693 1845 Filii
704 1819 774 1844 sunt
788 1825 795 1850 ;
813 1824 873 1844 non
885 1815 969 1852 quod
983 1816 1048 1843 haec
1063 1815 1107 1843 illi

271 1863 417 1901 paulatim
433 1864 615 1898 accrescant,
633 1861 686 1890 sed
708 1861 821 1889 adsunt
836 1860 930 1888 semel
953 1860 1106 1888 universa.

272 1910 336 1937 Non
351 1908 432 1936 enim
444 1907 520 1935 inter
535 1906 675 1934 homines
688 1906 742 1942 qui
764 1908 860 1933 artem
883 1905 1055 1941 perdidicit,
1071 1913 1107 1933 ac

271 1953 389 1981 diutina
395 1951 607 1980 exercitatione
621 1951 746 1979 ﬁrmum
756 1950 829 1978 artis
839 1950 870 1978 in
886 1950 988 1978 animo
997 1950 1107 1978 ﬁxum-

271 2005 330 2035 que
345 1997 483 2026 habitum
498 1996 583 2031 gerit,
595 1995 740 2032 deinceps
755 1998 855 2032 potest
873 1995 961 2031 juxta
976 1995 1107 2024 scientias

272 2041 417 2075 rationes,
430 2048 508 2077 quas
520 2040 551 2068 in
560 2041 661 2068 mente
671 2042 759 2075 tenet,
771 2047 826 2076 per
836 2047 900 2067 sese
911 2039 1041 2076 operari,
1058 2039 1107 2068 Dei

272 2094 344 2115 vero
365 2085 522 2123 sapientia,
556 2084 737 2113 architectus
771 2084 920 2112 universae
948 2087 1105 2117 creatura,

273 2139 393 2167 semper
407 2130 648 2167 perfectus,citra
663 2129 821 2158 doctorem
833 2129 965 2166 sapiens,
983 2129 1035 2157 Dei
1050 2130 1108 2157 vir-

273 2179 331 2210 tus,
362 2178 394 2204 in
421 2183 483 2212 quo
503 2177 572 2203 sunt
597 2182 704 2202 omnes
729 2174 866 2202 thesauri
891 2174 1047 2210 sapientiae
1076 2177 1105 2202 et

274 2220 406 2249 scientiae
417 2219 569 2252 occulti",
583 2221 650 2254 eget
661 2219 786 2255 speciali
805 2219 861 2254 18
874 2219 1032 2252 mandato,
1046 2227 1108 2255 quo
1124 2232 1146 2260 ο

273 2265 300 2293 ei
307 2265 416 2293 modus
423 2273 459 2293 ac
465 2272 608 2292 mensura
614 2263 825 2300 operationum
835 2263 1032 2299 prmﬁniatur.
1046 2264 1107 2292 Sci-

273 2307 343 2338 licet
352 2312 383 2338 tu
393 2309 518 2346 quidem
527 2309 617 2337 etiam
627 2309 848 2345 ptedagogeum
857 2310 972 2345 aperies
982 2309 1012 2337 in
1025 2309 1107 2337 vani-

275 2356 333 2383 tate
349 2355 567 2390 cogitationum
582 2357 710 2389 tuarum,
727 2357 755 2382 et
773 2355 854 2382 hunc
869 2354 993 2390 quidem
1014 2354 1107 2382 facies

309 2454 332 2471 ⁶⁹
347 2454 432 2481 Joan.
447 2461 514 2487 xvn,
531 2453 574 2481 to.
631 2454 654 2471 ⁷ο
670 2454 679 2480 Ι
696 2453 761 2481 Cor.
783 2460 804 2485 ι,
819 2454 864 2480 24.

273 2489 299 2508 ⁷⁵
313 2490 471 2524 Joan.x1v,
485 2491 528 2517 24.
568 2490 592 2507 ⁷⁵
608 2489 682 2516 ibid.
694 2490 738 2516 31.
776 2489 798 2505 ⁷⁷
811 2489 896 2516 Joan.
913 2497 940 2522 γ,
957 2491 1001 2516 20,

311 2589 350 2620 (9)
379 2587 464 2623 Αὐτῷ.
493 2587 539 2614 Sic
571 2586 705 2623 plerique
734 2586 851 2614 codices
883 2595 973 2623 mss,,
1003 2585 1110 2623 melius

274 2624 370 2664 multo
379 2631 480 2665 quam
506 2623 536 2651 in
549 2622 679 2650 editione
695 2622 785 2649 Paris.
801 2625 828 2649 et
845 2622 979 2650 secunda
998 2622 1109 2650 Basile-

276 2668 340 2688 ensr
354 2669 444 2685 αντον.

311 2696 367 2730 (10)
384 2695 460 2721 Ἀλλὰ
473 2696 522 2730 γὰρ
545 2694 654 2729 πλήρης.
671 2693 813 2730 Quamvis
831 2693 949 2721 codices
961 2702 1037 2730 mss.
1057 2694 1109 2721 ha-

276 2729 369 2759 beant
385 2730 449 2756 ἀλλὰ
471 2729 572 2767 eam;
587 2731 646 2766 γάρ,
663 2729 851 2765 praeferenda
867 2732 969 2758 tamen
989 2729 1111 2758 videtur

276 2766 404 2801 vulgata
423 2766 583 2802 scriptura.

313 2800 370 2837 (11)
387 2800 493 2831 Καθώςῖ
512 2801 583 2830 Male
598 2801 629 2829 in
651 2800 740 2830 editis
762 2803 830 2830 ante
845 2801 926 2830 hanc
940 2809 1047 2830 vocem
1062 2800 1118 2830 ad-

921 2453 944 2470 τί
965 2453 1050 2481 Joan.
1067 2462 1084 2489 ι,
1101 2455 1128 2481 3.

1155 920 1239 944 πάντα
1262 916 1298 944 δι’
1312 917 1391 943 αὐτοῦ
1405 919 1448 942 καὶ
1468 916 1504 946 εἰς
1519 916 1597 946 αὐτὸς
1613 916 1739 947 ἔκτισται,
1754 915 1801 940 οὐκ
1818 914 1958 951 ὀργανικὴν

1154 973 1212 989 τινα
1226 961 1288 989 οὐδὲ
1305 961 1429 991 δουλικὴν
1458 962 1603 998 ὑπηρεσίαν
1632 960 1801 997 πληροῦντος,
1827 959 1891 985 ἀλλά
1910 957 1959 988 δη-

1153 1008 1353 1044 μιουργικώςτὸ
1369 1007 1495 1042 πατρικὸν
1512 1005 1689 1035 ἐπιτελοῦντος
1705 1004 1813 1040 θέλημα.

1188 1054 1232 1080 20.
1260 1051 1339 1078 Ὀταν
1371 1051 1414 1077 οὖν
1436 1050 1496 1087 λέγῃ
1515 1059 1521 1066 ”
1543 1050 1608 1086 Ἐγὼ
1634 1049 1660 1080 ἐξ
1679 1049 1794 1086 ἐμαυτοῦ
1824 1048 1872 1074 οὐκ
1896 1047 1957 1074 ἰλοὶ-

1152 1096 1243 1126 λησα·
1282 1098 1326 1122 καὶ
1363 1095 1464 1122 πάλιν·
1505 1095 1596 1126 Καθὼς
1634 1095 1720 1131 εἴρηκέ
1746 1103 1791 1130 μοι
1819 1093 1831 1118 ὁ
1855 1094 1959 1129 Πατὴρ,

1153 1142 1219 1168 οὕτω
1246 1141 1336 1167 λαλῶ·
1366 1142 1422 1174 καὶ,
1451 1139 1480 1165 Ὀ
1509 1139 1585 1175 λόγος
1618 1138 1644 1165 ὃν
1672 1138 1788 1169 ἀκούετε,
1816 1137 1863 1163 οὐκ
1883 1139 1960 1163 ἔστιν

1153 1186 1224 1223 ἐμὸς,
1256 1185 1319 1212 ἀλλά
1349 1188 1395 1212 τοῦ
1421 1184 1569 1220 πέμψαντός
1589 1193 1621 1220 με
1636 1192 1642 1198 ·
1665 1186 1709 1210 καὶ
1736 1183 1842 1220 ἑτέρωθι
1858 1193 1863 1199 ·
1887 1183 1960 1208 Καθ-

1153 1234 1188 1262 ὼς
1213 1231 1270 1266 (11)
1298 1229 1436 1257 ἐνετείλατό
1469 1239 1514 1266 μοι
1543 1230 1556 1255 ὁ
1581 1231 1683 1266 Πατὴρ,
1715 1229 1784 1255 οὕτω
1802 1231 1868 1254 ποιῶ
1884 1235 1891 1242 ·
1912 1227 1961 1253 οὐκ

1155 1275 1327 1312 ἀπροαιρετος
1342 1275 1385 1309 ὢν,
1402 1272 1465 1301 οὐδε
1480 1274 1620 1310 ἀνόμητος,
1640 1271 1702 1300 οὐδὲ
1716 1274 1745 1299 τὸ
1770 1272 1797 1298 ἐκ
1821 1276 1870 1298 τῶν
1900 1281 1961 1298 συν-

1282 1098 1326 1122 καὶ
1363 1095 1440 1122 πάλιν
1457 1104 1464 1110 ·

1157 1321 1278 1356 ϐημάτων
1307 1318 1446 1356 ἐνδόσιμον
1472 1319 1613 1355 ἀναμένων,
1638 1321 1696 1348 ταῖς
1726 1318 1861 1347 τοιαύταις
1890 1320 1961 1352 χρῆο

1155 1375 1199 1392 ται
1225 1368 1318 1401 φωναῖς
1335 1373 1341 1379 ·
1361 1364 1426 1390 ἀλλὰ
1453 1362 1540 1393 δηλῶν
1567 1365 1614 1392 τὴν
1643 1363 1739 1388 οἰκείαν
1757 1364 1862 1398 γνώμην
1889 1361 1960 1389 ἠνω-

1156 1412 1237 1447 μένως
1264 1412 1310 1435 καὶ
1330 1407 1498 1440 ἁδιαστάτως
1526 1408 1573 1434 τοῦ
1603 1410 1703 1444 Πατρός
1728 1406 1865 1443 ὶχομένην.
1892 1405 1962 1442 Ἀρα

1157 1453 1200 1481 οὖν
1221 1457 1264 1481 καὶ
1296 1457 1343 1484 τὴν
1374 1453 1513 1490 λεγομένην
1541 1452 1643 1482 ἐντολὴν
1674 1454 1708 1488 μὴ
1741 1451 1815 1488 λόγον
1841 1460 1962 1487 προστα-

1157 1501 1245 1525 κτικὸν
1272 1497 1319 1525 διὰ
1351 1502 1401 1524 τῶν
1423 1502 1574 1534 φωνητικῶν
1602 1498 1716 1535 ὀργάνων
1750 1495 1963 1532 ἐξαγγελλόμενον

1123 1543 1331 1580 οέκδεχὼμεθα
1358 1544 1425 1579 (12),
1449 1546 1508 1579 περὶ
1545 1547 1594 1569 τῶν
1623 1543 1750 1571 ποιητέων
1777 1545 1812 1576 τῷ
1838 1541 1901 1576 Υἱῷ,
1931 1541 1964 1570 ὡς

1159 1590 1277 1625 ὑπηκόῳ,
1304 1589 1513 1624 νομοθετοῦντα·
1545 1587 1610 1614 ἀλλὰ.
1637 1588 1782 1623 θεοπρεπῶς
1807 1589 1904 1621 νοῶμεν
1926 1585 1965 1610 θε-

1158 1633 1273 1669 λήματος
1297 1631 1422 1659 διάδοσιν
1444 1632 1496 1658 οἶόν
1522 1640 1591 1662 τινος
1615 1635 1718 1668 μορφῆς
1737 1631 1849 1666 ἔμφασιν
1866 1629 1923 1664 (13)
1940 1627 1964 1654 ἐν

1159 1681 1308 1716 κατόπτρῳ,
1325 1677 1352 1704 ἐκ
1368 1679 1469 1714 Πατρός
1493 1676 1529 1707 εἰς
1543 1677 1603 1703 Υὶὸν
1628 1675 1748 1713 ὰχρόνως
1768 1673 1963 1710 διὶκνουμὲνην.

1158 1726 1187 1749 Ὀ
1215 1733 1266 1761 γαρ
1304 1724 1394 1759 Πατὴρ
1433 1722 1524 1757 ἀγαπᾷ
1560 1723 1604 1747 τὸν
1632 1721 1701 1754 Υὶὸν,
1726 1721 1772 1746 καὶ
1799 1720 1884 1746 πάντα
1910 1716 1963 1744 δεί-

1160 1777 1251 1794 κνυσιν
1276 1767 1359 1802 αὐτῷ.
1378 1766 1459 1793 Ὠστι
1486 1767 1572 1793 πάντα
1599 1765 1649 1791 ὅσα
1679 1766 1735 1800 ἔχει
1757 1765 1771 1790 ὀ
1795 1765 1893 1800 Πατὴρ,
1914 1765 1963 1788 τοῦ

1161 1814 1223 1840 Υἰοῡ
1260 1811 1340 1845 ἑστιν,
1365 1811 1396 1837 οὐ
1433 1812 1500 1837 κατὰ
1536 1811 1629 1846 μικρὸν
1667 1810 1867 1846 προσγινόμεοα,
1904 1805 1960 1832 ἀλλ’

1162 1857 1262 1894 ἁθρόως
1292 1858 1418 1894 παρόντα.
1448 1855 1485 1882 Οὐ
1505 1855 1556 1892 γὰρ
1586 1853 1673 1884 δήπου
1694 1853 1718 1880 ἄν
1744 1855 1789 1890 μὶν
1818 1852 1968 1889 ἀνθρώποις

1161 1903 1175 1929 ό
1189 1903 1235 1931 τὴν
1254 1903 1350 1937 τέχνην
1367 1898 1538 1936 ἕκδιδαχθεὶς
1556 1901 1602 1925 καὶ
1630 1901 1728 1935 παγίαν
1756 1898 1838 1928 αὐτῆς
1854 1896 1901 1924 διὰ
1918 1901 1968 1927 τῆς

1161 1949 1271 1984 χρονίας
1289 1945 1394 1982 μελέτης
1409 1946 1477 1981 ἔχων
1503 1946 1551 1974 τὴν
1579 1944 1631 1975 ἕξιν
1656 1941 1825 1981 ἑνιδρυμίνην
1851 1940 1968 1968 δύναται

1160 1991 1250 2018 λοιπὸν
1287 1991 1355 2017 κατὰ
1388 1991 1449 2020 τοὺς
1486 1989 1695 2025 ἑναποκειμένους
1731 1987 1802 2023 αὐτῷ
1837 1990 1885 2018 τῆς
1912 1986 1970 2013 ἐπι-

1163 2039 1267 2073 στήμης
1294 2035 1384 2071 λόγους
1398 2035 1457 2061 καθ’
1470 2034 1561 2061 ἑαυτὸν
1589 2032 1697 2070 ἐνεργεῖν
1713 2043 1720 2050 ·
1746 2033 1762 2062 ἠ
1793 2030 1824 2059 δί
1836 2035 1884 2058 τοῦ
1903 2033 1972 2058 Θεοῦ

1164 2083 1252 2118 σοφία,
1279 2081 1292 2107 ὁ
1321 2079 1484 2117 δημιουργὸς
1510 2080 1597 2109 πάσης
1612 2078 1668 2114 (ib)
1684 2079 1803 2110 κτίσεως,
1824 2078 1838 2103 ό
1863 2075 1903 2103 ἀεὶ
1930 2078 1974 2103 τί.

1161 2126 1238 2162 λειος,
1255 2127 1267 2152 ὁ
1283 2123 1434 2156 ἀδιδάκτως
1450 2126 1540 2160 σοφὸς,
1557 2125 1572 2153 ἡ
1600 2127 1646 2150 τοῦ
1667 2126 1734 2150 Θεοῦ
1756 2120 1881 2158 δύναμις,
1904 2121 1931 2148 ἐν
1951 2121 1973 2146 ὦ

1161 2172 1255 2202 πάντες
1278 2172 1303 2197 οὶ
1330 2171 1460 2207 θησαυροὶ
1496 2173 1544 2200 τῆς
1571 2171 1664 2205 σοφίας
1696 2170 1742 2194 καὶ
1777 2171 1824 2197 τῆς
1850 2169 1975 2202 γνώσεως

1163 2215 1319 2252 ἀπόκρυφοι,
1341 2219 1389 2246 τῆς
1413 2216 1481 2241 κατὰ
1501 2216 1577 2252 μέρος
1609 2213 1768 2244 ἐπιστασίας
1800 2210 1973 2250 προσδεῖται,

1162 2263 1205 2287 τὸν
1229 2262 1323 2297 τρόπον
1343 2260 1414 2295 αὐτῷ
1433 2261 1478 2285 καὶ
1501 2261 1530 2285 τὸ
1563 2260 1655 2294 μέτρον
1675 2261 1725 2283 τῶν
1755 2257 1887 2293 ἐνεργειῶν
1918 2257 1974 2293 ὀρι-

1164 2307 1271 2338 ζοὺσης.
1288 2305 1373 2331 Ἠττον
1401 2305 1434 2330 σὺ
1460 2313 1490 2339 γε
1518 2305 1562 2329 καὶ
1585 2300 1781 2338 παιδαγωγεῖον
1807 2301 1920 2333 ἀνοίξεις
1949 2301 1974 2327 ἐν

1162 2359 1191 2391 τῇ
1221 2356 1379 2391 ματαιότητί
1398 2363 1444 2380 σου
1473 2357 1523 2379 τῶν
1544 2352 1690 2388 λογισμῶν,
1706 2354 1752 2377 καὶ
1771 2352 1815 2378 τὸν
1835 2352 1882 2387 μὲν
1907 2360 1975 2387 προ-

1791 2449 1816 2466 7"
1833 2447 1908 2476 ibid.
1928 2450 1975 2477 50.

1184 2453 1209 2471 ⁷³
1222 2452 1337 2481 Coloss.
1353 2458 1372 2486 ι,
1391 2453 1433 2480 16.
1489 2451 1514 2468 ⁷³
1526 2450 1612 2478 Joan.
1629 2457 1676 2484 xu,
1691 2450 1735 2477 49.

1041 2489 1066 2507 ⁷³
1083 2489 1201 2517 Coloss.
1219 2497 1247 2523 ιι,
1262 2490 1290 2517 3.

1165 2585 1245 2613 ditur
1258 2583 1431 2620 conjunctio
1443 2585 1488 2609 καί
1503 2590 1571 2618 quae
1586 2582 1672 2610 abest
1682 2590 1700 2610 a
1715 2590 1787 2610 mss.
1811 2582 1977 2618 Aliquanto

1165 2624 1233 2658 post
1246 2621 1307 2658 duo
1318 2619 1440 2658 codices
1455 2621 1586 2658 κέχρηται
1599 2622 1704 2658 φωναῖς.
1735 2647 1758 2658 ,Α

1201 2658 1256 2693 (12)
1274 2651 1562 2693 Ἐκὸεχώμεοακιλῖιιιξ
1574 2651 1669 2693 code;
1685 2651 1976 2690 ἐπιδεχώμεθα.Α11υς

1166 2689 1355 2728 ἑπίδεχόμεθαξ
1364 2689 1370 2691 ⁷
1378 2689 1440 2719 Duo
1452 2690 1501 2718 alii
1517 2689 1691 2728 ἐκδεχόμεθμ.

1203 2723 1260 2763 (13)
1278 2724 1418 2764 “Eg-(pawn.
1435 2728 1504 2754 Tres
1519 2723 1639 2764 codices
1658 2723 1774 2754 ἔνδοσιν,

1203 2765 1262 2800 (14)
1278 2762 1378 2794 means.
1393 2765 1462 2791 Tres
1475 2771 1548 2790 mss.
1564 2762 1682 2792 ἁπάσης.
