2027 3144
265 156 314 182 147

956 157 983 183 S.
1005 157 1129 183 BASILII
1149 155 1256 183 MAGNI

1895 154 1946 181 H8

260 217 314 244 tim
327 225 396 245 cum
410 217 475 245 aliis
487 217 517 245 in
533 217 607 246 locis
622 218 759 253 impietas
775 227 793 246 a
806 218 893 245 nobis
903 225 958 254 pro
973 218 1087 245 viribus

1148 221 1275 253 ταροῦσαν
1292 218 1383 254 ὁρμήν,
1401 216 1483 247 ille»;
1508 226 1535 242 τε
1556 219 1600 242 καὶ
1626 215 1650 242 ἐν
1676 215 1763 246 iuet;
1784 217 1853 242 κατὰ
1868 215 1947 242 δύνα-

258 261 387 290 refutata
400 262 447 290 sit.
465 262 551 294 Quod
568 262 593 289 si
604 262 658 289 soli
674 263 794 298 Spiritui
805 264 913 298 putant
927 263 1086 290 convenire

259 306 697 339 subnumerationem,discant
714 307 856 343 Spiritum
872 307 978 335 eodem
995 308 1087 335 modo

257 351 445 385 pronuntiari
476 359 544 379 cum
583 351 720 383 Domino.
752 352 908 387 quomodo
938 354 966 379 et
1001 352 1086 379 Filius

256 396 468 430 pronuntiatur
483 404 552 423 cum
575 398 672 423 Patre.
703 397 817 423 Nomen
843 396 922 423 enim
944 397 1039 424 Patris
1061 400 1088 424 et

257 440 317 467 Filii
331 442 358 467 et
374 440 500 475 Spiritus
519 440 614 467 sancti
639 440 772 468 similiter
788 441 901 468 editum
917 443 970 468 est.
986 442 1088 477 Itaque

255 484 517 520 quemadmodum
545 493 575 512 se
590 484 681 512 habet
700 484 788 512 Filius
802 485 840 512 ad
854 485 984 519 Patrem,
996 486 1036 513 ita
1050 485 1088 513 ad

257 529 362 557 Filium
381 537 445 556 sese
456 529 548 557 habet
559 529 696 565 Spiritus,
719 529 886 557 secundum
903 530 1044 558 traditum
1058 530 1088 558 in

254 573 406 609 baptismo
424 573 585 601 verborum
602 574 739 601 ordinem
753 575 788 600 ⁷⁸.
816 574 901 606 Quod
925 575 949 601 si
965 574 1089 610 Spiritus

255 618 460 653 Filiojuuctus
486 621 539 652 est,
565 619 620 654 37
645 618 734 646 Filius
759 621 861 647 autem
878 619 975 650 Patri;
996 620 1090 656 liquet

255 662 358 698 ipsum
369 662 459 690 etiam
472 662 613 699 Spiritum
635 663 714 691 Patri
740 663 876 699 adjungi.
891 665 984 696 Quem
1000 664 1091 699 igitur

255 707 356 734 10‘um
372 707 510 741 habet,ut
521 708 624 735 dicant
635 707 762 736 alterum
782 709 1006 739 connumerari,
1022 709 1091 743 alte_

254 759 322 778 rum
337 751 632 783 subnumerari,cum
646 752 675 779 in
688 760 748 779 una
760 752 929 788 eademque
946 753 1020 780 serie
1040 761 1090 781 no.

255 796 340 823 mina
354 795 415 823 sint
427 795 590 823 ordinata?
601 797 633 823 In
649 805 771 824 summa
794 804 898 833 porro,
913 805 982 833 qum
999 806 1044 825 res
1055 806 1091 825 ex

257 841 338 868 omni
356 848 454 868 rerum
467 848 574 875 genere
590 849 725 876 unquam
744 849 762 869 a
787 849 842 869 sua
867 842 964 878 ipsius
982 845 1092 870 natura

257 885 366 913 excidit
381 885 455 913 dum
468 886 780 914 numeratur?l\‘onne
794 887 894 922 potius
906 895 973 923 quae
988 895 1092 920 nume_
1108 897 1127 923 Β

257 932 371 964 rantur,
382 930 451 958 talia
463 933 658 966 perseverant
671 930 773 966 qualia
786 934 856 958 sunt
867 931 906 959 ab
920 932 1022 965 initio;
1039 940 1093 960 nu.

257 983 358 1002 merus
370 977 471 1002 autem
486 974 648 1002 adhibetur
668 983 685 1002 a
700 975 788 1003 nobis
800 984 854 1003 ceu
881 976 1013 1010 signum,
1030 984 1092 1012 quo

257 1019 427 1046 declaratur
434 1019 593 1046 multitudo
603 1019 848 1055 suppositorum?
855 1022 930 1048 Nam
941 1029 977 1047 ex
989 1028 1092 1057 corpo-

257 1063 342 1091 ribus
355 1063 414 1091 alia
429 1063 700 1098 numeramus,alia
709 1064 923 1098 metimur,alia
934 1064 1090 1095 libramus;

261 1110 289 1135 et
304 1116 435 1143 quorum
450 1109 594 1136 continua
608 1111 652 1136 est
664 1111 782 1144 natura,
803 1118 838 1137 ea
853 1117 997 1137 mensura
1010 1118 1092 1138 com-

258 1153 617 1188 prehendimus;quorum
624 1153 895 1184 discretamnmero
903 1154 1080 1190 subjicimus

259 1197 391 1232 exceptis
404 1197 439 1224 iis
461 1205 529 1233 qua:
543 1198 583 1225 ob
597 1198 772 1226 tenuitatem
797 1206 902 1226 rursus
916 1199 992 1226 tiunt
1003 1199 1092 1227 etiam

259 1249 327 1269 men
333 1242 486 1275 surabilia;
494 1250 562 1278 quae
571 1250 640 1270 vero
650 1243 753 1278 gravia
762 1243 926 1275 suntJibi-aa
939 1247 1093 1272 momento

259 1286 540 1315 discernimusNon
551 1288 652 1323 itaque
661 1288 806 1324 quoniam
821 1289 909 1316 nobis
922 1289 994 1325 ipsis
1008 1290 1094 1323 signa.

259 1331 298 1358 ad
322 1332 498 1366 quantitatis
520 1333 656 1360 notitiam
681 1333 930 1368 excogitavimus,
957 1335 1094 1369 protinus

258 1376 348 1403 etiam
363 1378 502 1404 naturam
519 1385 623 1404 eorum
640 1385 708 1414 quae
727 1378 849 1413 signata
863 1381 942 1414 sunt,
955 1379 1090 1407 immuta.

257 1421 369 1448 vimus.
384 1421 647 1452 Quemadmodum
664 1422 756 1457 igitur
768 1430 836 1458 quae
855 1422 931 1451 libra
952 1424 1094 1459 expendi-

257 1474 337 1501 mus,
353 1475 388 1494 ea
399 1475 460 1494 non
475 1466 680 1495 sublibramus
696 1468 773 1495 inter
786 1476 858 1503 sese,
868 1469 986 1496 etiamsi
997 1477 1093 1496 unum

258 1511 294 1538 sit
309 1519 428 1545 aurum,
442 1511 571 1539 alterum
585 1515 727 1540 stanuum
742 1521 748 1543 ;
765 1520 864 1548 neque
892 1513 1094 1541 submetimur

257 1564 324 1592 quae
338 1563 481 1584 mensura
493 1556 708 1591 dijudicantur:
725 1557 764 1584 ita
777 1565 831 1584 nec
849 1564 885 1584 ea
905 1565 972 1592 quae
988 1565 1092 1585 nume-
1107 1572 1127 1599 ρ

256 1602 371 1634 rantur,
388 1600 448 1627 ullo
476 1600 568 1628 modo
593 1600 896 1628 subnumerabimus.
914 1601 1001 1634 Quod
1027 1602 1092 1630 siin

257 1644 371 1672 caeteris
383 1644 459 1672 nihil
475 1648 528 1677 est.
543 1645 627 1681 quod
641 1645 942 1674 subnumerationem
956 1646 1089 1683 recipiat.

257 1696 320 1724 qua
330 1688 425 1716 fronte
441 1688 545 1716 dicunt
564 1689 685 1725 Spiritui
701 1692 872 1725 competere
893 1690 1091 1719 subnumera-

256 1733 393 1761 tionem?
412 1735 448 1761 At
461 1733 491 1761 hi
514 1734 632 1762 ethnico
653 1734 761 1761 morbo
782 1734 967 1770 laborantes,
992 1735 1090 1762 existi-

1142 271 1186 297 μιν
1212 261 1252 297 ὑφ’
1271 262 1342 297 ἡμῶν
1375 266 1422 291 τῆς
1447 260 1563 290 ἀσεϐείας
1592 259 1786 296 διελεγθεὶσης²
1812 261 1834 286 εἰ
1856 259 1886 286 δε
1910 265 1946 295 τῷ

1143 308 1274 342 Πνεῦματι
1302 309 1406 343 πρέπειν
1444 307 1541 332 οἴονται
1578 308 1647 342 μόνῳ
1684 308 1728 334 τήν
1750 307 1945 343 ύπαρίθμησιν,

1143 352 1353 387 μανθανέτωσαν,
1382 351 1421 376 ὅτι
1446 352 1513 376 κατὰ
1532 352 1574 376 τὸν
1589 350 1666 376 αὐτόν
1693 353 1788 387 τρόπον
1809 359 1947 386 συνεκφω-

1142 399 1222 421 νεῖται
1238 399 1274 430 τῷ
1301 398 1388 431 Κυρίῳ
1411 396 1512 429 (36]1'6
1528 398 1640 431 Πνεῦμα,
1666 395 1725 421 καθ’
1744 395 1771 421 ὃν
1790 396 1864 421 καὶὸ
1889 396 1947 427 Υἱὸς

1143 444 1179 475 τῷ
1197 442 1292 476 Πατρί.
1317 442 1351 466 Τὸ
1367 441 1416 476 γὰρ
1431 442 1510 476 ὄνομα
1526 442 1627 476 Πατρός
1651 442 1695 466 καὶ
1720 440 1783 466 Υἰοῦ
1809 443 1854 466 καὶ
1870 439 1947 475 ἁγίου

1145 486 1293 520 Πνεύματος
1318 486 1411 520 ὁμοίως
1429 483 1576 512 ἐκδίδοται,
1592 484 1635 515 Ὠς
1658 487 1742 510 τοίνυν
1769 485 1826 520 ἔχει
1846 485 1858 510 ὁ
1886 486 1947 514 Υἱὸς

1143 531 1208 566 πρὸς
1227 531 1270 555 τόν
1298 531 1410 565 Πατέρα,
1443 530 1510 555 οὕτω
1536 531 1597 566 πρὸς
1628 531 1671 555 τὸν
1699 531 1759 556 Υἱὸν
1789 531 1819 555 τὸ
1840 532 1949 564 Πνεῦμα

1144 576 1210 600 κατὰ
1226 578 1271 603 τὴν
1287 574 1310 599 ἐν
1325 579 1360 609 τῷ
1372 573 1544 610 ’βαπτίσματι
1558 572 1774 610 παραδεδομένην
1798 578 1844 600 τοῦ
1868 574 1948 609 λόγου

1146 619 1276 650 σύνταξιν.
1293 619 1324 645 Εἰ
1340 617 1369 645 δε
1394 621 1423 644 τὸ
1450 621 1556 655 Πνεῦμα
1577 622 1614 653 τῷ
1642 619 1693 654 Υἱῷ
1722 621 1902 651 συντέτακται,
1936 620 1948 644 ὀ

1146 662 1175 690 δε
1197 665 1254 693 Υἱὸς
1283 667 1318 698 τῷ
1336 666 1432 700 Πατρὶ,
1455 662 1575 692 δηλονότι
1591 664 1645 699 (37)
1665 665 1710 689 καὶ
1729 666 1757 689 τό
1773 666 1881 699 Πνεῦμα
1913 673 1948 699 τῳ

1147 711 1241 744 Πατρί.
1267 710 1331 734 Τίνα
1350 709 1393 734 οὖν
1409 710 1465 743 ἔχει
1486 711 1575 745 χώραν
1594 710 1623 734 τό
1642 709 1687 744 μεν
1715 709 1946 744 συναριθμεῖσθαι,

1145 755 1173 779 τό
1196 751 1225 778 δέ
1251 753 1458 789 ὑπαριθμεῖσθαι
1478 753 1567 788 λέγειν,
1589 754 1613 778 ἓν
1626 756 1675 788 μιᾷ
1694 755 1738 778 καὶ
1753 756 1784 788 τῇ
1801 753 1867 789 αὐτῇ
1897 762 1948 779 σν-

1792 797 1876 828 Ὀλως
1907 796 1948 827 δε,

1146 844 1172 867 τί
1199 845 1248 867 τῶν
1278 843 1379 867 πάντων
1417 841 1505 872 ἐξέστη
1543 843 1604 867 ποτε
1642 846 1687 873 τῆς
1725 841 1817 868 ἑαυτοῦ
1847 843 1949 877 φύσεως

1148 799 1256 833 στοιχίᾳ
1283 800 1512 833 κατατεταγμενων
1532 802 1582 823 τῶν
1611 797 1765 833 ὀνομάτων;

1148 885 1334 923 ἀριθμούμενον
1351 895 1356 920 ;
1373 886 1439 913 Ἀλλ’
1456 886 1520 922 οὑχὶ
1545 888 1576 912 τὰ
1596 888 1640 923 με,
1670 886 1803 924 ὰριθμητὰ
1831 885 1949 923 διαμένει

1147 931 1190 956 οἵα
1217 933 1326 966 πέφυκεν
1353 930 1378 962 ἐξ
1402 930 1498 966 ἀρχῆς,
1519 932 1531 956 ό
1547 929 1575 957 δὲ
1593 930 1700 967 ἀριθμός
1725 935 1830 967 σημεῖον
1855 941 1951 968 γνωρι-

1149 977 1237 1001 στικόν
1275 979 1321 1001 τοῦ
1359 975 1472 1005 πλήθους
1504 979 1554 1001 τῶν
1587 977 1760 1012 ὑποκειμένων
1786 975 1848 1013 παρ’
1875 977 1950 1011 ἡμῶν

1148 1019 1321 1057 ἑφαρμόζιται
1337 1029 1341 1053 ;
1358 1023 1414 1046 Τῶν
1436 1021 1484 1057 γὰρ
1510 1022 1632 1057 συμιίτων
1648 1022 1680 1046 τὰ
1708 1021 1752 1057 μὶν
1777 1019 1949 1057 ἀριθμοῦμεν,

1148 1066 1180 1090 τὰ
1209 1062 1238 1090 δὲ
1264 1068 1415 1101 μετροῦμεν,
1434 1066 1466 1090 τὰ
1493 1063 1523 1091 δὲ
1549 1065 1744 1101 σταθμώμεθα*
1766 1067 1810 1091 καὶ
1840 1065 1874 1090 ὧν
1904 1067 1949 1100 μὲν

1150 1111 1262 1144 συνεχὴς
1290 1110 1304 1137 ἡ
1335 1110 1422 1144 φύσις,
1448 1111 1532 1146 μέν-ρῳ
1550 1109 1790 1146 καταλαμϐάνομεν,
1806 1109 1839 1134 ὧν
1863 1108 1894 1135 δέ
1909 1108 1950 1135 δι-

1148 1156 1289 1190 ωρὶσμίνη,
1317 1157 1352 1188 τῷ
1379 1153 1481 1191 ἀριθμῷ
1511 1153 1696 1190 ὑποϐάλλομεν.
1731 1153 1793 1183 πλὴν
1827 1154 1879 1180 ὅσα
1903 1152 1950 1180 διὰ

1873 1200 1907 1224 τὰ
1920 1197 1949 1225 δε

1149 1242 1219 1279 βάρη
1236 1246 1293 1273 ταῖς
1308 1242 1349 1269 ἐπὶ
1361 1247 1407 1269 τοῦ
1423 1243 1504 1279 ζυγοῦ
1517 1244 1611 1280 ῥοπαῖς
1639 1242 1814 1281 διακρίνομεν.
1845 1244 1884 1270 Οὐ
1899 1246 1947 1270 τοί-

1147 1197 1290 1226 λεπτότητα
1313 1200 1358 1223 καὶ
1380 1198 1446 1224 αὐτά
1474 1198 1550 1224 πάλιν
1579 1200 1694 1235 μετρητὰ
1722 1201 1820 1234 γίνεται
1838 1208 1845 1214 ν

1147 1298 1201 1320 νυν,
1218 1286 1308 1316 ὶπειδὴ
1323 1288 1425 1318 ἑαυτοῖς
1440 1291 1536 1324 σημεῖα
1556 1290 1621 1325 πρὸς
1635 1290 1681 1317 τὴν
1694 1292 1739 1314 τοῦ
1754 1292 1838 1314 ποσοῦ
1853 1294 1949 1323 γνῶσιν

1149 1332 1330 1368 ἐπενοήσαμεν,
1360 1332 1414 1362 ἤδη
1432 1335 1477 1358 καὶ
1500 1335 1547 1362 τὴν
1577 1335 1654 1369 φύσιν
1677 1337 1727 1359 τῶν
1753 1334 1948 1369 σημειωθέντων

1150 1377 1302 1413 ὴλλάξαμεν.
1317 1381 1417 1414 Ὥσπερ
1433 1378 1477 1403 οὖν
1505 1378 1556 1413 οὐχ
1580 1379 1808 1414 ῦποσταθμώμςθα
1830 1377 1949 1408 ἀλλήλοις

1148 1422 1181 1447 τὰ
1197 1423 1345 1458 σταθμητὰ,
1361 1421 1408 1448 κᾶν
1423 1425 1451 1448 τὸ
1480 1424 1524 1458 μεν
1547 1425 1659 1459 χρυσός,
1681 1425 1709 1449 τό
1739 1421 1767 1449 δὲ
1793 1426 1948 1459 κασσίτερος

1149 1464 1175 1501 ᾖ,
1201 1465 1263 1492 οὐδὲ
1289 1467 1482 1504 ὑπομετροῡμεν
1511 1469 1544 1493 τὰ
1567 1469 1682 1504 μετρητά
1699 1477 1705 1484 ·
1734 1468 1814 1498 οὕτως
1840 1467 1903 1494 οὐδε
1917 1470 1949 1494 τὰ

1149 1509 1281 1546 ἁριθμητὰ
1300 1512 1401 1541 πάντως
1424 1512 1650 1549 ὑπαριθμήσομεν.
1682 1512 1711 1538 Εἰ
1735 1510 1764 1538 δὲ
1793 1510 1869 1538 οὗδὲν
1900 1516 1948 1537 τῶν

1147 1554 1229 1580 ἄλλων
1257 1557 1304 1584 τὴν
1332 1556 1513 1591 ὐπαρίθμησιν
1543 1555 1661 1592 δέχεται,
1681 1557 1736 1586 πῶς
1753 1560 1788 1591 τῷ
1816 1558 1949 1593 Πνεῦματί

1148 1609 1211 1635 φασι
1239 1602 1381 1636 προσήκειν
1410 1601 1616 1638 ῦπαριθμεῖσθαι
1631 1609 1638 1635 ;
1654 1601 1731 1628 Ἀλλά
1752 1603 1785 1627 τὰ
1813 1601 1947 1630 ’ἑλληνικά

1145 1647 1278 1674 νοσοῦντες
1296 1646 1392 1671 οἴονται
1418 1646 1451 1671 τὰ
1470 1646 1538 1671 κατὰ
1562 1645 1664 1682 βαθμὸν
1681 1645 1833 1682 ἀξιωμάτων
1855 1647 1912 1681 (38)
1933 1646 1946 1674 ἢ

1145 1690 1212 1714 κατὰ
1225 1689 1317 1720 οὐσίας
1328 1690 1418 1725 ὕφεσιν
1431 1690 1614 1722 ὑποϐαίνοντα,
1628 1694 1710 1716 ταῦτα
1724 1693 1869 1726 προσήκειν
1885 1691 1947 1716 ὑπα-

1144 1733 1307 1769 ριθμείσθαι.

256 1780 342 1806 mant
355 1786 424 1814 quae
439 1778 593 1814 dignitatis
609 1778 705 1814 gradu
721 1780 773 1806 aut
788 1781 903 1807 natura»:
917 1787 952 1807 ac
975 1776 1152 1808 substantiae
1168 1778 1370 1807 submissione
1392 1779 1533 1808 inferiora
1548 1782 1628 1813 sunt,
1640 1780 1676 1807 iis
1693 1780 1857 1808 convenire
1874 1779 1945 1807 sub-

256 1822 508 1852 numerationem.

563 1877 679 1905 CAPUT
699 1879 782 1905 XVIII

259 1932 408 1964 Quomodo
422 1932 454 1960 in
468 1931 653 1967 professione
677 1932 770 1959 trium
787 1931 985 1966 hypostaseon
999 1933 1086 1967 pium

293 1967 479 1995 monarchiz
490 1968 599 2003 dogma
613 1975 778 2001 servamus,
790 1967 841 1994 ubi
856 1971 883 1995 et
903 1976 1014 2001 eorum,
1034 1968 1087 2003 qui

294 2004 399 2032 dicunt
409 2004 558 2038 Spiritum
569 2003 790 2037 subnumerari,
803 2003 962 2038 refutatio.

292 2094 336 2120 44.
351 2093 425 2120 Cum
443 2092 561 2119 Patrem
573 2093 601 2119 et
618 2090 722 2119 Filium
738 2094 766 2119 et
790 2091 933 2127 Spiritum
948 2094 1089 2120 sanctum

256 2137 387 2164 traderet
395 2136 612 2168 Dominus,non
618 2144 688 2163 cum
695 2144 823 2163 numero
830 2136 921 2163 simul
931 2136 1090 2170 tradidit”,

1414 1879 1609 1904 ΚΕΦΛΛΔῙΟΝ
1638 1878 1679 1905 III'

1143 1933 1201 1960 Πῶς
1216 1929 1240 1956 ἐν
1253 1935 1284 1967 τῇ
1297 1931 1423 1968 ὁμολογίᾳ
1437 1936 1487 1957 τῶν
1499 1936 1577 1968 τριῶν
1599 1932 1777 1968 ὑποστάσεωνν
1793 1932 1822 1957 τὸ
1848 1931 1948 1961 εὐσεέες

1180 1971 1227 1996 τῆς
1242 1966 1390 2004 μοναρχίας
1404 1966 1492 2003 δόγμα
1515 1966 1708 2004 διατηροῦμεν,
1726 1967 1750 1993 ἐν
1793 1970 1838 1993 καὶ
1864 1968 1877 1992 ὁ
1892 1969 1947 2004 (39)

1179 2003 1247 2028 κατὰ
1262 2003 1312 2028 των
1328 2005 1357 2029 τὸ
1382 2006 1490 2039 Πνεῦμα
1501 2003 1709 2039 ὑπαριθμεῖσθαι
1724 2005 1876 2039 φασκόντων
1896 2003 1948 2029 ἱλε-

1180 2048 1258 2073 γχος.

1180 2093 1224 2119 44.
1246 2094 1350 2129 Πατέρα
1364 2094 1408 2118 καὶ
1424 2094 1482 2119 Υἰὸν
1497 2095 1541 2118 καὶ
1556 2093 1629 2128 ἅγιον
1644 2094 1750 2128 Πνεῦμα
1778 2089 1948 2128 παραδιδοὺς

1146 2137 1159 2162 ὀ
1175 2138 1277 2173 Κύριος,
1304 2137 1333 2162 οῦ
1361 2139 1426 2173 μετὰ
1454 2141 1499 2163 τοῦ
1515 2137 1627 2174 ἀριθμοῦ
1643 2135 1825 2168 συνεξίδωκεν.
1843 2136 1883 2163 Οὐ
1898 2139 1947 2173 γὰρ

259 2183 325 2210 Non
340 2181 420 2209 enim
442 2180 528 2214 dixit,
552 2181 584 2207 In
598 2180 731 2216 primum
746 2183 774 2208 et
793 2180 962 2208 secundum
983 2183 1010 2208 et
1036 2183 1090 2208 ter-

1148 2182 1223 2216 εἶπεν,
1249 2183 1289 2208 ὃτι
1311 2182 1355 2213 Εἰς
1377 2187 1478 2220 πρῶτον
1491 2185 1535 2209 καὶ
1551 2181 1671 2219 δεύτερον
1687 2185 1731 2208 καὶ
1754 2184 1852 2219 τρίτον,
1875 2181 1946 2215 οὖδέ,

259 2226 344 2258 tium,
360 2233 469 2261 neque,
487 2226 518 2252 In
532 2233 627 2252 unum
638 2227 665 2252 et
679 2225 740 2252 duo
755 2227 783 2253 et
795 2225 868 2253 tria:
881 2225 938 2253 sed
952 2233 1006 2261 per
1018 2233 1089 2253 san-

260 2273 307 2298 cta
319 2270 443 2298 nomina
467 2270 669 2304 cognitionem
689 2269 758 2297 ﬁdei
775 2270 815 2297 ad
839 2270 968 2298 salutem
984 2270 1091 2306 perdu-

259 2315 354 2342 centis
369 2314 495 2349 largitus
519 2317 572 2342 cst.
587 2315 684 2347 Quare
707 2315 793 2350 quod
810 2323 864 2342 nos
887 2315 986 2343 salvos
1008 2315 1090 2349 facit,

259 2359 335 2386 ﬁdes
350 2361 405 2386 est.
420 2359 569 2386 Numerus
587 2365 668 2392 vero,
694 2359 815 2394 signum
830 2359 989 2388 declarans
1018 2363 1093 2396 quot

262 2403 321 2431 sint
344 2404 513 2439 supposita,
527 2404 713 2438 excogitatus
727 2406 782 2433 est.
800 2404 857 2432 Sed
872 2404 924 2440 qui
937 2404 1094 2432 undelibet

263 2448 320 2476 sibi
339 2448 412 2483 ipsis
433 2456 529 2476 noxas
547 2448 834 2480 contrahunt,etiam
848 2449 1030 2476 numerandi
1052 2448 1094 2476 fa-

263 2492 371 2521 cultate
391 2493 537 2521 adversus
566 2492 659 2520 ﬁdem
677 2492 842 2521 abutuntur
862 2502 867 2521 :
892 2494 945 2530 qui
968 2493 1092 2530 quidem

301 2584 324 2601 π’
336 2583 434 2612 Matth.
448 2585 605 2615 xxvm,19.
644 2583 667 2600 ⁸ο
680 2582 754 2611 ibid.

302 2676 358 2710 (36)
383 2679 424 2710 Τῷ
455 2677 551 2711 Κυρίῳ.
580 2674 707 2702 Colbert.
737 2679 772 2710 τῷ
792 2675 853 2710 Υὶῷ,
876 2674 930 2701 sed
958 2674 1093 2702 secunda

268 2719 505 2782 m?¥7l)l.Anlo-Jort.
525 2747 641 2781 Legitur
656 2747 685 2773 in
712 2743 907 2782 editisjﬁlov,
935 2746 976 2771 ὃτι
999 2748 1042 2771 καί
1061 2747 1090 2771 τὸ

269 2780 383 2819 Πνεῦμα.
398 2783 559 2819 Μᾶιυὶωυεν
567 2780 656 2818 sequi
672 2789 745 2819 mss.
751 2780 886 2819 codices.

305 2816 359 2855 (38)
375 2819 452 2846 Ἀλλά
550 2816 713 2854 ἀξιωμάτων.
729 2817 774 2844 Sic
790 2816 897 2851 Regius
911 2816 1038 2853 primus:
1049 2817 1091 2844 sic

1146 2227 1188 2256 Εἰς
1216 2227 1239 2252 ἓν
1264 2229 1307 2252 καί
1334 2225 1383 2253 δύο
1406 2230 1450 2253 καὶ
1473 2230 1533 2265 τρία
1549 2235 1555 2242 ·
1579 2227 1643 2253 ἀλλὰ
1659 2225 1694 2253 δι’
1708 2227 1840 2263 ὀνομάτων
1867 2226 1946 2262 ἁγίων

1146 2273 1193 2300 τήν
1229 2275 1326 2307 γνῶσιν
1354 2275 1398 2308 τῆς
1424 2274 1489 2309 πρός
1527 2274 1657 2309 σωτηρίαν
1686 2271 1802 2307 ἀγούσης
1833 2273 1947 2301 πίστεως

1147 2315 1302 2353 ἐχαρίσατο.
1316 2316 1395 2342 Ὢστε
1409 2326 1438 2342 το
1458 2318 1503 2353 μὲν
1519 2318 1602 2348 σῶζον
1618 2317 1686 2353 ἡμᾶς
1713 2317 1727 2345 ἠ
1748 2317 1837 2345 πίστις
1852 2315 1944 2342 ἐστίν--

1148 2362 1160 2386 ὀ
1189 2359 1219 2387 δὲ
1252 2360 1361 2398 ἀριθμός
1391 2365 1498 2398 σημεῖον
1523 2363 1694 2398 γνωριστικὼι
1719 2364 1766 2387 τοῦ
1790 2364 1876 2387 ποσοῦ
1899 2363 1946 2386 τῶν

1148 2406 1320 2442 ὑποκειμένων
1350 2405 1520 2435 ἐπινενόηται.
1543 2406 1610 2432 Ἀλλ’
1639 2407 1663 2431 οἱ
1690 2405 1859 2441 πανταχόθεν
1891 2405 1946 2431 ἑαυ-

1149 2455 1203 2481 τοῖς
1228 2452 1274 2481 τὰς
1293 2450 1394 2486 βλάϐας
1421 2450 1617 2486 ὶπισυνεὶγοντες
1639 2452 1684 2476 καὶ
1705 2453 1737 2486 τῇ
1757 2453 1802 2476 τοῦ
1828 2450 1946 2486 ἀριθμεῖν

1150 2493 1258 2531 δυνάμει
1278 2497 1345 2521 κατὰ
1370 2499 1417 2525 τῆς
1432 2497 1541 2525 πίστεως
1556 2497 1699 2531 κέχρηνται
1715 2502 1721 2509 ·
1741 2494 1766 2520 οἳ
1777 2503 1818 2530 γε,
1844 2492 1946 2523 οὐδενὸς

1148 2673 1238 2701 etiam
1253 2675 1384 2709 quatuor
1398 2673 1459 2706 alii,
1471 2673 1531 2701 nisi
1544 2673 1628 2709 quod
1642 2680 1704 2700 non
1714 2671 1829 2709 habent
1839 2672 1947 2709 articu-

1147 2709 1210 2752 lum
1222 2708 1290 2752 ante
1305 2709 1360 2737 has
1374 2717 1473 2744 voces,
1489 2708 1564 2736 xum?
1577 2708 1689 2745 βαθμὸν.
1702 2708 1777 2736 Editi
1793 2708 1863 2734 Ἀλλ’
1878 2708 1946 2734 οὗτοι

1148 2747 1214 2772 τά...
1228 2745 1372 2781 ἀξιώματα.

1183 2781 1240 2814 (39)
1259 2781 1299 2808 Ἐν
1320 2782 1339 2816 ᾧ
1366 2784 1410 2807 καὶ
1426 2782 1449 2815 ὁ,
1472 2783 1528 2809 etc.
1542 2780 1612 2808 Haec
1628 2779 1739 2808 desunt
1752 2779 1782 2807 in
1794 2779 1945 2816 plerisque

1147 2816 1314 2844 codicibus.
