2009 3145
244 152 295 179 183

933 153 961 181 S.
982 152 1106 180 BASlLll
1124 152 1246 181 MAGNI.
1878 151 1926 177 184

241 215 306 246 Quo
319 213 351 242 in
368 213 436 242 loco
453 213 510 242 hoc
528 213 699 247 oﬂeremus,
716 213 774 241 nisi
791 213 823 241 in
852 213 964 249 Spiritu
995 222 1065 242 san-

1129 216 1192 250 τόπῳ
1221 215 1318 243 ταύτην
1344 214 1530 251 προσφέρομεν,
1551 214 1566 242 ἧ
1584 212 1641 248 (44)
1668 211 1692 238 ἓν
1722 216 1758 247 τῷ
1787 213 1924 247 Πνιύματι

240 259 311 286 cto?
338 257 391 286 Ubi
419 258 477 286 hoc
505 258 689 286 didicimus?
706 257 752 286 Ab
781 258 848 294 ipso
874 258 1001 286 Domino
1025 258 1067 286 di-

240 305 334 338 cente,
355 303 423 331 Veri
436 303 611 331 adoratores
625 303 798 331 adorabunt
817 303 941 331 Patrem
957 304 988 331 in
1000 304 1069 338 Spi-

240 349 301 376 ritu
316 351 344 376 et
365 349 536 376 veritate“.
560 349 644 376 [tunc
664 348 765 376 locum
789 356 859 375 cum
879 347 1002 376 vidisset
1016 348 1068 376 Ja-

241 393 298 420 cob
311 392 404 420 dixit:
423 393 568 420 Dominus
585 395 628 421 est
643 393 674 420 in
690 393 754 420 loco
771 393 826 420 hoc
835 393 868 420 ⁸⁸.
884 394 987 429 Itaque
1009 393 1070 429 Spi-

239 438 315 465 ritus
337 445 403 465 vere
426 437 512 466 locus
533 440 577 466 est
601 440 785 466 sanctorum.
806 439 932 466 Sanctus
953 438 1068 473 itidem,

239 483 325 510 locus
340 485 393 511 est.
418 483 541 519 Spiritui
567 483 720 519 proprius,
741 491 777 511 ac
800 482 913 520 praebet
935 483 1070 519 seipsum

241 529 274 556 ut
294 528 441 556 inhabitet
462 536 532 555 cum
560 529 631 562 Deo,
647 536 682 556 ac
707 528 853 564 templum
879 527 959 556 illius
982 536 1071 556 voca-

240 574 299 600 tur.
321 572 401 600 Sicut
423 572 502 600 enim
524 573 556 600 in
581 572 696 600 Christo
719 573 853 609 loquitur
877 572 1001 604 Paulus.
1023 573 1072 601 Co-

241 625 308 645 ram
318 617 389 651 Deo,
405 616 513 653 inquit,
535 618 567 645 in
590 617 709 646 Christo
724 618 927 654 loquimur“:
949 620 978 646 et
993 617 1073 645 Chri-

242 664 307 689 stus
321 661 351 689 in
368 661 472 696 Paulo,
494 661 576 690 velut
600 661 664 698 ipse
687 662 737 697 ait,
760 663 808 690 An
834 663 1070 698 experimentum

241 707 376 742 quaeritis
395 707 445 742 qui
464 707 602 742 loquitur
615 707 646 734 in
672 715 718 735 me
739 707 855 735 Christi
867 708 916 735 ὀἳ
933 707 974 735 sic
996 709 1025 735 et
1041 707 1072 735 in

242 751 351 787 Spiritu
365 751 499 788 loquitur
513 752 670 788 mysteria,
685 760 721 781 ac
742 752 868 789 Spiritus
890 761 1012 781 rursum
1027 752 1071 781 lo«

241 797 342 832 quitur
357 796 388 824 in
404 804 450 824 eo.

277 843 321 869 63.
342 843 374 869 In
401 841 491 869 rebus
525 849 598 877 ergo
622 842 750 870 conditis
772 843 811 871 ad
835 843 918 871 hunc
943 842 1071 870 modum

1124 263 1159 294 τῷ
1174 259 1261 295 ἁγίῳ;
1283 262 1336 285 Ποῦ
1351 263 1426 285 τοῦτο
1447 258 1653 294 μεμαθήκαμεν;
1678 256 1744 294 ΙΙαρ’
1769 257 1850 282 αὑτοῦ
1878 259 1923 282 τοῦ

1125 306 1223 341 Κυρίου
1255 304 1381 339 λέγοντος,
1414 304 1453 329 ὄτι
1486 304 1519 328 Οἰ
1547 302 1664 331 ἀληθινοὶ
1695 303 1878 338 προσκυνηταὶ
1901 300 1924 326 ἐν

1127 350 1257 385 Ηνεύματι
1292 351 1336 374 καὶ
1370 348 1477 383 αληθεία
1508 349 1727 384 προσκυνήσουσι
1758 350 1794 381 τῷ
1817 348 1922 382 ΙΙατρί.

1125 397 1220 420 Τοῦτον
1242 395 1285 420 τόν
1309 395 1387 420 τόπον
1415 391 1477 419 ἰδὼν
1501 393 1514 418 ὀ
1542 391 1644 424 Ἰακὼϐ,
1675 393 1733 427 ἔφη,
1760 392 1800 417 ὅτι
1827 392 1926 427 Κύριος

1126 440 1151 465 ὲν
1177 444 1213 475 τῷ
1238 442 1309 475 τόπῳ
1328 440 1421 474 τούτῳ.
1446 438 1526 464 Ὠστε
1548 440 1576 464 τὸ
1603 440 1708 474 Πνεῦμα
1730 439 1806 466 τόπος
1822 436 1928 466 ἀληθῶς

1126 488 1175 509 τῶν
1191 484 1280 520 ἁγίων.
1308 486 1358 510 Καὶ
1380 484 1392 509 ό
1414 483 1488 518 III/to;
1503 485 1581 513 τόπος
1603 482 1763 516 οἱκεῖος(45)
1788 485 1824 516 τῷ
1848 482 1928 507 ﬂvmi-

1125 539 1188 565 ματι
1219 529 1374 566 ἐμπαρέχων
1408 530 1498 554 ἔαυτόν
1526 529 1590 565 πρός
1621 528 1752 556 ἐνοίκησιν
1782 529 1830 556 τήν
1861 527 1929 562 μετὰ

1127 577 1203 608 Θεοῦ,
1222 576 1267 600 καὶ
1280 575 1342 604 ναός
1356 573 1435 599 αὐτοῦ
1463 573 1648 610 χρηματίζων.
1670 571 1711 601 Ὠς
1733 573 1784 608 γὰρ
1811 570 1836 597 ὶν
1859 575 1928 608 XF:—

1127 623 1180 654 στῷ
1211 618 1283 645 λαλιῖ
1313 618 1430 648 Παῦλος·
1459 620 1620 644 Κατενώπιον
1647 617 1708 654 γὰρ,
1749 618 1824 652 φησὶ,
1859 619 1929 642 Θεοῦ

1126 664 1150 690 ἐν
1181 654 1289 701 Χριστῷ
1317 663 1451 699 λαλοῦμενο
1486 664 1529 689 καὶ
1557 663 1670 699 Χριστὸς
1703 661 1726 688 ἄν
1756 660 1862 696 Παύλῳ,
1897 662 1930 690 ὡς

1126 709 1205 739 αὐτὸς
1235 708 1312 744 λέγει·
1339 708 1372 735 Ἦ
1403 706 1515 744 δοκιμὴν
1535 707 1592 742 (46)
1627 707 1728 737 ζητεῖτε
1748 709 1795 732 τοῦ
1822 705 1847 731 ἐν
1871 704 1930 741 ἐμοὶ

1125 753 1263 784 λαλοῦντος
1286 757 1428 790 Χριστοῡ;
1460 752 1525 778 οὓτω
1556 753 1600 778 καὶ
1636 751 1660 777 ἄν
1692 753 1825 787 Ιῐνευματι
1857 750 1934 776 λαλεῖ

1125 799 1158 824 τὰ
1181 800 1327 835 μυστήρια,
1349 799 1393 823 καὶ
1414 799 1443 823 τὸ
1472 800 1577 832 Πνεῦμα
1601 795 1678 822 πάλιν
1701 795 1773 821 λαλιῖ
1796 795 1820 820 έν
1846 799 1929 830 αυτῷ,

1163 845 1208 871 63.
1225 842 1264 869 Ἐν
1277 844 1322 879 μὲν
1333 840 1377 868 οὖν
1393 845 1444 872 τοῖς
1465 844 1595 877 γεννητοῖς
1614 840 1669 876 (47)
1691 839 1759 866 οὒτῶ
1778 839 1931 876 πολυμερῶς

240 885 437 913 multifariam
452 885 606 922 variisque
629 887 798 915 rationibus
823 887 931 915 dicitur
944 886 1070 923 Spiritus

1129 889 1170 914 Ital
1197 887 1366 925 πολυτρόπως
1384 886 1475 912 ἕνείναι
1494 885 1594 921 λέγεται
1613 886 1642 911 τὸ
1661 887 1776 921 Πνεῦμα·
1798 886 1885 921 Πατρί
1899 882 1931 910 di

244 930 299 966 53
315 931 413 959 inesse
431 939 437 958 :
462 939 566 958 verum
583 931 683 967 magis
704 931 789 968 pium
808 934 852 959 est
876 932 985 966 dicere,
1001 939 1071 959 eum

241 983 305 1003 esse
320 984 389 1004 cum
414 976 500 1004 Patre
523 979 551 1004 et
576 976 658 1011 Filio,
677 985 771 1013 quam
793 976 851 1004 illis
871 976 979 1004 inesse.
998 978 1071 1005 Nam

240 1020 338 1055 gratia
355 1021 394 1049 ab
417 1029 452 1049 eo
477 1029 617 1057 manans,
634 1021 790 1050 habitante
813 1021 844 1049 in
869 1021 905 1049 iis
921 1022 974 1058 qui
989 1021 1072 1056 digni

240 1067 319 1100 sunt,
334 1073 369 1094 ac
385 1074 456 1094 suas
473 1066 664 1103 operationes
684 1066 714 1094 in
738 1066 795 1093 illis
809 1068 977 1100 exercente,
992 1068 1072 1094 recte

239 1110 348 1138 dicitur
362 1110 461 1138 inesse
474 1110 510 1138 iis
528 1111 580 1147 qui
603 1113 674 1138 sunt
693 1111 773 1138 illius
789 1119 929 1147 capaces.
946 1113 981 1138 At
993 1111 1072 1138 illius

240 1155 438 1183 subsistentia
451 1163 518 1192 quae
544 1155 596 1183 fuit
611 1157 679 1183 ante
702 1155 822 1190 saecula,
839 1163 874 1184 ac
887 1155 1072 1192 perpetuitas

238 1207 399 1236 nunquam
412 1200 549 1228 desitura
561 1208 630 1228 cum
646 1200 718 1228 Filio
729 1202 758 1228 et
769 1202 853 1228 Patre
869 1200 1069 1236 considerata,

239 1245 429 1281 sempiternae
454 1245 678 1281 conjunctionis
695 1245 821 1282 requirit
842 1245 1070 1282 appellationes.

238 1291 313 1318 Nam
322 1297 417 1318 coesse
432 1289 552 1326 proprie
569 1297 604 1318 ac
615 1297 683 1318 vere
699 1290 808 1318 dicitur
823 1289 861 1317 de
875 1290 924 1324 iis,
938 1294 1004 1326 quae
1015 1289 1072 1318 sibi

238 1334 367 1362 invicem
381 1334 624 1371 inseparabiliter
636 1335 837 1363 adsunt.Nam
849 1335 981 1363 calorem
992 1335 1072 1363 ferro

239 1379 364 1416 quidem
375 1379 469 1415 ignito
488 1380 586 1408 inesse
606 1380 736 1408 dicimus
752 1389 758 1407 :
775 1382 805 1408 at
820 1388 881 1408 una
896 1380 986 1408 simul
1002 1388 1071 1408 cum

238 1425 306 1461 ipso
321 1425 390 1460 igne
402 1432 479 1453 esse.
492 1425 565 1453 Item
576 1426 696 1462 corpori
709 1425 870 1454 sanitatem
885 1426 983 1453 inesse
999 1425 1070 1453 dici-

238 1478 317 1503 mus,
332 1469 425 1497 vitam
439 1471 541 1497 autem
563 1470 654 1498 simul
675 1478 745 1498 cum
763 1470 866 1498 anima
881 1478 957 1498 esse.
973 1471 1071 1502 Quare

238 1514 290 1542 ubi
313 1515 437 1551 propria
461 1516 488 1542 et
513 1514 719 1542 connaturalis
744 1517 835 1550 atque.
859 1514 1071 1551 inseparabilis

238 1560 415 1588 communio
431 1562 486 1589 est.
505 1560 569 1587 haec
584 1567 640 1587 vos
656 1567 722 1587 cum
740 1559 959 1594 signiﬁcantior
973 1561 1027 1593 est,
1040 1561 1071 1588 ut

239 1613 306 1642 quae
319 1604 530 1641 inseparabilis
546 1604 768 1640 conjunctionis
781 1604 995 1639 cogitationem
1007 1613 1072 1640 sug-

239 1653 326 1685 gerat
342 1649 516 1678 intellectui.
533 1649 587 1677 Ubi
603 1652 705 1677 autem
721 1650 818 1684 gratia
841 1650 880 1677 ab
900 1651 968 1686 ipso
980 1650 1072 1686 proﬁ-

240 1695 370 1726 ciscens,
386 1695 531 1722 accedere
545 1703 580 1722 ac
602 1703 709 1722 rursus
722 1694 868 1723 decedere
882 1698 990 1732 potest,
1006 1703 1072 1731 pro-

239 1740 304 1776 prie
321 1742 349 1768 et
363 1747 432 1768 vere
445 1740 545 1768 inesse
558 1740 684 1774 dicitur;
699 1740 817 1768 etiamsi
832 1739 910 1767 illius
926 1741 1023 1775 gratia
1041 1740 1072 1768 in

239 1785 276 1813 iis
291 1786 342 1822 qui
352 1787 541 1822 receperunt,
552 1793 762 1822 saepenumero
773 1788 894 1822 propter
905 1786 1030 1814 affectus
1042 1786 1072 1814 in

240 1830 322 1859 bono
331 1831 588 1867 perseverantiam
597 1833 743 1868 perpetua
751 1833 937 1867 permaneat.
946 1830 1072 1859 Proinde

241 1876 358 1913 quoties
371 1876 527 1913 propriam
539 1876 667 1912 Spiritus
678 1875 856 1911 dignitatem
867 1875 1072 1912 intelligimus,

242 1930 312 1950 cum
325 1923 410 1950 Patre
426 1923 455 1949 et
470 1921 541 1949 Filio
550 1921 653 1957 ipsum
665 1921 909 1957 contemplamur
921 1930 927 1949 :
940 1921 992 1949 ubi
1001 1929 1073 1950 vero

241 1967 371 2002 gratiam
384 1966 415 1994 in
430 1973 492 2000 eos,
510 1966 563 2002 qui
578 1965 658 1993 illius
672 1967 741 1993 sunt
757 1966 930 2002 participes,
947 1974 1073 2002 operan-

242 2013 304 2038 tem
326 2013 514 2047 reputamus,
532 2011 564 2038 in
586 2010 675 2038 nobis
693 2019 758 2038 esse
779 2011 918 2047 Spiritum
933 2011 1071 2039 dicimus.

244 2057 278 2084 Et
289 2063 356 2092 quae
372 2063 389 2083 a
399 2055 488 2083 nobis
499 2055 631 2083 defertur
644 2055 823 2088 gloriﬁcatio
836 2056 866 2083 in
883 2056 1073 2093 Spiritu,non

245 2100 337 2129 habet
350 2100 570 2136 professionem
594 2100 749 2135 dignitatis
766 2101 856 2135 illius,
887 2102 941 2129 sed
964 2104 1073 2130 nostrae

246 2145 604 2181 ipsorumimbecillitatis
614 2146 850 2179 confessionem.
859 2146 933 2174 dum
944 2147 1074 2175 ostendi-

247 2198 317 2218 mus
332 2197 388 2218 nos
396 2198 432 2218 ex
444 2190 533 2218 nobis
544 2189 617 2226 ipsis
632 2190 672 2218 ad
683 2190 916 2226 gloriﬁcandum
926 2191 1074 2220 sufﬁcien-

1126 935 1170 959 καὶ
1191 933 1243 959 Υἱῶ
1272 933 1336 968 οὐχὶ
1362 931 1453 958 ἐνεῖναι
1477 931 1582 968 μᾶλλον,
1615 930 1679 956 ἀλλὰ
1708 933 1822 956 συνεῖναι
1849 929 1930 955 εἰπεῖν

1127 977 1318 1014 εὐσεϐέστερον.
1342 977 1370 1003 rll
1397 978 1442 1013 μὲν
1456 978 1506 1013 γὰρ
1534 975 1595 1012 παρ’
1621 975 1699 1001 αὐτοῦ
1721 975 1801 1011 χάρις
1827 974 1931 1000 οἰκοῦν-

1125 1031 1166 1052 τος
1196 1021 1220 1048 ἐν
1242 1025 1295 1052 τοῖς
1320 1021 1412 1056 ἀξίοις,
1433 1024 1478 1047 καὶ
1504 1021 1665 1058 ἑνεργονντος
1693 1020 1726 1045 τὰ
1753 1018 1857 1053 ἑαυτοῦ,
1883 1028 1931 1044 και

1125 1066 1175 1097 λῶς
1197 1065 1352 1103 ἕνυπάρχειν
1376 1069 1431 1096 τοῖς
1459 1063 1589 1095 δεκτικοῖς
1613 1065 1693 1090 αὐτοῦ
1717 1063 1829 1099 λέγεταιι
1860 1064 1876 1092 ἠ
1900 1061 1931 1089 δέ

1126 1114 1279 1149 προαιώνιος
1314 1110 1436 1147 ὗπαρξις,
1472 1113 1516 1136 καὶ
1547 1111 1680 1140 ἄπαυστος
1709 1107 1835 1145 διαμονή,
1871 1108 1931 1145 μεθ’

1127 1157 1188 1182 Υίοῡ
1212 1159 1256 1182 καὶ
1284 1158 1384 1193 Πατρός
1411 1157 1580 1193 θεωρουμὲνη,
1609 1156 1654 1185 τὰς
1674 1158 1721 1184 τῆς
1749 1152 1840 1180 ἀῑδίου
1869 1163 1932 1180 συν-

1127 1204 1216 1238 αφείας
1241 1202 1297 1237 (48)
1325 1203 1505 1239 προσηγορίας
1543 1200 1669 1230 ἐπιζητεῖ.
1699 1201 1733 1226 Τό
1756 1200 1806 1236 γὰρ
1830 1202 1931 1236 κυρίως

1126 1249 1171 1273 καί
1200 1246 1302 1277 ἀληθῶς
1330 1248 1508 1283 συνυπάρχειν
1534 1246 1575 1272 ἐπὶ
1608 1250 1656 1271 τῶν
1693 1244 1854 1282 ἀχωρίστως
1886 1243 1932 1270 ἁλ-

1125 1291 1214 1322 λὴλοις
1233 1294 1360 1318 συνόντων
1376 1291 1487 1327 λέγεται.
1503 1292 1555 1319 Τήν
1579 1292 1630 1326 γὰρ
1655 1290 1802 1327 θερμότητα
1825 1292 1862 1324 τῷ
1883 1290 1930 1324 μὲν

1127 1337 1322 1374 πυρακτωθέντί
1356 1335 1459 1374 σιδήρῳ
1484 1336 1638 1372 ἐνυπάρχειν
1673 1336 1765 1370 φαμέν·
1799 1333 1871 1369 αὐτῷ
1900 1332 1930 1359 δὲ

1124 1385 1160 1416 τῷ
1176 1384 1239 1419 πυρί
1262 1382 1452 1417 συνυπάρχειν.
1489 1382 1538 1407 Καὶ
1563 1381 1610 1409 τὴν
1633 1380 1677 1415 μεν
1701 1379 1800 1415 ὑγίειαν
1821 1381 1858 1413 τῷ
1879 1381 1930 1404 σώ-

1125 1436 1190 1462 ματι
1205 1426 1372 1464 ἐνυπάρχειν,
1386 1428 1432 1454 τὴν
1453 1423 1483 1451 δὲ
1497 1427 1565 1456 ζωὴν
1584 1428 1615 1460 τῇ
1632 1423 1710 1460 ψυχῇ
1735 1424 1928 1460 συνυπάρχειν.

1125 1470 1205 1498 Ὠστε
1229 1472 1293 1498 ὅπου
1315 1473 1360 1507 μεν
1385 1471 1467 1497 οἰκεία
1489 1473 1533 1496 καὶ
1548 1471 1668 1506 συμφυὴς
1683 1472 1727 1495 καὶ
1743 1468 1895 1505 ἀχώριστος
1912 1469 1926 1496 ἡ

1125 1519 1256 1548 κοινωνία,
1273 1518 1485 1552 σημαντικωτέρα
1507 1517 1574 1552 φωνὴ
1599 1516 1614 1544 ἡ
1643 1517 1689 1540 σὺν
1701 1516 1766 1549 (49),
1790 1518 1838 1544 τῆς
1856 1513 1931 1549 ἅχω-

1090 1578 1111 1607 C
1125 1564 1219 1599 ρίστου
1246 1563 1379 1592 κοινωνίας
1401 1563 1445 1590 τὴν
1462 1559 1580 1587 διάνοιαν
1600 1559 1794 1586 ὑποϐάλλουσα·
1812 1560 1877 1585 ὅπου
1899 1557 1930 1584 δὲ

1125 1607 1313 1644 προσ-γίνεσθαι
1338 1608 1353 1636 ἡ
1382 1605 1425 1632 ἀπ’
1453 1605 1532 1632 αὐτοῦ
1556 1606 1638 1642 χάρις
1658 1607 1703 1631 καὶ
1731 1604 1808 1630 πάλιν
1835 1603 1930 1640 ἀπογί-

1125 1653 1215 1678 νεσθαι
1243 1652 1362 1688 πέφυκεν,
1391 1651 1490 1680 οἰκείως
1512 1653 1557 1676 καὶ
1586 1649 1686 1680 ἀληθῶς
1714 1651 1743 1675 τό
1771 1649 1929 1685 ἐνυπάρχειν

1124 1697 1237 1733 λέγεται,
1262 1696 1308 1723 κᾶν
1337 1699 1390 1726 τοῖς
1410 1694 1560 1731 δεξαμένοις
1575 1695 1699 1725 πολλάκις
1715 1692 1762 1720 διὰ
1780 1696 1809 1720 τὸ
1824 1692 1930 1731 ἑδραῖον

1126 1746 1173 1772 τῆς
1196 1744 1256 1779 περὶ
1283 1743 1310 1767 τό
1337 1740 1414 1767 καλὸν
1442 1738 1586 1770 διαθέσεως
1609 1741 1624 1769 ἡ
1660 1738 1704 1765 ἀπ’
1733 1738 1814 1765 αὐτοῦ
1846 1739 1931 1776 χάρις

1127 1785 1240 1824 διαρκὴς
1265 1788 1413 1823 παραμένῃ.
1439 1785 1520 1811 Ὠστε
1533 1785 1593 1810 ὃταν
1617 1786 1662 1821 μὲν
1678 1786 1723 1813 τὴν
1741 1784 1838 1809 οἰκείαν
1855 1782 1932 1814 ἀξίαν

1126 1835 1171 1858 τοῦ
1196 1832 1342 1867 Πνενματος
1378 1830 1508 1866 ἐννοῶμεν,
1537 1831 1604 1866 μετὰ.
1641 1830 1744 1866 Ιῐατρὸς
1786 1831 1831 1854 καὶ
1867 1829 1932 1855 Υἱοῦ

1127 1876 1190 1903 αὐτὸ
1208 1877 1360 1914 θεωρουμεν·
1384 1875 1444 1900 ὁταν
1462 1873 1491 1901 δὲ
1510 1876 1556 1904 τὴν
1572 1874 1607 1905 εἰς
1627 1875 1687 1904 τοὺς
1702 1875 1834 1910 μετόχους
1863 1873 1934 1910 ἐνερ-

1126 1923 1253 1957 γουμένην
1268 1922 1349 1957 χάριν
1369 1920 1562 1956 ἐνθυμηθῶμεν,
1585 1919 1608 1945 ἐν
1624 1920 1686 1955 ἡμῖν
1713 1916 1777 1944 εἶναι
1801 1920 1831 1944 τό
1848 1920 1934 1944 Πνεῦ-

1127 1976 1164 2002 μα
1182 1965 1298 2003 λέγομεν,
1320 1967 1369 1992 Καὶ
1391 1966 1405 1994 ἡ
1434 1974 1462 2000 γι
1490 1966 1673 2002 προσαγομένη
1698 1962 1838 1998 δοξολογία
1867 1963 1934 2001 παρ’

1127 2012 1200 2047 ἡμῶν
1216 2010 1239 2036 ἰν
1255 2014 1290 2046 τῷ
1308 2011 1438 2046 ΙΙνΞύματι
1460 2009 1524 2045 οὐχὶ
1546 2013 1593 2039 τῆς
1615 2009 1710 2034 ἐκείνου
1737 2008 1810 2039 ἀξίας
1839 2007 1935 2044 ὁμολο-

1127 2058 1186 2092 γίαν
1213 2057 1279 2092 ἔχει,
1306 2055 1370 2081 ἀλλὰ
1391 2059 1439 2085 τῆς
1466 2055 1595 2091 ἡμετέροις
1623 2054 1705 2080 αὐτῶν
1727 2053 1862 2083 ἀσθενείας
1891 2053 1934 2084 ἱξ-

1128 2100 1296 2137 ομολόγησινο
1314 2098 1477 2134 δεικνύντων,
1498 2099 1538 2125 ὅτι
1560 2100 1618 2125 οὔτε
1633 2097 1746 2130 δοξάσαι
1767 2097 1810 2135 ἀφ’
1833 2098 1933 2124 ἑαυτῶν

1130 2147 1212 2172 ἱκανοί
1237 2146 1321 2182 ἐσμεν,
1349 2145 1402 2171 ἀλλ’
1423 2146 1437 2174 ἡ
1466 2146 1586 2176 ἱκανότης
1605 2145 1677 2180 ἡμῶν
1694 2144 1718 2170 ἐν
1736 2148 1771 2179 τῷ
1796 2145 1934 2180 Ιινςύματι

1128 2196 1164 2227 τῷ
1192 2191 1268 2227 ἁγίῳ,
1294 2191 1317 2217 ἐν
1342 2189 1361 2226 ᾧ
1383 2188 1584 2227 δυναμωθέντες,
1605 2192 1652 2218 τὴν
1677 2190 1738 2227 ὑπὲρ
1764 2189 1798 2214 ὧν
1823 2188 1934 2225 r3397;-

247 2236 292 2262 tes
312 2242 374 2262 non
396 2242 472 2266 esse,
489 2234 542 2262 sed
569 2234 782 2263 sufﬁcientiam
803 2238 939 2264 nostram
956 2243 1022 2264 esse
1043 2236 1071 2263 in

1129 2237 1254 2272 τήθημεν,
1280 2240 1315 2271 τῷ
1340 2238 1394 2271 Θεῷ
1417 2236 1490 2271 ἡμῶν
1525 2235 1696 2272 εὐχαριστίαν
1718 2233 1932 2271 ἀποπληρονμεν”

246 2279 356 2315 Spiritu
370 2282 485 2311 sancto,
499 2279 530 2307 in
554 2288 616 2316 quo
636 2280 832 2314 corroborati,
850 2289 904 2317 pro
920 2281 1073 2310 beneﬁciis

248 2324 378 2361 acceptis
390 2326 448 2352 Deo
456 2327 558 2352 nostro
568 2325 679 2360 gratias
690 2326 884 2360 absolvimus;
894 2327 981 2363 juxta
990 2326 1073 2362 quod

249 2379 268 2398 a
281 2369 395 2397 malitia
410 2370 529 2405 purgati
549 2379 675 2404 sumus;
697 2372 810 2408 quippe
833 2371 910 2400 alius
930 2371 989 2399 alio
1006 2371 1074 2407 plus

249 2416 302 2442 aut
319 2414 437 2450 minus,
451 2414 560 2443 auxilio
575 2415 700 2452 Spiritus
716 2416 811 2452 adjuti
826 2416 866 2444 ad
884 2416 1073 2444 olferendum

286 2492 307 2509 ⁸⁷
324 2491 409 2520 Joan.
422 2499 459 2528 iv,
476 2493 520 2520 23.
569 2493 671 2521 “Gen.
684 2495 784 2528 xxvui,
802 2494 844 2521 16.

285 2570 342 2605 (uili)
364 2571 545 2607 Προσφέρομεν
623 2570 735 2599 Vocula
759 2569 862 2598 addita
886 2577 920 2598 ex
944 2571 1075 2606 quatuor

250 2614 323 2634 mss.

284 2642 341 2677 (45)
359 2644 440 2672 Τόπος
453 2642 554 2672 οἰκεῖος.
572 2643 627 2670 Pro
646 2641 846 2678 hisivoicibus,
869 2650 937 2678 quae
964 2642 995 2670 in
1011 2650 1074 2678 ,no-

251 2676 318 2706 stris
329 2686 381 2706 sex
387 2677 857 2713 codicibusleguntur,habebant
864 2676 934 2706 editi
943 2680 987 2704 καὶ
994 2676 1072 2708 οἶκος.

287 2714 342 2757 (i6)
361 2714 394 2740 Ἦ
415 2713 538 2750 δοκιμήν.
568 2715 611 2742 lta
630 2722 705 2741 mss.
733 2713 874 2750 quinque.
896 2714 971 2743 Editi
990 2715 1011 2740 εἰ
1031 2713 1074 2741 δο-

371 2788 513 2823 Ιςεννητοζς.
545 2785 696 2823 Sicumss.
734 2785 864 2823 codices.
898 2787 972 2816 Editi
1000 2796 1073 2823 γενη-

251 2826 316 2853 τοῖς.
333 2821 390 2850 Sed
401 2821 562 2850 discrimen
577 2820 650 2850 illud
669 2822 756 2858 parvi
770 2823 927 2852 momenti.

893 2492 916 2510 ⁸9
932 2492 954 2519 lI
969 2493 1032 2520 Cor.
1047 2492 1077 2528 ii,
1089 2493 1132 2521 17.

1129 2282 1195 2308 κατά
1215 2282 1244 2306 τό
1264 2283 1355 2318 μέτρον
1370 2285 1415 2310 τῆς
1436 2279 1486 2306 ἀπὸ
1513 2281 1605 2310 κακίας
1629 2280 1819 2317 καθαρότητος,
1846 2280 1935 2316 ἔτερος

1129 2326 1214 2364 ἐτέρου
1230 2326 1286 2362 (51)
1310 2325 1386 2351 πλέον
1412 2326 1426 2354 ἡ
1455 2325 1561 2351 ἔλαττον
1588 2328 1634 2355 τῆς
1655 2325 1682 2350 ἐκ
1706 2328 1751 2350 τοῦ
1780 2325 1933 2360 ἰΙνςᾶματος

1130 2371 1251 2408 βοηθείας
1279 2370 1528 2407 μεταλαμϐάνοντες,
1562 2369 1595 2400 εἰς
1630 2371 1658 2395 τό
1687 2371 1842 2407 προσφέρειν
1885 2370 1934 2400 τὰς

1130 2416 1221 2446 θυσίας
1241 2419 1286 2446 τῆς
1301 2415 1419 2445 αἰνέσεως
1441 2419 1476 2451 τῷ
1503 2417 1566 2451 Θεῷ.
1595 2414 1659 2440 Καθ’
1680 2415 1723 2441 ἕνα
1742 2415 1786 2451 μὲν
1809 2414 1854 2440 οὖν
1876 2416 1933 2451 τρό-

1186 2493 1210 2510 θο
1221 2494 1243 2520 ιι
1258 2493 1322 2520 Cor.
1339 2499 1398 2526 xui,
1413 2493 1441 2520 3.

1166 2570 1219 2605 (48)
1244 2567 1347 2596 Ἀῐδίου
1378 2571 1535 2606 συναφείας.
1567 2568 1642 2596 Editi
1671 2566 1760 2594 ἀίδίου
1795 2565 1931 2606 duraque;

1129 2604 1173 2632 mi
1194 2608 1339 2642 συναφείας.
1357 2604 1452 2638 Quod
1465 2607 1597 2634 erratum
1616 2612 1673 2640 ope
1693 2606 1832 2632 veterum
1851 2604 1932 2633 codi-

1129 2651 1199 2670 cum
1212 2642 1398 2670 sustulimus.

1165 2678 1220 2714 (49)
1235 2680 1306 2714 (ιιωνῂ
1324 2679 1338 2706 ἡ
1357 2679 1414 2705 σύν.
1430 2678 1585 2706 Postrema
1598 2676 1707 2706 vocula
1727 2685 1762 2706 ex
1778 2677 1871 2712 Regio
1887 2685 1930 2705 se~

1129 2714 1229 2742 cundo
1245 2713 1359 2742 addita.

1245 2749 1345 2787 Έτερος
1370 2749 1466 2787 ἐτέρου,
1491 2750 1565 2778 Editi
1592 2749 1697 2787 Ἕτερος
1721 2750 1772 2786 γὰρ
1800 2749 1929 2787 ἱτίρουῖέ.

1127 2784 1364 2826 μεταλαμξάνομιν,
1381 2784 1465 2825 quod
1489 2784 1670 2815 auctoritate
1693 2784 1930 2815 veterum'codi-

1128 2829 1198 2850 cum
1207 2822 1272 2850 freti
1285 2822 1482 2860 mutavimus.
