2009 3145
272 137 332 166 207

969 135 998 162 S.
1020 135 1146 163 BASILH
1165 137 1273 164 MAGNI
1889 144 1931 171 208

271 200 481 229 assectabatur
491 198 682 233 illum.Hujus
694 197 793 225 adhuc
807 196 975 225 etiamnum
987 205 1077 232 magn

1154 203 1203 224 τῶν
1225 199 1424 236 ἐπιτελουμένων
1445 198 1492 227 διὰ
1518 205 1566 232 τῆς
1582 202 1691 238 χάριτος
1713 202 1766 228 οἷον
1792 213 1817 229 τι
1835 208 1881 239 φῶς
1901 204 1932 231 ἐπ’

273 245 406 281 estapud
418 244 483 279 ejus
493 243 624 278 regionis
637 242 774 270 homines
784 241 1099 277 admirationovaque

269 297 305 317 ac
319 297 437 325 semper
449 295 552 316 recens
566 286 712 314 memoria
724 286 765 314 sic
781 285 876 314 inﬁxa
891 288 936 313 est
947 285 1096 320 Ecclesiis,

268 337 301 362 ut
315 333 396 361 nullo
412 335 546 368 tempore
565 331 747 359 obsolescat.
774 333 875 366 Itaque
898 338 960 358 non
983 330 1097 358 factum

267 378 400 414 aliquod,
417 385 478 405 non
491 377 616 408 dictum,
633 384 694 404 non
711 376 801 403 ritum
813 375 907 403 ullum
923 375 1096 411 mysticum,

265 423 342 451 ultra
357 430 451 459 quam
466 421 514 449 illc
524 421 654 457 reliquit,
673 420 808 448 Ecclesiae
824 420 1007 456 adjecerunt.
1023 421 1113 457 Qua“

265 470 386 504 propter
395 467 485 495 etiam
497 466 593 494 multa
607 473 643 493 ex
653 465 699 493 his
708 473 775 501 quae
789 465 870 501 apud
880 465 946 493 illos
955 468 1095 507 aguntur,

262 512 440 549 imperfecta
468 519 532 540 esse
563 511 712 544 videntur,
749 513 870 546 propter
904 510 1097 538 institutionis

262 556 481 592 antiquitatem.
497 557 570 583 Nam
586 555 637 590 qui
648 555 677 582 in
691 553 891 582 Ecclesiarum
907 554 1097 582 administra-

261 602 372 630 tionem
388 602 606 634 successerant,
622 599 695 627 nihil
715 607 751 626 ex
770 599 817 626 his
843 607 910 635 quae
927 601 994 635 post
1010 599 1094 627 illum

259 646 429 681 excogitata
442 648 523 679 sunt,
538 645 605 672 loco
628 644 824 672 additamenti
843 644 1005 672 voluerunt
1018 644 1093 672 reci-

259 699 339 727 pere.
353 692 449 719 Unum
461 690 561 726 itaque
576 697 613 718 ex
625 689 755 724 Gregorii
770 689 912 716 institutis
932 690 986 721 cst,
1002 685 1092 717 etiam

258 736 307 764 ille
321 736 385 772 ipse
407 734 633 770 gloriﬁcationis
646 734 766 767 modus,
783 734 830 761 cui
846 741 927 761 nunc
943 734 1092 761 contradi-

257 781 344 815 citur,
370 789 407 809 ex
430 780 509 808 illius
532 779 691 808 traditione
717 779 746 806 in
764 778 894 806 Ecclesia
909 778 1088 807 custoditus.

258 827 316 854 Nec
332 825 460 853 multum
475 825 563 852 fuerit
574 823 736 858 negotii,ei,
753 823 805 859 qui
819 823 874 851 iter
888 822 979 850 breve
992 831 1090 850 susce-

1154 243 1258 280 ε’λαμπε,
1276 247 1384 281 μήνυμα
1412 249 1459 276 τῆς
1479 246 1601 282 οὐρανίου
1629 245 1771 280 δυνάμεως,
1788 252 1832 278 τῆς
1858 248 1882 274 ix
1898 254 1931 275 τοῦ

1154 286 1264 324 ἀφανοῦς
1283 292 1462 326 παρεπομένης
1481 290 1562 318 αὐτῶ.
1578 292 1676 316 Τούτου
1697 293 1764 327 μέγα
1793 293 1828 318 ῖτι
1848 295 1887 319 καὶ
1899 298 1931 319 νῦν

1153 336 1208 364 τοῖς
1227 332 1367 371 ὶγχωρίοις
1387 336 1414 360 τό
1440 335 1537 371 θαῦμα,
1552 338 1596 362 καὶ
1616 337 1695 372 νεαρὰ
1709 338 1753 362 καὶ
1769 335 1807 363 ἀεὶ
1835 340 1932 374 πρόσφα-

1152 387 1193 407 τος
1210 378 1224 406 ἠ
1248 381 1336 414 μνήμη
1353 383 1410 409 ταῖς
1424 379 1591 410 Ἐκκλησίαις
1615 378 1759 417 ἐνίδρυται,
1783 379 1864 407 οὐδενὶ
1876 385 1931 418 χρό-

1152 432 1187 457 νῳ
1214 421 1409 459 ἀμαυρουμένη.
1427 423 1527 449 Οὐκοῦν
1551 423 1579 449 οὐ
1608 424 1701 461 πρᾶξίν
1723 435 1790 458 τινα,
1811 426 1838 452 οὗ
1862 426 1930 461 λόγον,

1152 466 1182 492 οὗ
1208 468 1288 492 τύπον
1303 468 1361 493 τινὰ
1382 469 1519 503 μυστικὸν,
1540 468 1601 504 παρ’
1617 468 1643 494 ὃν
1659 468 1753 499 ἐκεῖνος
1768 470 1804 500 t8)
1818 470 1930 504 κατιλιπι,

1151 514 1183 547 τῇ
1200 511 1342 548 Ἐκκλησία
1369 513 1545 548 προσέθηκαν.
1565 514 1653 549 Ταύτῃ
1674 523 1714 539 τοι
1733 517 1777 540 καὶ
1800 514 1876 540 πολλὰ
1892 519 1932 540 τῶν

1151 555 1212 591 παρ’
1227 556 1314 587 αὐτοῖς
1329 553 1483 593 τελουμένων
1512 556 1629 588 ἑλλειπῶς
1658 559 1728 593 ἔχειν
1757 557 1830 585 δοκιί
1849 557 1890 585 διὰ
1908 561 1931 585 τό

1150 604 1197 631 τῆς
1217 602 1401 631 καταστάσεως
1417 600 1621 639 ἁρχαιὸτροπον.
1638 601 1721 628 Ούδίν
1735 604 1785 640 γὰρ
1807 604 1932 639 ἠνέσχοντο

1149 646 1173 671 οἱ
1205 647 1273 672 κατὰ
1310 644 1445 681 διαδοχὴν
1473 647 1519 677 τὰς
1540 646 1696 678 Ἐκκλησίας
1733 648 1933 684 οἰκονομήσαντες

1147 694 1195 716 τῶν
1234 690 1289 726 μετ’
1327 690 1421 717 ἐκεῖνον
1459 690 1640 728 ἐφευρεθέντων
1676 691 1873 729 παραδέξασθαι
1905 693 1933 724 εἰς

1146 736 1310 771 προσθήκην.
1326 735 1369 762 Ἐν
1395 738 1480 761 τοίνυν
1506 740 1554 761 τῶν
1578 739 1723 773 Γρηγορίου
1743 740 1788 763 καὶ
1813 738 1826 764 ὀ
1845 742 1885 764 νῦν
1899 737 1933 763 ἀν-

1145 778 1306 815 τιλεγόμενος
1332 782 1426 817 τρόπος
1462 784 1508 810 τῆς
1546 778 1699 816 δοξολογίας
1730 781 1812 814 ἐστὶν,
1839 780 1865 806 ξι
1897 784 1933 811 τῆς

1144 822 1241 850 ἑκείνου
1283 823 1456 860 παραδόσεως
1489 829 1520 860 τῇ
1557 825 1699 861 Ἐκκλησία
1738 825 1930 862 πεφυλαγμένος.

257 871 343 906 perit,
359 878 451 905 super
461 869 508 897 his
523 869 730 896 certitudincm
748 868 893 903 accipere.
906 869 986 895 Hanc
996 867 1080 895 ﬁden:

1146 871 1195 895 Καὶ
1214 868 1243 894 ού
1259 868 1339 899 πολύς
1354 869 1367 894 ὁ
1380 871 1456 900 πόνος
1484 871 1577 905 μικρὸν
1597 871 1727 899 χινηθέντι
1750 872 1796 899 την
1821 870 1861 896 επὶ
1884 871 1931 896 τού-

255 918 284 943 et
311 914 481 943 Firmiliano
504 916 609 942 nostro
629 913 732 946 fuisse,
750 915 895 940 testantur
917 912 985 940 libri
1010 920 1087 948 quos

254 959 383 995 reliquit.
410 961 534 994 Insuper
557 961 585 985 et
609 957 755 985 Meletium
769 957 854 984 illum
870 956 1086 984 admirandum

252 1005 283 1032 in
298 1003 406 1032 eadem
423 1003 514 1031 fuisse
535 1002 695 1033 sententia,
713 1005 840 1029 narrant
865 1002 918 1037 qui
943 1009 1013 1029 cum
1035 1001 1086 1029 illo

252 1049 462 1077 vixerunt.Sed
474 1048 547 1085 quid
559 1056 637 1084 opus
648 1050 693 1075 est
705 1049 808 1074 vetera
823 1054 1062 1074 commemorare
1072 1045 1086 1073 ?

251 1094 305 1121 sed
320 1096 348 1121 et
360 1101 440 1121 nunc
455 1093 485 1120 in
501 1092 734 1125 0riente,nonne
748 1092 805 1119 hoc
817 1099 877 1118 uno
891 1090 1085 1126 potissimum

251 1146 304 1166 eos
318 1138 370 1173 qui
386 1137 433 1173 pie
457 1137 588 1165 sentiunt
602 1138 783 1171 agnoscunt,
809 1135 866 1163 hac
890 1142 963 1163 voce
991 1134 1085 1164 veluti

251 1183 388 1219 quodam
403 1182 490 1216 signo
514 1189 586 1209 suos
610 1181 650 1208 ab
678 1180 782 1208 alienis
807 1179 1032 1215 dijudicantes?
1051 1180 1085 1209 Ut

252 1230 352 1256 autem
364 1235 420 1261 ego
431 1235 447 1254 e
461 1226 598 1262 quodam
616 1225 830 1261 Mesopotamio
847 1224 960 1256 audivi,
975 1224 1039 1252 viro
1055 1226 1084 1252 et

261 1273 361 1307 inguaa
374 1272 513 1308 perito,et
527 1271 674 1299 sententia
688 1270 872 1306 incorrupto,
889 1277 926 1297 ne
939 1269 1002 1297 ﬁeri
1018 1269 1081 1306 qui-

250 1317 321 1345 dem
338 1319 439 1353 potest
450 1319 484 1344 ut
497 1315 583 1344 aliter
604 1315 709 1350 lingua
731 1314 894 1342 vernacula
909 1313 1081 1350 loquantur,

250 1361 371 1390 etiamsi
384 1361 492 1389 velint:
509 1359 563 1388 sed
584 1367 708 1388 necesse
731 1359 787 1387 illis
809 1362 854 1386 est
869 1361 901 1387 ut
914 1366 967 1394 per
987 1358 1082 1394 sylla-

249 1406 321 1435 bam
339 1409 376 1439 et,
401 1405 449 1433 vel
475 1404 574 1442 potius
589 1412 643 1440 per
668 1411 756 1432 voces
777 1412 846 1440 quin.
861 1403 942 1431 idem
968 1403 1083 1439 pollent

249 1452 332 1488 quod
348 1451 497 1486 illa,juxta
510 1449 725 1486 proprietatem
740 1448 850 1483 linguae
861 1448 991 1483 regionis
1002 1448 1081 1476 illius

249 1495 500 1532 gloriﬁcationém
518 1494 682 1530 proferant.
698 1494 773 1526 Quin
785 1495 814 1520 et
828 1493 1024 1528 Cappadoces
1039 1493 1080 1520 sic

245 1541 332 1577 juxta
346 1539 477 1575 regionis
492 1546 608 1567 morem
622 1537 787 1574 loquimur.
806 1537 871 1572 jam
885 1540 949 1564 tum
971 1537 1000 1564 in
1026 1537 1080 1565 lin-
1095 1546 1116 1574 ο

249 1593 379 1621 gnarum
390 1583 717 1616 divisione,dictionum
733 1582 886 1610 utilitatem
903 1581 1080 1618 providente

248 1630 368 1666 Spiritu.
385 1629 460 1662 Quid
474 1635 564 1664 porro
580 1627 725 1655 Occidens
741 1629 831 1660 totus,
856 1626 1080 1663 propemodum

249 1674 289 1702 ab
300 1674 415 1710 Illyrico
427 1680 522 1708 usque
534 1671 573 1700 ad
588 1671 664 1699 ﬁnes
675 1671 769 1700 nostri
784 1670 879 1699 orbis?
887 1679 988 1699 nonne
1001 1671 1079 1699 hanc

248 1726 355 1747 vocem
368 1719 466 1746 tuetur
476 1717 490 1744 εἶ

285 1765 329 1791 75.
342 1763 396 1796 Qui
409 1762 441 1790 ﬁt
451 1762 549 1797 igitur,
564 1763 596 1789 ut
610 1769 666 1796 ego
677 1761 733 1788 sim
750 1760 920 1794 iunovator,
942 1762 1080 1788 etrecen-

248 1810 359 1838 tiorum
374 1807 536 1836 verborum
552 1806 746 1834 architectus?
760 1813 829 1832 cum
841 1807 919 1833 totas
929 1805 1078 1839 nationes,

249 1855 393 1888 civitates,
403 1855 431 1881 et
441 1851 689 1880 consuetudinem
703 1850 786 1878 omni
797 1850 955 1877 hominum
968 1858 1079 1878 memo-

248 1900 293 1928 ria
300 1896 630 1932 vetustiorem,insuper
638 1898 665 1923 et
676 1895 753 1922 viros
761 1894 898 1922 Ecclesiae
910 1894 1077 1927 columnas,

249 1944 332 1973 omni
348 1942 471 1971 scientia
486 1950 522 1969 ac
537 1941 643 1969 virtute
660 1940 785 1975 Spiritus
801 1938 909 1972 claros,
930 1939 1023 1967 duces
1042 1947 1077 1967 ac

248 1991 394 2025 patronos
409 1987 500 2022 hujus
514 1985 598 2014 vocis
614 1984 796 2012 exhibeam?
812 1983 856 2012 Ob
873 1984 937 2012 haec
962 1983 1078 2012 hostilis

248 2034 299 2062 illa
310 2033 389 2061 acies
397 2032 544 2060 adversus
555 2038 610 2058 nos
620 2031 773 2057 commota
784 2029 1000 2065 est,omnisque
1010 2028 1078 2056 civi-

249 2081 306 2113 tas,
321 2078 415 2110 vicus,
439 2079 469 2104 et
489 2083 595 2104 omnes
617 2074 741 2102 extremi
753 2073 828 2102 lines
840 2073 919 2109 pleni
933 2075 1004 2101 sunt
1021 2081 1078 2101 n03

247 2122 497 2153 calumniantium
518 2119 657 2148 vocibus.
682 2118 804 2147 Molesta
816 2118 939 2155 quidem
954 2118 1019 2146 hanc
1042 2126 1077 2146 ac

245 2167 379 2206 pigenda
391 2165 533 2194 cordibus
545 2163 743 2200 quaerentium
757 2171 874 2199 pacem:
885 2171 991 2190 verum
1003 2171 1076 2199 quo-

245 2215 328 2243 niam
351 2215 394 2240 est
415 2219 526 2246 magna
541 2209 690 2246 patientiae
707 2216 831 2242 merces,
857 2208 998 2236 toleratas
1022 2216 1077 2244 pro
1093 2221 1115 2247 υ

244 2259 305 2286 fide
327 2256 504 2285 aﬂlictiones
530 2256 679 2284 secutura,
705 2255 813 2289 prater
837 2253 901 2280 haec
916 2254 944 2280 et
959 2252 1077 2287 gladius

245 2301 448 2339 splendescat,
475 2302 505 2327 et
527 2299 641 2327 securis
663 2300 799 2332 nouatur,
826 2299 856 2325 et
873 2297 950 2333 ignis
972 2297 1077 2325 ardeat

243 2346 429 2383 Babylonico
444 2345 511 2373 illoe
527 2343 728 2374 vhementius.
746 2345 774 2370 et
787 2342 891 2370 omnia
911 2341 1075 2378 supplicio-

278 2420 316 2456 (8)
333 2419 453 2456 Ἐκεῖνος.
472 2418 518 2446 Sic
531 2417 603 2456 libri
615 2418 744 2456 veteres._
759 2414 834 2456 Editl:
849 2413 965 2444 ἐκείνοις.

277 2451 314 2491 (9)
332 2455 518 2491 Καταλέλοιπεὲ
531 2455 573 2481 Ita
583 2461 656 2491 mss.
673 2451 746 2491 Editi
758 2451 892 2491 κατέλιπε.

276 2485 333 2526 UO)
350 2491 478 2517 Μελέτιον.
499 2490 595 2516 Cocus
611 2487 684 2515 dum
705 2489 807 2526 tuetur
824 2485 941 2526 Erasini
957 2487 1072 2526 senten-

239 2521 378 2563 tia‘m,qui
392 2526 498 2563 Basilio
509 2531 654 2563 magnam
669 2525 787 2563 partem
800 2521 891 2557 hujus
905 2521 1071 2563 lihri.ne_m-

238 2572 276 2600 pe
291 2557 420 2598 a'capite
435 2561 554 2600 decimo
563 2557 673 2596 quinto
685 2557 1072 2600 aliiudicaverat,liocinter

238 2593 297 2627 alia
312 2593 483 2626 commento
499 2593 600 2627 utitur,
626 2594 709 2629 quod
732 2593 870 2627 Meletius,
894 2593 945 2629 qui
972 2593 1069 2621 Basilii

237 2635 375 2671 aequalis,
400 2636 429 2661 et
440 2631 558 2671 _Bas_ilio
575 2632 727 2671 superstes
750 2629 804 2671 fuit
828 2629 905 2671 inter
928 2629 1069 2671 antiquos

236 2664 419 2698 nu‘meretur.
437 2667 493 2696 Sed
506 2664 690 2702 jamdudum
706 2664 841 2700 exploste
854 2665 901 2702 ab
925 2665 1068 2702 omnibus

189 2733 192 2736 .
235 2706 355 2734 fuerunt
370 2705 477 2732 inanes
493 2699 594 2736 nugis,
606 2708 661 2728 nec
675 2699 838 2736 quisQuam
852 2700 971 2735 ignorat
983 2699 1066 2728 Mele-

235 2742 310 2770 tium
324 2741 373 2769 hic
386 2738 548 2768 memorari
564 2736 752 2764 Ponticarum
768 2737 926 2772 regionum
952 2736 1067 2772 episco-

234 2786 319 2814 pum,
335 2784 427 2812 quem
447 2773 592 2814 Eusehius
616 2773 696 2800 Hist.
713 2772 829 2814 lib._vn,
846 2780 913 2808 cap.
927 2771 1066 2814 ,φλ-ωε]

233 2807 362 2842 atticum
378 2809 622 2843 vocarisolitum,
639 2816 674 2836 ac
693 2808 832 2846 plurimis
849 2807 1016 2837 sanctitatis
1035 2809 1064 2835 et

1143 922 1198 944 τοις
1225 913 1402 950 πληροφορίαν
1417 913 1514 941 λαϐεῖν.
1532 915 1636 943 Ταύτην
1664 917 1709 941 καὶ
1738 915 1892 951 Φιρμιλιανῶ
1904 918 1932 939 τῶ

1142 959 1257 995 ἡμετέρῳ
1271 962 1435 995 μαρτυροῦσι
1450 960 1497 987 τὴν
1518 961 1609 985 πίστιν
1630 960 1655 985 οἱ
1674 959 1746 994 λόγοι
1769 959 1813 990 οὓς
1841 959 1931 985 καταλέ-

1141 1001 1212 1028 λοιπε
1238 1003 1287 1035 (9).
1311 1006 1360 1029 Καὶ
1389 1003 1509 1029 Μελέτιον
1538 1005 1595 1039 (10)
1620 1005 1664 1030 τὸν
1690 1014 1756 1030 πανυ
1784 1004 1827 1030 ἐπὶ
1847 1005 1932 1033 ταύτης

1142 1050 1206 1072 εἶναι
1231 1051 1279 1077 τῆς
1297 1050 1401 1084 γνώμης
1427 1049 1452 1074 οἱ
1477 1050 1662 1084 συγγεγονὸτες
1690 1051 1764 1085 φασὶ.
1783 1052 1835 1075 Καὶ
1859 1051 1882 1074 τί
1900 1046 1932 1074 δεῖ

1140 1093 1173 1117 τὰ
1191 1091 1290 1117 παλαιὰ
1313 1092 1394 1127 λέγειν
1412 1101 1418 1125 ;
1446 1092 1510 1118 ἀλλά
1528 1097 1572 1118 νῦν
1597 1092 1640 1119 ἐπί
1662 1098 1710 1125 τῆς
1732 1093 1799 1129 ἑῴας
1823 1092 1932 1128 (“Mil

1141 1135 1176 1163 ἑνὶ
1204 1136 1320 1172 μάλιστα
1351 1138 1435 1172 τούτῳ
1462 1139 1523 1168 τοὺς
1552 1137 1722 1169 εύσεϐοῦντας
1756 1139 1932 1176 γνωρίζουσιν,

1140 1181 1192 1207 οἷον
1219 1190 1271 1206 τινι
1310 1184 1410 1218 σημείῳ
1438 1186 1467 1218 τῇ
1497 1186 1565 1218 φωνῇ
1601 1184 1682 1219 ταύτῃ
1714 1183 1932 1220 φιλοκρινοῦντεςς

1138 1225 1181 1256 Ὠς
1211 1223 1240 1251 δι
1266 1225 1316 1260 ἔσχὼ
1337 1235 1405 1256 τινος
1432 1227 1490 1260 (l2)
1517 1231 1566 1252 τῶν
1600 1229 1807 1263 Μεσοποταμίας
1831 1229 1932 1259 ἤκουσα,

1140 1268 1234 1307 ἀνδρὸς
1249 1272 1292 1296 καὶ
1310 1274 1357 1300 τῆς
1378 1270 1503 1306 γλώσσης
1518 1271 1645 1308 ἐμπείρως
1661 1273 1776 1308 ἔχοντος,
1797 1275 1842 1298 καὶ
1866 1270 1933 1297 ἀδια-

1140 1317 1251 1351 στρὴφου
1275 1317 1322 1343 τὴν
1338 1318 1454 1351 γνώμην,
1476 1314 1537 1342 οὐδὲ
1564 1314 1675 1342 δυνατὸν
1700 1316 1794 1353 ἑτέρως
1816 1316 1890 1343 εἰπεῖν
1906 1319 1930 1351 τῇ

1138 1359 1259 1395 ἐγχωρίῳ
1293 1363 1373 1396 φωνῇ,
1405 1359 1453 1385 κᾶν
1473 1359 1604 1393 ὶθελωσιν,
1627 1360 1691 1386 ἀλλὰ
1721 1359 1769 1387 διὰ
1804 1366 1862 1395 τῆς,
1886 1362 1932 1392 καὶ,

1139 1403 1277 1437 συλλαϐῆς,
1296 1404 1392 1440 μᾶλλον
1412 1402 1441 1431 δε
1453 1408 1502 1430 τῶν
1521 1403 1738 1442 ὶσοδνναμουσών
1759 1406 1828 1442 αὐτῇ
1845 1409 1931 1442 φωνῶν,

1136 1449 1203 1474 κατά
1229 1459 1254 1474 τι
1276 1447 1374 1485 ἰδίωμα
1398 1451 1519 1487 πάτριον,
1545 1449 1660 1486 ἀνάγκην
1685 1450 1774 1482 αὐτοῖς
1807 1450 1870 1477 εῖναι
1894 1451 1932 1478 τὴν

1137 1491 1289 1529 δοξολογίαν
1305 1496 1452 1532 προφέρειν.
1472 1497 1522 1521 Καὶ
1549 1494 1728 1522 Καππαδόκαι
1753 1494 1784 1522 δὲ
1811 1496 1876 1522 οὕτω
1895 1494 1931 1520 λέ-

1136 1547 1213 1574 γομεν
1233 1537 1377 1574 ἐγχωρίοις,
1398 1540 1435 1565 ἔτι
1456 1541 1513 1565 τότε
1528 1539 1552 1565 ἄν
1579 1544 1609 1576 τῇ
1640 1544 1689 1566 τῶν
1713 1540 1844 1576 γλωσσῶν
1867 1538 1931 1565 διαι-

1134 1584 1204 1619 ρέσει
1230 1585 1259 1608 τὸ
1285 1582 1312 1608 ἐκ
1326 1587 1373 1613 τῆς
1395 1583 1485 1615 λέξεως
1503 1586 1640 1620 χρήσιμον
1664 1584 1881 1622 προϐλεψαμένου
1893 1585 1931 1609 τοῦ

1135 1628 1293 1662 Πνεύματος.
1321 1630 1352 1654 Τί
1377 1626 1406 1654 δὲ
1424 1629 1438 1658 ἠ
1457 1627 1535 1658 δύσις
1549 1629 1650 1661 ἁπασα,
1679 1634 1775 1667 μικροῦ
1800 1629 1866 1664 δεῖν,
1890 1628 1931 1654 ἀπὸ

1134 1676 1179 1698 τοῦ
1197 1671 1338 1709 Ἰλλυρικοῦ
1351 1674 1434 1710 μέχρι
1457 1677 1506 1699 τῶν
1520 1674 1584 1710 ὃρων
1598 1678 1646 1705 τῆς
1658 1675 1716 1700 καθ’
1730 1675 1804 1710 ἡμᾶς
1821 1673 1932 1709 οἰκούμε-

1133 1725 1198 1749 νης;
1214 1716 1279 1752 οὐχὶ
1294 1719 1341 1746 τὴν
1358 1719 1442 1753 φωνὴν
1459 1717 1616 1754 πρεσϐεύιι;

1169 1763 1214 1789 75.
1244 1765 1300 1792 Πῶς
1319 1759 1363 1788 οὖν
1394 1764 1548 1798 καινοτόμος
1575 1762 1634 1798 ἐγὼ,
1660 1766 1705 1789 καὶ
1737 1766 1868 1801 νεωτέρων
1893 1762 1933 1800 ῥη-

1133 1807 1220 1842 μάτων
1243 1804 1419 1843 ὃημιουργὸς,
1449 1807 1507 1836 ἔθνη
1536 1807 1582 1833 ὅλοι
1607 1810 1653 1834 καὶ
1689 1808 1789 1844 πόλεις,
1820 1812 1864 1834 καὶ
1886 1808 1934 1836 ἔθος

1133 1851 1221 1882 πάσης
1242 1853 1345 1887 μνήμης
1375 1850 1539 1888 ἀνθρωπίνης
1563 1851 1747 1889 πρεσϐύτερον,
1768 1856 1818 1879 καὶ
1843 1851 1935 1889 ἄνδρας

1134 1894 1242 1926 στύλους
1268 1899 1314 1925 τῆς
1328 1895 1493 1929 Ἐκκλησίας,
1519 1895 1543 1921 ἐν
1572 1897 1644 1933 πάσῃ
1672 1899 1768 1932 γνώσει
1795 1901 1844 1924 καὶ
1867 1895 1935 1923 δυνό-

1132 1949 1175 1976 μει
1199 1941 1348 1976 Πνεύμοιτος
1376 1937 1538 1976 διαπρεπεῖς,
1567 1938 1703 1977 ἆρχηγούς
1728 1944 1772 1968 καὶ
1789 1942 1935 1978 προστάτας

1109 1984 1113 1990 ’
1131 1989 1180 2015 τῆς
1194 1989 1277 2020 φωνῆς
1299 1986 1476 2022 παρεχόμενος
1491 1995 1499 2018 ς
1529 1985 1587 2012 Ἐπὶ
1613 1987 1716 2018 τούτοις
1734 1987 1795 2022 (l3)
1824 1989 1854 2013 τὸ
1869 1986 1935 2012 πολε-

1131 2031 1208 2065 μικὸν
1233 2033 1308 2055 τοῦτο
1336 2029 1394 2055 καθ’
1423 2031 1496 2065 ἡμῶν
1520 2033 1707 2066 οκογκεκίνηται
1727 2035 1832 2068 στῖφος,
1864 2033 1936 2058 Πᾶσα

1133 2072 1163 2100 δὲ
1186 2074 1257 2104 πόλις
1279 2076 1324 2100 καὶ
1348 2077 1434 2110 κώμη,
1449 2077 1494 2100 καὶ
1511 2074 1636 2111 ἐσχατιαὶ
1657 2079 1752 2110 πᾶσαι,
1767 2077 1876 2114 πλήρεις
1890 2079 1934 2101 τῶν

1132 2119 1262 2155 ἡμετέρων
1284 2117 1423 2146 διαϐολῶν.
1440 2121 1552 2156 Λυπηρά
1566 2121 1611 2156 μὲν
1637 2118 1680 2146 οὖν
1705 2125 1788 2147 ταῦτα
1804 2124 1852 2147 καὶ
1875 2119 1936 2147 ὀδυ-

1131 2165 1197 2200 νηρά
1213 2163 1269 2194 ταῖς
1287 2161 1411 2200 καρδίαις
1426 2168 1475 2190 τῶν
1502 2164 1648 2194 ζητούντων
1660 2168 1707 2194 τὴν
1733 2166 1842 2202 εἰρήνην
1859 2174 1864 2180 '
1885 2163 1934 2190 ἀλλ’

1133 2206 1222 2237 ἐπειδὴ
1241 2207 1349 2244 μεγάλοι
1372 2211 1420 2239 τῆς
1435 2209 1564 2245 ὑπομονῆς
1579 2210 1602 2235 οἱ
1625 2211 1718 2246 μισθοὶ
1732 2215 1782 2236 τῶν
1799 2212 1866 2247 ὑπὲρ
1892 2213 1936 2238 τῆς

1132 2254 1242 2282 πίστεως
1255 2253 1414 2288 παθημάτων
1440 2253 1490 2279 εἰσὶ
1506 2253 1564 2288 (14)
1586 2255 1651 2291 πρὸς
1675 2256 1776 2285 τούτοις
1792 2258 1840 2281 καὶ
1869 2254 1935 2290 ξίφος

1133 2295 1305 2329 στιλϐούσθω,
1334 2299 1379 2322 καὶ
1407 2296 1512 2327 πελεκῦς
1545 2296 1693 2332 ἀκονοὲσθω,
1726 2301 1772 2325 καὶ
1802 2303 1858 2336 πῦρ
1880 2308 1935 2324 και-

1131 2342 1199 2367 έσθω
1226 2345 1271 2367 τοῦ
1287 2341 1450 2373 Βαϐυλωνίου
1475 2340 1659 2380 σφοδρότερον,
1675 2346 1720 2370 καὶ
1745 2347 1798 2370 πᾶν
1815 2344 1934 2371 κινεισθαι

1129 2413 1273 2452 doctrinae
1279 2413 1465 2452 ornamentis
1471 2413 1629 2450 prmditum
1639 2414 1730 2443 fuisse
1740 2415 1827 2452 dicit;
1845 2423 1934 2452 seque

1128 2449 1206 2486 illius
1213 2449 1517 2486 consuetudine,dum
1525 2451 1762 2485 persecutionem
1771 2449 1899 2486 fugiens
1907 2451 1934 2479 in

1127 2484 1283 2513 Palaestina
1290 2484 1493 2521 degeret,totis
1502 2484 1615 2521 septem
1626 2486 1715 2513 annis
1725 2484 1826 2515 usum—
1832 2488 1932 2515 fuisse-

1164 2523 1217 2558 tll)
1235 2520 1293 2558 Ἐπῇ
1306 2524 1354 2558 τῆς
1365 2519 1437 2558 ἑῴας.
1449 2519 1567 2558 -Εᾱὶιὶίοὶ
1583 2520 1625 2547 ἐπὶ
1641 2522 1773 2558 τῆςέῲας,
1793 2523 1854 2551 sed
1870 2523 1933 2552 arti-

1125 2555 1212 2584 culus
1227 2555 1310 2583 nullo
1324 2555 1433 2591 legitur
1448 2556 1477 2583 in
1491 2556 1594 2584 codice
1609 2565 1665 2585 ms.

1162 2594 1218 2625 (12)
1231 2591 1296 2626 Ἐγώ
1311 2600 1389 2622 τινος.
1416 2593 1448 2619 ln
1476 2592 1613 2627 margine
1631 2592 1763 2621 duorum
1789 2594 1933 2622 codicum

1114 2627 1303 2668 observatur
1320 2627 1604 2668 Basilium-loquilde
1616 2629 1644 2656 S.
1658 2629 1788 2668 Ephrem
1809 2632 1899 2668 Syro.

1124 2699 1130 2704 _
1160 2664 1217 2697 (13)
1230 2662 1295 2704 ’Ἐπὶ
1315 2664 1424 2704 τούτοξῇ
1443 2664 1494 2691 Hic
1506 2662 1614 2704 incipit
1627 2662 1718 2704 caput
1738 2662 1933 2704 trigesimum

1122 2699 1152 2726 in
1163 2701 1295 2735 quatuor
1309 2707 1384 2726 mss.
1399 2699 1462 2726 Mox
1479 2699 1549 2727 editi
1563 2703 1648 2726 πᾶσαι
1664 2699 1694 2727 δὲ
1709 2701 1800 2732 πόλεις
1822 2705 1870 2728 καὶ
1885 2705 1933 2727 κῶ-

1122 2745 1179 2771 μαι.
1197 2735 1266 2771 Mss.
1282 2737 1314 2762 ut
1325 2736 1355 2762 in
1366 2736 1460 2762 textu.

1157 2771 1214 2803 (14)
1231 2770 1302 2798 Εἰσί.
1320 2771 1400 2798 Hanc
1420 2778 1527 2799 vocem
1548 2771 1724 2800 addidimus
1740 2780 1777 2800 ex
1797 2776 1934 2810 quatuor

1120 2814 1194 2834 mss.
