2009 3145
260 132 313 159 215

956 134 985 162 s.
1003 133 1127 162 BASlLll
1146 136 1255 177 nam

1884 137 1925 164 2l6

262 193 358 222 multa
373 194 460 230 copia
477 194 568 222 simul
580 195 774 225 exoitantium
788 196 1088 233 seditionem.ltaque

1155 207 1186 225 ὀι
1201 203 1246 227 καὶ
1267 196 1473 236 σπουδαρχίδαι
1483 203 1533 226 τῶν
1550 197 1708 227 Ἐκκλησιῶν
1724 199 1769 229 τὰς
1780 201 1926 237 προστασίας

263 238 316 274 qui
327 238 442 274 seipsos
457 239 518 267 suis
531 239 646 274 elegere
657 241 936 278 sutfragiis,quique
948 241 1091 269 atfectant

263 283 500 319 principatum,ii
509 284 705 313 Ecclesiarum
715 286 908 322 praefecturas
915 286 1089 321 sortiuntur,

265 328 387 364 repulsa
411 329 506 356 sancti
530 330 655 365 Spiritus
675 330 945 359 administratione.
965 332 1092 367 Jamque

266 380 390 409 prorsus
404 373 584 408 evangelicis
599 374 705 402 ritibus
722 375 762 403 ob
770 375 924 404 sublatum
935 383 1035 403 rerum
1047 383 1094 403 or-

267 417 369 445 dinem
382 417 526 451 confusis,
544 418 702 446 ineffabilis
718 422 762 448 est
778 419 816 447 ad
836 420 1030 456 praefecturas
1053 420 1093 447 ir-

267 462 570 498 ruptio,uuoquoque
585 471 689 491 eorum
704 464 756 500 qui
767 464 931 492 ambitione
940 464 1092 498 laborant,

269 515 335 534 sese
349 507 378 534 in
395 507 556 542 dignitates
581 516 635 544 per
658 509 720 536 vim
735 509 917 538 intrudente.
933 509 1001 537 Jam
1022 516 1094 537 vero

269 552 369 586 gravis
377 551 518 588 quaedam
528 553 674 581 anarchia
684 553 723 581 ab
734 553 790 581 hoc
798 554 983 590 principatus
992 561 1095 582 amore

269 596 400 632 populos
415 597 522 625 invasit
535 606 542 624 :
556 598 637 625 unde
648 598 735 626 irritae
749 601 819 627 sunt
829 607 953 635 prorsus
976 607 1012 626 ac
1033 598 1097 626 ina-

270 649 324 668 nes
339 641 545 677 praefectorum
556 643 872 675 exbortationes,dum
882 652 972 672 nemo
983 651 1014 672 se
1030 650 1096 671 Ina-

271 687 317 721 gis
332 686 415 715 alteri
425 687 606 721 auscultare,
620 696 713 724 quam
729 689 794 716 aliis
808 689 956 725 imperare
973 688 1095 721 debere,

270 731 310 759 ob
327 731 438 759 fastum
454 740 490 759 ex
504 732 621 761 inscitia
635 736 815 770 conceptum
831 734 988 762 existimat.

305 778 350 804 '78.
363 778 421 805 Has
433 777 473 805 ob
484 785 530 805 res
541 777 627 806 silere
639 779 987 816 utiliusjudicavi,quam
1000 779 1094 815 loqui,

270 822 417 857 tanquam
428 821 560 850 hominis
571 831 628 850 vos
636 831 689 859 per
700 825 799 851 tantos
806 823 952 851 tumultus
961 823 1096 852 exaudiri

1146 241 1372 281 διαλαγχάνουσι,
1397 246 1444 273 τὴν
1469 244 1615 280 οἰκονομίαν
1635 246 1681 269 τοῦ
1696 241 1771 279 ἁγίου
1798 245 1926 279 [ινεύματος

1145 291 1340 326 παρωσάμενοι.
1353 291 1403 315 Καὶ
1418 288 1545 319 παντελῶς
1557 286 1611 317 ἤδη
1631 291 1683 313 τῶν
1705 287 1869 324 εὐαγγελικῶν
1883 289 1927 313 θεο-

1146 337 1200 369 μῶν
1225 333 1251 365 ἐξ
1279 333 1410 369 ἀκοσμίας
1432 334 1644 369 συγκεχυμένων,
1668 331 1802 368 ἀμύθητος
1830 332 1928 368 ὠθισμός

1147 377 1189 404 ἐπὶ
1216 380 1262 409 τὰς
1287 376 1430 415 προεδρίας
1457 377 1524 412 εστὶ,
1553 381 1602 403 τῶν
1633 380 1814 413 φανητιώντων
1835 376 1928 402 hoino»;

1148 422 1238 449 ἑαυτὸν
1261 423 1384 449 εἰσποιεῖν
1400 426 1431 458 τῇ
1458 424 1608 460 προστασίᾳ
1632 421 1801 458 βιαζομένου.
1818 421 1930 457 Ἀναρχία

1149 465 1178 493 δε
1197 477 1237 498 τις
1253 466 1323 496 δεινὴ
1341 466 1392 493 διπό
1407 471 1454 498 τῆς
1466 466 1607 503 φιλαρχὶας
1626 467 1722 496 ταύτης
1736 469 1792 497 τοῖς
1805 465 1872 496 λαοῖς
1885 465 1928 492 ἑπε-

1148 514 1286 548 κώμασεν·
1317 512 1374 538 ὃθεν
1402 512 1532 549 ἄπρακτοι
1564 510 1691 540 παντελῶς
1719 513 1763 536 καὶ
1796 511 1871 546 ἀργαὶ
1891 514 1930 536 τῶν

1149 556 1356 583 ὶττιστατούντων
1367 556 1395 582 αἰ
1409 555 1597 593 παρακλήσεις,
1606 555 1635 581 οὐ
1646 554 1740 590 μᾶλλον
1753 554 1853 581 ἀκούειν
1865 557 1929 587 τινὸς,

1149 601 1164 630 ἦ
1182 601 1252 636 αὐτῷ
1275 601 1331 635 (36)
1354 601 1446 638 ἄρχειν
1463 600 1553 637 ίτίρων
1577 599 1736 635 ὁφειλόμινον
1751 597 1817 626 εἶναι
1837 599 1931 626 ἕκαστον

1151 643 1197 671 διὰ
1210 646 1253 671 τόν
1266 644 1292 676 ὶξ
1307 643 1420 680 ἀμαθίας
1436 647 1514 680 τῦφον
1533 643 1708 679 λογιζομένου.

1186 780 1234 806 78.
1255 778 1302 804 Διά
1319 781 1402 803 ταῦτα
1419 776 1631 814 λυσιτελεστέραν
1657 780 1704 802 τοῦ
1722 776 1801 812 λόγου
1828 778 1871 806 τὴν
1886 786 1933 802 σιω-

1151 825 1202 852 πὴν
1238 822 1378 859 ὶτιθέμην,
1414 823 1446 852 ὡς
1479 822 1508 848 οὗ
1537 820 1683 858 δυναμένης
1709 825 1793 858 φωνῆς
1816 820 1932 858 ἀνθρώπου

271 872 333 893 non
349 866 453 901 possit.
468 867 542 894 Nam
558 866 583 894 si
599 875 668 895 vera
683 870 754 895 sunt
766 876 834 904 quae
856 867 932 895 dixit
954 867 1097 896 Ecclesia-

1155 866 1200 894 διὰ
1220 869 1351 894 τοσούτων
1372 866 1487 905 θορύϐων
1512 867 1726 895 ιίσακουσθῆναι.
1744 866 1776 892 Εἰ
1800 867 1848 903 γὰρ
1867 865 1932 895 ἀληθῆ

272 912 332 938 stes
343 911 379 944 ³⁵,
390 918 433 938 vei
441 910 481 938 ba
492 911 701 947 sapientumin
709 911 809 947 quiete
820 912 1096 948 audiri,plurimum

271 955 368 986 abest,
381 958 413 983 ut
425 955 455 983 in
479 955 537 983 hoc
553 958 632 984 statu
646 964 748 984 rerum
761 956 797 984 de
813 956 861 984 his
883 956 966 993 loqui
988 965 1097 985 conve-

272 1000 342 1028 niat.
360 1002 402 1029 Me
417 1009 488 1029 vero
501 1002 592 1029 etiam
608 1001 682 1029 illud
692 1001 904 1038 propheticum
918 1002 1034 1030 dictum
1049 1010 1098 1030 re-

272 1046 391 1082 primit:
408 1047 585 1082 Intellz‘gens
595 1048 627 1074 in
639 1049 770 1081 tempore
779 1048 833 1075 illo
848 1047 969 1076 tacebit.-
979 1055 1011 1076 eo
1021 1047 1100 1083 quod

273 1094 388 1126 tempus
398 1091 513 1119 malum
525 1095 567 1120 est
578 1093 612 1127 τε,
628 1092 665 1133 in.
673 1099 733 1128 quo
748 1092 797 1120 alii
812 1091 936 1128 quidem
953 1091 1099 1128 supplan-

273 1135 402 1169 tant,alii
415 1144 486 1163 vero
497 1136 645 1164 insultant
654 1136 804 1172 lapso,alii
812 1144 882 1164 vero
892 1136 1098 1172 applaudunt;

273 1179 326 1208 sed
341 1180 393 1216 qui
412 1180 469 1216 67
496 1179 661 1208 labascenti
683 1188 810 1208 manum
833 1189 870 1208 ex
895 1180 1101 1208 misericordia

273 1224 417 1259 porrigat,
430 1223 532 1251 nullus
546 1227 608 1259 est;
622 1232 800 1261 quanquam
811 1225 897 1260 juxta
908 1225 1007 1260 legem
1022 1227 1100 1253 vete-

272 1276 337 1296 rem
345 1269 379 1300 ²⁷.
388 1276 426 1296 ne
440 1269 465 1296 is
480 1269 605 1305 quidem
615 1270 667 1306 qui
678 1269 724 1297 vel
736 1270 910 1305 jumentum
919 1269 1032 1297 inimici
1043 1269 1100 1298 sub

274 1321 364 1341 onere
375 1313 544 1350 collapsum
558 1315 740 1350 prasterierit,
757 1317 838 1343 caret
852 1315 1099 1351 reprehensione.

273 1357 331 1386 Sed
345 1366 407 1386 non
417 1358 520 1386 itidem
533 1359 653 1387 ﬁthisce
663 1359 995 1396 temporibus.Quinam
1002 1359 1100 1391 fieret?

274 1403 399 1439 quando
413 1403 589 1438 refrigerata
601 1404 741 1432 omnium
752 1404 908 1437 charitate,
925 1404 1046 1432 sublata
1057 1406 1102 1432 est

274 1447 400 1476 fratrum
413 1448 607 1484 conspiratio,
617 1449 786 1477 concordiae
800 1457 871 1478 vero
885 1449 976 1477 etiam
987 1455 1100 1476 nomen

273 1493 446 1528 ignoratur;
459 1493 583 1521 sublatae
591 1495 660 1521 sunt
669 1496 771 1522 autem
781 1494 872 1522 etiam
880 1493 983 1521 amice:
993 1493 1099 1521 admo-

274 1538 412 1574 nitiones,
433 1546 586 1575 nusquam
606 1538 723 1566 viscera
747 1538 929 1570 Christiana.
945 1545 1099 1574 nusquam
1116 1554 1136 1581 ρ

274 1582 410 1618 lacryma
420 1590 456 1610 ex
473 1583 747 1612 commiseratione.
762 1582 1100 1619 Nouestquiintirmum

275 1627 306 1655 in
321 1627 380 1654 ﬁde
390 1627 545 1662 suscipiat.
560 1627 613 1655 sed
627 1629 746 1655 tantum
761 1627 867 1656 odium
882 1628 960 1656 inter
976 1627 1101 1655 tribules

275 1671 396 1706 exarsit,
413 1673 445 1698 ut
468 1671 598 1707 quisque
619 1671 717 1707 magis
740 1672 779 1700 de
799 1672 930 1708 proximi
951 1672 1101 1709 lapsibus,

276 1723 370 1752 quam
380 1716 417 1743 de
432 1716 560 1751 propriis
570 1719 650 1744 recte
662 1716 747 1745 factis
757 1717 894 1745 exsultet.
902 1717 1103 1749 Quemadmo-

277 1761 347 1788 dum
357 1762 458 1789 autem
468 1760 497 1788 in
512 1761 657 1796 contagiis
668 1761 906 1797 pestilentiarum
918 1762 1009 1790 etiam
1020 1761 1038 1788 ii
1051 1761 1104 1797 qui

278 1814 401 1834 summa
411 1813 482 1834 cura
489 1808 610 1834 servant
618 1806 712 1834 victus
722 1808 988 1840 rationem,tamen
996 1806 1103 1834 iisdem

277 1850 393 1879 morbis
406 1850 518 1887 quibus
534 1851 584 1878 alii
600 1850 749 1885 laborant,
761 1851 835 1879 dum
848 1851 888 1879 ob
909 1850 1103 1879 consuetudi-

277 1903 348 1924 nem
361 1903 466 1924 eorum
481 1895 533 1932 qui
548 1896 682 1931 corrupti
695 1895 1105 1932 sunt,opplenturipsia:gro-

278 1941 391 1969 tatione
403 1950 409 1968 :
422 1940 525 1968 itidem
540 1948 622 1968 nunc
633 1948 739 1968 omnes
748 1940 860 1968 similes
875 1941 952 1968 inter
963 1948 1019 1968 nos
1035 1939 1105 1968 facti

279 1994 393 2018 sumus,
404 1993 422 2012 a
432 1985 634 2015 contentione,
643 1992 709 2021 quas
719 1987 837 2013 nostros
848 1985 966 2013 animos
977 1992 1106 2021 occupa-

278 2030 330 2064 vit,
345 2029 385 2058 ad
397 2029 550 2057 malorum
563 2029 785 2057 aemulationem
801 2030 948 2066 perducti.
961 2030 1034 2058 Hinc
1048 2030 1105 2058 im-

278 2074 444 2111 placabiles
455 2076 483 2102 et
498 2074 595 2102 amari
611 2074 718 2102 sedent
739 2077 905 2103 erratorum
920 2075 1106 2104 examinato-

279 2128 340 2155 res,
354 2119 450 2156 iniqui
465 2126 534 2147 vero
553 2121 582 2147 et
595 2119 739 2148 malevoli
752 2122 832 2148 recte
858 2119 1006 2148 factorum
1026 2120 1106 2156 judi-

280 2173 330 2193 ces
343 2173 350 2192 :
365 2172 400 2192 ac
415 2166 544 2199 tantum,
556 2166 589 2192 ut
602 2164 721 2192 videtur
743 2164 859 2192 malum
880 2164 968 2192 nobis
987 2165 1104 2201 insedit,

280 2212 313 2238 ut
327 2209 442 2237 ratione
462 2208 662 2237 destituamur
678 2209 787 2245 magis,
802 2217 896 2246 quam
911 2209 978 2246 ipsa
993 2210 1109 2238 anima-
1124 2231 1146 2258 Β

278 2254 319 2282 lia
329 2254 434 2282 bruta:
449 2253 600 2290 siquidem
610 2253 661 2281 illa
674 2261 739 2290 quze
751 2256 819 2282 sunt
829 2254 965 2289 ejusdem
979 2255 1106 2289 generis,

280 2299 357 2326 inter
369 2305 434 2326 sese
461 2298 683 2332 consociantur,
713 2301 743 2327 at
765 2299 855 2327 nobis
882 2299 1108 2328 atrocissimum

280 2342 394 2371 bellum
408 2344 453 2371 est
469 2342 614 2371 adversus
628 2343 822 2372 domesticos.

316 2504 340 2523 ³⁵
355 2504 432 2533 Eccl.
448 2512 489 2536 ιχ,
504 2506 546 2534 t7.
585 2505 609 2522 ²⁶
624 2505 717 2533 Amos
733 2511 759 2540 ν,
772 2505 819 2532 l3.
860 2504 882 2522 ³⁷
896 2503 999 2532 Ezecb.
1016 2511 1097 2540 xxlu,
1110 2506 1136 2532 5.

307 2622 372 2665 ‘(3‘6)
387 2620 420 2648 Ἦ
434 2621 516 2657 αὐτῷ.
531 2621 573 2649 lta
588 2619 709 2648 codices
734 2619 831 2648 nostri
853 2627 970 2648 omnes.
993 2619 1070 2647 Editi
1094 2620 1108 2649 ἦ

301 2668 305 2674 ⁸
349 2668 372 2682 ν.

283 2667 375 2728 σωἷζξἿ)
390 2693 430 2720 Ἐν
443 2697 478 2728 τῷ
494 2696 576 2728 καιρῷ
597 2692 695 2727 ἐκείνῳ.
731 2691 797 2728 Haec
824 2691 944 2728 desunt_
960 2691 990 2718 in
1014 2690 1110 2718 tribus

282 2726 354 2756 mss.
366 2726 488 2769 Legitur
503 2726 638 2756 etiamin
662 2726 815 2755 nonnullis
839 2726 995 2755 codicibus
1019 2728 1109 2763 καιρὸς

281 2774 399 2800 πονηρων
414 2774 495 2792 εστιν.

319 2798 374 2836 (38)
402 2802 450 2826 Τόν
487 2802 579 2836 γόμον.
612 2798 659 2827 Sic
684 2806 756 2827 mss.
791 2798 924 2828 codices.
954 2798 1030 2827 Editi
1059 2803 1108 2825 τῶν

1151 913 1185 943 τὰ
1217 916 1263 938 τοῦ
1288 911 1495 940 Ἐκκλησιαστοῦ
1524 911 1653 948 ῥήματα,
1685 911 1726 936 ὅτι
1759 913 1842 946 Λόγοι
1867 914 1933 946 σοφῶν

1153 956 1177 983 ἰν
1199 955 1343 982 ἀναπαύσει
1363 955 1511 986 ἀκούονται,
1527 954 1624 982 πολλοῦ
1650 955 1680 980 an.
1708 953 1764 981 δέοι
1789 957 1888 992 πρέπειν

1152 1005 1196 1027 νῦν
1221 1002 1382 1028 καταστάσει
1409 1002 1440 1027 τό
1466 1002 1524 1036 περὶ
1550 1001 1647 1026 τούτων
1674 999 1767 1035 λέγειν.
1782 1000 1841 1036 Ἐμε
1855 998 1882 1026 δὲ
1901 1002 1934 1025 καὶ

1153 1048 1183 1073 τό
1204 1047 1365 1082 προφητικὸν
1394 1045 1474 1072 ἄκείνο
1495 1047 1602 1081 κατάχει
1627 1044 1724 1080 λόγιον,
1745 1045 1787 1071 ὃτι
1813 1044 1842 1070 Ὀ
1860 1046 1935 1070 συνιὼν

1154 1090 1178 1117 ἰν
1204 1095 1240 1127 τῷ
1258 1095 1342 1126 καιρῷ
1369 1089 1455 1126 ἐκείνῳ
1479 1091 1535 1124 (37)
1560 1091 1742 1118 σιωπήσεται·
1764 1087 1832 1115 διότι
1855 1089 1867 1115 ὸ
1891 1098 1935 1114 και-

1153 1137 1198 1172 ρός
1213 1138 1326 1172 πονηρός
1352 1134 1443 1161 ἔστιν’
1469 1133 1493 1160 ἰν
1553 1135 1578 1160 οἱ
1597 1135 1642 1171 μὲν
1666 1133 1870 1164 ὑποσκελίζουσι
1893 1137 1934 1165 νῦν,

1155 1181 1179 1206 οἰ
1195 1178 1224 1206 δε
1243 1179 1390 1206 θάλλονται
1410 1183 1445 1215 τῷ
1460 1181 1576 1212 πεσόντι,
1593 1178 1666 1204 ἄλλοι
1692 1177 1722 1205 δὲ
1752 1177 1934 1216 ἐπικροτοῦσα-

1155 1225 1168 1251 ό
1181 1222 1210 1250 δὶ
1224 1229 1260 1260 τῷ
1282 1223 1424 1250 ὀκλάσαντι
1447 1227 1527 1260 χεῖρα
1553 1223 1647 1261 ὀρέγων
1674 1223 1701 1249 ἐι
1722 1224 1883 1259 συμπαθείας
1902 1221 1937 1248 οὖν

1155 1270 1225 1296 ἔστι·
1251 1278 1378 1304 καιτοιγι,
1394 1269 1462 1294 κατὰ
1486 1267 1530 1294 τόν
1549 1267 1659 1294 παλαιὸν
1678 1269 1765 1304 νόμον,
1794 1265 1850 1294 οὐδ’
1878 1267 1890 1292 ὁ
1916 1268 1936 1292 τὸ

1155 1315 1298 1350 ὑποζύγιον
1321 1317 1367 1340 τοῦ
1391 1312 1490 1350 ὶχθροῡ
1514 1315 1649 1343 πιπτωκὸς
1675 1313 1725 1339 ὑπὸ
1740 1314 1786 1338 τόν
1801 1314 1876 1348 γόμον
1893 1311 1936 1346 (38)

1154 1357 1336 1396 παραδραμὼν
1351 1359 1564 1393 ἀκατάγνωστος.
1587 1357 1653 1384 Ἀλλ’
1676 1357 1741 1393 οὐχὶ
1765 1367 1842 1383 τανυν
1859 1359 1935 1382 ’τοιαῡο

1154 1413 1196 1430 τα.
1219 1404 1320 1436 Πόθενς
1345 1404 1409 1429 ὅπου
1433 1411 1473 1438 γε,
1501 1400 1548 1428 διὰ
1579 1402 1682 1428 πάντων
1706 1405 1754 1432 τῆς
1780 1401 1879 1437 ἀγάπης
1900 1400 1938 1435 ψυ-

1154 1451 1253 1485 γείσης,
1283 1447 1412 1485 ἀνῄρηται
1439 1448 1485 1483 μὶν
1511 1445 1627 1483 ἀδελφῶν
1661 1448 1807 1482 σύμπνοια,
1840 1447 1938 1482 όμονοίις

1156 1491 1186 1520 δὲ
1201 1492 1331 1529 ἀγνοεῖται
1345 1495 1390 1518 καὶ
1409 1494 1538 1528 τοῦνομαο
1567 1491 1710 1529 ἁνῇρηνται
1736 1489 1767 1517 δὲ
1795 1490 1937 1526 ἀγαπητιιιιὶ

1155 1538 1302 1564 νουθεσίαι·
1320 1535 1440 1573 οὐδαμοῦ
1456 1536 1608 1572 σπλάγχνον
1627 1537 1788 1572 Χριστιανὸν
1802 1536 1864 1571 (39)⁹
1877 1532 1937 1560 οὖδα-

1156 1586 1206 1619 μοῦ
1226 1581 1342 1620 δάκρυον
1367 1582 1512 1618 συμπαθές.
1538 1580 1593 1607 Οὐκ
1616 1582 1687 1607 ἔστιν
1707 1581 1778 1606 ότόν
1805 1579 1938 1606 ἀσθενοῦντι

1156 1631 1186 1663 τῇ
1213 1629 1303 1654 πίστει
1330 1625 1602 1663 προσλαμϐανόμενος,
1632 1624 1697 1651 ἀλλὰ
1725 1628 1849 1651 τοσοῦτον
1878 1627 1937 1660 μῖσος

1156 1675 1212 1702 τοῖς
1237 1671 1376 1708 ὁμοφύλοις
1390 1672 1456 1708 πρὸς
1477 1669 1604 1700 ἀλλήλους
1623 1669 1790 1702 ἐκκέκαυται,
1806 1670 1870 1695 ὥστε

1156 1716 1200 1743 λον
1226 1720 1279 1746 τοῖς
1301 1715 1413 1745 πλησίον
1441 1717 1579 1751 πτώμασιν
1601 1714 1615 1744 ἣ
1639 1717 1694 1745 τοῖς
1722 1713 1832 1744 οἰκείοις
1850 1713 1938 1740 ἕκαστος

1158 1763 1360 1799 κατορθώμασιν
1387 1760 1585 1797 ἱπαγάλλονται.
1609 1759 1710 1796 Ὠσπερ
1733 1757 1764 1785 δε
1790 1758 1814 1786 ἄν
1832 1761 1882 1788 ταῖς
1901 1756 1939 1782 λοι-

1158 1810 1247 1844 μικαῖς
1272 1806 1447 1843 συμπαθείαις
1483 1808 1528 1832 καὶ
1562 1806 1588 1831 οἱ
1610 1806 1678 1831 κατὰ
1709 1807 1800 1830 πᾶσαν
1829 1801 1939 1839 ἀκρίϐειαν

1159 1850 1325 1888 διαιτώμενοι
1355 1852 1389 1877 τὰ
1421 1851 1469 1877 ἶσα
1491 1853 1546 1880 τοῖς
1573 1848 1659 1879 ἄλλοις
1680 1850 1835 1885 κάμνουσιν,
1861 1847 1885 1874 ἐκ
1906 1849 1940 1874 τῆς

1158 1898 1223 1933 πρὸς
1236 1899 1298 1927 τοὺς
1314 1894 1518 1932 διεφθαρμένους
1539 1893 1641 1930 ὁμιλίας
1664 1897 1712 1924 τῆς
1741 1893 1884 1931 ἀρρωστίας
1897 1890 1939 1925 (40)

1160 1940 1404 1977 ἀναπιμπλάμενοι·
1443 1939 1511 1965 οὕτω
1551 1941 1596 1965 καὶ
1633 1941 1677 1964 νῦν
1716 1938 1810 1968 πάντες
1843 1934 1940 1963 ἀλλήλοις

1159 1988 1299 2022 γεγόναμεν
1323 1986 1419 2022 ὅμοιοι,
1449 1985 1499 2010 ὑπὸ
1520 1988 1568 2015 τῆς
1591 1983 1786 2019 κατασχούσης
1805 1983 1848 2012 τὰς
1865 1979 1940 2016 ψυχὰς

1160 2032 1233 2067 ἡμῶν
1257 2031 1413 2067 φιλονεικίας
1441 2031 1503 2065 πρὸς
1531 2030 1575 2055 τὸν
1603 2032 1652 2054 τῶν
1685 2031 1772 2053 κακῶν
1806 2025 1879 2057 ζῆλον
1905 2024 1941 2048 ὑπ·

1161 2076 1315 2112 ενεχθεντες,
1351 2074 1479 2101 Ἐντεῦθεν
1509 2072 1692 2109 ἀσύγγνωστοι
1720 2073 1765 2108 μὶν
1799 2073 1842 2097 καὶ
1868 2068 1941 2103 παιροὶ

1161 2121 1289 2149 κάθηνται
1313 2123 1364 2145 τῶν
1397 2118 1649 2154 ἁποτυγχανομίνων
1677 2115 1821 2148 ἐξετασταὶ,
1846 2113 1942 2149 ἀγνώμο-

1161 2175 1201 2196 νις
1228 2162 1258 2191 δε
1285 2166 1331 2190 καὶ
1360 2161 1499 2199 δυσμενεῖς
1532 2166 1582 2188 τῶν
1615 2161 1828 2198 κατορθουμένων
1854 2161 1940 2195 κριται’

1161 2212 1207 2236 καὶ
1229 2212 1373 2242 τοσοῦτον,
1400 2209 1434 2238 ὡς
1463 2209 1551 2242 ἔοικε,
1577 2208 1607 2233 τό
1631 2207 1711 2232 κακὸν
1726 2205 1790 2240 ἡμῖν
1816 2201 1941 2238 ἐνίδρυται,

1162 2257 1229 2282 ὥστε
1266 2257 1312 2281 καὶ
1343 2257 1393 2279 τῶν
1427 2252 1527 2288 ἀλόγων
1560 2253 1701 2288 γεγόναμεν
1734 2250 1900 2286 ἀλογὼτιροι·
1926 2245 1942 2269 σῖ

1161 2309 1190 2335 γε
1222 2299 1304 2325 ἐκεῖνα
1336 2299 1382 2335 μεν
1418 2298 1452 2324 τὰ
1485 2296 1601 2333 ὁμόφυλα
1638 2294 1759 2325 αλλήλοις
1793 2289 1942 2328 συναγιλάζι·

1163 2353 1218 2377 ται,
1232 2344 1295 2380 ἡμῖν
1309 2341 1338 2370 δί
1353 2343 1366 2369 ὁ
1380 2341 1568 2379 χαλεπώτατος
1582 2339 1690 2377 πόλεμος
1705 2341 1771 2377 πρὸς
1784 2340 1842 2368 τοὺς
1853 2336 1942 2363 οἰκείους

1162 2397 1230 2416 εστι.

1278 2654 1446 2690 Χριστιανὸν.
1466 2652 1512 2681 Sic
1540 2654 1656 2680 veteres
1684 2650 1762 2679 libri.
1793 2648 1866 2678 Editi
1888 2653 1942 2682 χρη·

1166 2701 1257 2761 στῗξὸ)
1277 2725 1447 2763 ’Ᾱρρωστὶας.
1465 2725 1528 2752 Duo
1543 2723 1624 2763 Regii
1639 2723 1759 2763 codices
1774 2715 1942 2763 addunt]ng

1165 2754 1224 2794 σης.
1249 2754 1516 2797 'Nori'multo’post
1539 2754 1611 2788 editi
1635 2759 1805 2795 ὑπαχθέντες.
1834 2754 1940 2785 Codices

1163 2806 1235 2826 mss.
1253 2800 1286 2826 ut
1298 2798 1329 2826 in
1344 2799 1436 2825 textu.
