2009 3145
62 144 119 171 229

594 143 840 172 EPISTOLARUM
860 144 1003 172 CLASSlS
1022 145 1042 172 Ι.
1063 145 1170 172 EPIST.
1193 146 1225 173 ll.

1661 182 1664 187 ι
1697 148 1750 175 230

59 215 147 240 ταυτῳ
176 207 222 231 καὶ
247 204 427 241 μεγαλόθυμος
455 206 561 241 γένοιτο,
579 215 644 232 ωστε
659 210 695 242 τῷ
717 208 761 243 μὲν
791 208 863 242 θυπῷ

927 207 1034 234 Rursus
1047 207 1114 242 quis
1129 209 1276 243 reputans
1287 207 1444 242 quomodo
1458 207 1591 236 clemens
1619 208 1709 236 simul
1723 210 1751 236 et

58 251 128 275 κατά
153 254 199 280 τῆς
226 249 354 286 ἁμαρτίας
377 251 537 286 κεχρῆσθαι,
554 254 585 286 τῇ
615 249 644 276 δε
659 253 790 287 πραότητι
802 253 865 288 πρὸς

57 296 121 324 τοὺς
155 292 317 330 ἀνθρώπους,
351 294 456 330 εὑρήσει
481 296 538 329 (83)
565 296 607 320 τὸν
638 293 721 321 Δαεὶδ
749 299 864 330 γενναῖον

58 348 104 375 μεν
120 337 144 363 ἐν
167 342 222 368 τοῖς
242 339 310 364 κατά
333 338 442 374 πόλεμον
471 337 705 375 ἀνδραγαθήμασι,
730 343 813 377 πρᾶον
836 338 865 365 δι

57 385 103 408 καὶ
117 382 239 411 ἀκίνητον
255 382 279 408 ἐν
304 386 359 412 ταῖς
386 387 435 408 τῶν
462 382 565 419 ἐχθρῶν
589 382 753 410 ἀντιδόσεσι.
770 387 864 410 Τοιοῦ-

58 437 102 457 τος
120 427 178 461 (84)
194 429 239 453 καὶ
268 430 376 457 Μωσῆς.
393 426 496 462 μεγαλῳ
518 429 562 463 μὲν
578 431 613 462 τῷ
632 429 704 464 θυμῷ
734 430 801 454 κατά
815 432 864 454 τῶν

59 471 96 501 εἰς
132 473 196 498 Θεὸν
221 471 448 508 ἐξαμαρτανόντων
478 469 685 508 διανιστάμενος,
713 476 808 509 πραείᾳ
836 471 866 498 δὲ

57 520 89 552 τῇ
116 515 194 552 ψυχῇ
213 517 268 554 ,τὰς
297 515 355 541 καθ’
376 515 469 541 ἑαυτοῦ
499 514 624 547 διαϐολὰς
652 517 796 554 ὑποφέρων.
814 519 864 543 Καὶ

56 550 218 597 πανταχοῦ]
231 560 318 597 ὥσπερ
341 561 366 586 οἱ
391 561 536 597 ζωγράφοι,
550 561 610 587 ὃταν
633 561 683 588 ἀπὸ
706 563 809 588 εἰκόνων
829 562 862 588 εἰ·

56 558 218 597 πανταχοῦ]
231 560 318 597 ὥσπερ
341 561 366 586 οἱ
391 561 536 597 ζωγράφοι,
550 561 610 587 ὃταν
633 561 683 588 ἀπὸ
706 563 809 588 εἰκόνων
829 562 862 588 εἰ·

56 608 135 635 κόνας
166 606 287 641 γράφωσι
317 606 384 641 (85),
414 607 499 631 πυκνὰ
543 608 607 642 πρὸς
636 608 666 632 τὸ
694 605 866 644 παράδειγμα

57 649 259 672 ἀποϐλέποντες.
277 651 321 672 τὸν
351 648 452 672 ἆκειθεπ
480 655 641 672 vannum-Enn
656 653 720 672 πηὴμ
748 653 777 672 τί)
804 651 865 672 ἑνω-

57 649 260 682 ἀποϐ).ίποντες,
277 651 321 675 τὸν
351 648 452 676 ἆκειθεπ
480 655 642 687 χαρακτῆρα
656 653 720 687 πρὸς
748 653 777 677 τὸ
804 648 885 688 ίαν-ξ

56 699 108 720 τῶν
134 693 323 724 σπουδάζουσι
341 696 491 730 μεταθεῖναι
525 695 714 732 φιλοτέχνημαι
742 696 809 722 οὕτω
825 689 885 732 dii:

56 739 101 765 καὶ
126 741 171 765 τὸν
201 737 388 765 ἐσπουδακότα
417 739 506 765 ἑαυτὸν
535 743 602 765 πᾶσι
624 743 678 771 τοῖς
699 743 790 778 μέρεσι
818 745 866 771 τῆς

55 783 152 821 ἀρετῆς
172 782 374 819 ἀπεργάσασθαι
387 785 454 817 (86),
469 783 576 818 τέλειον,
601 785 677 811 οἱονεὶ
701 787 766 821 πρὸς
783 785 865 820 ἀγάλ-

56 831 127 865 ματά
151 839 212 855 τινα
238 830 376 864 κινούμενα
401 830 457 864 (87)
477 831 522 854 καὶ
549 831 695 867 ἔμπρακτα,
710 831 767 860 τοὺς
791 829 880 875 βίουςξ

57 878 106 899 τῶν
128 873 209 909 ἁγίων
224 872 388 908 ἀποϐλέπειν,
403 875 448 899 καὶ
473 875 502 899 τὸ
518 873 619 899 ἐκείνων
642 874 740 910 ἀγαθὸν
769 874 866 900 οἰκεῖον

59 919 193 944 ποιεῖσθαι
204 916 250 943 διὰ
265 918 411 953 μιμήσεως.
420 940 439 947 ,η
879 916 883 937 t

877 712 884 836 Ι

96 965 126 991 4.
147 963 232 999 Εὑχαὶ
245 963 323 989 πάλιν
351 964 396 994 τὰς
426 963 583 999 ἀναγνώσεις
597 961 789 1000 διαδεχόμεναι
803 975 861 991 νεα-

60 1010 174 1045 ρωτέραν
189 1010 232 1036 τὴν
253 1008 347 1043 ψυχὴν
375 1010 419 1033 καὶ
446 1007 621 1044 ἀκμαιοτέραν
647 1012 681 1043 τῷ
710 1011 776 1046 πρὸς
800 1011 865 1035 Θεὸν

60 1047 139 1087 mea!
161 1055 328 1088 κεκινημένην
343 1052 603 1090 παραλαμϐάνουσιν.
631 1053 704 1082 Εὑχὴ
734 1052 763 1080 δὲ
794 1053 859 1083 καλὴ

58 1098 73 1125 ἠ
88 1097 184 1132 ἐναργῆ
211 1096 357 1133 ἐμποιοῦσα
380 1101 426 1122 τοῦ
450 1100 516 1123 Θεοῦ
543 1098 640 1123 ἔννοιαν
655 1102 686 1133 τῇ
704 1102 781 1134 χυχῇ
799 1099 864 1133 (88).

60 1144 111 1168 Καὶ
139 1145 217 1167 τοῦτό
238 1141 294 1167 ἐστι
324 1145 390 1168 Θεοῦ
424 1141 564 1174 ἐνοίκησις,
592 1144 622 1168 τὸ
650 1140 696 1168 διὰ
719 1147 765 1173 τῆς
792 1144 860 1179 μνῆ-

57 1196 110 1222 μης
140 1184 307 1222 ἐνιδρυμένον
347 1188 417 1222 ἔχειν
447 1186 471 1212 ἐν
500 1186 584 1221 ἐαυτῷ
613 1189 656 1212 τὸν
685 1189 760 1213 Θιόν.
791 1188 866 1214 Οὕτω

57 1232 186 1267 γινόμεθα
211 1233 271 1261 ναὸς
299 1235 376 1265 Θεοῦ,
408 1233 468 1257 ὅταν
497 1234 532 1267 μὴ
568 1234 688 1268 φροντίσι
711 1235 814 1267 γηίναις
837 1232 866 1258 τό

62 1278 171 1312 συνεχὲς
196 1280 243 1306 τῆς
272 1279 376 1312 μνήμης
404 1274 591 1309 δισικόπτῃται¹
606 1274 676 1312 μηδὲ
699 1280 751 1306 τοῖς
766 1276 867 1313 ἀπροσ-

63 1319 190 1351 δοκήτοις
216 1321 327 1346 πάθεσιν
354 1321 366 1346 ό
394 1324 452 1351 νοῦς
481 1320 679 1358 ἐκταράττηται,
697 1320 761 1346 ἀλλὰ
783 1322 868 1347 πάντα

63 1365 202 1401 ἀποφυγων
237 1365 250 1390 ὁ
284 1365 400 1401 φνλὸθεος
427 1364 469 1391 ἐπὶ
503 1367 567 1391 Θεὸν
601 1365 738 1402 ἀναχωρῇ,
769 1365 867 1396 ἐξελαύ-

60 1420 110 1435 νων
144 1411 177 1435 τα
214 1409 432 1447 προσκαλούμενα
463 1410 520 1444 (89)
555 1410 633 1436 αὔτόν
663 1410 698 1440 εἰς
736 1409 866 1447 ἀκρασίαν

58 1455 206 1485 πάθη,καὶ
225 1457 279 1485 τοῖς
306 1456 372 1491 πρὸς
398 1453 491 1490 ἀρετὴν
520 1454 631 1490 ἄγουσιν
659 1453 867 1491 ἐπιτηδεύμασιν

59 1497 214 1535 ἓνδιατρίεῃ
222 1520 227 1526 .

98 1545 124 1571 5.
148 1545 199 1569 Καὶ
228 1544 330 1580 πρῶτόν
358 1552 388 1578 γε
415 1552 518 1568 παντων
549 1541 709 1573 σπουδάζειν
739 1545 901 1588 προσήκειΟ

61 1590 121 1624 περὶ
133 1589 181 1616 τὴν
208 1591 254 1613 τοῦ
279 1586 357 1622 λόγου
384 1591 485 1623 χρῆσιν
514 1589 549 1623 μὴ
579 1586 684 1623 ἀμαθῶς
709 1586 791 1623 ἔχειν,
813 1587 866 1613 ἀλλ’

63 1631 160 1667 ἐρωτᾷν
198 1633 243 1668 μὲν
289 1631 478 1667 ἀφιλονείκως,
520 1631 706 1668 ἀποκρίνεσθαι
750 1630 780 1658 δὲ
824 1635 868 1658 καὶ

63 1676 223 1713 ἀφιλοτίμως
245 1676 314 1712 (90],
339 1678 375 1712 μὴ
407 1675 584 1702 διακόπτοντα
606 1678 649 1702 τὸν
673 1674 868 1712 προσδιαλεγό-

62 1730 147 1758 μενον,
174 1721 234 1747 ὃταν
268 1730 294 1746 τι
327 1723 461 1758 χρήσιμον
491 1720 572 1756 -λέγῇ,
598 1719 668 1756 μηδὲ
693 1720 870 1756 ἐπιθυμοῦντα

61 1768 108 1791 τὸν
141 1765 232 1791 ἑαυτοῦ
271 1764 346 1800 λόγον
385 1763 567 1795 ἐπιδεικτικῶς
596 1764 795 1802 παρεμϐάλλειν,
823 1768 869 1801 μέ-

63 1820 115 1847 τρα
136 1810 260 1846 ὁρίζοντα
280 1809 347 1845 λόγῳ
374 1812 417 1835 καὶ
446 1809 522 1845 ἀκοῇ·
554 1810 691 1845 μανθάνειν
717 1807 746 1835 δε
763 1808 870 1835 ἀνεπαι-

66 1856 202 1890 σχύντως,
217 1857 262 1880 καὶ
285 1852 425 1880 διδάσκειν
446 1854 630 1889 ἀνεπιφθόνως·
659 1856 704 1879 καὶ
726 1854 748 1879 εἰ
768 1863 794 1879 τι
810 1854 870 1890 παρ’

64 1900 152 1936 ἑτέρου
187 1897 356 1931 δεδίδακται,
386 1900 421 1934 μή
453 1897 618 1936 ἐπικρύπτειν
646 1899 702 1932 (91)
727 1899 814 1935 ὥσπερ
844 1899 871 1923 αὶ

64 1944 163 1980 φαῦλαι
199 1947 249 1969 τῶν
278 1947 418 1978 γυναικῶν,
450 1944 477 1968 αἱ
504 1944 538 1968 τὰ
560 1943 624 1968 νόθα
654 1941 869 1978 ὑποϐαλλόμεναι-

65 1988 133 2014 ἀλλά
153 1989 296 2024 κηρύσσειν
326 1987 493 2023 εὐγνωμόνως
517 1988 561 2012 τόν
584 1989 684 2023 πατέρα
709 1990 755 2012 τοῦ
781 1986 870 2022 λόγου.

521 2041 554 2068 πρ
559 2041 586 2057 οτ
592 2033 707 2067 ιμητέος,
735 2033 769 2062 ως
808 2034 873 2068 μήτε

66 2077 218 2114 διαφεύγειν
246 2079 293 2105 τήν
317 2075 397 2106 ἀκοὴν
426 2077 476 2102 ὑπὸ
500 2078 683 2112 σμικρότητος,
712 2079 778 2112 μήτε
808 2086 872 2113 φορ-

64 2035 145 2063 Τόνος
183 2031 213 2058 δε
249 2036 331 2068 φωνῆς
360 2032 373 2057 ὁ
401 2033 481 2068 μέσος

65 2125 142 2149 τικόν
171 2121 235 2148 εἶναι
260 2126 297 2157 τῷ
334 2122 437 2158 μεγέθει
465 2125 512 2152 τῆς
539 2120 691 2152 διατάσεως.
729 2121 873 2158 Προεξετά-

67 2176 154 2193 σαντα
181 2166 205 2192 ἐν
229 2166 313 2201 ἐαυτῷ
340 2168 369 2192 τὸ
396 2166 586 2203 ῥηθησόμενόν,
613 2166 680 2191 οὕτω
704 2163 873 2202 δημοσιεύειν

64 2214 110 2238 τὸν
137 2211 221 2247 λόγον.
253 2211 456 2248 Εὖπροσὴγορον
483 2210 507 2236 ἐν
534 2213 590 2240 ταῖς
616 2209 752 2243 ἕντιύξεσι,
777 2210 874 2245 γλυκὺν

105 2301 162 2335 (83)
183 2300 308 2337 Εὑρήσει,
324 2300 366 2327 Ita
378 2307 452 2326 mss.
469 2306 589 2326 summo
618 2306 780 2326 consensu.
801 2298 874 2327 Editi

71 2346 200 2363 ευοισκει.

101 2364 166 2404 ’(84)
186 2375 322 2401 Τοιοῦτος.
349 2370 425 2398 Editi
449 2369 567 2397 addunt
580 2367 620 2400 ἦν.
638 2369 722 2405 quod
747 2369 831 2398 deest
846 2369 877 2398 in

71 2407 229 2436 codicibus
244 2406 336 2438 Harl.,
348 2406 433 2441 Med,
449 2406 513 2433 Vat.
530 2407 558 2433 et
570 2406 699 2441 quatuor
709 2405 876 2441 Regiis.Le-

71 2444 151 2479 gitur
163 2445 264 2480 tamen
275 2442 305 2470 in
318 2441 405 2480 Coisl.
420 2442 539 2480 primo;
578 2475 584 2480 _
635 2478 638 2480 _
662 2477 677 2480 _
701 2475 707 2480 Ι

107 2479 164 2514 (85)
185 2475 442 2514 ﬁniturcf/piceis}.
460 2478 503 2504 lta
517 2475 597 2514 Harl.
610 2478 642 2514 et
658 2475 746 2514 _Coisl.
763 2476 879 2512 primus

72 2511 143 2543 cum
160 2514 254 2541 tribus
265 2511 442 2541 aliile'ditio
458 2512 635 2548 Parisiensis
644 2511 729 2538 εἰκόνα
736 2511 876 2548 γράφουσι.

72 2549 250 2578 Basileensis
265 2549 364 2585 prima
379 2551 408 2575 et
423 2547 631 2585 Haganoensis
643 2547 776 2584 γράφωσι.
794 2547 878 2582 Legi-

71 2589 121 2614 tur
137 2585 166 2612 in
180 2583 336 2612 nonnullis
353 2592 424 2611 mss.
441 2584 537 2614 εἰκόνος
552 2583 647 2609 εἰκόνα.

110 2620 414 2657 (86)]Απξργσξσᾳσθαι.
431 2620 477 2647 Sic
492 2627 565 2647 mss.
588 2626 709 2647 summo
717 2626 879 2647 consensu.

73 2657 152 2685 Editi
169 2655 376 2691 ἀπεργάσεσθαι.

108 2693 165 2726 (87)
189 2689 341 2727 Ἀγιὶλματά
371 2700 429 2727 τινα
467 2691 634 2727 κινούμεναιΔ
651 2689 699 2727 _Sic
733 2689 880 2727 editiones

73 2724 306 2764 antiquae'cu'm
331 2726 476 2764 omnibus
504 2724 678 2754 mss.Editio
705 2725 881 2754 Parisiensis

74 2762 218 2800 ἀγάλματα
233 2762 395 2800 κοινούμενοιἶ

111 2796 172 2836 (83)
189 2803 226 2835 Τῇ
240 2796 330 2835 ψυχῇζ
348 2798 422 2826 Editi
445 2796 470 2823 ἐν
495 2801 526 2833 τῇ
555 2797 646 2834 ψυχῇ.
662 2796 835 2833 Praepositio
850 2796 880 2825 in

920 251 1136 285 magnanimus
1150 259 1215 279 esse
1236 252 1340 288 possit.
1356 252 1397 280 ita
1421 255 1453 280 ut
1477 253 1580 280 animo
1593 253 1623 280 in
1639 261 1750 289 pecca-

919 298 994 328 tum,
1015 295 1174 323 clementia
1202 303 1272 330 erga
1299 296 1437 324 homines
1471 298 1593 331 utatur;
1619 297 1752 325 inveniet

921 339 1064 367 Davidem
1081 347 1261 374 gererosnm
1285 341 1409 376 quidem
1426 341 1456 369 in
1478 341 1593 369 bellicis
1608 341 1750 369 facinori-

919 383 987 416 bus,
1013 384 1192 411 clementem
1220 391 1292 412 vero
1321 388 1349 412 et
1377 385 1532 421 placidum
1559 386 1590 413 in
1619 386 1750 414 inimicis

919 427 1110 456 ulciscendis.
1137 428 1213 456 Talis
1233 431 1261 457 et
1285 430 1392 463 Moses,
1417 429 1529 465 ingenti
1549 430 1673 467 quidem
1702 429 1750 458 ille

919 472 1023 500 animo
1047 472 1078 499 in
1105 479 1167 499 eost
1181 472 1353 507 insurgens,
1369 473 1422 509 qui
1435 473 1464 501 in
1481 475 1573 501 Deum
1604 481 1749 510 peccave-

919 520 997 550 rant,
1014 516 1067 544 sed
1091 516 1195 544 leniter
1217 516 1346 545 inﬂictas
1371 518 1428 545 sibi
1455 518 1624 546 calumnias
1651 519 1748 554 perfe-

920 569 1000 589 rens.
1017 564 1057 589 Ac
1083 561 1220 595 omnino,
1237 564 1269 588 ut
1293 563 1433 598 pictores,
1452 570 1520 590 cum
1555 563 1750 598 imaginesex

919 605 1105 639 imaginibus
1134 605 1275 642 pingunt,
1292 606 1398 635 crebro
1414 607 1451 635 ad
1469 607 1624 643 exemplar
1651 608 1750 644 respi-

919 649 1043 679 cientes.
1058 650 1128 677 inde
1155 650 1283 678 formam
1300 651 1331 678 in
1358 660 1448 679 suum
1478 659 1556 687 opus
1584 652 1747 680 transferre

921 694 1145 722 conantur:sic
1169 694 1258 722 etiam
1288 695 1341 730 qui
1369 703 1434 723 sese
1464 695 1606 724 omnibus
1633 696 1750 724 virtutis

921 739 1058 774 partibus
1082 739 1254 766 absolutum
1273 740 1417 775 perlicere
1442 740 1552 773 studet,
1570 740 1609 768 ad
1634 743 1751 768 sancto-

920 790 989 810 rum
1014 783 1101 816 vitas,
1116 783 1199 810 velut
1222 784 1260 810 ad
1282 784 1445 812 simulacra
1468 785 1610 820 quaedam
1633 785 1703 812 viva
1723 787 1752 812 et

921 830 1056 861 actuosa,
1072 828 1221 864 respicere
1246 828 1346 861 debet,
1362 832 1391 856 et
1403 829 1487 865 quod
1502 829 1559 857 illis
1586 829 1664 857 inest
1678 829 1752 857 boni

924 880 1015 900 suum
1030 872 1178 900 imitando
1198 872 1306 900 facere.

957 963 984 989 4.
1006 963 1110 990 Preces
1125 970 1230 990 rursus
1253 963 1433 991 lectionibus
1449 963 1645 992 succedentes
1661 971 1751 999 vege-

921 1006 1029 1035 tiorem
1043 1015 1079 1034 ac
1095 1007 1248 1034 fortiorem
1262 1007 1397 1036 animam
1409 1016 1512 1036 amore
1527 1008 1557 1036 in
1573 1010 1665 1036 Deum
1681 1017 1751 1037 con-

922 1051 1045 1079 citatum
1062 1051 1225 1087 excipiunt.
1240 1053 1290 1079 Est
1304 1055 1405 1080 autem
1418 1053 1515 1080 oratio
1530 1052 1580 1081 illa
1595 1053 1750 1089 praeclara,

921 1104 989 1131 quae
1006 1096 1198 1132 perspicuam
1216 1096 1265 1123 Dei
1280 1097 1436 1125 notionem
1452 1097 1561 1124 animae
1584 1097 1729 1134 imprimit
1743 1105 1749 1125 :

921 1140 1014 1176 idque
1032 1140 1083 1168 Dei
1097 1140 1275 1168 inhabitatio
1294 1143 1348 1174 est,
1361 1141 1543 1169 insidentem
1562 1141 1643 1170 intus
1658 1143 1751 1170 Deum

921 1186 1069 1213 memoria
1087 1185 1259 1222 complecti.
1282 1186 1327 1213 Sic
1345 1186 1392 1214 Dei
1414 1186 1561 1214 efﬁcimur
1579 1186 1726 1222 templum
1745 1195 1751 1221 ;

921 1238 991 1258 cum
1008 1238 1063 1258 nec
1079 1231 1203 1258 terrenis
1218 1232 1298 1258 curis
1313 1234 1476 1267 perpetuus
1498 1231 1652 1260 memorias
1668 1234 1753 1259 tenor

921 1274 1137 1310 interpellatur,
1150 1282 1207 1302 nec
1222 1275 1396 1311 improvisis
1416 1275 1673 1304 commotionibus
1688 1283 1753 1312 per-

921 1318 1060 1347 turbatur
1082 1316 1250 1346 intellec'tus
1266 1327 1272 1352 ;
1291 1320 1344 1347 sed
1359 1320 1464 1348 omnia
1478 1319 1597 1354 fugiens
1613 1320 1664 1348 Dei
1692 1320 1753 1348 cul-

923 1366 968 1391 tor
990 1363 1029 1391 ad
1051 1365 1143 1391 Deum
1175 1364 1459 1400 secedit,repellens
1486 1367 1687 1401 provocantes
1713 1364 1754 1393 ad

920 1407 1078 1436 libidinem
1104 1408 1288 1442 aﬂectiones,
1301 1416 1337 1436 ac
1360 1409 1391 1436 in
1407 1409 1513 1437 studiis
1544 1409 1584 1437 ad
1613 1410 1753 1437 virtutem

921 1452 1103 1480 ducentibus
1117 1452 1306 1481 immoratur.

1005 1544 1101 1578 Atque
1127 1542 1200 1570 illud
1229 1542 1352 1578 quidem
1378 1542 1527 1578 imprimis
1556 1542 1656 1571 studio
1687 1550 1753 1571 esse

923 1587 1021 1620 debet,
1039 1595 1179 1615 sermone
1205 1594 1266 1614 non
1292 1586 1398 1615 inscite
1426 1587 1545 1621 uti,sed
1567 1587 1754 1622 interrogare

923 1632 988 1659 sine
1004 1631 1143 1666 litigandi
1162 1631 1274 1665 studio,
1288 1631 1474 1668 respondere
1488 1632 1553 1660 sine
1567 1632 1731 1660 ambitione
1745 1641 1751 1667 ;

922 1684 986 1704 non
1000 1675 1192 1712 interpellare
1216 1676 1425 1708 disserentem,
1442 1677 1466 1704 si
1481 1677 1555 1713 quid
1575 1676 1657 1705 dicat
1672 1676 1754 1710 utile,

923 1728 1022 1756 neque
1043 1720 1188 1756 cupidum
1204 1728 1271 1748 esse
1286 1721 1400 1757 proprii
1420 1721 1569 1749 sermonis
1583 1722 1756 1749 ostentatio-

923 1765 970 1792 nis
986 1772 1081 1793 causa
1108 1764 1323 1799 interserendi;
1341 1765 1468 1793 modum
1493 1767 1592 1794 tenere
1607 1765 1754 1801 loquendi

924 1811 953 1837 et
973 1809 1136 1842 audiendi;
1153 1809 1269 1837 discere
1293 1810 1383 1837 etiam
1399 1809 1463 1838 sine
1491 1810 1684 1843 verecundia,
1701 1810 1753 1838 do-

924 1861 991 1881 cere
1004 1853 1175 1888 liberaliter,
1191 1861 1248 1881 nec
1263 1854 1413 1882 occultare
1429 1854 1455 1881 si
1471 1854 1531 1890 '74
1548 1854 1621 1890 quid
1641 1854 1680 1882 ab
1696 1854 1756 1882 alio

925 1897 1083 1931 didiceris;
1098 1897 1176 1925 velut
1192 1898 1339 1934 improbae
1355 1898 1497 1926 mulieres
1524 1898 1623 1927 facere
1648 1898 1755 1935 solent,

925 1949 994 1977 quas
1010 1941 1129 1978 spurios
1145 1944 1250 1977 partus
1276 1941 1457 1977 subjiciunt;
1475 1942 1530 1970 sed
1552 1945 1638 1978 grato
1653 1942 1756 1971 animo

926 1988 1083 2022 parentem
1106 1985 1250 2013 doctrinm
1270 1986 1445 2021 praedicare.
1462 1987 1548 2014 Vocis
1571 1994 1643 2015 vero
1664 1995 1756 2015 sonus

926 2030 1087 2058 mediocris
1116 2029 1323 2065 praeferendus
1343 2033 1398 2064 est,
1414 2033 1447 2059 ut
1470 2038 1527 2059 nec
1549 2031 1655 2059 exilior
1671 2031 1757 2059 audi-

928 2077 992 2102 tum
1008 2073 1223 2109 praeterfugiat,
1239 2081 1295 2102 nec
1310 2074 1405 2103 nimia.
1426 2076 1619 2104 contentione
1642 2076 1757 2112 impor-

928 2121 1021 2146 tunus
1037 2118 1082 2146 sit.
1100 2118 1340 2154 Expendendum
1354 2121 1453 2148 tecum
1469 2120 1552 2156 prius
1572 2120 1646 2156 quid
1661 2120 1756 2148 dictu-

928 2171 980 2191 rus
994 2162 1144 2199 sis,atque
1157 2163 1199 2191 ita
1214 2163 1339 2191 demum
1355 2164 1509 2192 edendum
1520 2164 1756 2199 etvulgandum.

929 2207 1116 2236 Adeuntibus
1136 2207 1289 2236 atl'abilem
1309 2216 1377 2236 esse
1392 2210 1520 2245 oportet,
1530 2211 1620 2245 atque
1642 2209 1673 2237 in
1697 2209 1758 2237 col-

929 2297 1041 2326 nostris
1056 2299 1122 2325 octo
1138 2305 1209 2333 mss.
1222 2297 1305 2333 deest
1316 2300 1344 2325 et
1358 2298 1388 2325 in
1404 2298 1534 2326 editione
1551 2298 1759 2333 Hagan.Paulo

930 2336 1000 2370 post
1015 2333 1085 2361 editi
1100 2334 1170 2368 ἔχειν
1186 2331 1350 2370 ἐνιδρυμένον
1377 2334 1401 2360 έν
1430 2335 1512 2369 αὐτῷ.
1532 2331 1656 2362 Codices
1678 2343 1755 2363 mss.

932 2369 1054 2397 summo
1070 2376 1223 2397 concensu
1242 2371 1275 2397 ut
1289 2369 1320 2396 in
1333 2371 1425 2398 textu.

968 2406 1024 2439 (89)
1040 2404 1329 2441 Ἰίὰῌπροσκαλρύμενα,
1355 2408 1410 2433 etc.
1442 2405 1540 2434 Secuti
1567 2413 1673 2433 sumus
1701 2405 1760 2434 hoc

930 2431 1232 2476 locoVCoislinianum
1252 2431 1397 2476 primum,
1405 2431 1492 2469 Harl:
1502 2431 1540 2469 Ῑεῖ
1550 2431 1634 2469 duo;
1641 2431 1760 2476 Regios:

933 2475 1028 2514 liabet
1067 2476 1157 2504 etiam
1188 2475 1403 2514 ltiedicaausufra‘z
1428 2477 1643 2514 προσκαλούμενοι
1671 2475 1759 2502 αυτόν.

933 2512 1098 2549 Vaticanus
1123 2511 1217 2549 etalii
1239 2511 1378 2539 nonnulli
1391 2513 1430 2549 τὰ
1448 2511 1668 2549 ’προσκαλούμενα
1687 2513 1761 2549 ﬁgi;

934 2547 967 2577 εἰς
996 2549 1100 2575 κακίαν.
1125 2547 1201 2575 Edlli
1229 2549 1262 2573 τὰ
1287 2547 1501 2584 προσ-καλούμενα
1527 2547 1657 2585 ἡμᾶςέἰς
1682 2547 1762 2584 ἀκρα-

936 2585 996 2613 σίας
1009 2584 1093 2611 πάθη.

969 2620 1025 2654 (ῡο)
1043 2618 1215 2654 Αφιλοτίμως.
1246 2618 1293 2646 Sic
1317 2621 1435 2647 veteres
1461 2619 1607 2647 editiones
1633 2621 1660 2646 et
1687 2626 1760 2646 mss.

935 2653 1030 2681 Editio
1047 2653 1137 2681 Paris.
1151 2653 1315 2690 φιλοτίμως.
1344 2655 1436 2683 Paulo
1455 2657 1524 2691 post
1548 2654 1722 2683 addidimus
1737 2664 1762 2680 τι

935 2697 971 2717 ex
987 2691 1102 2724 septem
1117 2698 1190 2717 mss.

972 2725 1083 2763 (9-1)Μῄ
1115 2725 1290 2763 ἐπικρύπτειν.
1309 2725 1398 2753 Coisl.
1412 2725 1528 2762 primus
1553 2727 1581 2753 et
1595 2724 1669 2757 Med.
1693 2732 1763 2753 cum

935 2759 1056 2789 duobus
1070 2761 1164 2797 Regiis
1174 2759 1214 2797 ’μὴ
1232 2759 1460 2798 ἐπικρυπτόμενον.
