  <div class='ocr_page' id='page_1' title='image "/cluster/home/n/w/nwhite01/storage/ocr_20150623/32/njp.32101077772539/133.png"; bbox 0 0 2009 3145; ppageno 0'>
   <div class='ocr_carea' id='block_1_1' title="bbox 293 120 345 148">
    <p class='ocr_par' dir='ltr' id='par_1_1' title="bbox 293 120 345 148">
     <span class='ocr_line' id='line_1_1' title="bbox 293 120 345 148; baseline 0 -1"><span class='ocrx_word' id='word_1_1' title='bbox 293 120 345 148; x_wconf 79' lang='lat'><strong>239</strong></span> 
     </span>
    </p>
   </div>
   <div class='ocr_carea' id='block_1_2' title="bbox 977 119 1287 147">
    <p class='ocr_par' dir='ltr' id='par_1_2' title="bbox 977 119 1287 147">
     <span class='ocr_line' id='line_1_2' title="bbox 977 119 1287 147; baseline 0 -1"><span class='ocrx_word' id='word_1_2' title='bbox 977 119 1005 146; x_wconf 93' lang='lat' dir='ltr'><strong>S.</strong></span> <span class='ocrx_word' id='word_1_3' title='bbox 1026 119 1150 146; x_wconf 76' lang='lat' dir='ltr'><strong>BASILII</strong></span> <span class='ocrx_word' id='word_1_4' title='bbox 1168 119 1287 147; x_wconf 73' lang='lat' dir='ltr'><strong>MAGNI.</strong></span> 
     </span>
    </p>
   </div>
   <div class='ocr_carea' id='block_1_3' title="bbox 1892 127 1928 154">
    <p class='ocr_par' dir='ltr' id='par_1_3' title="bbox 1892 127 1928 154">
     <span class='ocr_line' id='line_1_3' title="bbox 1892 127 1928 154; baseline 0.028 -1"><span class='ocrx_word' id='word_1_5' title='bbox 1892 127 1928 154; x_wconf 73' lang='grc'><strong>240</strong></span> 
     </span>
    </p>
   </div>
   <div class='ocr_carea' id='block_1_4' title="bbox 293 179 1098 223">
    <p class='ocr_par' dir='ltr' id='par_1_4' title="bbox 293 180 1097 215">
     <span class='ocr_line' id='line_1_4' title="bbox 293 180 1097 215; baseline -0.001 -6"><span class='ocrx_word' id='word_1_6' title='bbox 293 181 378 210; x_wconf 81' lang='lat' dir='ltr'><strong>vobis</strong></span> <span class='ocrx_word' id='word_1_7' title='bbox 392 181 495 215; x_wconf 82' lang='lat' dir='ltr'><strong>ﬂuere,</strong></span> <span class='ocrx_word' id='word_1_8' title='bbox 512 182 566 210; x_wconf 88' lang='lat' dir='ltr'><strong>sed</strong></span> <span class='ocrx_word' id='word_1_9' title='bbox 585 181 686 210; x_wconf 87' lang='lat' dir='ltr'><strong>subito</strong></span> <span class='ocrx_word' id='word_1_10' title='bbox 700 181 848 210; x_wconf 65' lang='lat' dir='ltr'><strong>daemonis</strong></span> <span class='ocrx_word' id='word_1_11' title='bbox 863 180 980 209; x_wconf 83' lang='lat' dir='ltr'><strong>invidia</strong></span> <span class='ocrx_word' id='word_1_12' title='bbox 998 188 1097 208; x_wconf 87' lang='lat' dir='ltr'><strong>evanu</strong></span> 
     </span>
    </p>
   </div>
   <div class='ocr_carea' id='block_1_5' title="bbox 1155 179 1927 223">
    <p class='ocr_par' dir='ltr' id='par_1_5' title="bbox 1155 179 1927 223">
     <span class='ocr_line' id='line_1_5' title="bbox 1155 179 1927 223; baseline 0.009 -18"><span class='ocrx_word' id='word_1_13' title='bbox 1155 200 1161 208; x_wconf 48' lang='grc' dir='ltr'><strong>ι</strong></span> <span class='ocrx_word' id='word_1_14' title='bbox 1174 179 1304 211; x_wconf 77' lang='grc' dir='ltr'><strong>πλείστοις</strong></span> <span class='ocrx_word' id='word_1_15' title='bbox 1329 179 1358 207; x_wconf 67' lang='grc' dir='ltr'><strong>δὲ</strong></span> <span class='ocrx_word' id='word_1_16' title='bbox 1377 182 1445 208; x_wconf 81' lang='grc' dir='ltr'>κατὰ</span> <span class='ocrx_word' id='word_1_17' title='bbox 1457 182 1518 219; x_wconf 83' lang='grc' dir='ltr'>ῥοῦν</span> <span class='ocrx_word' id='word_1_18' title='bbox 1534 183 1595 219; x_wconf 77' lang='grc' dir='ltr'>ὑμῖν</span> <span class='ocrx_word' id='word_1_19' title='bbox 1610 184 1643 209; x_wconf 77' lang='grc' dir='ltr'>τὰ</span> <span class='ocrx_word' id='word_1_20' title='bbox 1663 185 1800 220; x_wconf 72' lang='grc' dir='ltr'>πράγματα</span> <span class='ocrx_word' id='word_1_21' title='bbox 1819 186 1927 223; x_wconf 66' lang='grc' dir='ltr'>φέρεσθαι·</span> 
     </span>
    </p>
   </div>
   <div class='ocr_carea' id='block_1_6' title="bbox 294 225 1117 260">
    <p class='ocr_par' dir='ltr' id='par_1_6' title="bbox 294 225 1117 260">
     <span class='ocr_line' id='line_1_6' title="bbox 294 225 1117 260; baseline -0.001 -6"><span class='ocrx_word' id='word_1_22' title='bbox 294 229 355 255; x_wconf 91' lang='lat' dir='ltr'><strong>tota</strong></span> <span class='ocrx_word' id='word_1_23' title='bbox 377 227 427 255; x_wconf 84' lang='lat' dir='ltr'><strong>illa.</strong></span> <span class='ocrx_word' id='word_1_24' title='bbox 448 227 556 255; x_wconf 89' lang='lat' dir='ltr'><strong>domus</strong></span> <span class='ocrx_word' id='word_1_25' title='bbox 577 226 702 254; x_wconf 75' lang='lat' dir='ltr'><strong>felicitas</strong></span> <span class='ocrx_word' id='word_1_26' title='bbox 718 230 747 254; x_wconf 86' lang='lat' dir='ltr'><strong>et</strong></span> <span class='ocrx_word' id='word_1_27' title='bbox 769 226 941 254; x_wconf 84' lang='lat' dir='ltr'><strong>animarum</strong></span> <span class='ocrx_word' id='word_1_28' title='bbox 965 225 1117 260; x_wconf 73' lang='lat' dir='ltr'><strong>hilaritas;</strong></span> 
     </span>
    </p>
   </div>
   <div class='ocr_carea' id='block_1_7' title="bbox 294 270 1117 305">
    <p class='ocr_par' dir='ltr' id='par_1_7' title="bbox 294 270 1117 305">
     <span class='ocr_line' id='line_1_7' title="bbox 294 270 1117 305; baseline 0 -6"><span class='ocrx_word' id='word_1_29' title='bbox 294 279 330 299; x_wconf 80' lang='lat' dir='ltr'><strong>ac</strong></span> <span class='ocrx_word' id='word_1_30' title='bbox 344 271 518 299; x_wconf 88' lang='lat' dir='ltr'><strong>hominibus</strong></span> <span class='ocrx_word' id='word_1_31' title='bbox 533 271 622 298; x_wconf 87' lang='lat' dir='ltr'><strong>tristis</strong></span> <span class='ocrx_word' id='word_1_32' title='bbox 636 271 761 298; x_wconf 78' lang='lat' dir='ltr'><strong>historia</strong></span> <span class='ocrx_word' id='word_1_33' title='bbox 773 270 844 298; x_wconf 80' lang='lat' dir='ltr'><strong>facti</strong></span> <span class='ocrx_word' id='word_1_34' title='bbox 856 278 971 297; x_wconf 84' lang='lat' dir='ltr'><strong>sumus.</strong></span> <span class='ocrx_word' id='word_1_35' title='bbox 988 270 1078 305; x_wconf 79' lang='lat' dir='ltr'><strong>igitur</strong></span> <span class='ocrx_word' id='word_1_36' title='bbox 1093 271 1117 299; x_wconf 89' lang='lat' dir='ltr'><strong>si</strong></span> 
     </span>
    </p>
   </div>
   <div class='ocr_carea' id='block_1_8' title="bbox 292 315 1118 351">
    <p class='ocr_par' dir='ltr' id='par_1_8' title="bbox 292 315 1118 351">
     <span class='ocr_line' id='line_1_8' title="bbox 292 315 1118 351; baseline -0.001 -8"><span class='ocrx_word' id='word_1_37' title='bbox 292 315 332 344; x_wconf 90' lang='lat' dir='ltr'><strong>ob</strong></span> <span class='ocrx_word' id='word_1_38' title='bbox 348 324 385 343; x_wconf 90' lang='lat' dir='ltr'><strong>ea</strong></span> <span class='ocrx_word' id='word_1_39' title='bbox 398 324 465 351; x_wconf 75' lang='lat' dir='ltr'><strong>quae</strong></span> <span class='ocrx_word' id='word_1_40' title='bbox 481 315 656 343; x_wconf 82' lang='lat' dir='ltr'><strong>acciderunt</strong></span> <span class='ocrx_word' id='word_1_41' title='bbox 676 315 789 350; x_wconf 73' lang='lat' dir='ltr'><strong>lugere,</strong></span> <span class='ocrx_word' id='word_1_42' title='bbox 807 317 836 343; x_wconf 87' lang='lat' dir='ltr'><strong>et</strong></span> <span class='ocrx_word' id='word_1_43' title='bbox 856 315 1008 350; x_wconf 86' lang='lat' dir='ltr'><strong>lacrymas</strong></span> <span class='ocrx_word' id='word_1_44' title='bbox 1024 315 1118 343; x_wconf 75' lang='lat' dir='ltr'><strong>effun-</strong></span> 
     </span>
    </p>
   </div>
   <div class='ocr_carea' id='block_1_9' title="bbox 292 359 1116 396">
    <p class='ocr_par' dir='ltr' id='par_1_9' title="bbox 292 359 1116 396">
     <span class='ocr_line' id='line_1_9' title="bbox 292 359 1116 396; baseline -0.001 -8"><span class='ocrx_word' id='word_1_45' title='bbox 292 360 362 388; x_wconf 89' lang='lat' dir='ltr'><strong>dere</strong></span> <span class='ocrx_word' id='word_1_46' title='bbox 386 360 671 396; x_wconf 85' lang='lat' dir='ltr'><strong>volumus,tempus</strong></span> <span class='ocrx_word' id='word_1_47' title='bbox 696 361 761 388; x_wconf 62' lang='lat' dir='ltr'><strong>vitae</strong></span> <span class='ocrx_word' id='word_1_48' title='bbox 777 359 864 388; x_wconf 87' lang='lat' dir='ltr'><strong>nobis</strong></span> <span class='ocrx_word' id='word_1_49' title='bbox 888 368 949 388; x_wconf 92' lang='lat' dir='ltr'><strong>non</strong></span> <span class='ocrx_word' id='word_1_50' title='bbox 971 359 1116 394; x_wconf 66' lang='lat' dir='ltr'><strong>sufﬁciet;</strong></span> 
     </span>
    </p>
   </div>
   <div class='ocr_carea' id='block_1_10' title="bbox 290 405 1117 439">
    <p class='ocr_par' dir='ltr' id='par_1_10' title="bbox 290 405 1117 439">
     <span class='ocr_line' id='line_1_10' title="bbox 290 405 1117 439; baseline 0 -7"><span class='ocrx_word' id='word_1_51' title='bbox 290 413 345 432; x_wconf 90' lang='lat' dir='ltr'><strong>nec</strong></span> <span class='ocrx_word' id='word_1_52' title='bbox 358 405 383 432; x_wconf 89' lang='lat' dir='ltr'><strong>si</strong></span> <span class='ocrx_word' id='word_1_53' title='bbox 397 405 536 433; x_wconf 86' lang='lat' dir='ltr'><strong>homines</strong></span> <span class='ocrx_word' id='word_1_54' title='bbox 548 413 656 433; x_wconf 87' lang='lat' dir='ltr'><strong>omnes</strong></span> <span class='ocrx_word' id='word_1_55' title='bbox 670 405 832 433; x_wconf 89' lang='lat' dir='ltr'><strong>nobiscum</strong></span> <span class='ocrx_word' id='word_1_56' title='bbox 847 407 978 439; x_wconf 81' lang='lat' dir='ltr'><strong>gemant,</strong></span> <span class='ocrx_word' id='word_1_57' title='bbox 995 405 1117 433; x_wconf 83' lang='lat' dir='ltr'><strong>infortu-</strong></span> 
     </span>
    </p>
   </div>
   <div class='ocr_carea' id='block_1_11' title="bbox 290 450 1117 486">
    <p class='ocr_par' dir='ltr' id='par_1_11' title="bbox 290 450 1117 486">
     <span class='ocr_line' id='line_1_11' title="bbox 290 450 1117 486; baseline 0 -8"><span class='ocrx_word' id='word_1_58' title='bbox 290 450 341 478; x_wconf 89' lang='lat' dir='ltr'><strong>nio</strong></span> <span class='ocrx_word' id='word_1_59' title='bbox 364 450 520 486; x_wconf 83' lang='lat' dir='ltr'><strong>planctum</strong></span> <span class='ocrx_word' id='word_1_60' title='bbox 545 450 708 486; x_wconf 63' lang='lat' dir='ltr'><strong>adaequare</strong></span> <span class='ocrx_word' id='word_1_61' title='bbox 730 453 893 486; x_wconf 83' lang='lat' dir='ltr'><strong>poterunt:</strong></span> <span class='ocrx_word' id='word_1_62' title='bbox 917 451 978 478; x_wconf 89' lang='lat' dir='ltr'><strong>imo</strong></span> <span class='ocrx_word' id='word_1_63' title='bbox 1000 450 1117 478; x_wconf 88' lang='lat' dir='ltr'><strong>etiamsi</strong></span> 
     </span>
    </p>
   </div>
   <div class='ocr_carea' id='block_1_12' title="bbox 290 494 1116 531">
    <p class='ocr_par' dir='ltr' id='par_1_12' title="bbox 290 494 1116 531">
     <span class='ocr_line' id='line_1_12' title="bbox 290 494 1116 531; baseline 0 -9"><span class='ocrx_word' id='word_1_64' title='bbox 290 494 453 523; x_wconf 79' lang='lat' dir='ltr'><strong>ﬂuviorum</strong></span> <span class='ocrx_word' id='word_1_65' title='bbox 468 503 556 531; x_wconf 72' lang='lat' dir='ltr'><strong>aquae</strong></span> <span class='ocrx_word' id='word_1_66' title='bbox 579 495 722 531; x_wconf 69' lang='lat' dir='ltr'><strong>lacrymre</strong></span> <span class='ocrx_word' id='word_1_67' title='bbox 735 496 820 530; x_wconf 86' lang='lat' dir='ltr'><strong>ﬁant,</strong></span> <span class='ocrx_word' id='word_1_68' title='bbox 835 495 1005 531; x_wconf 89' lang='lat' dir='ltr'><strong>nequibunt</strong></span> <span class='ocrx_word' id='word_1_69' title='bbox 1028 503 1116 523; x_wconf 89' lang='lat' dir='ltr'><strong>casus</strong></span> 
     </span>
    </p>
   </div>
   <div class='ocr_carea' id='block_1_13' title="bbox 289 539 659 576">
    <p class='ocr_par' dir='ltr' id='par_1_13' title="bbox 289 539 659 576">
     <span class='ocr_line' id='line_1_13' title="bbox 289 539 659 576; baseline 0 -9"><span class='ocrx_word' id='word_1_70' title='bbox 289 539 368 568; x_wconf 88' lang='lat' dir='ltr'><strong>illius</strong></span> <span class='ocrx_word' id='word_1_71' title='bbox 382 539 516 568; x_wconf 81' lang='lat' dir='ltr'><strong>lamenta</strong></span> <span class='ocrx_word' id='word_1_72' title='bbox 530 540 659 576; x_wconf 84' lang='lat' dir='ltr'><strong>explere.</strong></span> 
     </span>
    </p>
   </div>
   <div class='ocr_carea' id='block_1_14' title="bbox 325 673 1115 710">
    <p class='ocr_par' dir='ltr' id='par_1_14' title="bbox 325 673 1115 710">
     <span class='ocr_line' id='line_1_14' title="bbox 325 673 1115 710; baseline 0.001 -9"><span class='ocrx_word' id='word_1_73' title='bbox 325 676 352 702; x_wconf 87' lang='lat'><strong>2.</strong></span> <span class='ocrx_word' id='word_1_74' title='bbox 373 674 431 702; x_wconf 88' lang='lat' dir='ltr'><strong>Sed</strong></span> <span class='ocrx_word' id='word_1_75' title='bbox 455 674 481 702; x_wconf 88' lang='lat' dir='ltr'><strong>si</strong></span> <span class='ocrx_word' id='word_1_76' title='bbox 503 673 632 702; x_wconf 81' lang='lat' dir='ltr'><strong>velimus</strong></span> <span class='ocrx_word' id='word_1_77' title='bbox 649 674 700 702; x_wconf 88' lang='lat' dir='ltr'><strong>Dei</strong></span> <span class='ocrx_word' id='word_1_78' title='bbox 723 674 849 708; x_wconf 83' lang='lat' dir='ltr'><strong>donum,</strong></span> <span class='ocrx_word' id='word_1_79' title='bbox 865 674 949 710; x_wconf 87' lang='lat' dir='ltr'><strong>quod</strong></span> <span class='ocrx_word' id='word_1_80' title='bbox 972 674 1115 702; x_wconf 82' lang='lat' dir='ltr'><strong>cordibus</strong></span> 
     </span>
    </p>
   </div>
   <div class='ocr_carea' id='block_1_15' title="bbox 289 719 1114 755">
    <p class='ocr_par' dir='ltr' id='par_1_15' title="bbox 289 719 1114 755">
     <span class='ocr_line' id='line_1_15' title="bbox 289 719 1114 755; baseline 0.001 -9"><span class='ocrx_word' id='word_1_81' title='bbox 289 719 400 747; x_wconf 85' lang='lat' dir='ltr'><strong>nostris</strong></span> <span class='ocrx_word' id='word_1_82' title='bbox 413 719 532 751; x_wconf 87' lang='lat' dir='ltr'><strong>indidit,</strong></span> <span class='ocrx_word' id='word_1_83' title='bbox 549 727 629 747; x_wconf 91' lang='lat' dir='ltr'><strong>nunc</strong></span> <span class='ocrx_word' id='word_1_84' title='bbox 651 726 800 755; x_wconf 82' lang='lat' dir='ltr'><strong>promere.</strong></span> <span class='ocrx_word' id='word_1_85' title='bbox 817 719 964 746; x_wconf 88' lang='lat' dir='ltr'><strong>rationem</strong></span> <span class='ocrx_word' id='word_1_86' title='bbox 980 719 1048 746; x_wconf 88' lang='lat' dir='ltr'><strong>dico</strong></span> <span class='ocrx_word' id='word_1_87' title='bbox 1064 727 1114 747; x_wconf 90' lang='lat' dir='ltr'><strong>so-</strong></span> 
     </span>
    </p>
   </div>
   <div class='ocr_carea' id='block_1_16' title="bbox 289 762 1116 799">
    <p class='ocr_par' dir='ltr' id='par_1_16' title="bbox 289 762 1116 799">
     <span class='ocr_line' id='line_1_16' title="bbox 289 762 1116 799; baseline 0 -9"><span class='ocrx_word' id='word_1_88' title='bbox 289 763 398 798; x_wconf 86' lang='lat' dir='ltr'><strong>briam,</strong></span> <span class='ocrx_word' id='word_1_89' title='bbox 409 771 477 799; x_wconf 80' lang='lat' dir='ltr'><strong>quae</strong></span> <span class='ocrx_word' id='word_1_90' title='bbox 488 767 516 791; x_wconf 90' lang='lat' dir='ltr'><strong>et</strong></span> <span class='ocrx_word' id='word_1_91' title='bbox 527 764 557 791; x_wconf 89' lang='lat' dir='ltr'><strong>in</strong></span> <span class='ocrx_word' id='word_1_92' title='bbox 569 763 659 791; x_wconf 87' lang='lat' dir='ltr'><strong>rebus</strong></span> <span class='ocrx_word' id='word_1_93' title='bbox 671 762 811 791; x_wconf 88' lang='lat' dir='ltr'><strong>secundis</strong></span> <span class='ocrx_word' id='word_1_94' title='bbox 823 762 949 790; x_wconf 87' lang='lat' dir='ltr'><strong>modum</strong></span> <span class='ocrx_word' id='word_1_95' title='bbox 960 763 1041 790; x_wconf 87' lang='lat' dir='ltr'><strong>n0vit</strong></span> <span class='ocrx_word' id='word_1_96' title='bbox 1051 763 1116 791; x_wconf 87' lang='lat' dir='ltr'><strong>ani-</strong></span> 
     </span>
    </p>
   </div>
   <div class='ocr_carea' id='block_1_17' title="bbox 289 807 1114 844">
    <p class='ocr_par' dir='ltr' id='par_1_17' title="bbox 289 807 1114 844">
     <span class='ocr_line' id='line_1_17' title="bbox 289 807 1114 844; baseline 0.001 -9"><span class='ocrx_word' id='word_1_97' title='bbox 289 808 400 836; x_wconf 91' lang='lat' dir='ltr'><strong>mabus</strong></span> <span class='ocrx_word' id='word_1_98' title='bbox 414 808 527 836; x_wconf 84' lang='lat' dir='ltr'><strong>nostris</strong></span> <span class='ocrx_word' id='word_1_99' title='bbox 543 808 740 844; x_wconf 68' lang='lat' dir='ltr'><strong>praestituere,</strong></span> <span class='ocrx_word' id='word_1_100' title='bbox 756 810 785 835; x_wconf 93' lang='lat' dir='ltr'><strong>et</strong></span> <span class='ocrx_word' id='word_1_101' title='bbox 796 807 827 835; x_wconf 88' lang='lat' dir='ltr'><strong>in</strong></span> <span class='ocrx_word' id='word_1_102' title='bbox 843 807 1023 835; x_wconf 84' lang='lat' dir='ltr'><strong>tristioribus</strong></span> <span class='ocrx_word' id='word_1_103' title='bbox 1039 809 1114 836; x_wconf 81' lang='lat' dir='ltr'><strong>casi-</strong></span> 
     </span>
    </p>
   </div>
   <div class='ocr_carea' id='block_1_18' title="bbox 1173 224 1928 265">
    <p class='ocr_par' dir='ltr' id='par_1_18' title="bbox 1173 224 1928 265">
     <span class='ocr_line' id='line_1_18' title="bbox 1173 224 1928 265; baseline 0.008 -15"><span class='ocrx_word' id='word_1_104' title='bbox 1173 224 1227 251; x_wconf 78' lang='grc' dir='ltr'>ἀλλ’</span> <span class='ocrx_word' id='word_1_105' title='bbox 1261 225 1362 262; x_wconf 80' lang='grc' dir='ltr'>ἀθρόως</span> <span class='ocrx_word' id='word_1_106' title='bbox 1391 226 1525 264; x_wconf 78' lang='grc' dir='ltr'><strong>βασκανίᾳ</strong></span> <span class='ocrx_word' id='word_1_107' title='bbox 1551 227 1673 265; x_wconf 87' lang='grc' dir='ltr'>δαίμονος</span> <span class='ocrx_word' id='word_1_108' title='bbox 1705 232 1777 255; x_wconf 86' lang='grc' dir='ltr'>πᾶσα</span> <span class='ocrx_word' id='word_1_109' title='bbox 1802 229 1872 258; x_wconf 70' lang='grc' dir='ltr'>εκείνη</span> <span class='ocrx_word' id='word_1_110' title='bbox 1898 235 1928 256; x_wconf 73' lang='grc' dir='ltr'>τοῦ</span> 
     </span>
    </p>
   </div>
   <div class='ocr_carea' id='block_1_19' title="bbox 1173 271 1929 311">
    <p class='ocr_par' dir='ltr' id='par_1_19' title="bbox 1173 271 1929 311">
     <span class='ocr_line' id='line_1_19' title="bbox 1173 271 1929 311; baseline 0.007 -16"><span class='ocrx_word' id='word_1_111' title='bbox 1173 272 1244 296; x_wconf 72' lang='grc' dir='ltr'>οἶκον</span> <span class='ocrx_word' id='word_1_112' title='bbox 1269 271 1326 305; x_wconf 69' lang='lat'><strong>(25)</strong></span> <span class='ocrx_word' id='word_1_113' title='bbox 1350 272 1364 300; x_wconf 80' lang='grc' dir='ltr'>ἡ</span> <span class='ocrx_word' id='word_1_114' title='bbox 1391 271 1497 301; x_wconf 77' lang='grc' dir='ltr'>εὐθηνία</span> <span class='ocrx_word' id='word_1_115' title='bbox 1522 275 1566 299; x_wconf 75' lang='grc' dir='ltr'>καὶ</span> <span class='ocrx_word' id='word_1_116' title='bbox 1593 278 1643 299; x_wconf 82' lang='grc' dir='ltr'>τῶν</span> <span class='ocrx_word' id='word_1_117' title='bbox 1666 273 1760 309; x_wconf 73' lang='grc' dir='ltr'>ψυχῶν</span> <span class='ocrx_word' id='word_1_118' title='bbox 1781 275 1794 302; x_wconf 84' lang='grc' dir='ltr'><strong>ἠ</strong></span> <span class='ocrx_word' id='word_1_119' title='bbox 1817 273 1929 311; x_wconf 73' lang='grc' dir='ltr'>φαιδροῖης</span> 
     </span>
    </p>
   </div>
   <div class='ocr_carea' id='block_1_20' title="bbox 1172 315 1930 356">
    <p class='ocr_par' dir='ltr' id='par_1_20' title="bbox 1172 315 1930 356">
     <span class='ocr_line' id='line_1_20' title="bbox 1172 315 1930 356; baseline 0.007 -16"><span class='ocrx_word' id='word_1_120' title='bbox 1172 315 1325 350; x_wconf 75' lang='grc' dir='ltr'>ἠφάνισται,</span> <span class='ocrx_word' id='word_1_121' title='bbox 1346 318 1391 341; x_wconf 79' lang='grc' dir='ltr'>καὶ</span> <span class='ocrx_word' id='word_1_122' title='bbox 1415 315 1552 353; x_wconf 67' lang='grc' dir='ltr'>ἐγενόμεθα</span> <span class='ocrx_word' id='word_1_123' title='bbox 1573 322 1609 352; x_wconf 79' lang='grc' dir='ltr'>τῷ</span> <span class='ocrx_word' id='word_1_124' title='bbox 1630 317 1681 354; x_wconf 81' lang='grc' dir='ltr'><strong>βίῳ</strong></span> <span class='ocrx_word' id='word_1_125' title='bbox 1704 316 1821 354; x_wconf 69' lang='grc' dir='ltr'>διήγημα</span> <span class='ocrx_word' id='word_1_126' title='bbox 1842 320 1930 356; x_wconf 62' lang='grc' dir='ltr'>σκυίφω-</span> 
     </span>
    </p>
   </div>
   <div class='ocr_carea' id='block_1_21' title="bbox 1171 359 1930 399">
    <p class='ocr_par' dir='ltr' id='par_1_21' title="bbox 1171 359 1930 399">
     <span class='ocr_line' id='line_1_21' title="bbox 1171 359 1930 399; baseline 0.007 -14"><span class='ocrx_word' id='word_1_127' title='bbox 1171 362 1229 386; x_wconf 83' lang='grc' dir='ltr'><strong>πὸν.</strong></span> <span class='ocrx_word' id='word_1_128' title='bbox 1253 360 1312 386; x_wconf 73' lang='grc' dir='ltr'><strong>Ἐὰν</strong></span> <span class='ocrx_word' id='word_1_129' title='bbox 1335 362 1380 396; x_wconf 65' lang='grc' dir='ltr'><strong>μὲν</strong></span> <span class='ocrx_word' id='word_1_130' title='bbox 1402 359 1446 386; x_wconf 74' lang='grc' dir='ltr'>οὖν</span> <span class='ocrx_word' id='word_1_131' title='bbox 1470 364 1626 389; x_wconf 78' lang='grc' dir='ltr'><strong>ποτνιᾶσθαι</strong></span> <span class='ocrx_word' id='word_1_132' title='bbox 1642 362 1683 388; x_wconf 81' lang='grc' dir='ltr'><strong>ἐπὶ</strong></span> <span class='ocrx_word' id='word_1_133' title='bbox 1706 367 1760 393; x_wconf 81' lang='grc' dir='ltr'>τοῖς</span> <span class='ocrx_word' id='word_1_134' title='bbox 1779 363 1882 399; x_wconf 71' lang='grc' dir='ltr'>συμϐᾱοι</span> <span class='ocrx_word' id='word_1_135' title='bbox 1899 368 1930 390; x_wconf 73' lang='grc' dir='ltr'><strong>κει</strong></span> 
     </span>
    </p>
   </div>
   <div class='ocr_carea' id='block_1_22' title="bbox 1172 401 1930 445">
    <p class='ocr_par' dir='ltr' id='par_1_22' title="bbox 1172 401 1930 445">
     <span class='ocr_line' id='line_1_22' title="bbox 1172 401 1930 445; baseline 0.007 -16"><span class='ocrx_word' id='word_1_136' title='bbox 1172 401 1294 441; x_wconf 76' lang='grc' dir='ltr'><strong>δακρύειν</strong></span> <span class='ocrx_word' id='word_1_137' title='bbox 1323 404 1488 441; x_wconf 70' lang='grc' dir='ltr'><strong>βουλώμεθα,</strong></span> <span class='ocrx_word' id='word_1_138' title='bbox 1508 407 1555 432; x_wconf 67' lang='grc' dir='ltr'>οὐκ</span> <span class='ocrx_word' id='word_1_139' title='bbox 1581 406 1710 444; x_wconf 74' lang='grc' dir='ltr'><strong>ἐξαρκέσει</strong></span> <span class='ocrx_word' id='word_1_140' title='bbox 1739 408 1797 444; x_wconf 76' lang='grc' dir='ltr'>ἡμῖν</span> <span class='ocrx_word' id='word_1_141' title='bbox 1825 409 1836 434; x_wconf 77' lang='grc' dir='ltr'><strong><em>ὁ</em></strong></span> <span class='ocrx_word' id='word_1_142' title='bbox 1860 411 1930 445; x_wconf 70' lang='grc' dir='ltr'>χρόνος</span> 
     </span>
    </p>
   </div>
   <div class='ocr_carea' id='block_1_23' title="bbox 1170 448 1929 488">
    <p class='ocr_par' dir='ltr' id='par_1_23' title="bbox 1170 448 1929 488">
     <span class='ocr_line' id='line_1_23' title="bbox 1170 448 1929 488; baseline 0.007 -15"><span class='ocrx_word' id='word_1_143' title='bbox 1170 452 1216 474; x_wconf 79' lang='grc' dir='ltr'>τοῦ</span> <span class='ocrx_word' id='word_1_144' title='bbox 1241 448 1303 485; x_wconf 78' lang='grc' dir='ltr'>βίον</span> <span class='ocrx_word' id='word_1_145' title='bbox 1316 460 1321 466; x_wconf 89' lang='grc'><strong><em>-</em></strong></span> <span class='ocrx_word' id='word_1_146' title='bbox 1338 451 1428 480; x_wconf 79' lang='grc' dir='ltr'>πάντες</span> <span class='ocrx_word' id='word_1_147' title='bbox 1453 449 1482 477; x_wconf 66' lang='lat'><strong>0‘&quot;:</strong></span> <span class='ocrx_word' id='word_1_148' title='bbox 1504 452 1645 487; x_wconf 74' lang='grc' dir='ltr'>ἄνθρωποι,</span> <span class='ocrx_word' id='word_1_149' title='bbox 1662 452 1718 488; x_wconf 79' lang='grc' dir='ltr'>μεθ’</span> <span class='ocrx_word' id='word_1_150' title='bbox 1733 453 1802 488; x_wconf 75' lang='grc' dir='ltr'><strong>ἡμῶν</strong></span> <span class='ocrx_word' id='word_1_151' title='bbox 1825 455 1929 484; x_wconf 61' lang='grc' dir='ltr'>στένοντες,</span> 
     </span>
    </p>
   </div>
   <div class='ocr_carea' id='block_1_24' title="bbox 1169 495 1929 532">
    <p class='ocr_par' dir='ltr' id='par_1_24' title="bbox 1169 495 1929 532">
     <span class='ocr_line' id='line_1_24' title="bbox 1169 495 1929 532; baseline 0.005 -14"><span class='ocrx_word' id='word_1_152' title='bbox 1169 498 1322 529; x_wconf 83' lang='grc' dir='ltr'>παρισῶσαι</span> <span class='ocrx_word' id='word_1_153' title='bbox 1349 499 1384 529; x_wconf 82' lang='grc' dir='ltr'>τῷ</span> <span class='ocrx_word' id='word_1_154' title='bbox 1415 497 1491 522; x_wconf 75' lang='grc' dir='ltr'>πάθει</span> <span class='ocrx_word' id='word_1_155' title='bbox 1521 498 1564 522; x_wconf 89' lang='grc' dir='ltr'>τὸν</span> <span class='ocrx_word' id='word_1_156' title='bbox 1593 495 1707 532; x_wconf 75' lang='grc' dir='ltr'><strong>ὀδυρμόν</strong></span> <span class='ocrx_word' id='word_1_157' title='bbox 1731 496 1760 522; x_wconf 72' lang='grc' dir='ltr'>οὐ</span> <span class='ocrx_word' id='word_1_158' title='bbox 1784 495 1929 525; x_wconf 73' lang='grc' dir='ltr'>δυνήσανται”</span> 
     </span>
    </p>
   </div>
   <div class='ocr_carea' id='block_1_25' title="bbox 1169 536 1930 578">
    <p class='ocr_par' dir='ltr' id='par_1_25' title="bbox 1169 536 1930 578">
     <span class='ocr_line' id='line_1_25' title="bbox 1169 536 1930 578; baseline 0.008 -16"><span class='ocrx_word' id='word_1_159' title='bbox 1169 536 1233 563; x_wconf 76' lang='grc' dir='ltr'>ἄλλα</span> <span class='ocrx_word' id='word_1_160' title='bbox 1248 538 1295 564; x_wconf 72' lang='grc' dir='ltr'>κᾶν</span> <span class='ocrx_word' id='word_1_161' title='bbox 1309 540 1342 565; x_wconf 73' lang='grc' dir='ltr'>τὰ</span> <span class='ocrx_word' id='word_1_162' title='bbox 1367 544 1416 565; x_wconf 82' lang='grc' dir='ltr'>τῶν</span> <span class='ocrx_word' id='word_1_163' title='bbox 1436 545 1558 577; x_wconf 76' lang='grc' dir='ltr'><strong>ποταμῶν</strong></span> <span class='ocrx_word' id='word_1_164' title='bbox 1576 542 1693 578; x_wconf 75' lang='grc' dir='ltr'><strong>ῥεύματα</strong></span> <span class='ocrx_word' id='word_1_165' title='bbox 1707 543 1763 576; x_wconf 79' lang='grc'><strong>(26)</strong></span> <span class='ocrx_word' id='word_1_166' title='bbox 1783 539 1882 578; x_wconf 73' lang='grc' dir='ltr'>δάκρυον</span> <span class='ocrx_word' id='word_1_167' title='bbox 1900 545 1930 577; x_wconf 72' lang='grc' dir='ltr'><strong>γέ-</strong></span> 
     </span>
    </p>
   </div>
   <div class='ocr_carea' id='block_1_26' title="bbox 1168 582 1931 622">
    <p class='ocr_par' dir='ltr' id='par_1_26' title="bbox 1168 582 1931 622">
     <span class='ocr_line' id='line_1_26' title="bbox 1168 582 1931 622; baseline 0.005 -16"><span class='ocrx_word' id='word_1_168' title='bbox 1168 592 1254 616; x_wconf 79' lang='grc' dir='ltr'>νηται,</span> <span class='ocrx_word' id='word_1_169' title='bbox 1281 582 1448 621; x_wconf 75' lang='grc' dir='ltr'><strong>ἐκπληρῶσαι</strong></span> <span class='ocrx_word' id='word_1_170' title='bbox 1474 589 1524 611; x_wconf 83' lang='grc' dir='ltr'>τῶν</span> <span class='ocrx_word' id='word_1_171' title='bbox 1552 585 1703 622; x_wconf 76' lang='grc' dir='ltr'>συμϐάντων</span> <span class='ocrx_word' id='word_1_172' title='bbox 1729 588 1770 612; x_wconf 83' lang='grc' dir='ltr'>τὸν</span> <span class='ocrx_word' id='word_1_173' title='bbox 1799 587 1880 622; x_wconf 83' lang='grc' dir='ltr'>θρῆνον</span> <span class='ocrx_word' id='word_1_174' title='bbox 1899 586 1931 611; x_wconf 63' lang='lat' dir='ltr'><strong>ait</strong></span> 
     </span>
    </p>
   </div>
   <div class='ocr_carea' id='block_1_27' title="bbox 1168 625 1312 664">
    <p class='ocr_par' dir='ltr' id='par_1_27' title="bbox 1168 625 1312 664">
     <span class='ocr_line' id='line_1_27' title="bbox 1168 625 1312 664; baseline 0.021 -12"><span class='ocrx_word' id='word_1_175' title='bbox 1168 625 1312 664; x_wconf 75' lang='grc' dir='ltr'><strong>ἐξαρκέσει.</strong></span> 
     </span>
    </p>
   </div>
   <div class='ocr_carea' id='block_1_28' title="bbox 1203 672 1932 712">
    <p class='ocr_par' dir='ltr' id='par_1_28' title="bbox 1203 672 1932 712">
     <span class='ocr_line' id='line_1_28' title="bbox 1203 672 1932 712; baseline 0.003 -14"><span class='ocrx_word' id='word_1_176' title='bbox 1203 673 1230 698; x_wconf 79' lang='grc'>2.</span> <span class='ocrx_word' id='word_1_177' title='bbox 1250 672 1308 698; x_wconf 75' lang='grc' dir='ltr'>Ἐὰν</span> <span class='ocrx_word' id='word_1_178' title='bbox 1334 675 1421 709; x_wconf 73' lang='grc' dir='ltr'>μέντοι</span> <span class='ocrx_word' id='word_1_179' title='bbox 1451 673 1596 710; x_wconf 72' lang='grc' dir='ltr'>θελήσωμεν</span> <span class='ocrx_word' id='word_1_180' title='bbox 1619 676 1648 700; x_wconf 85' lang='grc' dir='ltr'>τὸ</span> <span class='ocrx_word' id='word_1_181' title='bbox 1674 678 1720 700; x_wconf 80' lang='grc' dir='ltr'>τοῦ</span> <span class='ocrx_word' id='word_1_182' title='bbox 1749 678 1813 702; x_wconf 73' lang='grc' dir='ltr'>Θεοῦ</span> <span class='ocrx_word' id='word_1_183' title='bbox 1839 673 1932 712; x_wconf 80' lang='grc' dir='ltr'>δῶρονό</span> 
     </span>
    </p>
   </div>
   <div class='ocr_carea' id='block_1_29' title="bbox 1168 715 1931 756">
    <p class='ocr_par' dir='ltr' id='par_1_29' title="bbox 1168 715 1931 756">
     <span class='ocr_line' id='line_1_29' title="bbox 1168 715 1931 756; baseline 0.001 -14"><span class='ocrx_word' id='word_1_184' title='bbox 1168 715 1301 743; x_wconf 73' lang='grc' dir='ltr'><strong>ἐναπέθετο</strong></span> <span class='ocrx_word' id='word_1_185' title='bbox 1330 722 1388 748; x_wconf 86' lang='grc' dir='ltr'>ταῖς</span> <span class='ocrx_word' id='word_1_186' title='bbox 1409 717 1531 755; x_wconf 77' lang='grc' dir='ltr'><strong>καρδίαις</strong></span> <span class='ocrx_word' id='word_1_187' title='bbox 1547 719 1602 755; x_wconf 76' lang='grc'>(27)</span> <span class='ocrx_word' id='word_1_188' title='bbox 1625 720 1697 755; x_wconf 79' lang='grc' dir='ltr'>ἡμῶν</span> <span class='ocrx_word' id='word_1_189' title='bbox 1717 723 1867 756; x_wconf 73' lang='grc' dir='ltr'><strong>προενεγκεῖν</strong></span> <span class='ocrx_word' id='word_1_190' title='bbox 1886 723 1931 744; x_wconf 72' lang='grc' dir='ltr'>νῡνι</span> 
     </span>
    </p>
   </div>
   <div class='ocr_carea' id='block_1_30' title="bbox 1166 761 1933 800">
    <p class='ocr_par' dir='ltr' id='par_1_30' title="bbox 1166 761 1933 800">
     <span class='ocr_line' id='line_1_30' title="bbox 1166 761 1933 800; baseline 0.004 -14"><span class='ocrx_word' id='word_1_191' title='bbox 1166 763 1208 787; x_wconf 82' lang='grc' dir='ltr'>τὸν</span> <span class='ocrx_word' id='word_1_192' title='bbox 1238 761 1364 798; x_wconf 76' lang='grc' dir='ltr'>λογισμόν</span> <span class='ocrx_word' id='word_1_193' title='bbox 1392 763 1457 798; x_wconf 74' lang='grc' dir='ltr'>λέγω</span> <span class='ocrx_word' id='word_1_194' title='bbox 1487 766 1530 790; x_wconf 77' lang='grc' dir='ltr'>τὸν</span> <span class='ocrx_word' id='word_1_195' title='bbox 1561 767 1690 800; x_wconf 72' lang='grc' dir='ltr'>σώφρονα,</span> <span class='ocrx_word' id='word_1_196' title='bbox 1718 764 1745 795; x_wconf 80' lang='grc' dir='ltr'><strong>ὃς</strong></span> <span class='ocrx_word' id='word_1_197' title='bbox 1776 767 1819 790; x_wconf 79' lang='grc' dir='ltr'>καὶ</span> <span class='ocrx_word' id='word_1_198' title='bbox 1844 764 1866 790; x_wconf 78' lang='grc' dir='ltr'>ἐν</span> <span class='ocrx_word' id='word_1_199' title='bbox 1893 768 1933 793; x_wconf 78' lang='grc' dir='ltr'>ταῖς</span> 
     </span>
    </p>
   </div>
   <div class='ocr_carea' id='block_1_31' title="bbox 1167 805 1932 845">
    <p class='ocr_par' dir='ltr' id='par_1_31' title="bbox 1167 805 1932 845">
     <span class='ocr_line' id='line_1_31' title="bbox 1167 805 1932 845; baseline 0.001 -14"><span class='ocrx_word' id='word_1_200' title='bbox 1167 805 1318 843; x_wconf 73' lang='grc' dir='ltr'><strong>εὐημερίαις</strong></span> <span class='ocrx_word' id='word_1_201' title='bbox 1342 809 1424 844; x_wconf 81' lang='grc' dir='ltr'><strong>μέτρα</strong></span> <span class='ocrx_word' id='word_1_202' title='bbox 1452 805 1508 834; x_wconf 76' lang='grc' dir='ltr'>οἶδε</span> <span class='ocrx_word' id='word_1_203' title='bbox 1533 812 1591 839; x_wconf 79' lang='grc' dir='ltr'>ταῖς</span> <span class='ocrx_word' id='word_1_204' title='bbox 1618 808 1721 844; x_wconf 71' lang='grc' dir='ltr'>ψυχαῖς</span> <span class='ocrx_word' id='word_1_205' title='bbox 1754 810 1823 845; x_wconf 77' lang='grc' dir='ltr'>ἡμῶν</span> <span class='ocrx_word' id='word_1_206' title='bbox 1850 808 1932 844; x_wconf 74' lang='grc' dir='ltr'>ὁρίζειν,</span> 
     </span>
    </p>
   </div>
   <div class='ocr_carea' id='block_1_32' title="bbox 288 851 1098 889">
    <p class='ocr_par' dir='ltr' id='par_1_32' title="bbox 288 852 1095 888">
     <span class='ocr_line' id='line_1_32' title="bbox 288 852 1095 888; baseline 0 -8"><span class='ocrx_word' id='word_1_207' title='bbox 288 852 347 880; x_wconf 85' lang='lat' dir='ltr'><strong>bus</strong></span> <span class='ocrx_word' id='word_1_208' title='bbox 360 860 406 880; x_wconf 90' lang='lat' dir='ltr'><strong>res</strong></span> <span class='ocrx_word' id='word_1_209' title='bbox 422 852 574 880; x_wconf 88' lang='lat' dir='ltr'><strong>humanas</strong></span> <span class='ocrx_word' id='word_1_210' title='bbox 590 853 620 880; x_wconf 88' lang='lat' dir='ltr'><strong>in</strong></span> <span class='ocrx_word' id='word_1_211' title='bbox 634 852 813 880; x_wconf 83' lang='lat' dir='ltr'><strong>memoriam</strong></span> <span class='ocrx_word' id='word_1_212' title='bbox 827 859 979 884; x_wconf 84' lang='lat' dir='ltr'><strong>revocare,</strong></span> <span class='ocrx_word' id='word_1_213' title='bbox 995 860 1095 888; x_wconf 85' lang='lat' dir='ltr'><strong>nosqu</strong></span> 
     </span>
    </p>
   </div>
   <div class='ocr_carea' id='block_1_33' title="bbox 1155 851 1931 889">
    <p class='ocr_par' dir='ltr' id='par_1_33' title="bbox 1166 851 1931 889">
     <span class='ocr_line' id='line_1_33' title="bbox 1166 851 1931 889; baseline 0.003 -13"><span class='ocrx_word' id='word_1_214' title='bbox 1166 853 1211 876; x_wconf 82' lang='grc' dir='ltr'>καὶ</span> <span class='ocrx_word' id='word_1_215' title='bbox 1244 851 1269 876; x_wconf 76' lang='grc' dir='ltr'>ἐν</span> <span class='ocrx_word' id='word_1_216' title='bbox 1301 855 1356 881; x_wconf 83' lang='grc' dir='ltr'>ταῖς</span> <span class='ocrx_word' id='word_1_217' title='bbox 1386 854 1591 889; x_wconf 72' lang='grc' dir='ltr'>κατηφεστίραις</span> <span class='ocrx_word' id='word_1_218' title='bbox 1617 854 1798 889; x_wconf 75' lang='grc' dir='ltr'><strong>περιστάσεσιν</strong></span> <span class='ocrx_word' id='word_1_219' title='bbox 1828 853 1860 884; x_wconf 82' lang='grc' dir='ltr'><strong>εἰς</strong></span> <span class='ocrx_word' id='word_1_220' title='bbox 1884 854 1931 878; x_wconf 69' lang='grc' dir='ltr'>ὑπο-</span> 
     </span>
    </p>
   </div>
   <div class='ocr_carea' id='block_1_34' title="bbox 289 892 1111 933">
    <p class='ocr_par' dir='ltr' id='par_1_34' title="bbox 289 892 1111 933">
     <span class='ocr_line' id='line_1_34' title="bbox 289 892 1111 933; baseline 0.001 -9"><span class='ocrx_word' id='word_1_221' title='bbox 289 897 453 925; x_wconf 77' lang='lat' dir='ltr'><strong>admonere</strong></span> <span class='ocrx_word' id='word_1_222' title='bbox 468 892 585 932; x_wconf 87' lang='lat' dir='ltr'><strong>eorum,</strong></span> <span class='ocrx_word' id='word_1_223' title='bbox 598 906 667 933; x_wconf 61' lang='lat' dir='ltr'><strong>qua</strong></span> <span class='ocrx_word' id='word_1_224' title='bbox 683 900 711 925; x_wconf 91' lang='lat' dir='ltr'><strong>et</strong></span> <span class='ocrx_word' id='word_1_225' title='bbox 734 897 864 925; x_wconf 88' lang='lat' dir='ltr'><strong>vidimus</strong></span> <span class='ocrx_word' id='word_1_226' title='bbox 880 899 910 925; x_wconf 86' lang='lat' dir='ltr'><strong>et</strong></span> <span class='ocrx_word' id='word_1_227' title='bbox 930 897 1111 931; x_wconf 81' lang='lat' dir='ltr'><strong>audivimus,</strong></span> 
     </span>
    </p>
   </div>
   <div class='ocr_carea' id='block_1_35' title="bbox 287 941 1111 977">
    <p class='ocr_par' dir='ltr' id='par_1_35' title="bbox 287 941 1111 977">
     <span class='ocr_line' id='line_1_35' title="bbox 287 941 1111 977; baseline 0.001 -8"><span class='ocrx_word' id='word_1_228' title='bbox 287 942 382 969; x_wconf 83' lang='lat' dir='ltr'><strong>vitam</strong></span> <span class='ocrx_word' id='word_1_229' title='bbox 397 942 535 970; x_wconf 86' lang='lat' dir='ltr'><strong>videlicet</strong></span> <span class='ocrx_word' id='word_1_230' title='bbox 555 942 725 970; x_wconf 85' lang='lat' dir='ltr'><strong>infortuniis</strong></span> <span class='ocrx_word' id='word_1_231' title='bbox 737 941 913 977; x_wconf 87' lang='lat' dir='ltr'><strong>hujusmodi</strong></span> <span class='ocrx_word' id='word_1_232' title='bbox 935 949 999 969; x_wconf 84' lang='lat' dir='ltr'><strong>esse</strong></span> <span class='ocrx_word' id='word_1_233' title='bbox 1019 942 1111 970; x_wconf 86' lang='lat' dir='ltr'><strong>refer-</strong></span> 
     </span>
    </p>
   </div>
   <div class='ocr_carea' id='block_1_36' title="bbox 287 987 1112 1021">
    <p class='ocr_par' dir='ltr' id='par_1_36' title="bbox 287 987 1112 1021">
     <span class='ocr_line' id='line_1_36' title="bbox 287 987 1112 1021; baseline 0.002 -7"><span class='ocrx_word' id='word_1_234' title='bbox 287 989 362 1021; x_wconf 86' lang='lat' dir='ltr'><strong>tam,</strong></span> <span class='ocrx_word' id='word_1_235' title='bbox 391 995 426 1015; x_wconf 90' lang='lat' dir='ltr'><strong>ac</strong></span> <span class='ocrx_word' id='word_1_236' title='bbox 454 988 550 1016; x_wconf 88' lang='lat' dir='ltr'><strong>multa</strong></span> <span class='ocrx_word' id='word_1_237' title='bbox 577 987 783 1016; x_wconf 86' lang='lat' dir='ltr'><strong>calamitatum</strong></span> <span class='ocrx_word' id='word_1_238' title='bbox 813 987 1017 1015; x_wconf 85' lang='lat' dir='ltr'><strong>humanarum</strong></span> <span class='ocrx_word' id='word_1_239' title='bbox 1044 996 1112 1016; x_wconf 89' lang='lat' dir='ltr'><strong>esse</strong></span> 
     </span>
    </p>
   </div>
   <div class='ocr_carea' id='block_1_37' title="bbox 285 1032 1109 1068">
    <p class='ocr_par' dir='ltr' id='par_1_37' title="bbox 285 1032 1109 1068">
     <span class='ocr_line' id='line_1_37' title="bbox 285 1032 1109 1068; baseline 0 -8"><span class='ocrx_word' id='word_1_240' title='bbox 285 1032 436 1068; x_wconf 86' lang='lat' dir='ltr'><strong>exempla,</strong></span> <span class='ocrx_word' id='word_1_241' title='bbox 445 1034 473 1060; x_wconf 90' lang='lat' dir='ltr'><strong>et</strong></span> <span class='ocrx_word' id='word_1_242' title='bbox 483 1035 590 1068; x_wconf 70' lang='lat' dir='ltr'><strong>praeter</strong></span> <span class='ocrx_word' id='word_1_243' title='bbox 599 1033 663 1060; x_wconf 58' lang='lat' dir='ltr'><strong>haec</strong></span> <span class='ocrx_word' id='word_1_244' title='bbox 674 1032 777 1060; x_wconf 86' lang='lat' dir='ltr'><strong>omnia</strong></span> <span class='ocrx_word' id='word_1_245' title='bbox 787 1032 965 1060; x_wconf 88' lang='lat' dir='ltr'><strong>mandatum</strong></span> <span class='ocrx_word' id='word_1_246' title='bbox 975 1033 1024 1060; x_wconf 87' lang='lat' dir='ltr'><strong>Dei</strong></span> <span class='ocrx_word' id='word_1_247' title='bbox 1035 1041 1109 1068; x_wconf 90' lang='lat' dir='ltr'><strong>esse,</strong></span> 
     </span>
    </p>
   </div>
   <div class='ocr_carea' id='block_1_38' title="bbox 286 1076 1110 1112">
    <p class='ocr_par' dir='ltr' id='par_1_38' title="bbox 286 1076 1110 1112">
     <span class='ocr_line' id='line_1_38' title="bbox 286 1076 1110 1112; baseline 0.001 -8"><span class='ocrx_word' id='word_1_248' title='bbox 286 1079 318 1104; x_wconf 91' lang='lat' dir='ltr'><strong>ut</strong></span> <span class='ocrx_word' id='word_1_249' title='bbox 332 1077 384 1112; x_wconf 88' lang='lat' dir='ltr'><strong>qui</strong></span> <span class='ocrx_word' id='word_1_250' title='bbox 398 1078 428 1105; x_wconf 90' lang='lat' dir='ltr'><strong>in</strong></span> <span class='ocrx_word' id='word_1_251' title='bbox 444 1077 595 1105; x_wconf 88' lang='lat' dir='ltr'><strong>Christum</strong></span> <span class='ocrx_word' id='word_1_252' title='bbox 613 1077 748 1110; x_wconf 79' lang='lat' dir='ltr'><strong>credunt,</strong></span> <span class='ocrx_word' id='word_1_253' title='bbox 765 1084 827 1104; x_wconf 90' lang='lat' dir='ltr'><strong>non</strong></span> <span class='ocrx_word' id='word_1_254' title='bbox 843 1076 964 1111; x_wconf 80' lang='lat' dir='ltr'><strong>lugeant</strong></span> <span class='ocrx_word' id='word_1_255' title='bbox 979 1080 1110 1105; x_wconf 87' lang='lat' dir='ltr'><strong>mortuo-</strong></span> 
     </span>
    </p>
   </div>
   <div class='ocr_carea' id='block_1_39' title="bbox 284 1121 1109 1157">
    <p class='ocr_par' dir='ltr' id='par_1_39' title="bbox 284 1121 1109 1157">
     <span class='ocr_line' id='line_1_39' title="bbox 284 1121 1109 1157; baseline 0.001 -8"><span class='ocrx_word' id='word_1_256' title='bbox 284 1129 353 1148; x_wconf 89' lang='lat' dir='ltr'><strong>rum</strong></span> <span class='ocrx_word' id='word_1_257' title='bbox 369 1129 472 1156; x_wconf 86' lang='lat' dir='ltr'><strong>causa,</strong></span> <span class='ocrx_word' id='word_1_258' title='bbox 486 1121 526 1149; x_wconf 89' lang='lat' dir='ltr'><strong>ob</strong></span> <span class='ocrx_word' id='word_1_259' title='bbox 540 1130 625 1157; x_wconf 88' lang='lat' dir='ltr'><strong>spem</strong></span> <span class='ocrx_word' id='word_1_260' title='bbox 641 1121 865 1149; x_wconf 84' lang='lat' dir='ltr'><strong>resurrectionis</strong></span> <span class='ocrx_word' id='word_1_261' title='bbox 879 1130 885 1154; x_wconf 88' lang='lat'><strong>;</strong></span> <span class='ocrx_word' id='word_1_262' title='bbox 902 1129 937 1149; x_wconf 86' lang='lat' dir='ltr'><strong>ac</strong></span> <span class='ocrx_word' id='word_1_263' title='bbox 959 1122 1109 1157; x_wconf 68' lang='lat' dir='ltr'><strong>patientiae</strong></span> 
     </span>
    </p>
   </div>
   <div class='ocr_carea' id='block_1_40' title="bbox 283 1166 1109 1202">
    <p class='ocr_par' dir='ltr' id='par_1_40' title="bbox 283 1166 1109 1202">
     <span class='ocr_line' id='line_1_40' title="bbox 283 1166 1109 1202; baseline 0.002 -9"><span class='ocrx_word' id='word_1_264' title='bbox 283 1174 402 1201; x_wconf 67' lang='lat' dir='ltr'><strong>magnas</strong></span> <span class='ocrx_word' id='word_1_265' title='bbox 411 1174 539 1201; x_wconf 82' lang='lat' dir='ltr'><strong>magnas</strong></span> <span class='ocrx_word' id='word_1_266' title='bbox 548 1175 612 1194; x_wconf 88' lang='lat' dir='ltr'><strong>esse</strong></span> <span class='ocrx_word' id='word_1_267' title='bbox 621 1166 702 1202; x_wconf 88' lang='lat' dir='ltr'><strong>apud</strong></span> <span class='ocrx_word' id='word_1_268' title='bbox 712 1166 911 1194; x_wconf 84' lang='lat' dir='ltr'><strong>certaminum</strong></span> <span class='ocrx_word' id='word_1_269' title='bbox 919 1166 1051 1202; x_wconf 88' lang='lat' dir='ltr'><strong>judieem</strong></span> <span class='ocrx_word' id='word_1_270' title='bbox 1061 1176 1109 1195; x_wconf 89' lang='lat' dir='ltr'><strong>co-</strong></span> 
     </span>
    </p>
   </div>
   <div class='ocr_carea' id='block_1_41' title="bbox 281 1211 1109 1247">
    <p class='ocr_par' dir='ltr' id='par_1_41' title="bbox 281 1211 1109 1247">
     <span class='ocr_line' id='line_1_41' title="bbox 281 1211 1109 1247; baseline 0.001 -8"><span class='ocrx_word' id='word_1_271' title='bbox 281 1219 373 1239; x_wconf 88' lang='lat' dir='ltr'><strong>ronas</strong></span> <span class='ocrx_word' id='word_1_272' title='bbox 387 1211 488 1246; x_wconf 75' lang='lat' dir='ltr'><strong>gloriae</strong></span> <span class='ocrx_word' id='word_1_273' title='bbox 502 1211 665 1247; x_wconf 87' lang='lat' dir='ltr'><strong>repositas:</strong></span> <span class='ocrx_word' id='word_1_274' title='bbox 679 1211 703 1238; x_wconf 91' lang='lat' dir='ltr'><strong>si</strong></span> <span class='ocrx_word' id='word_1_275' title='bbox 718 1211 807 1245; x_wconf 85' lang='lat' dir='ltr'><strong>igitur</strong></span> <span class='ocrx_word' id='word_1_276' title='bbox 819 1211 927 1239; x_wconf 83' lang='lat' dir='ltr'><strong>rationi</strong></span> <span class='ocrx_word' id='word_1_277' title='bbox 942 1213 1109 1247; x_wconf 88' lang='lat' dir='ltr'><strong>permiseri-</strong></span> 
     </span>
    </p>
   </div>
   <div class='ocr_carea' id='block_1_42' title="bbox 281 1255 1107 1289">
    <p class='ocr_par' dir='ltr' id='par_1_42' title="bbox 281 1255 1107 1289">
     <span class='ocr_line' id='line_1_42' title="bbox 281 1255 1107 1289; baseline 0.002 -6"><span class='ocrx_word' id='word_1_278' title='bbox 281 1263 350 1283; x_wconf 89' lang='lat' dir='ltr'><strong>mus</strong></span> <span class='ocrx_word' id='word_1_279' title='bbox 361 1259 393 1284; x_wconf 89' lang='lat' dir='ltr'><strong>ut</strong></span> <span class='ocrx_word' id='word_1_280' title='bbox 403 1256 460 1284; x_wconf 90' lang='lat' dir='ltr'><strong>hac</strong></span> <span class='ocrx_word' id='word_1_281' title='bbox 471 1256 558 1284; x_wconf 89' lang='lat' dir='ltr'><strong>nobis</strong></span> <span class='ocrx_word' id='word_1_282' title='bbox 568 1255 803 1289; x_wconf 88' lang='lat' dir='ltr'><strong>occinat,licebit</strong></span> <span class='ocrx_word' id='word_1_283' title='bbox 812 1255 941 1284; x_wconf 80' lang='lat' dir='ltr'><strong>fortasse</strong></span> <span class='ocrx_word' id='word_1_284' title='bbox 952 1256 1107 1285; x_wconf 89' lang='lat' dir='ltr'><strong>modicum</strong></span> 
     </span>
    </p>
   </div>
   <div class='ocr_carea' id='block_1_43' title="bbox 279 1300 1106 1336">
    <p class='ocr_par' dir='ltr' id='par_1_43' title="bbox 279 1300 1106 1336">
     <span class='ocr_line' id='line_1_43' title="bbox 279 1300 1106 1336; baseline 0.002 -8"><span class='ocrx_word' id='word_1_285' title='bbox 279 1300 403 1336; x_wconf 89' lang='lat' dir='ltr'><strong>aliquod</strong></span> <span class='ocrx_word' id='word_1_286' title='bbox 414 1300 633 1328; x_wconf 90' lang='lat' dir='ltr'><strong>malilenimem</strong></span> <span class='ocrx_word' id='word_1_287' title='bbox 644 1301 668 1336; x_wconf 83' lang='lat'><strong><em>7</em></strong></span> <span class='ocrx_word' id='word_1_288' title='bbox 675 1301 703 1335; x_wconf 78' lang='lat'>8</span> <span class='ocrx_word' id='word_1_289' title='bbox 713 1300 953 1333; x_wconf 81' lang='lat' dir='ltr'><strong>invenire.Quare</strong></span> <span class='ocrx_word' id='word_1_290' title='bbox 962 1300 1106 1330; x_wconf 85' lang='lat' dir='ltr'><strong>adhortor</strong></span> 
     </span>
    </p>
   </div>
   <div class='ocr_carea' id='block_1_44' title="bbox 278 1345 1105 1380">
    <p class='ocr_par' dir='ltr' id='par_1_44' title="bbox 278 1345 1105 1380">
     <span class='ocr_line' id='line_1_44' title="bbox 278 1345 1105 1380; baseline 0.002 -8"><span class='ocrx_word' id='word_1_291' title='bbox 278 1347 316 1379; x_wconf 90' lang='lat' dir='ltr'><strong>te,</strong></span> <span class='ocrx_word' id='word_1_292' title='bbox 329 1347 360 1372; x_wconf 91' lang='lat' dir='ltr'><strong>ut</strong></span> <span class='ocrx_word' id='word_1_293' title='bbox 372 1348 528 1373; x_wconf 89' lang='lat' dir='ltr'><strong>strenuum</strong></span> <span class='ocrx_word' id='word_1_294' title='bbox 539 1345 693 1379; x_wconf 89' lang='lat' dir='ltr'><strong>athletam,</strong></span> <span class='ocrx_word' id='word_1_295' title='bbox 701 1347 732 1372; x_wconf 93' lang='lat' dir='ltr'><strong>ut</strong></span> <span class='ocrx_word' id='word_1_296' title='bbox 741 1348 846 1373; x_wconf 88' lang='lat' dir='ltr'><strong>contra</strong></span> <span class='ocrx_word' id='word_1_297' title='bbox 852 1345 1105 1380; x_wconf 74' lang='lat' dir='ltr'><strong>plagzemagnitu-</strong></span> 
     </span>
    </p>
   </div>
   <div class='ocr_carea' id='block_1_45' title="bbox 276 1389 1101 1425">
    <p class='ocr_par' dir='ltr' id='par_1_45' title="bbox 276 1389 1101 1425">
     <span class='ocr_line' id='line_1_45' title="bbox 276 1389 1101 1425; baseline 0.002 -8"><span class='ocrx_word' id='word_1_298' title='bbox 276 1389 380 1418; x_wconf 87' lang='lat' dir='ltr'><strong>dinem</strong></span> <span class='ocrx_word' id='word_1_299' title='bbox 390 1390 574 1423; x_wconf 90' lang='lat' dir='ltr'><strong>obtendaris,</strong></span> <span class='ocrx_word' id='word_1_300' title='bbox 583 1398 637 1417; x_wconf 87' lang='lat' dir='ltr'><strong>nec</strong></span> <span class='ocrx_word' id='word_1_301' title='bbox 648 1389 830 1418; x_wconf 85' lang='lat' dir='ltr'><strong>succumbas</strong></span> <span class='ocrx_word' id='word_1_302' title='bbox 842 1390 968 1425; x_wconf 87' lang='lat' dir='ltr'><strong>ponderi</strong></span> <span class='ocrx_word' id='word_1_303' title='bbox 976 1390 1101 1424; x_wconf 84' lang='lat' dir='ltr'><strong>doloris,</strong></span> 
     </span>
    </p>
   </div>
   <div class='ocr_carea' id='block_1_46' title="bbox 275 1434 1099 1470">
    <p class='ocr_par' dir='ltr' id='par_1_46' title="bbox 275 1434 1099 1470">
     <span class='ocr_line' id='line_1_46' title="bbox 275 1434 1099 1470; baseline 0.001 -8"><span class='ocrx_word' id='word_1_304' title='bbox 275 1441 373 1470; x_wconf 88' lang='lat' dir='ltr'><strong>neque</strong></span> <span class='ocrx_word' id='word_1_305' title='bbox 384 1434 574 1462; x_wconf 85' lang='lat' dir='ltr'><strong>absorbearis</strong></span> <span class='ocrx_word' id='word_1_306' title='bbox 586 1434 703 1462; x_wconf 84' lang='lat' dir='ltr'><strong>animo:</strong></span> <span class='ocrx_word' id='word_1_307' title='bbox 716 1442 895 1470; x_wconf 86' lang='lat' dir='ltr'><strong>persuasum</strong></span> <span class='ocrx_word' id='word_1_308' title='bbox 905 1434 1034 1469; x_wconf 83' lang='lat' dir='ltr'><strong>habens,</strong></span> <span class='ocrx_word' id='word_1_309' title='bbox 1045 1436 1099 1464; x_wconf 86' lang='lat' dir='ltr'><strong>etsi</strong></span> 
     </span>
    </p>
   </div>
   <div class='ocr_carea' id='block_1_47' title="bbox 272 1479 1096 1515">
    <p class='ocr_par' dir='ltr' id='par_1_47' title="bbox 272 1479 1096 1515">
     <span class='ocr_line' id='line_1_47' title="bbox 272 1479 1096 1515; baseline 0.002 -9"><span class='ocrx_word' id='word_1_310' title='bbox 272 1479 404 1507; x_wconf 87' lang='lat' dir='ltr'><strong>rationes</strong></span> <span class='ocrx_word' id='word_1_311' title='bbox 413 1487 516 1507; x_wconf 88' lang='lat' dir='ltr'><strong>eorum</strong></span> <span class='ocrx_word' id='word_1_312' title='bbox 526 1487 594 1515; x_wconf 67' lang='lat' dir='ltr'><strong>quia</strong></span> <span class='ocrx_word' id='word_1_313' title='bbox 602 1487 621 1507; x_wconf 79' lang='grc' dir='ltr'><strong>θ.</strong></span> <span class='ocrx_word' id='word_1_314' title='bbox 629 1480 689 1507; x_wconf 91' lang='lat' dir='ltr'><strong>Deo</strong></span> <span class='ocrx_word' id='word_1_315' title='bbox 697 1479 919 1514; x_wconf 88' lang='lat' dir='ltr'><strong>dispensantur,</strong></span> <span class='ocrx_word' id='word_1_316' title='bbox 928 1487 984 1506; x_wconf 89' lang='lat' dir='ltr'><strong>nos</strong></span> <span class='ocrx_word' id='word_1_317' title='bbox 994 1479 1096 1514; x_wconf 84' lang='lat' dir='ltr'><strong>latent;</strong></span> 
     </span>
    </p>
   </div>
   <div class='ocr_carea' id='block_1_48' title="bbox 273 1523 1136 1562">
    <p class='ocr_par' dir='ltr' id='par_1_48' title="bbox 273 1523 1136 1562">
     <span class='ocr_line' id='line_1_48' title="bbox 273 1523 1136 1562; baseline 0.001 -11"><span class='ocrx_word' id='word_1_318' title='bbox 273 1525 302 1551; x_wconf 82' lang='lat' dir='ltr'><strong>at</strong></span> <span class='ocrx_word' id='word_1_319' title='bbox 313 1523 445 1559; x_wconf 82' lang='lat' dir='ltr'><strong>profecto</strong></span> <span class='ocrx_word' id='word_1_320' title='bbox 456 1524 539 1559; x_wconf 89' lang='lat' dir='ltr'><strong>quod</strong></span> <span class='ocrx_word' id='word_1_321' title='bbox 549 1531 567 1550; x_wconf 90' lang='lat' dir='ltr'><strong>a</strong></span> <span class='ocrx_word' id='word_1_322' title='bbox 577 1523 711 1558; x_wconf 85' lang='lat' dir='ltr'><strong>sapiente</strong></span> <span class='ocrx_word' id='word_1_323' title='bbox 721 1530 838 1558; x_wconf 89' lang='lat' dir='ltr'><strong>nosque</strong></span> <span class='ocrx_word' id='word_1_324' title='bbox 848 1526 968 1550; x_wconf 86' lang='lat' dir='ltr'><strong>amante</strong></span> <span class='ocrx_word' id='word_1_325' title='bbox 978 1523 1096 1559; x_wconf 86' lang='lat' dir='ltr'><strong>dispen-</strong></span> <span class='ocrx_word' id='word_1_326' title='bbox 1116 1535 1136 1562; x_wconf 70' lang='grc' dir='ltr'>ο</span> 
     </span>
    </p>
   </div>
   <div class='ocr_carea' id='block_1_49' title="bbox 272 1567 1096 1604">
    <p class='ocr_par' dir='ltr' id='par_1_49' title="bbox 272 1567 1096 1604">
     <span class='ocr_line' id='line_1_49' title="bbox 272 1567 1096 1604; baseline 0.004 -10"><span class='ocrx_word' id='word_1_327' title='bbox 272 1571 365 1604; x_wconf 81' lang='lat' dir='ltr'><strong>satur,</strong></span> <span class='ocrx_word' id='word_1_328' title='bbox 387 1568 610 1604; x_wconf 87' lang='lat' dir='ltr'><strong>accipiendum,</strong></span> <span class='ocrx_word' id='word_1_329' title='bbox 629 1567 747 1595; x_wconf 85' lang='lat' dir='ltr'><strong>etiamsi</strong></span> <span class='ocrx_word' id='word_1_330' title='bbox 769 1567 929 1596; x_wconf 88' lang='lat' dir='ltr'><strong>molestum</strong></span> <span class='ocrx_word' id='word_1_331' title='bbox 950 1569 996 1596; x_wconf 87' lang='lat' dir='ltr'><strong>sit.</strong></span> <span class='ocrx_word' id='word_1_332' title='bbox 1012 1569 1096 1598; x_wconf 83' lang='lat' dir='ltr'><strong>Novit</strong></span> 
     </span>
    </p>
   </div>
   <div class='ocr_carea' id='block_1_50' title="bbox 270 1612 1094 1649">
    <p class='ocr_par' dir='ltr' id='par_1_50' title="bbox 270 1612 1094 1649">
     <span class='ocr_line' id='line_1_50' title="bbox 270 1612 1094 1649; baseline 0.002 -9"><span class='ocrx_word' id='word_1_333' title='bbox 270 1613 351 1640; x_wconf 89' lang='lat' dir='ltr'><strong>enim</strong></span> <span class='ocrx_word' id='word_1_334' title='bbox 367 1613 442 1648; x_wconf 85' lang='lat' dir='ltr'><strong>ipse,</strong></span> <span class='ocrx_word' id='word_1_335' title='bbox 456 1612 612 1648; x_wconf 88' lang='lat' dir='ltr'><strong>quomodo</strong></span> <span class='ocrx_word' id='word_1_336' title='bbox 628 1612 790 1648; x_wconf 89' lang='lat' dir='ltr'><strong>unicuique</strong></span> <span class='ocrx_word' id='word_1_337' title='bbox 800 1612 914 1640; x_wconf 90' lang='lat' dir='ltr'><strong>dividat</strong></span> <span class='ocrx_word' id='word_1_338' title='bbox 925 1613 1009 1649; x_wconf 87' lang='lat' dir='ltr'><strong>quod</strong></span> <span class='ocrx_word' id='word_1_339' title='bbox 1024 1614 1094 1642; x_wconf 89' lang='lat' dir='ltr'><strong>utile</strong></span> 
     </span>
    </p>
   </div>
   <div class='ocr_carea' id='block_1_51' title="bbox 270 1657 1094 1693">
    <p class='ocr_par' dir='ltr' id='par_1_51' title="bbox 270 1657 1094 1693">
     <span class='ocr_line' id='line_1_51' title="bbox 270 1657 1094 1693; baseline 0.002 -9"><span class='ocrx_word' id='word_1_340' title='bbox 270 1659 323 1688; x_wconf 84' lang='lat' dir='ltr'><strong>est,</strong></span> <span class='ocrx_word' id='word_1_341' title='bbox 340 1659 368 1684; x_wconf 89' lang='lat' dir='ltr'><strong>et</strong></span> <span class='ocrx_word' id='word_1_342' title='bbox 382 1665 475 1693; x_wconf 87' lang='lat' dir='ltr'><strong>quam</strong></span> <span class='ocrx_word' id='word_1_343' title='bbox 492 1657 531 1685; x_wconf 89' lang='lat' dir='ltr'><strong>ob</strong></span> <span class='ocrx_word' id='word_1_344' title='bbox 545 1665 669 1685; x_wconf 88' lang='lat' dir='ltr'><strong>causam</strong></span> <span class='ocrx_word' id='word_1_345' title='bbox 683 1657 847 1693; x_wconf 68' lang='lat' dir='ltr'><strong>inaequales</strong></span> <span class='ocrx_word' id='word_1_346' title='bbox 869 1657 935 1685; x_wconf 67' lang='lat' dir='ltr'><strong>vitae</strong></span> <span class='ocrx_word' id='word_1_347' title='bbox 951 1658 1094 1687; x_wconf 88' lang='lat' dir='ltr'><strong>terminos</strong></span> 
     </span>
    </p>
   </div>
   <div class='ocr_carea' id='block_1_52' title="bbox 268 1701 1094 1738">
    <p class='ocr_par' dir='ltr' id='par_1_52' title="bbox 268 1701 1094 1738">
     <span class='ocr_line' id='line_1_52' title="bbox 268 1701 1094 1738; baseline 0.002 -9"><span class='ocrx_word' id='word_1_348' title='bbox 268 1701 356 1729; x_wconf 89' lang='lat' dir='ltr'><strong>nobis</strong></span> <span class='ocrx_word' id='word_1_349' title='bbox 367 1702 543 1737; x_wconf 71' lang='lat' dir='ltr'><strong>priestituat.</strong></span> <span class='ocrx_word' id='word_1_350' title='bbox 556 1704 603 1729; x_wconf 85' lang='lat' dir='ltr'><strong>Est</strong></span> <span class='ocrx_word' id='word_1_351' title='bbox 613 1702 693 1730; x_wconf 91' lang='lat' dir='ltr'><strong>enim</strong></span> <span class='ocrx_word' id='word_1_352' title='bbox 704 1710 796 1730; x_wconf 90' lang='lat' dir='ltr'><strong>causa</strong></span> <span class='ocrx_word' id='word_1_353' title='bbox 806 1702 908 1738; x_wconf 88' lang='lat' dir='ltr'><strong>aliqua</strong></span> <span class='ocrx_word' id='word_1_354' title='bbox 919 1702 1094 1731; x_wconf 89' lang='lat' dir='ltr'><strong>hominibus</strong></span> 
     </span>
    </p>
   </div>
   <div class='ocr_carea' id='block_1_53' title="bbox 266 1741 1092 1783">
    <p class='ocr_par' dir='ltr' id='par_1_53' title="bbox 266 1741 1092 1783">
     <span class='ocr_line' id='line_1_53' title="bbox 266 1741 1092 1783; baseline 0.002 -9"><span class='ocrx_word' id='word_1_355' title='bbox 266 1746 500 1782; x_wconf 83' lang='lat' dir='ltr'><strong>indeprehensa,</strong></span> <span class='ocrx_word' id='word_1_356' title='bbox 517 1747 557 1775; x_wconf 87' lang='lat' dir='ltr'><strong>ob</strong></span> <span class='ocrx_word' id='word_1_357' title='bbox 577 1755 671 1783; x_wconf 90' lang='lat' dir='ltr'><strong>quam</strong></span> <span class='ocrx_word' id='word_1_358' title='bbox 685 1741 745 1774; x_wconf 47' lang='lat' dir='ltr'><strong>&#39;alii</strong></span> <span class='ocrx_word' id='word_1_359' title='bbox 766 1747 890 1783; x_wconf 88' lang='lat' dir='ltr'><strong>quidem</strong></span> <span class='ocrx_word' id='word_1_360' title='bbox 911 1747 998 1775; x_wconf 88' lang='lat' dir='ltr'><strong>citius</strong></span> <span class='ocrx_word' id='word_1_361' title='bbox 1023 1749 1092 1777; x_wconf 90' lang='lat' dir='ltr'><strong>hinc</strong></span> 
     </span>
    </p>
   </div>
   <div class='ocr_carea' id='block_1_54' title="bbox 267 1791 1092 1827">
    <p class='ocr_par' dir='ltr' id='par_1_54' title="bbox 267 1791 1092 1827">
     <span class='ocr_line' id='line_1_54' title="bbox 267 1791 1092 1827; baseline 0.004 -9"><span class='ocrx_word' id='word_1_362' title='bbox 267 1791 467 1827; x_wconf 87' lang='lat' dir='ltr'><strong>abripiuntur,</strong></span> <span class='ocrx_word' id='word_1_363' title='bbox 476 1792 523 1820; x_wconf 90' lang='lat' dir='ltr'><strong>alii</strong></span> <span class='ocrx_word' id='word_1_364' title='bbox 536 1800 607 1820; x_wconf 90' lang='lat' dir='ltr'><strong>vero</strong></span> <span class='ocrx_word' id='word_1_365' title='bbox 617 1791 728 1820; x_wconf 87' lang='lat' dir='ltr'><strong>diutius</strong></span> <span class='ocrx_word' id='word_1_366' title='bbox 738 1791 768 1819; x_wconf 89' lang='lat' dir='ltr'><strong>in</strong></span> <span class='ocrx_word' id='word_1_367' title='bbox 777 1792 834 1819; x_wconf 85' lang='lat' dir='ltr'><strong>hac</strong></span> <span class='ocrx_word' id='word_1_368' title='bbox 845 1791 1021 1820; x_wconf 86' lang='lat' dir='ltr'><strong>calamitosa</strong></span> <span class='ocrx_word' id='word_1_369' title='bbox 1032 1793 1092 1822; x_wconf 87' lang='lat' dir='ltr'><strong>vita</strong></span> 
     </span>
    </p>
   </div>
   <div class='ocr_carea' id='block_1_55' title="bbox 266 1836 1090 1873">
    <p class='ocr_par' dir='ltr' id='par_1_55' title="bbox 266 1836 1090 1873">
     <span class='ocr_line' id='line_1_55' title="bbox 266 1836 1090 1873; baseline 0.001 -8"><span class='ocrx_word' id='word_1_370' title='bbox 266 1836 307 1864; x_wconf 85' lang='lat' dir='ltr'><strong>ad</strong></span> <span class='ocrx_word' id='word_1_371' title='bbox 326 1845 478 1865; x_wconf 56' lang='lat' dir='ltr'><strong>aerumnas</strong></span> <span class='ocrx_word' id='word_1_372' title='bbox 499 1836 694 1873; x_wconf 81' lang='lat' dir='ltr'><strong>perferendas</strong></span> <span class='ocrx_word' id='word_1_373' title='bbox 706 1836 925 1872; x_wconf 88' lang='lat' dir='ltr'><strong>relinquuntur.</strong></span> <span class='ocrx_word' id='word_1_374' title='bbox 944 1839 1045 1873; x_wconf 84' lang='lat' dir='ltr'><strong>Itaque</strong></span> <span class='ocrx_word' id='word_1_375' title='bbox 1060 1839 1090 1866; x_wconf 91' lang='lat' dir='ltr'><strong>in</strong></span> 
     </span>
    </p>
   </div>
   <div class='ocr_carea' id='block_1_56' title="bbox 265 1881 1089 1918">
    <p class='ocr_par' dir='ltr' id='par_1_56' title="bbox 265 1881 1089 1918">
     <span class='ocr_line' id='line_1_56' title="bbox 265 1881 1089 1918; baseline 0.001 -9"><span class='ocrx_word' id='word_1_376' title='bbox 265 1881 409 1910; x_wconf 90' lang='lat' dir='ltr'><strong>omnibus</strong></span> <span class='ocrx_word' id='word_1_377' title='bbox 423 1882 550 1910; x_wconf 77' lang='lat' dir='ltr'><strong>adorare</strong></span> <span class='ocrx_word' id='word_1_378' title='bbox 566 1881 644 1909; x_wconf 88' lang='lat' dir='ltr'><strong>illius</strong></span> <span class='ocrx_word' id='word_1_379' title='bbox 665 1881 696 1909; x_wconf 89' lang='lat' dir='ltr'><strong>in</strong></span> <span class='ocrx_word' id='word_1_380' title='bbox 710 1889 766 1909; x_wconf 89' lang='lat' dir='ltr'><strong>nos</strong></span> <span class='ocrx_word' id='word_1_381' title='bbox 782 1889 916 1909; x_wconf 89' lang='lat' dir='ltr'><strong>amorem</strong></span> <span class='ocrx_word' id='word_1_382' title='bbox 931 1881 1089 1918; x_wconf 83' lang='lat' dir='ltr'><strong>debemus,</strong></span> 
     </span>
    </p>
   </div>
   <div class='ocr_carea' id='block_1_57' title="bbox 264 1926 1091 1961">
    <p class='ocr_par' dir='ltr' id='par_1_57' title="bbox 264 1926 1091 1961">
     <span class='ocr_line' id='line_1_57' title="bbox 264 1926 1091 1961; baseline 0.002 -7"><span class='ocrx_word' id='word_1_383' title='bbox 264 1934 320 1955; x_wconf 88' lang='lat' dir='ltr'><strong>nec</strong></span> <span class='ocrx_word' id='word_1_384' title='bbox 335 1934 414 1961; x_wconf 64' lang='lat' dir='ltr'><strong>aegre</strong></span> <span class='ocrx_word' id='word_1_385' title='bbox 429 1927 504 1954; x_wconf 83' lang='lat' dir='ltr'><strong>ferre</strong></span> <span class='ocrx_word' id='word_1_386' title='bbox 516 1936 523 1954; x_wconf 87' lang='lat'><strong>:</strong></span> <span class='ocrx_word' id='word_1_387' title='bbox 535 1934 686 1954; x_wconf 86' lang='lat' dir='ltr'><strong>memores</strong></span> <span class='ocrx_word' id='word_1_388' title='bbox 698 1934 817 1960; x_wconf 61' lang='lat' dir='ltr'><strong>magna</strong></span> <span class='ocrx_word' id='word_1_389' title='bbox 829 1926 907 1954; x_wconf 86' lang='lat' dir='ltr'><strong>illius</strong></span> <span class='ocrx_word' id='word_1_390' title='bbox 922 1929 949 1954; x_wconf 90' lang='lat' dir='ltr'><strong>et</strong></span> <span class='ocrx_word' id='word_1_391' title='bbox 963 1927 1091 1956; x_wconf 85' lang='lat' dir='ltr'><strong>celeber-</strong></span> 
     </span>
    </p>
   </div>
   <div class='ocr_carea' id='block_1_58' title="bbox 264 1970 1088 2008">
    <p class='ocr_par' dir='ltr' id='par_1_58' title="bbox 264 1970 1088 2008">
     <span class='ocr_line' id='line_1_58' title="bbox 264 1970 1088 2008; baseline 0.002 -10"><span class='ocrx_word' id='word_1_392' title='bbox 264 1971 348 1998; x_wconf 70' lang='lat' dir='ltr'><strong>rimae</strong></span> <span class='ocrx_word' id='word_1_393' title='bbox 363 1971 455 2006; x_wconf 79' lang='lat' dir='ltr'><strong>vocis,</strong></span> <span class='ocrx_word' id='word_1_394' title='bbox 472 1979 565 2007; x_wconf 87' lang='lat' dir='ltr'><strong>quam</strong></span> <span class='ocrx_word' id='word_1_395' title='bbox 581 1979 711 2006; x_wconf 86' lang='lat' dir='ltr'><strong>magnus</strong></span> <span class='ocrx_word' id='word_1_396' title='bbox 724 1971 772 1998; x_wconf 87' lang='lat' dir='ltr'><strong>ille</strong></span> <span class='ocrx_word' id='word_1_397' title='bbox 787 1970 898 1999; x_wconf 83' lang='lat' dir='ltr'><strong>athleta</strong></span> <span class='ocrx_word' id='word_1_398' title='bbox 910 1971 964 1999; x_wconf 86' lang='lat' dir='ltr'><strong>Job</strong></span> <span class='ocrx_word' id='word_1_399' title='bbox 977 1972 1088 2008; x_wconf 86' lang='lat' dir='ltr'><strong>emisit,</strong></span> 
     </span>
    </p>
   </div>
   <div class='ocr_carea' id='block_1_59' title="bbox 264 2015 1089 2054">
    <p class='ocr_par' dir='ltr' id='par_1_59' title="bbox 264 2015 1089 2054">
     <span class='ocr_line' id='line_1_59' title="bbox 264 2015 1089 2054; baseline 0.004 -11"><span class='ocrx_word' id='word_1_400' title='bbox 264 2023 334 2043; x_wconf 86' lang='lat' dir='ltr'><strong>cum</strong></span> <span class='ocrx_word' id='word_1_401' title='bbox 345 2015 376 2043; x_wconf 92' lang='lat' dir='ltr'><strong>in</strong></span> <span class='ocrx_word' id='word_1_402' title='bbox 387 2024 448 2043; x_wconf 91' lang='lat' dir='ltr'><strong>uno</strong></span> <span class='ocrx_word' id='word_1_403' title='bbox 460 2016 596 2044; x_wconf 84' lang='lat' dir='ltr'><strong>convivio</strong></span> <span class='ocrx_word' id='word_1_404' title='bbox 608 2015 719 2043; x_wconf 88' lang='lat' dir='ltr'><strong>liberos</strong></span> <span class='ocrx_word' id='word_1_405' title='bbox 731 2015 837 2043; x_wconf 88' lang='lat' dir='ltr'><strong>decem</strong></span> <span class='ocrx_word' id='word_1_406' title='bbox 850 2016 959 2051; x_wconf 81' lang='lat' dir='ltr'><strong>exiguo</strong></span> <span class='ocrx_word' id='word_1_407' title='bbox 975 2019 1089 2054; x_wconf 87' lang='lat' dir='ltr'><strong>tempo-</strong></span> 
     </span>
    </p>
   </div>
   <div class='ocr_carea' id='block_1_60' title="bbox 261 2060 1087 2097">
    <p class='ocr_par' dir='ltr' id='par_1_60' title="bbox 261 2060 1087 2097">
     <span class='ocr_line' id='line_1_60' title="bbox 261 2060 1087 2097; baseline 0.004 -10"><span class='ocrx_word' id='word_1_408' title='bbox 261 2060 303 2087; x_wconf 85' lang='lat' dir='ltr'><strong>ris</strong></span> <span class='ocrx_word' id='word_1_409' title='bbox 317 2062 471 2088; x_wconf 89' lang='lat' dir='ltr'><strong>momento</strong></span> <span class='ocrx_word' id='word_1_410' title='bbox 482 2068 646 2096; x_wconf 86' lang='lat' dir='ltr'><strong>oppressos</strong></span> <span class='ocrx_word' id='word_1_411' title='bbox 661 2060 752 2088; x_wconf 86' lang='lat' dir='ltr'><strong>vidit:</strong></span> <span class='ocrx_word' id='word_1_412' title='bbox 764 2061 907 2089; x_wconf 80' lang='lat' dir='ltr'><strong>Dominus</strong></span> <span class='ocrx_word' id='word_1_413' title='bbox 923 2061 1015 2097; x_wconf 82' lang='lat' dir='ltr'><strong>dedit,</strong></span> <span class='ocrx_word' id='word_1_414' title='bbox 1027 2063 1087 2090; x_wconf 90' lang='lat' dir='ltr'><strong>Do-</strong></span> 
     </span>
    </p>
   </div>
   <div class='ocr_carea' id='block_1_61' title="bbox 262 2105 1087 2141">
    <p class='ocr_par' dir='ltr' id='par_1_61' title="bbox 262 2105 1087 2141">
     <span class='ocr_line' id='line_1_61' title="bbox 262 2105 1087 2141; baseline 0.004 -9"><span class='ocrx_word' id='word_1_415' title='bbox 262 2105 361 2133; x_wconf 75' lang='lat' dir='ltr'><strong>minus</strong></span> <span class='ocrx_word' id='word_1_416' title='bbox 375 2105 604 2140; x_wconf 76' lang='lat' dir='ltr'><strong>ab:tulit;:icul</strong></span> <span class='ocrx_word' id='word_1_417' title='bbox 614 2106 740 2133; x_wconf 79' lang='lat' dir='ltr'><strong>Domino</strong></span> <span class='ocrx_word' id='word_1_418' title='bbox 751 2106 856 2141; x_wconf 78' lang='lat' dir='ltr'><strong>visum,</strong></span> <span class='ocrx_word' id='word_1_419' title='bbox 872 2107 915 2134; x_wconf 72' lang='lat' dir='ltr'><strong>ita</strong></span> <span class='ocrx_word' id='word_1_420' title='bbox 929 2110 956 2135; x_wconf 85' lang='lat' dir='ltr'><strong>et</strong></span> <span class='ocrx_word' id='word_1_421' title='bbox 968 2107 1087 2141; x_wconf 82' lang='lat' dir='ltr'><strong>factum</strong></span> 
     </span>
    </p>
   </div>
   <div class='ocr_carea' id='block_1_62' title="bbox 262 2149 1084 2180">
    <p class='ocr_par' dir='ltr' id='par_1_62' title="bbox 262 2149 1084 2180">
     <span class='ocr_line' id='line_1_62' title="bbox 262 2149 1084 2180; baseline 0.004 -3"><span class='ocrx_word' id='word_1_422' title='bbox 262 2150 340 2178; x_wconf 66' lang='lat' dir='ltr'><strong>est“.</strong></span> <span class='ocrx_word' id='word_1_423' title='bbox 349 2149 563 2178; x_wconf 83' lang='lat' dir='ltr'><strong>Admirabilem</strong></span> <span class='ocrx_word' id='word_1_424' title='bbox 572 2150 655 2178; x_wconf 88' lang='lat' dir='ltr'><strong>illam</strong></span> <span class='ocrx_word' id='word_1_425' title='bbox 666 2158 771 2178; x_wconf 87' lang='lat' dir='ltr'><strong>vocem</strong></span> <span class='ocrx_word' id='word_1_426' title='bbox 780 2153 915 2178; x_wconf 89' lang='lat' dir='ltr'><strong>nostram</strong></span> <span class='ocrx_word' id='word_1_427' title='bbox 927 2151 1084 2180; x_wconf 86' lang='lat' dir='ltr'><strong>faciamus:</strong></span> 
     </span>
    </p>
   </div>
   <div class='ocr_carea' id='block_1_63' title="bbox 261 2195 1086 2231">
    <p class='ocr_par' dir='ltr' id='par_1_63' title="bbox 261 2195 1086 2231">
     <span class='ocr_line' id='line_1_63' title="bbox 261 2195 1086 2231; baseline 0.004 -9"><span class='ocrx_word' id='word_1_428' title='bbox 261 2202 316 2230; x_wconf 87' lang='lat' dir='ltr'><strong>par</strong></span> <span class='ocrx_word' id='word_1_429' title='bbox 337 2203 453 2223; x_wconf 91' lang='lat' dir='ltr'><strong>merces</strong></span> <span class='ocrx_word' id='word_1_430' title='bbox 477 2202 495 2222; x_wconf 91' lang='lat' dir='ltr'><strong>a</strong></span> <span class='ocrx_word' id='word_1_431' title='bbox 513 2195 595 2230; x_wconf 87' lang='lat' dir='ltr'><strong>justo</strong></span> <span class='ocrx_word' id='word_1_432' title='bbox 616 2195 718 2230; x_wconf 86' lang='lat' dir='ltr'><strong>judice</strong></span> <span class='ocrx_word' id='word_1_433' title='bbox 742 2195 828 2231; x_wconf 90' lang='lat' dir='ltr'><strong>paria</strong></span> <span class='ocrx_word' id='word_1_434' title='bbox 850 2195 992 2231; x_wconf 62' lang='lat' dir='ltr'><strong>praclare</strong></span> <span class='ocrx_word' id='word_1_435' title='bbox 1007 2196 1086 2225; x_wconf 82' lang='lat' dir='ltr'><strong>facta</strong></span> 
     </span>
    </p>
   </div>
   <div class='ocr_carea' id='block_1_64' title="bbox 260 2239 1085 2274">
    <p class='ocr_par' dir='ltr' id='par_1_64' title="bbox 260 2239 1085 2274">
     <span class='ocr_line' id='line_1_64' title="bbox 260 2239 1085 2274; baseline 0.004 -8"><span class='ocrx_word' id='word_1_436' title='bbox 260 2239 501 2274; x_wconf 80' lang='lat' dir='ltr'><strong>designantibus.</strong></span> <span class='ocrx_word' id='word_1_437' title='bbox 526 2241 590 2267; x_wconf 88' lang='lat' dir='ltr'><strong>Non</strong></span> <span class='ocrx_word' id='word_1_438' title='bbox 605 2248 711 2267; x_wconf 88' lang='lat' dir='ltr'><strong>sumus</strong></span> <span class='ocrx_word' id='word_1_439' title='bbox 726 2239 788 2268; x_wconf 83' lang='lat' dir='ltr'><strong>filio</strong></span> <span class='ocrx_word' id='word_1_440' title='bbox 803 2240 901 2268; x_wconf 84' lang='lat' dir='ltr'><strong>orbati</strong></span> <span class='ocrx_word' id='word_1_441' title='bbox 914 2249 920 2268; x_wconf 91' lang='lat'>:</span> <span class='ocrx_word' id='word_1_442' title='bbox 937 2241 990 2268; x_wconf 89' lang='lat' dir='ltr'><strong>sed</strong></span> <span class='ocrx_word' id='word_1_443' title='bbox 1003 2242 1085 2270; x_wconf 89' lang='lat' dir='ltr'><strong>resti-</strong></span> 
     </span>
    </p>
   </div>
   <div class='ocr_carea' id='block_1_65' title="bbox 259 2283 1087 2321">
    <p class='ocr_par' dir='ltr' id='par_1_65' title="bbox 259 2283 1087 2321">
     <span class='ocr_line' id='line_1_65' title="bbox 259 2283 1087 2321; baseline 0.004 -10"><span class='ocrx_word' id='word_1_444' title='bbox 259 2283 373 2312; x_wconf 83' lang='lat' dir='ltr'><strong>tuimus</strong></span> <span class='ocrx_word' id='word_1_445' title='bbox 384 2284 410 2311; x_wconf 90' lang='lat' dir='ltr'><strong>ei</strong></span> <span class='ocrx_word' id='word_1_446' title='bbox 425 2284 477 2320; x_wconf 87' lang='lat' dir='ltr'><strong>qui</strong></span> <span class='ocrx_word' id='word_1_447' title='bbox 493 2286 598 2312; x_wconf 92' lang='lat' dir='ltr'><strong>mutuo</strong></span> <span class='ocrx_word' id='word_1_448' title='bbox 610 2283 752 2312; x_wconf 86' lang='lat' dir='ltr'><strong>dederat:</strong></span> <span class='ocrx_word' id='word_1_449' title='bbox 766 2292 865 2321; x_wconf 84' lang='lat' dir='ltr'><strong>neque</strong></span> <span class='ocrx_word' id='word_1_450' title='bbox 880 2285 1025 2313; x_wconf 80' lang='lat' dir='ltr'><strong>exstincta</strong></span> <span class='ocrx_word' id='word_1_451' title='bbox 1040 2288 1087 2315; x_wconf 84' lang='lat' dir='ltr'><strong>est</strong></span> 
     </span>
    </p>
   </div>
   <div class='ocr_carea' id='block_1_66' title="bbox 260 2328 1084 2362">
    <p class='ocr_par' dir='ltr' id='par_1_66' title="bbox 260 2328 1084 2362">
     <span class='ocr_line' id='line_1_66' title="bbox 260 2328 1084 2362; baseline 0.004 -7"><span class='ocrx_word' id='word_1_452' title='bbox 260 2328 337 2355; x_wconf 89' lang='lat' dir='ltr'><strong>illius</strong></span> <span class='ocrx_word' id='word_1_453' title='bbox 353 2329 422 2362; x_wconf 83' lang='lat' dir='ltr'><strong>vita,</strong></span> <span class='ocrx_word' id='word_1_454' title='bbox 436 2329 489 2356; x_wconf 88' lang='lat' dir='ltr'><strong>sed</strong></span> <span class='ocrx_word' id='word_1_455' title='bbox 504 2328 534 2356; x_wconf 92' lang='lat' dir='ltr'><strong>in</strong></span> <span class='ocrx_word' id='word_1_456' title='bbox 550 2329 658 2356; x_wconf 90' lang='lat' dir='ltr'><strong>melius</strong></span> <span class='ocrx_word' id='word_1_457' title='bbox 671 2331 890 2357; x_wconf 84' lang='lat' dir='ltr'><strong>transmutata:</strong></span> <span class='ocrx_word' id='word_1_458' title='bbox 905 2338 960 2357; x_wconf 88' lang='lat' dir='ltr'><strong>nec</strong></span> <span class='ocrx_word' id='word_1_459' title='bbox 973 2330 1084 2359; x_wconf 89' lang='lat' dir='ltr'><strong>humus</strong></span> 
     </span>
    </p>
   </div>
   <div class='ocr_carea' id='block_1_67' title="bbox 259 2372 1082 2411">
    <p class='ocr_par' dir='ltr' id='par_1_67' title="bbox 259 2372 1082 2411">
     <span class='ocr_line' id='line_1_67' title="bbox 259 2372 1082 2411; baseline 0.004 -11"><span class='ocrx_word' id='word_1_460' title='bbox 259 2372 401 2401; x_wconf 86' lang='lat' dir='ltr'><strong>dilectum</strong></span> <span class='ocrx_word' id='word_1_461' title='bbox 424 2375 563 2401; x_wconf 89' lang='lat' dir='ltr'><strong>nostrum</strong></span> <span class='ocrx_word' id='word_1_462' title='bbox 587 2373 710 2407; x_wconf 86' lang='lat' dir='ltr'><strong>obtexit,</strong></span> <span class='ocrx_word' id='word_1_463' title='bbox 733 2374 786 2401; x_wconf 90' lang='lat' dir='ltr'><strong>sed</strong></span> <span class='ocrx_word' id='word_1_464' title='bbox 811 2374 920 2402; x_wconf 70' lang='lat' dir='ltr'><strong>cmlum</strong></span> <span class='ocrx_word' id='word_1_465' title='bbox 942 2376 1082 2411; x_wconf 88' lang='lat' dir='ltr'><strong>suscepit.</strong></span> 
     </span>
    </p>
   </div>
   <div class='ocr_carea' id='block_1_68' title="bbox 261 2417 1083 2454">
    <p class='ocr_par' dir='ltr' id='par_1_68' title="bbox 261 2417 1083 2454">
     <span class='ocr_line' id='line_1_68' title="bbox 261 2417 1083 2454; baseline 0.004 -10"><span class='ocrx_word' id='word_1_466' title='bbox 261 2417 415 2453; x_wconf 80' lang='lat' dir='ltr'><strong>Paulisper</strong></span> <span class='ocrx_word' id='word_1_467' title='bbox 430 2420 651 2453; x_wconf 74' lang='lat' dir='ltr'><strong>exspectemus,</strong></span> <span class='ocrx_word' id='word_1_468' title='bbox 668 2421 694 2446; x_wconf 86' lang='lat' dir='ltr'><strong>et</strong></span> <span class='ocrx_word' id='word_1_469' title='bbox 708 2426 769 2446; x_wconf 87' lang='lat' dir='ltr'><strong>una</strong></span> <span class='ocrx_word' id='word_1_470' title='bbox 784 2426 853 2445; x_wconf 90' lang='lat' dir='ltr'><strong>cum</strong></span> <span class='ocrx_word' id='word_1_471' title='bbox 874 2426 909 2446; x_wconf 90' lang='lat' dir='ltr'><strong>eo</strong></span> <span class='ocrx_word' id='word_1_472' title='bbox 925 2427 1015 2454; x_wconf 88' lang='lat' dir='ltr'><strong>quem</strong></span> <span class='ocrx_word' id='word_1_473' title='bbox 1031 2420 1083 2448; x_wconf 80' lang='lat' dir='ltr'><strong>de-</strong></span> 
     </span>
    </p>
   </div>
   <div class='ocr_carea' id='block_1_69' title="bbox 259 2462 1084 2500">
    <p class='ocr_par' dir='ltr' id='par_1_69' title="bbox 259 2462 1084 2500">
     <span class='ocr_line' id='line_1_69' title="bbox 259 2462 1084 2500; baseline 0.002 -10"><span class='ocrx_word' id='word_1_474' title='bbox 259 2462 440 2497; x_wconf 88' lang='lat' dir='ltr'><strong>sideramus,</strong></span> <span class='ocrx_word' id='word_1_475' title='bbox 453 2463 575 2490; x_wconf 87' lang='lat' dir='ltr'><strong>erimus.</strong></span> <span class='ocrx_word' id='word_1_476' title='bbox 591 2464 693 2498; x_wconf 81' lang='lat' dir='ltr'><strong>Neque</strong></span> <span class='ocrx_word' id='word_1_477' title='bbox 707 2463 832 2498; x_wconf 86' lang='lat' dir='ltr'><strong>longum</strong></span> <span class='ocrx_word' id='word_1_478' title='bbox 848 2465 892 2490; x_wconf 86' lang='lat' dir='ltr'><strong>est</strong></span> <span class='ocrx_word' id='word_1_479' title='bbox 906 2465 1025 2500; x_wconf 87' lang='lat' dir='ltr'><strong>tempus</strong></span> <span class='ocrx_word' id='word_1_480' title='bbox 1040 2472 1084 2492; x_wconf 89' lang='lat' dir='ltr'><strong>se-</strong></span> 
     </span>
    </p>
   </div>
   <div class='ocr_carea' id='block_1_70' title="bbox 294 2524 506 2560">
    <p class='ocr_par' dir='ltr' id='par_1_70' title="bbox 294 2524 506 2560">
     <span class='ocr_line' id='line_1_70' title="bbox 294 2524 506 2560; baseline 0 -7"><span class='ocrx_word' id='word_1_481' title='bbox 294 2526 316 2544; x_wconf 83' lang='grc'><strong>³¹</strong></span> <span class='ocrx_word' id='word_1_482' title='bbox 336 2524 401 2553; x_wconf 85' lang='lat' dir='ltr'><strong>Job.</strong></span> <span class='ocrx_word' id='word_1_483' title='bbox 422 2533 442 2560; x_wconf 87' lang='grc' dir='ltr'><strong>ι,</strong></span> <span class='ocrx_word' id='word_1_484' title='bbox 463 2527 506 2553; x_wconf 76' lang='grc'><strong>21.</strong></span> 
     </span>
    </p>
   </div>
   <div class='ocr_carea' id='block_1_71' title="bbox 291 2587 1080 2625">
    <p class='ocr_par' dir='ltr' id='par_1_71' title="bbox 291 2587 1080 2625">
     <span class='ocr_line' id='line_1_71' title="bbox 291 2587 1080 2625; baseline 0.006 -12"><span class='ocrx_word' id='word_1_485' title='bbox 291 2588 347 2625; x_wconf 78' lang='lat'><strong>(25)</strong></span> <span class='ocrx_word' id='word_1_486' title='bbox 366 2587 464 2617; x_wconf 77' lang='grc' dir='ltr'>Ἐκείνη</span> <span class='ocrx_word' id='word_1_487' title='bbox 491 2591 535 2614; x_wconf 79' lang='grc' dir='ltr'>τοῦ</span> <span class='ocrx_word' id='word_1_488' title='bbox 557 2589 640 2625; x_wconf 79' lang='grc' dir='ltr'>οἴκου.</span> <span class='ocrx_word' id='word_1_489' title='bbox 666 2588 711 2625; x_wconf 86' lang='lat' dir='ltr'><strong>Sic</strong></span> <span class='ocrx_word' id='word_1_490' title='bbox 728 2590 790 2625; x_wconf 78' lang='lat' dir='ltr'><strong>tres</strong></span> <span class='ocrx_word' id='word_1_491' title='bbox 807 2588 1010 2624; x_wconf 87' lang='lat' dir='ltr'><strong>antiquissimi</strong></span> <span class='ocrx_word' id='word_1_492' title='bbox 1031 2598 1080 2618; x_wconf 89' lang='lat' dir='ltr'><strong>co-</strong></span> 
     </span>
    </p>
   </div>
   <div class='ocr_carea' id='block_1_72' title="bbox 257 2623 1078 2660">
    <p class='ocr_par' dir='ltr' id='par_1_72' title="bbox 257 2623 1078 2660">
     <span class='ocr_line' id='line_1_72' title="bbox 257 2623 1078 2660; baseline 0 -8"><span class='ocrx_word' id='word_1_493' title='bbox 257 2623 339 2652; x_wconf 82' lang='lat' dir='ltr'><strong>dices</strong></span> <span class='ocrx_word' id='word_1_494' title='bbox 356 2632 410 2660; x_wconf 84' lang='lat' dir='ltr'><strong>pro</strong></span> <span class='ocrx_word' id='word_1_495' title='bbox 426 2632 461 2651; x_wconf 89' lang='lat' dir='ltr'><strong>eo</strong></span> <span class='ocrx_word' id='word_1_496' title='bbox 483 2623 565 2660; x_wconf 85' lang='lat' dir='ltr'><strong>quod</strong></span> <span class='ocrx_word' id='word_1_497' title='bbox 589 2626 653 2660; x_wconf 79' lang='lat' dir='ltr'><strong>erat</strong></span> <span class='ocrx_word' id='word_1_498' title='bbox 677 2624 706 2650; x_wconf 89' lang='lat' dir='ltr'><strong>in</strong></span> <span class='ocrx_word' id='word_1_499' title='bbox 722 2623 808 2651; x_wconf 88' lang='lat' dir='ltr'><strong>editis</strong></span> <span class='ocrx_word' id='word_1_500' title='bbox 824 2627 869 2649; x_wconf 80' lang='grc' dir='ltr'>τοῦ</span> <span class='ocrx_word' id='word_1_501' title='bbox 879 2623 957 2651; x_wconf 32' lang='grc' dir='ltr'>ίοῖκου</span> <span class='ocrx_word' id='word_1_502' title='bbox 973 2624 1078 2653; x_wconf 80' lang='grc' dir='ltr'>ἐκείνου.</span> 
     </span>
    </p>
   </div>
   <div class='ocr_carea' id='block_1_73' title="bbox 257 2659 1080 2698">
    <p class='ocr_par' dir='ltr' id='par_1_73' title="bbox 257 2659 1080 2698">
     <span class='ocr_line' id='line_1_73' title="bbox 257 2659 1080 2698; baseline 0 -11"><span class='ocrx_word' id='word_1_503' title='bbox 257 2662 290 2698; x_wconf 87' lang='lat' dir='ltr'><strong>_In</strong></span> <span class='ocrx_word' id='word_1_504' title='bbox 313 2659 420 2698; x_wconf 75' lang='lat' dir='ltr'><strong>iisdem</strong></span> <span class='ocrx_word' id='word_1_505' title='bbox 434 2659 589 2687; x_wconf 84' lang='lat' dir='ltr'><strong>codicibus</strong></span> <span class='ocrx_word' id='word_1_506' title='bbox 608 2659 717 2693; x_wconf 86' lang='lat' dir='ltr'><strong>legitur</strong></span> <span class='ocrx_word' id='word_1_507' title='bbox 741 2661 784 2685; x_wconf 80' lang='grc' dir='ltr'><strong>καὶ</strong></span> <span class='ocrx_word' id='word_1_508' title='bbox 804 2663 854 2685; x_wconf 84' lang='grc' dir='ltr'>τῶν</span> <span class='ocrx_word' id='word_1_509' title='bbox 874 2659 980 2696; x_wconf 71' lang='grc' dir='ltr'>ψυχῶν,</span> <span class='ocrx_word' id='word_1_510' title='bbox 997 2662 1080 2698; x_wconf 87' lang='lat' dir='ltr'><strong>quod</strong></span> 
     </span>
    </p>
   </div>
   <div class='ocr_carea' id='block_1_74' title="bbox 255 2695 513 2723">
    <p class='ocr_par' dir='ltr' id='par_1_74' title="bbox 255 2695 513 2723">
     <span class='ocr_line' id='line_1_74' title="bbox 255 2695 513 2723; baseline -0.008 0"><span class='ocrx_word' id='word_1_511' title='bbox 255 2695 287 2723; x_wconf 87' lang='lat' dir='ltr'><strong>in</strong></span> <span class='ocrx_word' id='word_1_512' title='bbox 303 2695 388 2723; x_wconf 84' lang='lat' dir='ltr'><strong>editis</strong></span> <span class='ocrx_word' id='word_1_513' title='bbox 402 2695 513 2723; x_wconf 90' lang='lat' dir='ltr'><strong>deerat.</strong></span> 
     </span>
    </p>
   </div>
   <div class='ocr_carea' id='block_1_75' title="bbox 291 2730 1077 2767">
    <p class='ocr_par' dir='ltr' id='par_1_75' title="bbox 291 2730 1077 2767">
     <span class='ocr_line' id='line_1_75' title="bbox 291 2730 1077 2767; baseline 0.003 -9"><span class='ocrx_word' id='word_1_514' title='bbox 291 2732 346 2766; x_wconf 81' lang='lat'><strong>(26)</strong></span> <span class='ocrx_word' id='word_1_515' title='bbox 367 2733 439 2767; x_wconf 62' lang='lat' dir='ltr'><strong>Td...</strong></span> <span class='ocrx_word' id='word_1_516' title='bbox 470 2731 595 2767; x_wconf 76' lang='grc' dir='ltr'>ῥεύματα.</span> <span class='ocrx_word' id='word_1_517' title='bbox 630 2730 686 2767; x_wconf 78' lang='lat' dir='ltr'><strong>sex</strong></span> <span class='ocrx_word' id='word_1_518' title='bbox 714 2730 837 2767; x_wconf 78' lang='lat' dir='ltr'><strong>codices</strong></span> <span class='ocrx_word' id='word_1_519' title='bbox 870 2731 984 2760; x_wconf 84' lang='lat' dir='ltr'><strong>habent</strong></span> <span class='ocrx_word' id='word_1_520' title='bbox 1014 2734 1077 2760; x_wconf 79' lang='grc' dir='ltr'><strong>τὸ...</strong></span> 
     </span>
    </p>
   </div>
   <div class='ocr_carea' id='block_1_76' title="bbox 253 2765 1079 2804">
    <p class='ocr_par' dir='ltr' id='par_1_76' title="bbox 253 2765 1079 2804">
     <span class='ocr_line' id='line_1_76' title="bbox 253 2765 1079 2804; baseline 0.002 -11"><span class='ocrx_word' id='word_1_521' title='bbox 253 2766 346 2804; x_wconf 79' lang='grc' dir='ltr'>ῥεῦμα.</span> <span class='ocrx_word' id='word_1_522' title='bbox 362 2766 419 2794; x_wconf 89' lang='lat' dir='ltr'><strong>Sed</strong></span> <span class='ocrx_word' id='word_1_523' title='bbox 435 2765 504 2794; x_wconf 76' lang='lat' dir='ltr'><strong>cum</strong></span> <span class='ocrx_word' id='word_1_524' title='bbox 517 2765 640 2802; x_wconf 77' lang='lat' dir='ltr'><strong>vulgata</strong></span> <span class='ocrx_word' id='word_1_525' title='bbox 653 2765 740 2796; x_wconf 89' lang='lat' dir='ltr'><strong>lectio</strong></span> <span class='ocrx_word' id='word_1_526' title='bbox 755 2769 848 2794; x_wconf 77' lang='lat' dir='ltr'><strong>exstet</strong></span> <span class='ocrx_word' id='word_1_527' title='bbox 862 2767 892 2795; x_wconf 93' lang='lat' dir='ltr'><strong>in</strong></span> <span class='ocrx_word' id='word_1_528' title='bbox 906 2767 1000 2795; x_wconf 89' lang='lat' dir='ltr'><strong>tribus</strong></span> <span class='ocrx_word' id='word_1_529' title='bbox 1013 2768 1079 2796; x_wconf 86' lang='lat' dir='ltr'><strong>aliis</strong></span> 
     </span>
    </p>
   </div>
   <div class='ocr_carea' id='block_1_77' title="bbox 1101 2211 1123 2238">
    <p class='ocr_par' dir='ltr' id='par_1_77' title="bbox 1101 2211 1123 2238">
     <span class='ocr_line' id='line_1_77' title="bbox 1101 2211 1123 2238; baseline 0 0"><span class='ocrx_word' id='word_1_530' title='bbox 1101 2211 1123 2238; x_wconf 91' lang='lat' dir='ltr'><strong>D</strong></span> 
     </span>
    </p>
   </div>
   <div class='ocr_carea' id='block_1_78' title="bbox 1165 896 1930 933">
    <p class='ocr_par' dir='ltr' id='par_1_78' title="bbox 1165 896 1930 933">
     <span class='ocr_line' id='line_1_78' title="bbox 1165 896 1930 933; baseline 0 -12"><span class='ocrx_word' id='word_1_531' title='bbox 1165 905 1262 931; x_wconf 74' lang='grc' dir='ltr'>μνησιν</span> <span class='ocrx_word' id='word_1_532' title='bbox 1283 897 1354 931; x_wconf 78' lang='grc' dir='ltr'>ἄγειν</span> <span class='ocrx_word' id='word_1_533' title='bbox 1375 901 1423 922; x_wconf 86' lang='grc' dir='ltr'>τῶν</span> <span class='ocrx_word' id='word_1_534' title='bbox 1448 896 1623 933; x_wconf 78' lang='grc' dir='ltr'>ἀνθρωπίνων,</span> <span class='ocrx_word' id='word_1_535' title='bbox 1646 900 1690 923; x_wconf 82' lang='grc' dir='ltr'>καὶ</span> <span class='ocrx_word' id='word_1_536' title='bbox 1714 897 1860 923; x_wconf 70' lang='grc' dir='ltr'>ὑποϐάλλειν</span> <span class='ocrx_word' id='word_1_537' title='bbox 1877 898 1930 933; x_wconf 66' lang='grc' dir='ltr'>ἡμῖν,</span> 
     </span>
    </p>
   </div>
   <div class='ocr_carea' id='block_1_79' title="bbox 1166 940 1931 979">
    <p class='ocr_par' dir='ltr' id='par_1_79' title="bbox 1166 940 1931 979">
     <span class='ocr_line' id='line_1_79' title="bbox 1166 940 1931 979; baseline -0.001 -12"><span class='ocrx_word' id='word_1_538' title='bbox 1166 941 1183 966; x_wconf 84' lang='grc' dir='ltr'>οἱ</span> <span class='ocrx_word' id='word_1_539' title='bbox 1204 951 1230 968; x_wconf 88' lang='grc' dir='ltr'><strong>τε</strong></span> <span class='ocrx_word' id='word_1_540' title='bbox 1253 940 1365 978; x_wconf 77' lang='grc' dir='ltr'>εἴδομεν,</span> <span class='ocrx_word' id='word_1_541' title='bbox 1382 943 1400 968; x_wconf 85' lang='grc' dir='ltr'><strong>οἰ</strong></span> <span class='ocrx_word' id='word_1_542' title='bbox 1420 952 1447 969; x_wconf 88' lang='grc' dir='ltr'><strong>τε</strong></span> <span class='ocrx_word' id='word_1_543' title='bbox 1470 943 1629 979; x_wconf 80' lang='grc' dir='ltr'>ἠκούσαμεν,</span> <span class='ocrx_word' id='word_1_544' title='bbox 1646 944 1685 969; x_wconf 83' lang='grc' dir='ltr'><strong>ὅτι</strong></span> <span class='ocrx_word' id='word_1_545' title='bbox 1707 946 1780 979; x_wconf 76' lang='grc' dir='ltr'>γέμει</span> <span class='ocrx_word' id='word_1_546' title='bbox 1801 944 1813 969; x_wconf 89' lang='grc' dir='ltr'><strong>ό</strong></span> <span class='ocrx_word' id='word_1_547' title='bbox 1834 943 1931 979; x_wconf 65' lang='grc' dir='ltr'>βίοςτᾱη</span> 
     </span>
    </p>
   </div>
   <div class='ocr_carea' id='block_1_80' title="bbox 1164 987 1931 1024">
    <p class='ocr_par' dir='ltr' id='par_1_80' title="bbox 1164 987 1931 1024">
     <span class='ocr_line' id='line_1_80' title="bbox 1164 987 1931 1024; baseline 0.003 -13"><span class='ocrx_word' id='word_1_548' title='bbox 1164 987 1284 1012; x_wconf 77' lang='grc' dir='ltr'>τοιούτων</span> <span class='ocrx_word' id='word_1_549' title='bbox 1312 987 1411 1020; x_wconf 79' lang='grc' dir='ltr'>παθὼν,</span> <span class='ocrx_word' id='word_1_550' title='bbox 1436 989 1480 1013; x_wconf 84' lang='grc' dir='ltr'>καὶ</span> <span class='ocrx_word' id='word_1_551' title='bbox 1510 987 1590 1013; x_wconf 76' lang='grc' dir='ltr'>πο)λὰ</span> <span class='ocrx_word' id='word_1_552' title='bbox 1617 992 1666 1013; x_wconf 85' lang='grc' dir='ltr'>τῶν</span> <span class='ocrx_word' id='word_1_553' title='bbox 1699 987 1857 1024; x_wconf 72' lang='grc' dir='ltr'>ἀνθρωπίνων</span> <span class='ocrx_word' id='word_1_554' title='bbox 1885 997 1931 1022; x_wconf 55' lang='grc' dir='ltr'>σομ-</span> 
     </span>
    </p>
   </div>
   <div class='ocr_carea' id='block_1_81' title="bbox 1165 1030 1931 1068">
    <p class='ocr_par' dir='ltr' id='par_1_81' title="bbox 1165 1030 1931 1068">
     <span class='ocr_line' id='line_1_81' title="bbox 1165 1030 1931 1068; baseline 0 -12"><span class='ocrx_word' id='word_1_555' title='bbox 1165 1035 1247 1068; x_wconf 78' lang='grc' dir='ltr'>φορῶν</span> <span class='ocrx_word' id='word_1_556' title='bbox 1281 1031 1335 1057; x_wconf 83' lang='grc' dir='ltr'>ἐστι</span> <span class='ocrx_word' id='word_1_557' title='bbox 1361 1033 1394 1057; x_wconf 76' lang='grc' dir='ltr'><strong>τα</strong></span> <span class='ocrx_word' id='word_1_558' title='bbox 1417 1030 1621 1068; x_wconf 69' lang='grc' dir='ltr'>ὑποδείγματα’</span> <span class='ocrx_word' id='word_1_559' title='bbox 1649 1035 1693 1058; x_wconf 86' lang='grc' dir='ltr'>καὶ</span> <span class='ocrx_word' id='word_1_560' title='bbox 1720 1031 1763 1058; x_wconf 81' lang='grc' dir='ltr'><strong>ἐπὶ</strong></span> <span class='ocrx_word' id='word_1_561' title='bbox 1791 1035 1881 1066; x_wconf 74' lang='grc' dir='ltr'>πᾶσιν,</span> <span class='ocrx_word' id='word_1_562' title='bbox 1904 1032 1931 1057; x_wconf 79' lang='grc' dir='ltr'><strong>ὁτι</strong></span> 
     </span>
    </p>
   </div>
   <div class='ocr_carea' id='block_1_82' title="bbox 1163 1075 1931 1113">
    <p class='ocr_par' dir='ltr' id='par_1_82' title="bbox 1163 1075 1931 1113">
     <span class='ocr_line' id='line_1_82' title="bbox 1163 1075 1931 1113; baseline 0 -12"><span class='ocrx_word' id='word_1_563' title='bbox 1163 1078 1323 1112; x_wconf 73' lang='grc' dir='ltr'>πρόσταγμα</span> <span class='ocrx_word' id='word_1_564' title='bbox 1351 1080 1418 1103; x_wconf 78' lang='grc' dir='ltr'>Θεοῦ</span> <span class='ocrx_word' id='word_1_565' title='bbox 1449 1075 1504 1103; x_wconf 77' lang='grc' dir='ltr'>ἐστι</span> <span class='ocrx_word' id='word_1_566' title='bbox 1536 1078 1565 1102; x_wconf 86' lang='grc' dir='ltr'>τὸ</span> <span class='ocrx_word' id='word_1_567' title='bbox 1596 1079 1631 1113; x_wconf 84' lang='grc' dir='ltr'>μὴ</span> <span class='ocrx_word' id='word_1_568' title='bbox 1660 1077 1801 1103; x_wconf 84' lang='grc' dir='ltr'>λυπεῖσθαι</span> <span class='ocrx_word' id='word_1_569' title='bbox 1831 1077 1868 1103; x_wconf 81' lang='grc' dir='ltr'><strong>ἐπὶ</strong></span> <span class='ocrx_word' id='word_1_570' title='bbox 1894 1080 1931 1106; x_wconf 77' lang='grc' dir='ltr'>τοῖς</span> 
     </span>
    </p>
   </div>
   <div class='ocr_carea' id='block_1_83' title="bbox 1163 1119 1933 1159">
    <p class='ocr_par' dir='ltr' id='par_1_83' title="bbox 1163 1119 1933 1159">
     <span class='ocr_line' id='line_1_83' title="bbox 1163 1119 1933 1159; baseline 0 -13"><span class='ocrx_word' id='word_1_571' title='bbox 1163 1123 1356 1157; x_wconf 78' lang='grc' dir='ltr'>κεκοιμημένοις</span> <span class='ocrx_word' id='word_1_572' title='bbox 1385 1123 1446 1151; x_wconf 74' lang='grc' dir='ltr'>τοὺς</span> <span class='ocrx_word' id='word_1_573' title='bbox 1472 1121 1508 1152; x_wconf 85' lang='grc' dir='ltr'>εἰς</span> <span class='ocrx_word' id='word_1_574' title='bbox 1537 1123 1651 1159; x_wconf 81' lang='grc' dir='ltr'>Χριστόν</span> <span class='ocrx_word' id='word_1_575' title='bbox 1677 1124 1874 1152; x_wconf 74' lang='grc' dir='ltr'>πεπιστευκότας</span> <span class='ocrx_word' id='word_1_576' title='bbox 1900 1119 1933 1147; x_wconf 74' lang='grc' dir='ltr'><strong>διὰ</strong></span> 
     </span>
    </p>
   </div>
   <div class='ocr_carea' id='block_1_84' title="bbox 1161 1164 1933 1202">
    <p class='ocr_par' dir='ltr' id='par_1_84' title="bbox 1161 1164 1933 1202">
     <span class='ocr_line' id='line_1_84' title="bbox 1161 1164 1933 1202; baseline 0.004 -12"><span class='ocrx_word' id='word_1_577' title='bbox 1161 1167 1207 1194; x_wconf 76' lang='grc' dir='ltr'>τὴν</span> <span class='ocrx_word' id='word_1_578' title='bbox 1232 1164 1326 1191; x_wconf 72' lang='grc' dir='ltr'>ίλπίὸα</span> <span class='ocrx_word' id='word_1_579' title='bbox 1350 1170 1395 1196; x_wconf 83' lang='grc' dir='ltr'><strong>τῆς</strong></span> <span class='ocrx_word' id='word_1_580' title='bbox 1422 1165 1604 1196; x_wconf 65' lang='grc' dir='ltr'><strong>ἀναστάσεως⁸</strong></span> <span class='ocrx_word' id='word_1_581' title='bbox 1632 1169 1677 1192; x_wconf 82' lang='grc' dir='ltr'>καὶ</span> <span class='ocrx_word' id='word_1_582' title='bbox 1706 1168 1746 1192; x_wconf 82' lang='grc' dir='ltr'><strong>ὅτι</strong></span> <span class='ocrx_word' id='word_1_583' title='bbox 1773 1170 1816 1197; x_wconf 77' lang='grc' dir='ltr'><strong>τῆς</strong></span> <span class='ocrx_word' id='word_1_584' title='bbox 1842 1165 1933 1202; x_wconf 66' lang='grc' dir='ltr'>μεγάλης</span> 
     </span>
    </p>
   </div>
   <div class='ocr_carea' id='block_1_85' title="bbox 1162 1209 1933 1248">
    <p class='ocr_par' dir='ltr' id='par_1_85' title="bbox 1162 1209 1933 1248">
     <span class='ocr_line' id='line_1_85' title="bbox 1162 1209 1933 1248; baseline 0 -12"><span class='ocrx_word' id='word_1_585' title='bbox 1162 1210 1294 1246; x_wconf 81' lang='grc' dir='ltr'>ὑπομονῆς</span> <span class='ocrx_word' id='word_1_586' title='bbox 1316 1211 1423 1247; x_wconf 75' lang='grc' dir='ltr'>μεγάλοι</span> <span class='ocrx_word' id='word_1_587' title='bbox 1444 1212 1515 1247; x_wconf 70' lang='grc' dir='ltr'>παρὰ</span> <span class='ocrx_word' id='word_1_588' title='bbox 1537 1215 1572 1246; x_wconf 84' lang='grc' dir='ltr'>τῷ</span> <span class='ocrx_word' id='word_1_589' title='bbox 1593 1210 1715 1248; x_wconf 79' lang='grc' dir='ltr'>ἁθλοθέτῃ</span> <span class='ocrx_word' id='word_1_590' title='bbox 1739 1214 1855 1247; x_wconf 77' lang='grc' dir='ltr'>στέφανοι</span> <span class='ocrx_word' id='word_1_591' title='bbox 1872 1209 1933 1240; x_wconf 63' lang='lat' dir='ltr'><strong>dein;</strong></span> 
     </span>
    </p>
   </div>
   <div class='ocr_carea' id='block_1_86' title="bbox 1161 1254 1932 1293">
    <p class='ocr_par' dir='ltr' id='par_1_86' title="bbox 1161 1254 1932 1293">
     <span class='ocr_line' id='line_1_86' title="bbox 1161 1254 1932 1293; baseline -0.001 -12"><span class='ocrx_word' id='word_1_592' title='bbox 1161 1254 1310 1282; x_wconf 69' lang='grc' dir='ltr'>ἀπόκεινται</span> <span class='ocrx_word' id='word_1_593' title='bbox 1326 1265 1332 1271; x_wconf 89' lang='grc'><strong>·</strong></span> <span class='ocrx_word' id='word_1_594' title='bbox 1368 1255 1410 1282; x_wconf 76' lang='grc' dir='ltr'>ἐὰν</span> <span class='ocrx_word' id='word_1_595' title='bbox 1446 1255 1621 1293; x_wconf 70' lang='grc' dir='ltr'>ἐπιτρέψωμεν</span> <span class='ocrx_word' id='word_1_596' title='bbox 1655 1260 1690 1291; x_wconf 79' lang='grc' dir='ltr'>τῷ</span> <span class='ocrx_word' id='word_1_597' title='bbox 1722 1257 1839 1293; x_wconf 77' lang='grc' dir='ltr'><strong>λογισμῷ</strong></span> <span class='ocrx_word' id='word_1_598' title='bbox 1871 1259 1932 1281; x_wconf 68' lang='grc' dir='ltr'>ταῦτα</span> 
     </span>
    </p>
   </div>
   <div class='ocr_carea' id='block_1_87' title="bbox 1160 1300 1931 1338">
    <p class='ocr_par' dir='ltr' id='par_1_87' title="bbox 1160 1300 1931 1338">
     <span class='ocr_line' id='line_1_87' title="bbox 1160 1300 1931 1338; baseline -0.003 -11"><span class='ocrx_word' id='word_1_599' title='bbox 1160 1301 1221 1336; x_wconf 79' lang='grc' dir='ltr'>ἡμῖν</span> <span class='ocrx_word' id='word_1_600' title='bbox 1251 1300 1418 1337; x_wconf 73' lang='grc' dir='ltr'>κατεπᾴδειν,</span> <span class='ocrx_word' id='word_1_601' title='bbox 1445 1302 1518 1337; x_wconf 82' lang='grc' dir='ltr'>τάχα</span> <span class='ocrx_word' id='word_1_602' title='bbox 1550 1301 1580 1327; x_wconf 76' lang='grc' dir='ltr'><strong>ἄν</strong></span> <span class='ocrx_word' id='word_1_603' title='bbox 1614 1302 1730 1338; x_wconf 72' lang='grc' dir='ltr'>εὕροιμεν</span> <span class='ocrx_word' id='word_1_604' title='bbox 1762 1312 1818 1328; x_wconf 85' lang='grc' dir='ltr'>τινα</span> <span class='ocrx_word' id='word_1_605' title='bbox 1847 1302 1931 1337; x_wconf 70' lang='grc' dir='ltr'>μετρίαν</span> 
     </span>
    </p>
   </div>
   <div class='ocr_carea' id='block_1_88' title="bbox 1157 1346 1930 1383">
    <p class='ocr_par' dir='ltr' id='par_1_88' title="bbox 1157 1346 1930 1383">
     <span class='ocr_line' id='line_1_88' title="bbox 1157 1346 1930 1383; baseline -0.003 -12"><span class='ocrx_word' id='word_1_606' title='bbox 1157 1350 1202 1371; x_wconf 67' lang='grc' dir='ltr'>τοι)</span> <span class='ocrx_word' id='word_1_607' title='bbox 1234 1350 1314 1372; x_wconf 80' lang='grc' dir='ltr'>κακοῦ</span> <span class='ocrx_word' id='word_1_608' title='bbox 1343 1346 1428 1374; x_wconf 71' lang='grc' dir='ltr'>λύσιν.</span> <span class='ocrx_word' id='word_1_609' title='bbox 1458 1348 1501 1372; x_wconf 88' lang='grc' dir='ltr'><strong>Διό</strong></span> <span class='ocrx_word' id='word_1_610' title='bbox 1535 1346 1677 1383; x_wconf 76' lang='grc' dir='ltr'>παρακαλῶ</span> <span class='ocrx_word' id='word_1_611' title='bbox 1711 1356 1751 1380; x_wconf 81' lang='grc' dir='ltr'>σε,</span> <span class='ocrx_word' id='word_1_612' title='bbox 1779 1348 1812 1377; x_wconf 82' lang='grc' dir='ltr'>ὡς</span> <span class='ocrx_word' id='word_1_613' title='bbox 1840 1348 1930 1381; x_wconf 74' lang='grc' dir='ltr'>γενναῖον</span> 
     </span>
    </p>
   </div>
   <div class='ocr_carea' id='block_1_89' title="bbox 1156 1390 1927 1427">
    <p class='ocr_par' dir='ltr' id='par_1_89' title="bbox 1156 1390 1927 1427">
     <span class='ocr_line' id='line_1_89' title="bbox 1156 1390 1927 1427; baseline 0.003 -11"><span class='ocrx_word' id='word_1_614' title='bbox 1156 1390 1313 1426; x_wconf 71' lang='grc' dir='ltr'>ἀγωνιστὴν,</span> <span class='ocrx_word' id='word_1_615' title='bbox 1344 1395 1437 1420; x_wconf 80' lang='grc' dir='ltr'>στῆναι</span> <span class='ocrx_word' id='word_1_616' title='bbox 1467 1393 1532 1427; x_wconf 79' lang='grc' dir='ltr'>πρὸς</span> <span class='ocrx_word' id='word_1_617' title='bbox 1564 1393 1592 1417; x_wconf 86' lang='grc' dir='ltr'>τὸ</span> <span class='ocrx_word' id='word_1_618' title='bbox 1625 1392 1731 1427; x_wconf 70' lang='grc' dir='ltr'>μέγεθος</span> <span class='ocrx_word' id='word_1_619' title='bbox 1760 1396 1806 1422; x_wconf 84' lang='grc' dir='ltr'><strong>τῆς</strong></span> <span class='ocrx_word' id='word_1_620' title='bbox 1837 1391 1927 1425; x_wconf 65' lang='grc' dir='ltr'>πληγῆς,</span> 
     </span>
    </p>
   </div>
   <div class='ocr_carea' id='block_1_90' title="bbox 1154 1434 1928 1473">
    <p class='ocr_par' dir='ltr' id='par_1_90' title="bbox 1154 1434 1928 1473">
     <span class='ocr_line' id='line_1_90' title="bbox 1154 1434 1928 1473; baseline 0 -12"><span class='ocrx_word' id='word_1_621' title='bbox 1154 1437 1198 1461; x_wconf 78' lang='grc' dir='ltr'><strong>καὶ</strong></span> <span class='ocrx_word' id='word_1_622' title='bbox 1221 1438 1257 1471; x_wconf 79' lang='grc' dir='ltr'><strong>μὴ</strong></span> <span class='ocrx_word' id='word_1_623' title='bbox 1286 1436 1424 1462; x_wconf 80' lang='grc' dir='ltr'>ὑποπεσεῖν</span> <span class='ocrx_word' id='word_1_624' title='bbox 1445 1440 1481 1471; x_wconf 84' lang='grc' dir='ltr'>τῷ</span> <span class='ocrx_word' id='word_1_625' title='bbox 1507 1435 1584 1473; x_wconf 78' lang='grc' dir='ltr'>βάρει</span> <span class='ocrx_word' id='word_1_626' title='bbox 1606 1440 1651 1466; x_wconf 81' lang='grc' dir='ltr'>τῆς</span> <span class='ocrx_word' id='word_1_627' title='bbox 1675 1434 1849 1472; x_wconf 53' lang='grc' dir='ltr'>λύπηςνμηδε</span> <span class='ocrx_word' id='word_1_628' title='bbox 1866 1444 1928 1460; x_wconf 74' lang='grc' dir='ltr'>κατα-</span> 
     </span>
    </p>
   </div>
   <div class='ocr_carea' id='block_1_91' title="bbox 1152 1478 1925 1516">
    <p class='ocr_par' dir='ltr' id='par_1_91' title="bbox 1152 1478 1925 1516">
     <span class='ocr_line' id='line_1_91' title="bbox 1152 1478 1925 1516; baseline -0.001 -11"><span class='ocrx_word' id='word_1_629' title='bbox 1152 1480 1264 1508; x_wconf 77' lang='grc' dir='ltr'>ποθῆναι</span> <span class='ocrx_word' id='word_1_630' title='bbox 1292 1483 1338 1509; x_wconf 73' lang='grc' dir='ltr'><strong>τὴν</strong></span> <span class='ocrx_word' id='word_1_631' title='bbox 1364 1480 1474 1516; x_wconf 61' lang='grc' dir='ltr'>ψυχήν·</span> <span class='ocrx_word' id='word_1_632' title='bbox 1505 1479 1584 1506; x_wconf 80' lang='grc' dir='ltr'>ἐκεῖνο</span> <span class='ocrx_word' id='word_1_633' title='bbox 1612 1483 1794 1516; x_wconf 61' lang='grc' dir='ltr'>πεπεισμένον)</span> <span class='ocrx_word' id='word_1_634' title='bbox 1820 1481 1866 1513; x_wconf 76' lang='grc' dir='ltr'><strong>ὅτι⁷</strong></span> <span class='ocrx_word' id='word_1_635' title='bbox 1892 1478 1925 1504; x_wconf 60' lang='grc' dir='ltr'>κᾶν</span> 
     </span>
    </p>
   </div>
   <div class='ocr_carea' id='block_1_92' title="bbox 1153 1523 1926 1562">
    <p class='ocr_par' dir='ltr' id='par_1_92' title="bbox 1153 1523 1926 1562">
     <span class='ocr_line' id='line_1_92' title="bbox 1153 1523 1926 1562; baseline -0.001 -13"><span class='ocrx_word' id='word_1_636' title='bbox 1153 1524 1176 1549; x_wconf 83' lang='grc' dir='ltr'>οἱ</span> <span class='ocrx_word' id='word_1_637' title='bbox 1201 1523 1273 1560; x_wconf 80' lang='grc' dir='ltr'>λόγοι</span> <span class='ocrx_word' id='word_1_638' title='bbox 1298 1529 1346 1550; x_wconf 83' lang='grc' dir='ltr'>τῶν</span> <span class='ocrx_word' id='word_1_639' title='bbox 1373 1526 1444 1562; x_wconf 83' lang='grc' dir='ltr'>παρὰ</span> <span class='ocrx_word' id='word_1_640' title='bbox 1466 1529 1532 1551; x_wconf 84' lang='grc' dir='ltr'>Θεοῦ</span> <span class='ocrx_word' id='word_1_641' title='bbox 1557 1525 1776 1561; x_wconf 75' lang='grc' dir='ltr'>οἰκονομουμένων</span> <span class='ocrx_word' id='word_1_642' title='bbox 1805 1524 1926 1558; x_wconf 64' lang='grc' dir='ltr'>διαθεᾶγω-</span> 
     </span>
    </p>
   </div>
   <div class='ocr_carea' id='block_1_93' title="bbox 1153 1569 1925 1606">
    <p class='ocr_par' dir='ltr' id='par_1_93' title="bbox 1153 1569 1925 1606">
     <span class='ocr_line' id='line_1_93' title="bbox 1153 1569 1925 1606; baseline 0 -12"><span class='ocrx_word' id='word_1_643' title='bbox 1153 1577 1193 1594; x_wconf 83' lang='grc' dir='ltr'><strong>σιν</strong></span> <span class='ocrx_word' id='word_1_644' title='bbox 1220 1570 1299 1605; x_wconf 81' lang='grc' dir='ltr'><strong>ἡμᾶς,</strong></span> <span class='ocrx_word' id='word_1_645' title='bbox 1329 1569 1392 1595; x_wconf 71' lang='grc' dir='ltr'>ἀλλὰ</span> <span class='ocrx_word' id='word_1_646' title='bbox 1419 1570 1522 1600; x_wconf 82' lang='grc' dir='ltr'>πάντως</span> <span class='ocrx_word' id='word_1_647' title='bbox 1539 1579 1569 1605; x_wconf 76' lang='grc' dir='ltr'>γε</span> <span class='ocrx_word' id='word_1_648' title='bbox 1583 1571 1611 1595; x_wconf 80' lang='grc' dir='ltr'>τὸ</span> <span class='ocrx_word' id='word_1_649' title='bbox 1638 1571 1710 1606; x_wconf 85' lang='grc' dir='ltr'>παρὰ</span> <span class='ocrx_word' id='word_1_650' title='bbox 1733 1574 1780 1596; x_wconf 79' lang='grc' dir='ltr'>τοῦ</span> <span class='ocrx_word' id='word_1_651' title='bbox 1805 1572 1878 1605; x_wconf 70' lang='grc' dir='ltr'>σοφοῦ</span> <span class='ocrx_word' id='word_1_652' title='bbox 1893 1569 1925 1592; x_wconf 71' lang='grc' dir='ltr'>καὶ</span> 
     </span>
    </p>
   </div>
   <div class='ocr_carea' id='block_1_94' title="bbox 1151 1612 1925 1650">
    <p class='ocr_par' dir='ltr' id='par_1_94' title="bbox 1151 1612 1925 1650">
     <span class='ocr_line' id='line_1_94' title="bbox 1151 1612 1925 1650; baseline 0.003 -11"><span class='ocrx_word' id='word_1_653' title='bbox 1151 1612 1397 1650; x_wconf 73' lang='grc' dir='ltr'>ἀγαπῶντος,ἡμᾱς</span> <span class='ocrx_word' id='word_1_654' title='bbox 1426 1614 1592 1650; x_wconf 79' lang='grc' dir='ltr'>οἰκονομηθεν</span> <span class='ocrx_word' id='word_1_655' title='bbox 1626 1613 1771 1641; x_wconf 76' lang='grc' dir='ltr'>ἀποδεκτόν</span> <span class='ocrx_word' id='word_1_656' title='bbox 1802 1614 1864 1648; x_wconf 78' lang='grc' dir='ltr'>ἐστι,</span> <span class='ocrx_word' id='word_1_657' title='bbox 1892 1612 1925 1638; x_wconf 70' lang='grc' dir='ltr'>κᾶν</span> 
     </span>
    </p>
   </div>
   <div class='ocr_carea' id='block_1_95' title="bbox 1149 1657 1924 1698">
    <p class='ocr_par' dir='ltr' id='par_1_95' title="bbox 1149 1657 1924 1698">
     <span class='ocr_line' id='line_1_95' title="bbox 1149 1657 1924 1698; baseline 0.004 -15"><span class='ocrx_word' id='word_1_658' title='bbox 1149 1657 1269 1685; x_wconf 77' lang='grc' dir='ltr'>ἐπίπονον</span> <span class='ocrx_word' id='word_1_659' title='bbox 1348 1659 1428 1690; x_wconf 66' lang='grc' dir='ltr'><strong>Αὐτὸς</strong></span> <span class='ocrx_word' id='word_1_660' title='bbox 1449 1661 1499 1696; x_wconf 74' lang='grc' dir='ltr'>γὰρ</span> <span class='ocrx_word' id='word_1_661' title='bbox 1527 1658 1582 1685; x_wconf 69' lang='grc' dir='ltr'>οἶδε</span> <span class='ocrx_word' id='word_1_662' title='bbox 1606 1659 1787 1698; x_wconf 29' lang='grc' dir='ltr'>πῶςγὲκάστῳ</span> <span class='ocrx_word' id='word_1_663' title='bbox 1810 1658 1924 1686; x_wconf 71' lang='grc' dir='ltr'>διατίθησι</span> 
     </span>
    </p>
   </div>
   <div class='ocr_carea' id='block_1_96' title="bbox 1148 1702 1925 1741">
    <p class='ocr_par' dir='ltr' id='par_1_96' title="bbox 1148 1702 1925 1741">
     <span class='ocr_line' id='line_1_96' title="bbox 1148 1702 1925 1741; baseline -0.003 -13"><span class='ocrx_word' id='word_1_664' title='bbox 1148 1705 1178 1729; x_wconf 85' lang='grc' dir='ltr'>τὸ</span> <span class='ocrx_word' id='word_1_665' title='bbox 1201 1706 1340 1741; x_wconf 76' lang='grc' dir='ltr'>συμφέρον,</span> <span class='ocrx_word' id='word_1_666' title='bbox 1355 1706 1400 1730; x_wconf 85' lang='grc' dir='ltr'>καὶ</span> <span class='ocrx_word' id='word_1_667' title='bbox 1425 1702 1472 1730; x_wconf 74' lang='grc' dir='ltr'><strong>διὰ</strong></span> <span class='ocrx_word' id='word_1_668' title='bbox 1492 1706 1517 1730; x_wconf 88' lang='grc' dir='ltr'><strong>τί</strong></span> <span class='ocrx_word' id='word_1_669' title='bbox 1539 1705 1618 1730; x_wconf 84' lang='grc' dir='ltr'>οἰνισα</span> <span class='ocrx_word' id='word_1_670' title='bbox 1632 1705 1737 1732; x_wconf 81' lang='grc' dir='ltr'>τίθησιν</span> <span class='ocrx_word' id='word_1_671' title='bbox 1752 1706 1811 1739; x_wconf 83' lang='grc'><strong>(28)</strong></span> <span class='ocrx_word' id='word_1_672' title='bbox 1828 1705 1882 1739; x_wconf 78' lang='grc' dir='ltr'>ἡμῖν</span> <span class='ocrx_word' id='word_1_673' title='bbox 1892 1704 1925 1727; x_wconf 69' lang='grc' dir='ltr'>τοῦ</span> 
     </span>
    </p>
   </div>
   <div class='ocr_carea' id='block_1_97' title="bbox 1149 1746 1925 1786">
    <p class='ocr_par' dir='ltr' id='par_1_97' title="bbox 1149 1746 1925 1786">
     <span class='ocr_line' id='line_1_97' title="bbox 1149 1746 1925 1786; baseline 0.001 -13"><span class='ocrx_word' id='word_1_674' title='bbox 1149 1747 1209 1784; x_wconf 87' lang='grc' dir='ltr'>βίου</span> <span class='ocrx_word' id='word_1_675' title='bbox 1233 1750 1267 1774; x_wconf 82' lang='grc' dir='ltr'>τὰ</span> <span class='ocrx_word' id='word_1_676' title='bbox 1288 1751 1396 1786; x_wconf 86' lang='grc' dir='ltr'>πέρατα.</span> <span class='ocrx_word' id='word_1_677' title='bbox 1410 1748 1486 1775; x_wconf 75' lang='grc' dir='ltr'><strong>’Ἐστι</strong></span> <span class='ocrx_word' id='word_1_678' title='bbox 1509 1750 1557 1786; x_wconf 71' lang='grc' dir='ltr'><strong>γάρ</strong></span> <span class='ocrx_word' id='word_1_679' title='bbox 1573 1758 1612 1779; x_wconf 83' lang='grc' dir='ltr'>τις</span> <span class='ocrx_word' id='word_1_680' title='bbox 1637 1748 1709 1774; x_wconf 86' lang='grc' dir='ltr'>αἰτία</span> <span class='ocrx_word' id='word_1_681' title='bbox 1724 1748 1865 1786; x_wconf 78' lang='grc' dir='ltr'>ἀνθρώποις</span> <span class='ocrx_word' id='word_1_682' title='bbox 1879 1746 1925 1773; x_wconf 73' lang='grc' dir='ltr'>ἀκα-</span> 
     </span>
    </p>
   </div>
   <div class='ocr_carea' id='block_1_98' title="bbox 1146 1791 1923 1829">
    <p class='ocr_par' dir='ltr' id='par_1_98' title="bbox 1146 1791 1923 1829">
     <span class='ocr_line' id='line_1_98' title="bbox 1146 1791 1923 1829; baseline -0.005 -10"><span class='ocrx_word' id='word_1_683' title='bbox 1146 1792 1288 1826; x_wconf 78' lang='grc' dir='ltr'>τάληπτος,</span> <span class='ocrx_word' id='word_1_684' title='bbox 1310 1791 1346 1819; x_wconf 75' lang='grc' dir='ltr'><strong>δι’</strong></span> <span class='ocrx_word' id='word_1_685' title='bbox 1373 1793 1401 1823; x_wconf 78' lang='grc' dir='ltr'><strong>ἧς</strong></span> <span class='ocrx_word' id='word_1_686' title='bbox 1425 1795 1449 1819; x_wconf 91' lang='grc' dir='ltr'><strong>οί</strong></span> <span class='ocrx_word' id='word_1_687' title='bbox 1472 1795 1517 1829; x_wconf 76' lang='grc' dir='ltr'><strong>μεν</strong></span> <span class='ocrx_word' id='word_1_688' title='bbox 1542 1794 1632 1819; x_wconf 82' lang='grc' dir='ltr'>θᾶττον</span> <span class='ocrx_word' id='word_1_689' title='bbox 1652 1792 1765 1820; x_wconf 74' lang='grc' dir='ltr'>ἐντεῦθεν</span> <span class='ocrx_word' id='word_1_690' title='bbox 1791 1792 1923 1828; x_wconf 75' lang='grc' dir='ltr'>ἀπάγονται,</span> 
     </span>
    </p>
   </div>
   <div class='ocr_carea' id='block_1_99' title="bbox 1145 1837 1924 1876">
    <p class='ocr_par' dir='ltr' id='par_1_99' title="bbox 1145 1837 1924 1876">
     <span class='ocr_line' id='line_1_99' title="bbox 1145 1837 1924 1876; baseline -0.003 -12"><span class='ocrx_word' id='word_1_691' title='bbox 1145 1839 1170 1864; x_wconf 82' lang='grc' dir='ltr'><strong>οἱ.</strong></span> <span class='ocrx_word' id='word_1_692' title='bbox 1193 1837 1222 1864; x_wconf 70' lang='grc' dir='ltr'><strong>δὲ</strong></span> <span class='ocrx_word' id='word_1_693' title='bbox 1246 1837 1287 1864; x_wconf 85' lang='grc' dir='ltr'><strong>ἐπι</strong></span> <span class='ocrx_word' id='word_1_694' title='bbox 1308 1838 1393 1864; x_wconf 87' lang='grc' dir='ltr'>πλεῖον</span> <span class='ocrx_word' id='word_1_695' title='bbox 1408 1838 1649 1875; x_wconf 84' lang='grc' dir='ltr'>προσταλαιπωρεῖν</span> <span class='ocrx_word' id='word_1_696' title='bbox 1664 1842 1700 1873; x_wconf 81' lang='grc' dir='ltr'>τῷ</span> <span class='ocrx_word' id='word_1_697' title='bbox 1726 1837 1846 1876; x_wconf 74' lang='grc' dir='ltr'>ὀδυνηρῷ</span> <span class='ocrx_word' id='word_1_698' title='bbox 1859 1838 1924 1870; x_wconf 67' lang='grc' dir='ltr'>τούτῳ</span> 
     </span>
    </p>
   </div>
   <div class='ocr_carea' id='block_1_100' title="bbox 1146 1882 1924 1919">
    <p class='ocr_par' dir='ltr' id='par_1_100' title="bbox 1146 1882 1924 1919">
     <span class='ocr_line' id='line_1_100' title="bbox 1146 1882 1924 1919; baseline -0.004 -11"><span class='ocrx_word' id='word_1_699' title='bbox 1146 1883 1197 1919; x_wconf 82' lang='grc' dir='ltr'><strong>βίῳ</strong></span> <span class='ocrx_word' id='word_1_700' title='bbox 1228 1883 1474 1919; x_wconf 64' lang='grc' dir='ltr'>καταλιμπάνονται.</span> <span class='ocrx_word' id='word_1_701' title='bbox 1508 1882 1589 1909; x_wconf 83' lang='grc' dir='ltr'>Ὠστε</span> <span class='ocrx_word' id='word_1_702' title='bbox 1619 1882 1661 1908; x_wconf 75' lang='grc' dir='ltr'><strong>ἐπὶ</strong></span> <span class='ocrx_word' id='word_1_703' title='bbox 1695 1886 1764 1909; x_wconf 82' lang='grc' dir='ltr'>πᾶσι</span> <span class='ocrx_word' id='word_1_704' title='bbox 1792 1883 1924 1919; x_wconf 72' lang='grc' dir='ltr'>προσκυνεῖν</span> 
     </span>
    </p>
   </div>
   <div class='ocr_carea' id='block_1_101' title="bbox 1145 1925 1924 1964">
    <p class='ocr_par' dir='ltr' id='par_1_101' title="bbox 1145 1925 1924 1964">
     <span class='ocr_line' id='line_1_101' title="bbox 1145 1925 1924 1964; baseline -0.004 -11"><span class='ocrx_word' id='word_1_705' title='bbox 1145 1928 1225 1954; x_wconf 79' lang='grc' dir='ltr'>αὑτοῦ</span> <span class='ocrx_word' id='word_1_706' title='bbox 1253 1930 1300 1957; x_wconf 85' lang='grc' dir='ltr'>τὴν</span> <span class='ocrx_word' id='word_1_707' title='bbox 1331 1927 1522 1964; x_wconf 63' lang='grc' dir='ltr'>φιλανθρωπίαν</span> <span class='ocrx_word' id='word_1_708' title='bbox 1551 1927 1681 1964; x_wconf 72' lang='grc' dir='ltr'>ὀφείλομεν</span> <span class='ocrx_word' id='word_1_709' title='bbox 1709 1930 1757 1954; x_wconf 80' lang='grc' dir='ltr'>καὶ</span> <span class='ocrx_word' id='word_1_710' title='bbox 1785 1931 1820 1964; x_wconf 81' lang='grc' dir='ltr'>μὴ</span> <span class='ocrx_word' id='word_1_711' title='bbox 1838 1925 1924 1961; x_wconf 78' lang='grc' dir='ltr'>δυσχε-</span> 
     </span>
    </p>
   </div>
   <div class='ocr_carea' id='block_1_102' title="bbox 1143 1968 1923 2010">
    <p class='ocr_par' dir='ltr' id='par_1_102' title="bbox 1143 1968 1923 2010">
     <span class='ocr_line' id='line_1_102' title="bbox 1143 1968 1923 2010; baseline -0.003 -12"><span class='ocrx_word' id='word_1_712' title='bbox 1143 1975 1258 2010; x_wconf 86' lang='grc' dir='ltr'>ραίνειν-</span> <span class='ocrx_word' id='word_1_713' title='bbox 1281 1974 1439 2009; x_wconf 78' lang='grc' dir='ltr'>μεμνημένοι</span> <span class='ocrx_word' id='word_1_714' title='bbox 1464 1977 1511 2003; x_wconf 78' lang='grc' dir='ltr'><strong>τῆς</strong></span> <span class='ocrx_word' id='word_1_715' title='bbox 1534 1972 1650 2008; x_wconf 71' lang='grc' dir='ltr'>μεγάλης</span> <span class='ocrx_word' id='word_1_716' title='bbox 1669 1971 1770 2004; x_wconf 70' lang='grc' dir='ltr'>ἐκείνης</span> <span class='ocrx_word' id='word_1_717' title='bbox 1793 1975 1836 1998; x_wconf 81' lang='grc' dir='ltr'>καὶ</span> <span class='ocrx_word' id='word_1_718' title='bbox 1856 1968 1923 1997; x_wconf 75' lang='grc' dir='ltr'>ἀοιδί-</span> 
     </span>
    </p>
   </div>
   <div class='ocr_carea' id='block_1_103' title="bbox 1143 2015 1923 2053">
    <p class='ocr_par' dir='ltr' id='par_1_103' title="bbox 1143 2015 1923 2053">
     <span class='ocr_line' id='line_1_103' title="bbox 1143 2015 1923 2053; baseline -0.003 -10"><span class='ocrx_word' id='word_1_719' title='bbox 1143 2027 1193 2053; x_wconf 82' lang='grc' dir='ltr'>μου</span> <span class='ocrx_word' id='word_1_720' title='bbox 1224 2021 1319 2053; x_wconf 76' lang='grc' dir='ltr'><strong>φωνῆς,</strong></span> <span class='ocrx_word' id='word_1_721' title='bbox 1339 2017 1368 2046; x_wconf 76' lang='grc' dir='ltr'>ἢν</span> <span class='ocrx_word' id='word_1_722' title='bbox 1394 2018 1407 2042; x_wconf 88' lang='grc' dir='ltr'><strong>ό</strong></span> <span class='ocrx_word' id='word_1_723' title='bbox 1432 2019 1512 2053; x_wconf 73' lang='grc' dir='ltr'><strong>μέγας</strong></span> <span class='ocrx_word' id='word_1_724' title='bbox 1532 2016 1644 2047; x_wconf 62' lang='grc' dir='ltr'>ἀθλητὴς</span> <span class='ocrx_word' id='word_1_725' title='bbox 1670 2017 1730 2043; x_wconf 73' lang='grc' dir='ltr'><strong>Ἰὼϐ</strong></span> <span class='ocrx_word' id='word_1_726' title='bbox 1760 2015 1923 2053; x_wconf 70' lang='grc' dir='ltr'>ἀνεφθέγξατο,</span> 
     </span>
    </p>
   </div>
   <div class='ocr_carea' id='block_1_104' title="bbox 1143 2060 1923 2098">
    <p class='ocr_par' dir='ltr' id='par_1_104' title="bbox 1143 2060 1923 2098">
     <span class='ocr_line' id='line_1_104' title="bbox 1143 2060 1923 2098; baseline -0.003 -10"><span class='ocrx_word' id='word_1_727' title='bbox 1143 2062 1186 2088; x_wconf 77' lang='grc' dir='ltr'><strong>ἐπὶ</strong></span> <span class='ocrx_word' id='word_1_728' title='bbox 1213 2065 1274 2097; x_wconf 85' lang='grc' dir='ltr'><strong>μιᾶς</strong></span> <span class='ocrx_word' id='word_1_729' title='bbox 1299 2062 1432 2098; x_wconf 82' lang='grc' dir='ltr'>τραπέζης</span> <span class='ocrx_word' id='word_1_730' title='bbox 1458 2060 1520 2088; x_wconf 69' lang='grc' dir='ltr'><strong>ἰδὼν</strong></span> <span class='ocrx_word' id='word_1_731' title='bbox 1552 2060 1617 2088; x_wconf 78' lang='grc' dir='ltr'>δέκα</span> <span class='ocrx_word' id='word_1_732' title='bbox 1644 2060 1746 2092; x_wconf 76' lang='grc' dir='ltr'>παῖδας</span> <span class='ocrx_word' id='word_1_733' title='bbox 1774 2062 1797 2088; x_wconf 80' lang='grc' dir='ltr'>ἐν</span> <span class='ocrx_word' id='word_1_734' title='bbox 1824 2060 1923 2098; x_wconf 74' lang='grc' dir='ltr'>βραχείᾳ</span> 
     </span>
    </p>
   </div>
   <div class='ocr_carea' id='block_1_105' title="bbox 1142 2103 1923 2144">
    <p class='ocr_par' dir='ltr' id='par_1_105' title="bbox 1142 2103 1923 2144">
     <span class='ocr_line' id='line_1_105' title="bbox 1142 2103 1923 2144; baseline -0.003 -11"><span class='ocrx_word' id='word_1_735' title='bbox 1142 2111 1234 2143; x_wconf 83' lang='grc' dir='ltr'>καιροῦ</span> <span class='ocrx_word' id='word_1_736' title='bbox 1263 2107 1331 2144; x_wconf 75' lang='grc' dir='ltr'>ῥοπῇ</span> <span class='ocrx_word' id='word_1_737' title='bbox 1363 2107 1563 2144; x_wconf 74' lang='grc' dir='ltr'>συντριϐέντας·</span> <span class='ocrx_word' id='word_1_738' title='bbox 1597 2106 1626 2132; x_wconf 91' lang='grc' dir='ltr'>Ὁ</span> <span class='ocrx_word' id='word_1_739' title='bbox 1661 2108 1758 2143; x_wconf 79' lang='grc' dir='ltr'>Κύριος</span> <span class='ocrx_word' id='word_1_740' title='bbox 1791 2104 1888 2135; x_wconf 72' lang='grc' dir='ltr'>ἔδωκεν,</span> <span class='ocrx_word' id='word_1_741' title='bbox 1914 2103 1923 2127; x_wconf 73' lang='grc' dir='ltr'><strong>ό</strong></span> 
     </span>
    </p>
   </div>
   <div class='ocr_carea' id='block_1_106' title="bbox 1142 2149 1922 2189">
    <p class='ocr_par' dir='ltr' id='par_1_106' title="bbox 1142 2149 1922 2189">
     <span class='ocr_line' id='line_1_106' title="bbox 1142 2149 1922 2189; baseline -0.004 -12"><span class='ocrx_word' id='word_1_742' title='bbox 1142 2153 1236 2187; x_wconf 81' lang='grc' dir='ltr'>Κύριος</span> <span class='ocrx_word' id='word_1_743' title='bbox 1263 2151 1395 2188; x_wconf 73' lang='grc' dir='ltr'>ἀφείλετο·</span> <span class='ocrx_word' id='word_1_744' title='bbox 1424 2153 1456 2182; x_wconf 86' lang='grc' dir='ltr'><strong>ὡς</strong></span> <span class='ocrx_word' id='word_1_745' title='bbox 1488 2156 1523 2187; x_wconf 80' lang='grc' dir='ltr'>τῷ</span> <span class='ocrx_word' id='word_1_746' title='bbox 1552 2154 1638 2189; x_wconf 84' lang='grc' dir='ltr'>Κυρίῳ</span> <span class='ocrx_word' id='word_1_747' title='bbox 1672 2150 1770 2185; x_wconf 73' lang='grc' dir='ltr'>ἔδοξεν,</span> <span class='ocrx_word' id='word_1_748' title='bbox 1796 2151 1860 2177; x_wconf 74' lang='grc' dir='ltr'>οὕτω</span> <span class='ocrx_word' id='word_1_749' title='bbox 1887 2149 1922 2174; x_wconf 78' lang='grc' dir='ltr'>καὶ</span> 
     </span>
    </p>
   </div>
   <div class='ocr_carea' id='block_1_107' title="bbox 1141 2196 1922 2233">
    <p class='ocr_par' dir='ltr' id='par_1_107' title="bbox 1141 2196 1922 2233">
     <span class='ocr_line' id='line_1_107' title="bbox 1141 2196 1922 2233; baseline -0.004 -11"><span class='ocrx_word' id='word_1_750' title='bbox 1141 2196 1247 2231; x_wconf 76' lang='grc' dir='ltr'>ἐγένετο.</span> <span class='ocrx_word' id='word_1_751' title='bbox 1280 2197 1415 2233; x_wconf 78' lang='grc' dir='ltr'>Ἡμέτερον</span> <span class='ocrx_word' id='word_1_752' title='bbox 1448 2197 1620 2232; x_wconf 78' lang='grc' dir='ltr'>ποιησώμεθα</span> <span class='ocrx_word' id='word_1_753' title='bbox 1655 2198 1684 2222; x_wconf 82' lang='grc' dir='ltr'>τὸ</span> <span class='ocrx_word' id='word_1_754' title='bbox 1719 2197 1809 2232; x_wconf 72' lang='grc' dir='ltr'>θαῦμα</span> <span class='ocrx_word' id='word_1_755' title='bbox 1840 2197 1922 2220; x_wconf 72' lang='grc' dir='ltr'>τοῦτο·</span> 
     </span>
    </p>
   </div>
   <div class='ocr_carea' id='block_1_108' title="bbox 1140 2238 1922 2278">
    <p class='ocr_par' dir='ltr' id='par_1_108' title="bbox 1140 2238 1922 2278">
     <span class='ocr_line' id='line_1_108' title="bbox 1140 2238 1922 2278; baseline -0.003 -11"><span class='ocrx_word' id='word_1_756' title='bbox 1140 2243 1198 2272; x_wconf 83' lang='grc' dir='ltr'>ἶσος</span> <span class='ocrx_word' id='word_1_757' title='bbox 1228 2242 1240 2267; x_wconf 86' lang='grc' dir='ltr'><strong><em>ὁ</em></strong></span> <span class='ocrx_word' id='word_1_758' title='bbox 1273 2242 1368 2277; x_wconf 86' lang='grc' dir='ltr'>μισθὸς</span> <span class='ocrx_word' id='word_1_759' title='bbox 1399 2242 1471 2278; x_wconf 84' lang='grc' dir='ltr'>παρὰ</span> <span class='ocrx_word' id='word_1_760' title='bbox 1499 2245 1544 2267; x_wconf 84' lang='grc' dir='ltr'>τοῦ</span> <span class='ocrx_word' id='word_1_761' title='bbox 1574 2239 1679 2267; x_wconf 76' lang='grc' dir='ltr'>δικαίου</span> <span class='ocrx_word' id='word_1_762' title='bbox 1709 2245 1800 2277; x_wconf 78' lang='grc' dir='ltr'>κριτοῦ</span> <span class='ocrx_word' id='word_1_763' title='bbox 1828 2243 1876 2269; x_wconf 78' lang='grc' dir='ltr'>τοῖς</span> <span class='ocrx_word' id='word_1_764' title='bbox 1899 2238 1922 2262; x_wconf 70' lang='grc' dir='ltr'>τά</span> 
     </span>
    </p>
   </div>
   <div class='ocr_carea' id='block_1_109' title="bbox 1140 2284 1923 2322">
    <p class='ocr_par' dir='ltr' id='par_1_109' title="bbox 1140 2284 1923 2322">
     <span class='ocr_line' id='line_1_109' title="bbox 1140 2284 1923 2322; baseline -0.003 -11"><span class='ocrx_word' id='word_1_765' title='bbox 1140 2287 1188 2311; x_wconf 80' lang='grc' dir='ltr'>ἶσα</span> <span class='ocrx_word' id='word_1_766' title='bbox 1220 2284 1438 2322; x_wconf 73' lang='grc' dir='ltr'>ἐπιδεικνυμένοις</span> <span class='ocrx_word' id='word_1_767' title='bbox 1472 2284 1706 2322; x_wconf 74' lang='grc' dir='ltr'>ἁνδραγαθὴματα.</span> <span class='ocrx_word' id='word_1_768' title='bbox 1743 2286 1799 2312; x_wconf 71' lang='grc' dir='ltr'><strong>Οὐκ</strong></span> <span class='ocrx_word' id='word_1_769' title='bbox 1831 2284 1923 2310; x_wconf 74' lang='grc' dir='ltr'>ἀπεσπ-</span> 
     </span>
    </p>
   </div>
   <div class='ocr_carea' id='block_1_110' title="bbox 1139 2328 1920 2367">
    <p class='ocr_par' dir='ltr' id='par_1_110' title="bbox 1139 2328 1920 2367">
     <span class='ocr_line' id='line_1_110' title="bbox 1139 2328 1920 2367; baseline -0.003 -11"><span class='ocrx_word' id='word_1_770' title='bbox 1139 2331 1255 2367; x_wconf 80' lang='grc' dir='ltr'>ρήθημεν</span> <span class='ocrx_word' id='word_1_771' title='bbox 1279 2334 1325 2356; x_wconf 82' lang='grc' dir='ltr'>τοῦ</span> <span class='ocrx_word' id='word_1_772' title='bbox 1347 2328 1453 2362; x_wconf 77' lang='grc' dir='ltr'>παιδὸς,</span> <span class='ocrx_word' id='word_1_773' title='bbox 1471 2329 1524 2356; x_wconf 72' lang='grc' dir='ltr'>ἀλλ’</span> <span class='ocrx_word' id='word_1_774' title='bbox 1539 2329 1709 2366; x_wconf 70' lang='grc' dir='ltr'>ἀπεδώκαμεν</span> <span class='ocrx_word' id='word_1_775' title='bbox 1727 2334 1764 2366; x_wconf 76' lang='grc' dir='ltr'>τῷ</span> <span class='ocrx_word' id='word_1_776' title='bbox 1785 2332 1920 2366; x_wconf 68' lang='grc' dir='ltr'>χρὴσαντν</span> 
     </span>
    </p>
   </div>
   <div class='ocr_carea' id='block_1_111' title="bbox 1139 2373 1922 2411">
    <p class='ocr_par' dir='ltr' id='par_1_111' title="bbox 1139 2373 1922 2411">
     <span class='ocr_line' id='line_1_111' title="bbox 1139 2373 1922 2411; baseline -0.003 -10"><span class='ocrx_word' id='word_1_777' title='bbox 1139 2373 1201 2401; x_wconf 68' lang='grc' dir='ltr'><strong>οὐδὲ</strong></span> <span class='ocrx_word' id='word_1_778' title='bbox 1227 2375 1358 2411; x_wconf 72' lang='grc' dir='ltr'>ἠφανίσθη</span> <span class='ocrx_word' id='word_1_779' title='bbox 1387 2374 1467 2401; x_wconf 68' lang='grc' dir='ltr'>αὐτοῦ</span> <span class='ocrx_word' id='word_1_780' title='bbox 1494 2375 1508 2404; x_wconf 85' lang='grc' dir='ltr'><strong>ἠ</strong></span> <span class='ocrx_word' id='word_1_781' title='bbox 1538 2375 1603 2408; x_wconf 71' lang='grc' dir='ltr'>ζωὴ,</span> <span class='ocrx_word' id='word_1_782' title='bbox 1634 2374 1686 2400; x_wconf 76' lang='grc' dir='ltr'>ἀλλ’</span> <span class='ocrx_word' id='word_1_783' title='bbox 1714 2373 1757 2401; x_wconf 82' lang='grc' dir='ltr'><strong>ἐπὶ</strong></span> <span class='ocrx_word' id='word_1_784' title='bbox 1783 2376 1812 2400; x_wconf 76' lang='grc' dir='ltr'>τὸ</span> <span class='ocrx_word' id='word_1_785' title='bbox 1836 2373 1922 2410; x_wconf 71' lang='grc' dir='ltr'>βέλτιον</span> 
     </span>
    </p>
   </div>
   <div class='ocr_carea' id='block_1_112' title="bbox 1140 2418 1920 2456">
    <p class='ocr_par' dir='ltr' id='par_1_112' title="bbox 1140 2418 1920 2456">
     <span class='ocr_line' id='line_1_112' title="bbox 1140 2418 1920 2456; baseline -0.001 -10"><span class='ocrx_word' id='word_1_786' title='bbox 1140 2418 1303 2456; x_wconf 76' lang='grc' dir='ltr'>διημείφθη·</span> <span class='ocrx_word' id='word_1_787' title='bbox 1322 2419 1351 2446; x_wconf 71' lang='grc' dir='ltr'>οὐ</span> <span class='ocrx_word' id='word_1_788' title='bbox 1377 2423 1410 2455; x_wconf 73' lang='grc' dir='ltr'>γῆ</span> <span class='ocrx_word' id='word_1_789' title='bbox 1441 2419 1591 2455; x_wconf 72' lang='grc' dir='ltr'>κατέκφυψε</span> <span class='ocrx_word' id='word_1_790' title='bbox 1620 2421 1662 2445; x_wconf 83' lang='grc' dir='ltr'>τὸν</span> <span class='ocrx_word' id='word_1_791' title='bbox 1689 2418 1827 2454; x_wconf 73' lang='grc' dir='ltr'>ἀγαπητὸν</span> <span class='ocrx_word' id='word_1_792' title='bbox 1851 2418 1920 2453; x_wconf 72' lang='grc' dir='ltr'>ἠμῶνι</span> 
     </span>
    </p>
   </div>
   <div class='ocr_carea' id='block_1_113' title="bbox 1138 2461 1920 2502">
    <p class='ocr_par' dir='ltr' id='par_1_113' title="bbox 1138 2461 1920 2502">
     <span class='ocr_line' id='line_1_113' title="bbox 1138 2461 1920 2502; baseline -0.005 -11"><span class='ocrx_word' id='word_1_793' title='bbox 1138 2463 1191 2490; x_wconf 86' lang='grc' dir='ltr'>ἀλλ’</span> <span class='ocrx_word' id='word_1_794' title='bbox 1219 2464 1327 2502; x_wconf 78' lang='grc' dir='ltr'>οὐρανός</span> <span class='ocrx_word' id='word_1_795' title='bbox 1355 2462 1508 2495; x_wconf 78' lang='grc' dir='ltr'>ὑπεδέξατο.</span> <span class='ocrx_word' id='word_1_796' title='bbox 1537 2465 1638 2500; x_wconf 84' lang='grc' dir='ltr'>Μικρὸν</span> <span class='ocrx_word' id='word_1_797' title='bbox 1669 2464 1861 2500; x_wconf 79' lang='grc' dir='ltr'>ἀναμείνωμεν,</span> <span class='ocrx_word' id='word_1_798' title='bbox 1885 2461 1920 2486; x_wconf 73' lang='grc' dir='ltr'>καὶ</span> 
     </span>
    </p>
   </div>
   <div class='ocr_carea' id='block_1_114' title="bbox 1135 2588 1883 2624">
    <p class='ocr_par' dir='ltr' id='par_1_114' title="bbox 1135 2588 1883 2624">
     <span class='ocr_line' id='line_1_114' title="bbox 1135 2588 1883 2624; baseline -0.003 -6"><span class='ocrx_word' id='word_1_799' title='bbox 1135 2589 1363 2624; x_wconf 84' lang='lat' dir='ltr'><strong>vetustissimis,</strong></span> <span class='ocrx_word' id='word_1_800' title='bbox 1378 2588 1451 2624; x_wconf 85' lang='lat' dir='ltr'><strong>nihil</strong></span> <span class='ocrx_word' id='word_1_801' title='bbox 1468 2588 1648 2617; x_wconf 88' lang='lat' dir='ltr'><strong>mutandum</strong></span> <span class='ocrx_word' id='word_1_802' title='bbox 1664 2589 1864 2624; x_wconf 22' lang='lat' dir='ltr'><strong>censuimusu</strong></span> <span class='ocrx_word' id='word_1_803' title='bbox 1880 2597 1883 2601; x_wconf 87' lang='lat'>&#39;</span> 
     </span>
    </p>
   </div>
   <div class='ocr_carea' id='block_1_115' title="bbox 1171 2621 1919 2662">
    <p class='ocr_par' dir='ltr' id='par_1_115' title="bbox 1171 2621 1919 2662">
     <span class='ocr_line' id='line_1_115' title="bbox 1171 2621 1919 2662; baseline -0.005 -9"><span class='ocrx_word' id='word_1_804' title='bbox 1171 2627 1228 2660; x_wconf 74' lang='lat'><strong>(27)</strong></span> <span class='ocrx_word' id='word_1_805' title='bbox 1245 2628 1309 2656; x_wconf 81' lang='grc' dir='ltr'>Ταῖς</span> <span class='ocrx_word' id='word_1_806' title='bbox 1323 2621 1458 2662; x_wconf 78' lang='grc' dir='ltr'>καρδίαις.</span> <span class='ocrx_word' id='word_1_807' title='bbox 1476 2625 1552 2653; x_wconf 81' lang='lat' dir='ltr'><strong>Editi</strong></span> <span class='ocrx_word' id='word_1_808' title='bbox 1566 2625 1684 2653; x_wconf 88' lang='lat' dir='ltr'><strong>addunt</strong></span> <span class='ocrx_word' id='word_1_809' title='bbox 1698 2624 1732 2658; x_wconf 70' lang='grc' dir='ltr'><strong>ἓν,</strong></span> <span class='ocrx_word' id='word_1_810' title='bbox 1750 2625 1834 2660; x_wconf 88' lang='lat' dir='ltr'><strong>quod</strong></span> <span class='ocrx_word' id='word_1_811' title='bbox 1848 2621 1919 2651; x_wconf 80' lang='lat' dir='ltr'><strong>deest</strong></span> 
     </span>
    </p>
   </div>
   <div class='ocr_carea' id='block_1_116' title="bbox 1134 2669 1919 2733">
    <p class='ocr_par' dir='ltr' id='par_1_116' title="bbox 1134 2669 1919 2733">
     <span class='ocr_line' id='line_1_116' title="bbox 1134 2669 1919 2733; baseline -0.005 -9"><span class='ocrx_word' id='word_1_812' title='bbox 1134 2669 1368 2733; x_wconf 47' lang='grc' dir='ltr'><strong>ιιῈλὶὖὲίῑῖθησιν.</strong></span> <span class='ocrx_word' id='word_1_813' title='bbox 1386 2697 1470 2733; x_wconf 78' lang='lat' dir='ltr'><strong>Deest</strong></span> <span class='ocrx_word' id='word_1_814' title='bbox 1482 2696 1539 2724; x_wconf 88' lang='lat' dir='ltr'><strong>hoc</strong></span> <span class='ocrx_word' id='word_1_815' title='bbox 1555 2695 1680 2724; x_wconf 88' lang='lat' dir='ltr'><strong>verbum</strong></span> <span class='ocrx_word' id='word_1_816' title='bbox 1696 2696 1725 2724; x_wconf 91' lang='lat' dir='ltr'><strong>in</strong></span> <span class='ocrx_word' id='word_1_817' title='bbox 1741 2695 1839 2724; x_wconf 86' lang='lat' dir='ltr'><strong>tribus</strong></span> <span class='ocrx_word' id='word_1_818' title='bbox 1853 2690 1919 2722; x_wconf 87' lang='lat' dir='ltr'><strong>codi-</strong></span> 
     </span>
    </p>
   </div>
   <div class='ocr_carea' id='block_1_117' title="bbox 1134 2731 1589 2768">
    <p class='ocr_par' dir='ltr' id='par_1_117' title="bbox 1134 2731 1589 2768">
     <span class='ocr_line' id='line_1_117' title="bbox 1134 2731 1589 2768; baseline -0.002 -8"><span class='ocrx_word' id='word_1_819' title='bbox 1134 2731 1231 2768; x_wconf 85' lang='lat' dir='ltr'><strong>cibus,</strong></span> <span class='ocrx_word' id='word_1_820' title='bbox 1245 2740 1300 2760; x_wconf 84' lang='lat' dir='ltr'><strong>nee</strong></span> <span class='ocrx_word' id='word_1_821' title='bbox 1314 2731 1518 2760; x_wconf 82' lang='lat' dir='ltr'><strong>necessarium</strong></span> <span class='ocrx_word' id='word_1_822' title='bbox 1532 2734 1589 2760; x_wconf 90' lang='lat' dir='ltr'><strong>est.</strong></span> 
     </span>
    </p>
   </div>
  </div>
