2009 3145
91 157 143 185 345

609 157 852 186 EPISTOLARUM
871 156 1015 185 CLASSIS
1033 157 1054 183 Ι.
1076 155 1173 184 EPIST
1191 155 1262 183 VIII.

1728 156 1781 183 246

92 221 153 248 τητί
175 229 235 253 σου,
258 219 299 245 ὅτι
319 222 394 245 πᾶσα
413 219 547 256 θεολογική
563 221 630 256 φὼνὴ
648 219 755 246 ἐλάττων
775 221 819 255 μίν
839 218 890 245 ἔστι

952 218 1120 255 prudentia;
1136 219 1320 251 tuae,vocem
1335 224 1459 245 omnem
1473 215 1674 252 theologicam
1688 216 1782 253 impa-

91 267 140 294 τῆς
165 262 287 294 διανοίας
309 268 353 290 τοῦ
376 264 504 300 λέγοντος,
526 264 635 290 ἐλάττων
656 262 686 290 δὲ
704 268 752 294 τῆς
773 267 818 290 τοῦ
843 263 894 290 ἔτη.

93 309 236 340 ζητοῦντος
251 308 390 345 ἐπιθυμίας
402 320 408 325 ·
429 308 500 336 διότι
515 310 528 335 ὁ
542 309 619 345 λόγος
637 309 819 346 ἀσθενέστερόν
843 318 897 338 πως

91 356 190 389 πέφυκε
217 352 399 380 διακονεῖσθαι
424 357 478 384 τοῖς
496 357 653 390 νοουμένοις.
674 355 704 380 Ei
723 352 766 380 οὖν
786 352 897 384 ἀσθενὴς

91 399 167 434 ἡμῶν
191 399 206 428 ἡ
234 396 348 433 διάνοια,
375 398 485 425 ἐλάττων
514 397 544 425 δί
568 400 665 429 ταύτης
689 400 704 428 ὴ
731 398 850 434 γλῶσσα,
870 400 897 424 τί

93 442 178 480 ὶχρῆν
199 441 351 480 προσδοκᾲν
372 443 443 479 ἡμᾶς
464 443 506 470 ἰπὶ
529 447 583 475 τοῖς
598 444 752 480 εἰρημένοις,
769 446 813 469 καὶ
832 443 896 479 οὐχὶ

93 490 184 514 πενίαν
216 487 428 523 ἐγκληθὴοεσθαι
456 487 562 524 λόγων;
593 488 631 514 Οὐ
662 490 714 524 μὴν
744 489 836 514 τούτου
866 497 896 524 γι

90 532 175 558 ἕνεκεν
209 530 317 558 δυνατόν
349 531 379 561 ἧν
413 537 499 569 σιωπῇ
530 532 664 570 παρελθεῖν
693 534 722 559 τὸ
751 532 895 563 ἐπιζητού-

89 586 167 613 μςνον
188 578 254 611 (45).
274 575 399 608 κίνδυνος
420 579 470 615 γὰρ
490 576 647 614 προδοσίας,
664 577 688 603 ἐν
707 581 744 613 τῷ
766 579 801 614 μὴ
818 587 894 614 πιρου

88 623 189 658 χιίρως
215 620 376 648 ἀποδιδόναι
405 623 452 653 τὰς
481 624 541 658 περ),
569 626 636 649 Θεοῦ
663 621 815 659 ἀποκρίσεις
840 626 895 653 τοῖς

90 665 217 702 ἀγαπῶσι
242 668 285 692 τὸν
312 667 416 703 Κύριον.
441 667 540 693 Ἐκεῖνα
563 668 607 703 μὲν
628 665 682 699 οὖν,
708 668 759 692 εἴτε
782 665 894 703 ἀρκούν-

89 721 140 741 τως
159 712 232 746 ἕχειν
256 709 337 745 δοκεῖ,
363 713 413 738 εἴτι
439 714 484 738 καὶ
503 710 689 748 ἁκριϐιστέρας
716 713 785 742 τινὸς
808 721 894 748 προσ-

89 756 177 786 Θήκης
201 753 297 788 δεῖται,
320 760 413 792 καιροῦ
439 754 509 782 ἰδίου
532 758 595 794 πρὸς
619 755 760 793 διόρθωσιν
784 756 892 792 χρῄζει.

89 802 125 827 Τό
150 798 181 826 δὲ
205 804 248 826 νῦν
274 802 345 836 ilo-1,
369 800 570 838 παρακαλοῦμεν
597 811 635 834 σε,
656 802 669 827 ὂ
693 803 738 827 καὶ
755 801 893 837 παρεκαλέ-

90 854 173 880 σαμεν
189 843 255 877 ἤδη,
271 849 378 882 χρῆσαι
394 847 503 872 σεαυτὸν
527 845 674 883 ὁλοκλήρως
697 849 727 882 τῇ
750 847 894 881 συνηγορίᾳ

91 893 140 919 τῆς
156 889 286 921 ἀληθείας,
305 892 350 916 καὶ
368 894 425 920 ταῖς
445 891 499 926 (46)
520 891 592 927 παρὰ
613 894 659 916 τοῦ
679 893 745 917 Θιοῡ
763 889 893 926 ἐγγινομέ-

91 944 150 964 ναις
174 938 203 970 τῇ
230 932 334 970 διανοίᾳ
364 944 411 961 σου
436 936 528 972 ὁρμαῖς
555 937 619 973 πρὸς
645 937 692 964 τὴν
720 939 765 961 τοῦ
794 933 892 970 ἀγαθοῦ

95 980 236 1012 σύστασιν,
249 980 356 1009 ταύταις
379 978 535 1016 ἀρκούμενον
559 981 604 1005 καὶ
629 980 691 1017 παρ’
713 981 786 1015 ἡμῶν
810 977 893 1015 μηδὲν

93 1022 265 1054 ἐπιζητοῦντα
279 1023 353 1049 πλέον
366 1034 372 1040 ·
394 1023 428 1057 οἳ,
450 1024 534 1060 πολλῷ
549 1024 670 1054 ἐλάττους
687 1026 754 1054 ὄντες
771 1028 817 1054 τῆς
832 1024 894 1049 ὑπο-

90 1069 177 1098 νοίας,
200 1066 348 1104 βλάπτομεν
375 1068 470 1104 μᾶλλον
496 1073 527 1104 τῇ
560 1068 621 1106 παρ’
652 1068 747 1094 ίαυτῶν
775 1067 894 1104 ἀσθενείᾳ

89 1113 132 1137 τὸν
148 1111 234 1147 λόγον,
252 1114 265 1141 ἤ
287 1122 345 1138 τινα
361 1113 442 1148 ἰσχὺν
468 1111 514 1139 διὰ
538 1117 585 1144 τῆς
611 1115 766 1150 συνηγορίας
780 1117 810 1149 τῇ
829 1112 893 1141 ἁλη-

89 1156 148 1191 θείᾳ
163 1157 342 1193 προστίθεμεν.

376 1213 545 1237 ΕΠΙΣΤΟΛΗ
567 1211 606 1238 Η’.

951 270 1017 291 rem
1040 270 1106 290 esse
1129 261 1303 297 cogitationi
1324 261 1463 296 dicentis,
1484 262 1633 297 imparem
1656 261 1782 290 interro-

951 307 1051 342 gantis
1066 306 1243 340 desideriis;
1261 308 1422 342 propterea
1434 306 1519 342 quod
1534 313 1634 334 sermo
1649 305 1782 334 imbecil-

950 352 1009 380 lius
1029 351 1131 380 nescio
1151 351 1308 387 quomodo
1332 351 1407 379 solet
1426 350 1563 386 cogitatis
1578 350 1668 378 rebus
1683 350 1780 379 inser-

950 396 1021 425 vire.
1038 397 1067 425 Si
1082 404 1154 431 ergo
1178 395 1299 423 infirma
1313 395 1456 430 cogitatio
1481 397 1595 428 nostra,
1611 397 1641 423 et
1664 395 1780 430 cogita.-

950 441 1030 470 tione
1053 441 1176 469 int'erior
1199 441 1321 475 lingua;
1338 440 1412 476 quid
1436 440 1676 480 exspectandum
1692 440 1780 468 nobis

949 486 1005 515 fuit
1018 486 1050 513 in
1062 486 1097 514 iis
1112 494 1181 522 quas
1200 485 1409 519 disseruimus,
1425 485 1482 513 nisi
1497 485 1655 521 penuriam
1669 484 1779 513 verbo-

949 539 1018 559 rum
1042 530 1195 566 objectum
1223 530 1283 558 iri?
1307 531 1407 565 Neque
1438 532 1539 557 tamen
1563 529 1674 557 idcirco
1692 529 1779 565 potui

949 575 1066 603 silentio
1099 574 1324 611 praetermittere
1354 574 1438 610 quod
1470 574 1673 610 quaerebatur.
1702 575 1777 602 Nam

948 619 1130 656 proditionis
1146 619 1313 655 periculum
1329 621 1382 653 est,
1400 618 1425 646 si
1447 626 1509 646 non
1524 617 1651 646 libenter
1668 618 1778 646 dentur

948 665 987 692 de
1008 666 1066 693 Deo
1084 672 1233 701 responsa
1254 663 1302 691 his
1322 663 1373 699 qui
1390 664 1551 691 Dominum
1573 663 1710 698 diligunt.
1727 662 1779 691 Illa

948 709 1050 745 igitur,
1070 709 1130 737 sive
1147 709 1219 737 satis
1234 716 1301 736 esse
1314 708 1484 741 videantur,
1509 708 1572 735 sive
1587 707 1677 736 etiam
1691 715 1778 736 accu-

947 754 1057 782 ratiore
1083 753 1219 790 quodam
1244 753 1452 781 additamento
1477 752 1642 788 indigeant,
1658 754 1778 789 tempus

947 798 1116 835 proprium,
1129 802 1161 825 ut
1176 797 1385 832 emendentur,
1398 797 1561 833 postulant.
1577 796 1663 830 Quod
1675 799 1777 825 autem

947 851 1029 871 nunc
1042 843 1082 870 ad
1104 851 1168 870 rem
1183 842 1298 875 attinet,
1315 842 1472 869 hortamur
1492 843 1529 875 te,
1547 841 1662 876 utijam
1687 842 1777 869 etiam

913 897 934 924 Β
947 887 1056 916 hortati
1071 887 1235 922 sumusﬁut
1252 890 1346 914 totum
1362 889 1388 913 te
1408 885 1538 914 veritatis
1551 885 1728 921 defensioni,
1742 894 1777 914 ac

947 932 1080 960 motibus
1095 932 1189 959 menti
1207 934 1263 959 tua:
1279 931 1317 959 ad
1330 931 1446 959 bonum
1463 931 1706 959 stabilienduma
1717 932 1776 959 Deo

947 976 1101 1012 impressis
1117 975 1229 1010 tradas,
1243 975 1290 1003 his
1307 978 1465 1003 contentus
1476 983 1530 1003 nec
1546 976 1676 1012 amplius
1691 975 1777 1012 quid-

948 1029 1040 1058 quam
1056 1029 1074 1049 δ.
1088 1021 1176 1049 nobis
1201 1020 1376 1056 requirens:
1393 1020 1445 1056 qui
1461 1028 1531 1048 cum
1546 1019 1641 1048 multo
1656 1019 1775 1048 inferio-

947 1074 994 1095 res
1009 1066 1104 1094 simus
1117 1073 1211 1102 quam
1221 1065 1289 1101 quis
1301 1065 1448 1101 suspicari
1460 1065 1563 1100 possit,
1576 1064 1776 1092 imbecillitate

948 1113 1052 1139 nostra
1075 1110 1244 1138 doctrinam
1259 1109 1398 1137 laidimus
1413 1108 1523 1144 magis,
1542 1116 1634 1144 quam
1658 1109 1776 1137 roboris

949 1155 1062 1192 aliquid
1078 1155 1244 1192 patrocinio
1259 1157 1364 1182 nostro
1379 1154 1521 1182 addimus
1533 1153 1659 1182 veritati.

1225 1209 1394 1237 EPISTULA
1416 1208 1494 1236 VIII'.

88 1263 254 1291 Perculsus
265 1271 336 1291 casu
347 1264 505 1298 inopinato
515 1265 659 1299 Basilius,
669 1272 735 1292 cum
747 1272 777 1292 se
786 1264 827 1292 ad
835 1264 1009 1299 Gregorium
1021 1264 1186 1298 recepisset,
1195 1262 1375 1291 desiderium
1386 1269 1507 1299 suorum
1518 1261 1565 1289 his
1576 1261 1683 1289 litteris
1693 1262 1777 1299 lenit,

132 1306 249 1334 eosque,
262 1297 404 1327 admonet
413 1303 445 1327 ut
459 1303 585 1328 caveant
596 1301 634 1328 ab
644 1297 781 1328 Arianis.
796 1301 886 1328 Deum
894 1297 1032 1330 Patrem,
1041 1300 1134 1326 Deum
1147 1297 1270 1331 Filium,
1281 1299 1373 1326 Deum
1383 1297 1530 1332 Spiritum
1540 1301 1677 1334 sanctum
1689 1298 1778 1332 conﬁ-

124 1337 181 1362 teri
194 1338 333 1368 oportere
343 1336 460 1363 statuit.
476 1336 546 1363 Tres
557 1336 625 1364 deos
641 1336 835 1370 afﬁgentibus
848 1335 1014 1370 respondet.
1027 1335 1121 1362 Deum
1137 1338 1260 1368 natura,
1273 1342 1333 1361 non
1347 1341 1472 1361 numero
1486 1341 1578 1361 unum
1594 1333 1670 1370 dici:
1681 1334 1778 1370 simile

122 1373 150 1397 ct
166 1370 312 1398 dissimile
326 1371 435 1405 rejicit,
445 1372 632 1400 identitatem
644 1369 820 1400 substantize
835 1369 970 1406 requirit,
985 1378 1019 1398 ac
1033 1371 1144 1398 Filium
1159 1371 1250 1398 Patri
1259 1377 1318 1397 esse
1334 1369 1618 1406 consubstantialem
1629 1369 1777 1406 declarat.

121 1405 220 1433 Plura
234 1406 380 1440 explanat
395 1406 561 1442 Scripturze
576 1408 640 1436 loca
652 1407 690 1436 ab
703 1405 888 1436 adversariis
904 1407 1030 1442 objecta.
1055 1406 1189 1441 Denique
1200 1406 1298 1433 sancti
1311 1406 1442 1440 Spiritus
1456 1405 1644 1432 divinitatem
1657 1405 1777 1439 probat.

74 1462 140 1490 Τοῖς
156 1462 333 1497 Καισαρεῦσιν
343 1461 400 1494 (4-7)
411 1458 538 1495 ἀπολογία
551 1462 609 1498 περὶ
623 1464 654 1490 τῆ
661 1471 671 1491 ς
680 1460 808 1497 ἀποχωρή
815 1470 863 1487 σιω
869 1471 888 1496 ς,

362 1498 407 1521 καὶ
424 1498 483 1533 περὶ
497 1498 618 1526 πίστεως.

120 1541 144 1566 1.
169 1538 297 1568 Πολλάκις
320 1538 467 1576 ἐθαύμασα,
485 1543 509 1565 τί
532 1550 593 1566 ποτε
618 1542 683 1578 πρὸς
706 1541 776 1577 ἡμᾶς
799 1542 891 1567 πεπόν-

79 1585 157 1619 Θατε,
175 1586 220 1610 καὶ
242 1585 319 1610 πόθεν
342 1588 466 1611 τοσοῦτον
489 1586 604 1614 ἡττᾶσθε
618 1586 674 1621 (48)
696 1590 743 1617 τῆς
767 1587 891 1623 ἡμετέρας

79 1627 271 1666 βραχύτητος,
293 1633 337 1659 τῆς
356 1632 450 1666 μικρᾶς
469 1632 513 1656 καὶ
541 1629 631 1666 ὀλίγης
655 1633 700 1656 καὶ
724 1629 799 1656 οὐδὲν
827 1632 891 1661 iam;

80 1673 202 1708 ὶχοὺσης
226 1672 368 1709 ἕράσμιον,
397 1676 440 1699 καὶ
471 1673 558 1710 λόγοις
592 1675 662 1710 ἡμᾶς
693 1676 890 1712 προτρέπεσοι,

85 1717 173 1754 φιλίας
196 1727 224 1744 τε
244 1720 288 1743 καὶ
307 1716 436 1755 πατρίδος
461 1719 714 1755 ὑπομιμνήσκοντες,
730 1720 816 1756 ᾦσπερ
843 1729 890 1755 φυ-

85 1760 173 1798 γάδας
205 1763 278 1794 τινὰς
311 1765 450 1799 πατρίκοῖς
484 1763 657 1800 σπλάγχνοις,
688 1766 753 1802 πρὸς
784 1764 891 1796 ἑαυτοὺς

87 1807 162 1833 πάλιν
185 1806 348 1843 ίπιστρίῳειν
370 1809 428 1843 (49)
451 1811 614 1845 πειρώμενοι.
641 1809 705 1844 Ἐγὼ
738 1807 768 1835 δὶ-
792 1811 820 1836 τὸ
845 1811 890 1846 μὶν

89 1853 169 1888 φυγάς
193 1854 322 1888 γεγονέναι
349 1852 478 1889 ὁμολογῶ,
505 1856 549 1879 καὶ
580 1854 626 1879 οὐκ
656 1853 813 1890 ἀρνηθείην·
842 1857 889 1883 τήν

89 1894 117 1922 δε
146 1896 230 1922 αἰτίαν
250 1896 352 1932 μάθοιτ’
365 1896 395 1922 ὰν
426 1895 480 1926 ἤδη
510 1899 657 1928 ποθοῦντες.
688 1899 811 1925 Μάλιστα
843 1900 888 1935 μὶν

86 1945 120 1975 τῷ
145 1939 269 1977 ἀδοκήτῳ
297 1943 353 1967 τότε
379 1941 498 1978 πληγεὶς,
530 1943 646 1979 καθάπερ
673 1944 696 1968 οἱ
724 1947 779 1973 τοῖς
806 1943 888 1979 αἰφνι-

87 1984 157 2016 δίοις
186 1985 279 2021 ψόφοις
313 1985 413 2023 ἀθρόως
444 1986 670 2023 καταπλαγέντες,
698 1987 727 2013 οὗ
756 1990 886 2024 κατέσχον

85 2032 145 2061 τοὺς
168 2029 320 2066 λογισμοὺς,
344 2030 397 2056 ἀλλ’
425 2030 557 2068 ἐμάχρυνα
585 2030 749 2068 φυγαδεύων,
772 2035 817 2058 καί
842 2033 887 2061 ηὐ-

84 2074 178 2104 λίσθην
205 2077 300 2111 χρόνον
327 2076 413 2101 ἱκανὸν
437 2075 480 2112 ἀφ’
502 2076 583 2112 ὑμῶν,
610 2077 698 2103 ἔπειτα
719 2075 749 2103 δὲ
772 2079 817 2103 καὶ
841 2079 886 2103 πός

85 2140 130 2174 est
141 2136 351 2174 Combeﬁsius,
364 2137 511 2174 rcliolium
527 2138 682 2174 quoddam
697 2138 886 2168 declaratBa-

87 2173 187 2210 silium
202 2173 422 2210 hagsqentenlia
442 2174 492 2206 uti,
510 2173 563 2201 sed
583 2173 688 2210 fusius,
703 2175 730 2202 in
747 2175 884 2209 llomilia,

86 2216 155 2245 quae
164 2208 353 2245 inscribitur,
370 2209 486 2236 Christi
505 2208 806 2244 generatiofLegitur
821 2208 885 2238 haec

86 2243 213 2284 humilia
228 2249 301 2284 tom.
318 2246 350 2276 ll,
363 2252 397 2284 Ρ.
414 2247 466 2277 59;
482 2243 513 2284 et
533 2245 614 2284 quod
631 2245 661 2273 in
677 2243 791 2274 scholio
806 2246 885 2274 indi-

86 2282 187 2307 catum
203 2282 257 2312 est,
273 2282 429 2314 reperitur,
443 2288 473 2307 n.
492 2283 502 2307 ί
523 2284 551 2308 et
565 2283 590 2307 2.

123 2316 179 2349 (45)
199 2317 233 2341 Τό
256 2314 465 2351 ἐπιζητούμενον.
484 2316 618 2348 Quatuor
640 2324 790 2345 mssuoon
813 2317 886 2346 anti-

85 2359 104 2387 q
111 2350 226 2378 uissimi
242 2352 270 2376 το
292 2350 458 2387 ζητούμενον.

123 2386 179 2424 (46)
201 2388 251 2424 Καὶ.
267 2390 332 2424 ταῖς.
351 2387 437 2424 Deest
449 2388 536 2424 utin
552 2387 672 2424 duobus
689 2396 761 2415 mss.
775 2388 884 2424 Regiis.

86 2422 210 2458 Videtur
232 2421 362 2450 deletum
379 2422 469 2450 fuisse
494 2423 524 2450 in
548 2423 703 2452 Harlaeano
725 2421 839 2458 codice,
854 2425 885 2452 in

85 2466 148 2495 quo
170 2457 236 2485 haec
255 2457 381 2495 epistola
400 2459 562 2495 recentiore
583 2466 677 2487 manu
699 2460 811 2495 scripta
831 2457 884 2488 est.

84 2493 207 2531 ‘Oppaig,
216 2493 361 2531 motibus.
377 2493 482 2531 Melius
500 2494 583 2529 forte,
599 2494 624 2522 si
641 2493 795 2526 reddatur.
809 2503 886 2530 pra?-

85 2528 183 2567 siitiis.
205 2528 307 2567 faqu
333 2532 399 2565 post
425 2529 556 2567 legimus
584 2538 620 2558 ex
647 2531 782 2567 quinque
809 2528 883 2559 mss.

84 2565 173 2600 πολλῷ
200 2563 322 2600 ἐλάττους
334 2563 404 2600 ‘pro
435 2563 543 2593 πολλῶν.
574 2567 636 2594 Duo
656 2563 741 2594 'mss:
767 2566 885 2594 codices

84 2599 203 2629 habent
217 2599 336 2636 ἀσθενείᾳ
351 2599 405 2626 τῶν
419 2600 511 2636 λόγων.

121 2638 182 2671 (47)
202 2639 262 2667 Τοῖς
279 2639 466 2673 Καισαρεῦσιν.
479 2636 628 2673 Quamvis
648 2637 696 2665 hic
720 2637 821 2666 titulus
836 2638 886 2666 Ba-

85 2672 145 2700 silii
168 2671 322 2700 sententiae
346 2671 380 2700 ac
403 2671 501 2700 verbis
521 2675 678 2708 repugnet,
696 2681 765 2702 eum
785 2676 887 2702 tamen

84 2708 281 2744 retinuimus,
292 2711 449 2744 propterea
466 2708 548 2743 quod
562 2709 706 2744 reperitur
720 2709 750 2737 in
765 2709 886 2737 duobus

85 2743 245 2780 codicibus
268 2743 434 2778 mssﬁlteg.
460 2747 489 2771 et
511 2743 604 2780 Harl.,
624 2745 755 2780 exceptis
778 2745 888 2773 ultimis

86 2779 199 2816 verbis,
219 2781 264 2805 καὶ
285 2781 343 2816 περὶ
367 2781 488 2816 πίστεως,
504 2787 572 2816 qua;
586 2779 706 2816 desunt;
721 2782 810 2809 Porro
825 2781 889 2809 haec

86 2814 218 2852 epistola
224 2822 286 2843 non
292 2814 332 2843 ad
343 2814 606 2849 Ctesariensés,sed
612 2815 652 2844 ad
661 2817 888 2850 monasterium,

947 1459 1097 1494 Apologia
1119 1459 1156 1487 de
1181 1466 1294 1486 secessu
1318 1457 1359 1485 ad
1382 1458 1589 1492 Caesarienses,
1613 1460 1640 1486 et
1663 1457 1699 1486 de
1719 1458 1779 1492 ﬁde

1253 1494 1464 1528 pertractatio.

984 1542 1008 1567 1.
1030 1540 1114 1575 Saepe
1130 1539 1257 1576 miratus
1273 1546 1350 1571 sum,
1365 1545 1418 1565 cur
1433 1545 1469 1565 eo
1484 1537 1546 1565 sitis
1561 1537 1592 1565 in
1607 1545 1656 1565 me
1672 1537 1775 1565 animo

946 1584 1055 1619 affecti,
1074 1586 1101 1611 et
1117 1583 1196 1611 unde
1212 1591 1267 1611 vas
1282 1583 1412 1611 tenuitas
1427 1585 1543 1616 nostra,
1555 1590 1651 1618 eaque
1667 1582 1777 1617 exigua.

946 1631 975 1656 et
989 1628 1110 1656 modica
1121 1636 1155 1656 ac
1171 1627 1296 1656 fortasse
1308 1627 1381 1655 nihil
1396 1627 1512 1655 habens
1529 1626 1669 1662 amabile,
1682 1628 1776 1654 tanto-

945 1681 1016 1710 pere
1023 1673 1137 1710 capiat;
1150 1681 1269 1709 nosque
1281 1671 1472 1700 sermonibus
1479 1672 1693 1705 adhortemini,
1702 1671 1776 1699 ami-

946 1719 1045 1746 citiam
1058 1721 1086 1746 et
1096 1718 1225 1754 patriam
1238 1717 1618 1752 commemorantes,veluti
1630 1717 1775 1754 profugos

945 1763 1096 1800 quosdam
1112 1762 1245 1798 paternis
1259 1762 1422 1790 visceribus
1434 1761 1472 1789 ad
1485 1770 1537 1789 vos
1549 1770 1652 1790 rursus
1666 1769 1776 1790 conan-

945 1811 989 1836 tes
1005 1815 1156 1836 revocare.
1174 1807 1229 1842 81
1250 1808 1310 1842 Ego
1327 1808 1439 1834 autem
1453 1806 1617 1842 profugum
1639 1803 1774 1834 me'esse

944 1853 1050 1885 fateor,
1067 1861 1165 1889 neque
1180 1852 1352 1887 negaverim
1367 1860 1372 1879 :
1389 1851 1443 1879 sed
1456 1852 1519 1888 jam
1538 1859 1672 1887 causam,
1686 1852 1711 1880 si
1725 1860 1774 1880 cu-

944 1899 1022 1935 pitis,
1039 1897 1186 1925 ediscetis.
1203 1897 1328 1926 Maxime
1343 1896 1467 1933 quidem
1480 1905 1511 1924 re
1525 1897 1682 1933 inopinata
1702 1899 1773 1925 tunc

943 1943 1109 1979 perculsus,
1121 1941 1384 1978 quemadmodum
1398 1941 1450 1977 qui
1465 1940 1504 1968 ob
1516 1941 1689 1977 repentinos
1702 1944 1773 1970 stre-

942 1987 1021 2023 pitus
1042 1987 1120 2014 illico
1143 1988 1359 2022 expavescunt,
1376 1993 1437 2013 non
1460 1985 1641 2014 cohibebam
1661 1986 1772 2021 cogita-

942 2031 1047 2065 tiones,
1062 2031 1116 2058 sed
1131 2030 1270 2065 elongavi
1292 2030 1419 2066 fugiens,
1437 2038 1472 2058 ac
1491 2032 1625 2066 tempore
1641 2030 1736 2058 multo
1752 2039 1771 2059 δ.

941 2075 1028 2104 vobis
1043 2075 1137 2104 ablui.
1154 2075 1266 2103 Deinde
1284 2082 1354 2102 vero
1371 2076 1397 2102 et
1413 2074 1598 2102 desiderium
1611 2075 1768 2111 quoddam

941 2139 990 2166 cui
1003 2141 1128 2175 prteerat
1146 2138 1279 2172 Basilius,
1293 2137 1419 2175 scripta;
1436 2145 1490 2175 nec
1506 2136 1633 2165 Basilius
1648 2145 1685 2165 ex
1695 2137 1768 2175 urbe

903 2177 924 2204 ι)
940 2174 972 2202 in
992 2172 1195 2207 solitudinem,
1212 2176 1244 2201 ut
1259 2172 1367 2200 eruditi
1391 2172 1444 2200 viri
1467 2173 1614 2200 hactenus
1636 2173 1769 2201 credide-

940 2213 1019 2242 runt,
1028 2210 1079 2238 sed
1091 2210 1190 2245 potius
1200 2209 1230 2236 in
1243 2208 1347 2236 urbem
1360 2208 1566 2245 exrsolitudine
1577 2207 1766 2245 discesserat.

941 2246 1013 2274 Petit
1028 2243 1108 2273 enim
1133 2247 1166 2272 ut
1187 2244 1243 2272 sibi
1265 2244 1442 2279 aliquandiu
1456 2243 1544 2271 liceat
1563 2243 1681 2278 abesse,
1706 2252 1766 2272 non

940 2283 1022 2318 quod
1036 2282 1068 2309 in
1090 2281 1163 2309 urbe
1177 2280 1446 2318 commorationem,
1467 2279 1574 2318 inquit,
1588 2279 1765 2318 ambiamus.

940 2315 992 2346 sed
1004 2317 1084 2354 quod
1104 2317 1221 2345 versari
1236 2324 1303 2344 cum
1327 2316 1440 2354 sanctis
1463 2316 1562 2354 longe_
1574 2315 1764 2354 utilissimum

936 2350 1118 2389 judi'cemus.
1143 2354 1210 2380 Erat
1235 2359 1306 2389 ergo
1331 2351 1361 2389 in
1390 2351 1491 2389 aliqua
1517 2350 1766 2389 urbe_,_videlicet

940 2385 1076 2417 Nazianzi
1091 2396 1160 2415 cum
1175 2385 1324 2421 Gregorio.
1343 2387 1429 2419 Quod
1440 2385 1545 2414 autem
1561 2385 1654 2420 addit,
1670 2387 1766 2415 homi-

940 2432 994 2452 nes
1007 2424 1128 2451 urbium
1141 2423 1290 2450 desiderio
1308 2430 1326 2450 a
1342 2422 1475 2456 maligno
1495 2422 1603 2458 decipi,
1620 2430 1683 2450 non
1698 2431 1765 2450 con-

940 2460 1068 2495 gruebat
1076 2460 1141 2487 haec
1151 2459 1318 2487 admonitio
1326 2457 1444 2495 civibus
1455 2457 1698 2495 Qmsariensibus,
1707 2458 1764 2495 sed

940 2493 1042 2535 potius
1056 2495 1224 2535 monachis,
1236 2501 1406 2535 quos‘smpe‘
1415 2493 1557 2535 diabolus
1568 2494 1626 2533 hoc
1639 2494 1764 2535 artiﬁcio

939 2529 1090 2559 retrahere
1105 2538 1120 2558 e
1135 2529 1305 2566 solitudine,
1317 2529 1461 2566 tentabat,
1478 2532 1510 2557 ut
1524 2529 1654 2566 perspici
1667 2532 1765 2565 potest

939 2567 1018 2596 intra
1033 2575 1069 2595 ex
1084 2566 1213 2602 Epistola
1227 2566 1266 2593 ad
1279 2565 1443 2594 Chilonem.

977 2604 1032 2638 (48)
1051 2599 1187 2628 Ἠττᾱσθι
1206 2602 1251 2630 Sic
1265 2603 1335 2636 Reg.
1352 2603 1383 2638 et
1395 2600 1472 2638 Harl.
1487 2599 1562 2638 Editi
1576 2601 1699 2638 ἦττησθε.

941 2635 1030 2666 etiam
1051 2638 1208 2672 Gregorius
1224 2639 1292 2665 Naz.
1309 2635 1362 2673 qui
1376 2636 1467 2671 hujus
1485 2635 1618 2671 epistola:
1640 2636 1764 2663 exordio

941 2674 1033 2702 utitur
1045 2681 1100 2709 pro
1114 2681 1169 2700 suo
1182 2673 1211 2700 in
1227 2673 1362 2709 oratione
1376 2675 1420 2700 27.

977 2710 1033 2745 (49)
1047 2706 1236 2747 ’Ἐπιστρέφειλ
1247 2708 1496 2747 APatrianguvocat
1515 2706 1643 2747 Basilius
1653 2706 1765 2747 locum

942 2742 1055 2778 in'quo
1078 2742 1222 2772 educatus
1244 2744 1350 2772 fuerat.
1374 2743 1445 2771 Vide
1468 2744 1533 2771 Not.
1552 2742 1592 2770 ad
1612 2742 1698 2778 epist.
1719 2745 1763 2772 87·

944 2754 972 2773 ιη
1019 2754 1055 2772 UO
1078 2754 1222 2772 educatus
1244 2754 1350 2772 ruerat.
1380 2754 1445 2771 Viue
1468 2754 1533 2771 l‘Ul.
1552 2754 1592 2770 uu
1612 2754 1640 2778 εξ

944 2754 1034 2809 Ρωῇο
1050 2783 1119 2817 post
1130 2780 1200 2808 editi
1215 2779 1350 2817 tritanu;
1369 2787 1441 2806 mss.
1451 2780 1490 2817 ut
1504 2778 1536 2805 in
1549 2779 1640 2807 textu.

979 2817 988 2828 '
1004 2815 1083 2845 Alias
1099 2817 1188 2845 CXLI.
1203 2815 1317 2852 Scripta
1331 2822 1412 2844 anno
1427 2816 1489 2842 360.
