2009 3145
264 160 314 187 251

951 156 980 184 S.
1000 155 1127 184 BASILII
1145 155 1265 184 MAGNI.
1889 157 1935 184 252

266 220 469 257 temporarius
492 221 520 248 et
534 219 680 248 mortalis.
697 219 744 247 Sic
770 217 966 253 intelligimus
983 217 1021 245 de
1036 224 1088 245 nam

1148 217 1216 252 ἴχων
1243 216 1410 243 ἀθανασίαν·
1439 219 1494 251 καὶ,
1520 219 1596 253 Μόνῳ
1626 221 1697 253 σοφῷ
1733 221 1790 253 Θεῷ
1824 219 1870 243 καὶ
1899 219 1934 253 τὸ,

265 268 333 294 tura
345 265 426 293 dicta
438 272 505 292 esse
516 267 543 292 et
558 263 608 292 illa
622 273 628 291 :
647 264 705 298 Qui
718 264 799 292 solus
812 263 900 291 habet
916 261 1092 290 immortali—

266 313 356 339 tatem
372 311 395 328 ⁴ο
408 319 414 344 ;
431 312 468 342 et,
480 310 546 337 Soli
555 309 686 343 sapienti
695 309 755 336 Deo
770 309 792 326 “
806 317 813 342 ;
828 310 864 343 et,
880 308 972 336 Nemo
988 307 1091 341 bonus,

265 357 325 384 nisi
337 362 414 382 unus
430 355 507 382 Deus
523 355 555 381 ι’.
574 353 625 381 Hic
637 354 720 381 enim
736 361 813 381 unus
830 352 978 388 signiﬁcat
998 351 1090 384 idem,

265 403 347 436 quod
373 400 465 427 solus.
497 400 540 433 Et,
557 399 615 433 Qui
632 399 766 427 extendit
789 398 897 426 ratium
912 397 993 425 satus
1006 396 1047 429 ⁶³ς
1064 398 1093 424 et

264 453 379 478 rursus,
389 445 547 472 Dominum
563 445 656 472 Deum
674 448 759 472 tuum
769 443 921 476 adorabis,
935 445 963 470 et
979 442 1027 470 illi
1035 441 1095 469 soli

263 489 372 517 seruies
384 489 407 506 “
418 497 424 522 ;
437 490 475 522 et,
488 489 556 516 Non
567 491 609 516 est
622 489 699 516 Deus
707 491 820 522 praeter
828 495 874 515 me
884 487 918 512 ⁸⁵.
930 487 1004 514 Nam
1014 493 1092 526 unus

264 536 292 562 ct
304 534 384 561 solus
398 533 436 561 de
452 535 512 561 Deo
527 533 669 560 dicuntur
681 533 739 568 83
755 532 784 560 in
802 531 954 568 Scriptura
969 538 1030 558 non
1052 529 1092 558 ad

263 578 488 606 distinctionem
502 586 520 606 a
545 578 616 606 Filio
636 580 688 605 aut
710 577 822 613 Spiritu
843 578 958 610 sancto,
974 576 1027 603 sed
1040 575 1092 603 ad-

264 631 369 650 versus
385 631 436 650 eos
458 622 511 659 qui
534 631 604 650 cum
619 622 660 650 dii
684 629 744 650 non
760 622 829 654 sint,
843 621 885 648 dii
899 623 1000 648 tamen
1015 619 1091 648 falso

265 667 471 700 nominantur,
485 669 516 695 ut
526 670 569 695 est
580 667 651 694 illud
664 675 670 694 :
688 667 826 694 Dominus
835 666 917 694 solus
931 665 1020 693 duxit
1033 673 1089 699 eos,

264 716 290 740 et
301 720 360 739 non
376 715 440 740 erat
457 719 524 740 cum
540 712 580 740 eis
592 711 664 740 deus
680 711 798 739 alienus
809 711 847 743 ‘5;
861 710 1092 744 et,Euerterunt

262 757 320 790 ﬁlii
337 757 430 784 Israel
447 757 580 788 Baatim,
594 760 620 784 et
635 763 757 785 nemora
775 755 933 788 Λείαν-θεὴ,
947 757 973 782 et
986 755 1093 782 servie-

264 800 335 828 bant
352 801 478 829 Domino
489 802 546 828 soli
560 802 592 828 ‘7.
610 802 641 828 Et
655 801 762 828 iterum
773 799 882 827 Paulus
899 808 904 825 :
922 799 1006 826 Sicut
1021 801 1090 826 sunt

265 845 310 873 dii
321 847 422 880 multi,
430 849 456 874 et
468 846 582 873 domini
591 846 690 878 multi,
702 844 785 873 nobis
801 847 899 872 tamen
914 851 990 871 unus
1001 844 1089 876 Deus,

262 891 365 923 Pater,
378 897 408 918 ca
425 898 482 926 quo
499 890 609 922 omnia,
622 893 648 918 et
663 897 740 917 unus
755 889 895 916 Dominus
906 888 992 915 Jesus
1006 887 1092 916 Chri-

262 938 335 967 stus,
349 942 406 970 per
427 942 513 970 quem
539 935 639 962 omnia
653 935 686 962 ".
709 935 817 962 Verum
843 933 892 960 hic
913 932 1090 968 quierimus,

261 979 415 1015 quomodo
430 988 499 1007 cum
515 979 650 1012 dixisset,
671 980 753 1008 Unus
773 979 859 1006 Deus.
876 985 912 1005 ea
930 985 1003 1005 voce
1029 985 1090 1005 non

261 1023 350 1051 fuerit
363 1027 521 1052 contentus
534 1024 675 1059 (diximus
689 1024 781 1056 enim,
797 1031 865 1050 cum
875 1022 955 1050 solus
969 1024 998 1049 et
1013 1029 1090 1050 unus

261 1068 298 1096 de
312 1070 371 1097 Deo
387 1069 539 1102 dicuntur,
559 1069 721 1104 signiﬁcari
735 1068 887 1102 naturam)
911 1066 964 1094 sed
989 1069 1016 1094 et
1037 1075 1089 1095 vo-

261 1121 326 1141 cem
346 1114 440 1142 Pater
454 1114 638 1150 apposuerit,
655 1116 684 1141 et
708 1113 815 1142 Christi
835 1111 941 1144 fecerit
965 1112 1089 1140 mentio‘

261 1166 342 1186 nem.
371 1159 515 1194 Suspicor
527 1159 628 1195 itaque
643 1159 833 1187 existimasse
861 1159 919 1187 hoc
946 1157 1014 1187 loco
1036 1166 1090 1185 vas

261 1201 414 1230 electionis
438 1202 574 1235 Paulum,
598 1203 671 1230 satis
697 1210 759 1230 non
785 1210 853 1231 esse
878 1202 1089 1232 tantummodo

261 1247 356 1274 Deum
374 1247 488 1279 Filium,
502 1249 531 1275 et
542 1248 635 1275 Deum
663 1247 806 1283 Spiritum
822 1251 960 1275 sanctum
984 1247 1090 1284 praedi-

260 1299 326 1320 care
339 1300 345 1325 ;
362 1292 391 1319 id
406 1292 490 1328 quod
506 1300 557 1328 per
568 1292 741 1327 dictionem,
759 1293 840 1320 Unus
854 1293 941 1326 Deus,
957 1292 1090 1320 declara-

258 1339 353 1370 verat,
371 1336 429 1364 nisi
449 1339 594 1372 praeterea
614 1344 668 1373 per
682 1337 883 1372 adjectionem
897 1338 1008 1371 Patris,
1019 1345 1089 1365 eum

259 1389 296 1409 ex
311 1389 372 1417 quo
385 1381 486 1409 omnia
497 1383 578 1415 sunt,
594 1381 773 1417 exprimeret
785 1391 791 1416 ;
803 1384 831 1410 et
841 1390 894 1418 per
905 1383 1088 1410 mentionem

260 1426 389 1457 DOmini,
406 1426 536 1454 Verbum
553 1434 606 1462 per
619 1426 701 1462 quod
717 1426 821 1454 omnia
842 1429 923 1458 sunt,
940 1426 1088 1461 signiﬁca-

255 1473 312 1505 ret,
328 1473 357 1499 et
378 1478 494 1502 rursus,
510 1479 564 1507 per
578 1472 647 1498 Jesu
670 1471 777 1499 Christi
791 1471 1028 1506 adjunctionem,
1043 1471 1087 1498 in-

256 1515 465 1544 carnationem
475 1515 678 1548 annuntiaret,
686 1517 714 1543 et
722 1516 898 1551 passionem
914 1517 1039 1551 poneret
1048 1515 1087 1544 ob

255 1560 381 1588 oculos:
403 1563 431 1588 et
457 1560 706 1588 resurrectionem
727 1562 990 1588 commonstraret.
1013 1561 1087 1588 Nam

257 1604 341 1639 illud,
354 1605 441 1632 Jesus
458 1605 600 1637 Christus,
617 1605 755 1632 notiones
772 1604 845 1632 tales
859 1604 949 1633 nobis
963 1605 1085 1633 indicat.

257 1650 447 1685 Quapropter
457 1649 547 1677 etiam
567 1649 712 1676 Dominus
736 1652 806 1677 ante
827 1650 1003 1685 passionem
1025 1657 1086 1677 non

257 1692 322 1721 vult
336 1693 395 1721 dici
409 1695 494 1720 Jesus
510 1693 654 1726 Christus,
669 1696 697 1721 et
717 1693 874 1729 discipulis
894 1694 1040 1730 praecipit,
1055 1696 1088 1722 ut

257 1745 294 1766 ne
310 1737 454 1774 cuiquam
468 1738 572 1766 dicant
585 1738 685 1774 ipsum
701 1746 766 1766 esse
778 1740 877 1766 Jesum
891 1738 1040 1766 Christum
1051 1739 1086 1767 ⁸³.

257 1782 446 1818 Propositum
457 1783 537 1810 enim
551 1782 593 1810 illi
614 1785 678 1810 erat
693 1785 761 1819 post
775 1782 948 1810 absolutam
967 1783 1088 1819 dispen-

257 1827 405 1855 sationem
421 1835 456 1855 ac
472 1828 723 1855 resurrectionem
739 1836 774 1855 ex
791 1828 926 1861 mortuis,
944 1830 971 1855 et
986 1827 1015 1855 in
1029 1836 1087 1856 εαξη

255 1872 300 1900 los
316 1873 569 1908 assumptionem,
584 1874 649 1900 tum
664 1872 787 1900 demum
800 1872 873 1908 ipsis
888 1873 1085 1907 committere,

256 1919 289 1945 ut
307 1925 376 1944 eum
400 1919 501 1945 Jesum
526 1917 676 1945 Christum
699 1917 909 1953 praedicarent.
928 1918 1087 1952 Ejusmodi

256 1964 301 1989 est
315 1964 343 1989 et
358 1961 432 1989 illud
448 1970 454 1988 :
473 1962 508 1989 Ut
521 1964 703 1996 cognoscant
714 1965 741 1989 te
755 1961 852 1989 solum
866 1969 969 1990 verum
979 1962 1085 1997 Deum,

256 2009 284 2034 et
298 2013 385 2041 quem
404 2006 512 2033 misisti
525 2006 627 2034 Jesum
645 2006 796 2034 Christum
811 2007 835 2024 ⁵ο
850 2014 856 2039 ;
873 2006 948 2034 illud
963 2006 1084 2034 itidem:

257 2051 387 2079 Creditis
399 2051 430 2078 in
445 2051 549 2086 Deum,
565 2054 592 2079 et
613 2051 645 2078 in
659 2059 706 2079 me
730 2051 843 2079 credite
855 2052 894 2078 5‘:
911 2051 1023 2087 ubique
1039 2059 1086 2079 co-

257 2094 432 2130 gitationem
446 2098 581 2123 nostram
596 2095 814 2131 praemuniente
832 2095 941 2131 Spiritu
965 2098 1084 2130 sancto;

256 2147 294 2168 ne
320 2140 498 2167 accedentes
527 2140 567 2168 ad
600 2140 738 2174 alterum,
767 2139 860 2168 altero
887 2140 1084 2175 excidamus;

256 2192 332 2212 neve
367 2185 524 2219 theologia.
549 2184 654 2213 intenti
676 2185 867 2220 negligamus
889 2184 1087 2221 dispensatio-

256 2237 325 2257 nem
337 2235 348 2264 ;
363 2231 454 2264 atque
469 2229 499 2256 in
516 2229 712 2265 impietatem,
728 2229 802 2257 dum
817 2229 847 2257 in
873 2228 974 2264 aliquo
994 2229 1086 2258 oilen-
1102 2246 1124 2272 Ι)

257 2273 370 2308 dimus,
386 2273 568 2302 incidamus.

294 2320 320 2346 4.
336 2317 433 2346 Verba
450 2321 551 2345 autem
568 2317 678 2346 divina:
701 2318 869 2355 Scriptum,
886 2327 954 2355 quer.
967 2322 1088 2356 arrepta

257 2363 464 2395 adversarii,et
472 2363 510 2390 ad
525 2371 611 2390 suam
622 2363 758 2400 ipsorum
767 2364 947 2392 sententiam
958 2365 1085 2399 detorta,

257 2407 346 2435 nobis
370 2407 409 2435 ad
433 2407 620 2435 eversionem
653 2407 819 2443 majestatis
841 2408 989 2443 Unigeniti
1013 2409 1087 2445 obji-

257 2452 350 2485 ciunt,
366 2451 455 2479 simili
471 2452 562 2480 modo
579 2452 800 2488 expendamus,
816 2453 971 2481 notionem
982 2461 1086 2482 eorum

1147 259 1240 292 Οὐδεὶς
1267 261 1365 297 ἁγαθός
1389 261 1410 288 εἰ
1436 263 1471 297 μὴ
1507 263 1543 292 εἷς
1576 263 1589 287 ὁ
1613 264 1687 293 Θεὸς.
1715 264 1749 288 Τὸ
1764 263 1815 299 γὰρ
1845 263 1881 292 εἷς
1900 262 1936 288 ὶν-

1145 307 1230 332 ταυθα
1257 310 1293 341 τῷ
1321 308 1396 342 μόνος
1423 308 1516 332 ταυτὸν
1537 305 1623 335 δηλοῖ·
1653 309 1757 339 καὶτὸ,
1782 307 1810 333 Ὀ
1830 309 1938 338 τανύσας

1146 351 1189 376 τὸν
1216 350 1322 388 οὐρανὸν
1348 353 1436 387 μόνος·
1465 353 1510 377 καὶ
1532 351 1619 377 πάλιν·
1651 353 1738 388 Κυρίῳ
1763 355 1799 386 τῷ
1822 355 1878 386 Θεῷ
1893 361 1936 378 σου

1145 398 1347 432 προσκυνήσεις,
1383 399 1427 422 καὶ
1464 396 1534 431 αὐτῷ
1575 398 1643 432 μόνῳ
1685 396 1833 434 λατρεύσεις
1849 405 1855 411 ·
1899 398 1939 422 καὶ

1145 441 1184 474 τὸ,
1203 440 1258 466 Οὐκ
1283 442 1338 466 ἓστι
1361 441 1424 470 Θεὸς
1455 440 1521 470 πλὴν
1550 439 1622 475 ἑμου.
1650 442 1684 467 Τό
1703 440 1752 477 γὰρ
1778 440 1813 472 εἷς
1833 443 1937 477 καὶμό-

1145 495 1188 516 νος
1212 484 1253 511 ἰπὶ
1281 488 1348 512 Θεοῦ
1368 487 1424 518 (6i)
1439 484 1463 511 εν
1479 489 1509 521 τῇ
1536 488 1623 522 Γραφῇ
1643 485 1672 511 οὐ
1697 487 1761 523 πρὸς
1777 484 1940 512 ἁντιδιαστο-

1145 528 1192 558 λήν
1215 533 1260 555 τοῦ
1277 530 1338 556 Υὶοῦ
1363 530 1378 559 ᾖ
1405 533 1452 556 τοῦ
1470 530 1547 566 ἁγίου
1574 532 1720 566 Πνεῦματος
1741 530 1854 566 λέγεται,
1879 529 1941 555 ἀλλὰ

1145 575 1210 611 πρὸς
1234 576 1296 605 τοὺς
1318 576 1353 610 μὴ
1384 576 1458 606 ὄντας
1485 574 1568 607 θεοὺς,
1594 575 1798 611 ὀνομαζομένους
1825 573 1855 601 δι
1881 574 1942 610 ψευ-

1147 617 1209 650 δὼςδ
1237 620 1269 649 ὡς
1296 621 1336 651 τὸ,
1367 621 1459 656 Κύριος
1491 622 1566 656 μόνος
1589 618 1649 655 ἦγεν
1677 620 1781 651 αὐτοὺς·
1802 622 1858 653 καὶ,
1887 619 1941 646 Οὐκ

1146 661 1176 692 ἦν
1207 664 1261 700 μετ’
1281 663 1365 690 αὐτῶν
1389 666 1454 694 Θεὸς
1488 663 1628 701 ἀλλότριος·
1669 667 1714 691 καὶ
1748 665 1786 699 τό,
1815 664 1941 701 Περιείλον

1237 710 1294 743 (62)
1335 708 1441 745 Ἰσραὴλ
1475 710 1508 735 τὰ
1554 709 1676 746 Βααλεὶμ,
1714 711 1758 736 καὶ
1797 711 1832 735 τὰ
1873 709 1939 738 ἄλση

1147 753 1294 790 Ἀσταρὼθ,
1325 755 1370 779 καὶ
1398 752 1533 780 ἕδούλευον
1568 756 1655 790 Κυρίῳ
1685 756 1764 790 μονῳ·
1789 756 1835 780 xui
1867 753 1941 780 πάλιν

1145 709 1198 734 υἱοὶ

1146 798 1158 824 ὁ
1187 798 1298 829 Παῦλος
1334 797 1434 834 Ὠσπερ
1472 798 1524 824 εἰσὶ
1564 799 1616 824 θεοὶ
1649 798 1747 834 πολλοὶ,
1773 801 1818 825 καὶ
1857 800 1942 834 κύριοι

1145 842 1245 877 πολλοὶ,
1273 842 1326 868 ἀλλ’
1362 843 1424 878 ἡμῖν
1450 843 1484 874 εἷς
1513 845 1588 875 Θεὸς,
1617 844 1629 869 ὁ
1672 846 1772 880 Πατὴρ,
1803 843 1830 874 ἐξ
1852 843 1881 869 οὗ
1911 845 1942 869 τὰ

1111 889 1240 922 Βπάντα,
1274 889 1330 920 καὶ,
1367 888 1403 917 εὶς
1444 889 1549 924 Κύριος,
1572 887 1675 918 Ἰησους
1708 889 1824 925 Χριστός
1848 886 1883 914 δι’
1913 888 1942 914 οὗ

1145 933 1178 958 τὰ
1218 933 1313 959 πάντα.
1348 931 1425 959 Ἀλλὰ
1461 932 1588 968 ζητοῦμεν
1634 932 1755 966 ἐνταῦθα,
1796 937 1862 966 πῶς,
1898 933 1943 963 Εἷς

1146 978 1210 1007 Θεὸς
1229 977 1285 1011 (63)
1313 971 1439 1013 εἱρηκὼςξ
1462 977 1508 1003 οὐκ
1537 978 1651 1014 ἠρκέσθη
1683 981 1714 1014 τῇ
1745 981 1812 1013 φωνῇ
1839 979 1942 1013 (ἓ-ραμεν

1144 1022 1205 1058 γὰρ,
1221 1022 1262 1047 ὅτι
1276 1023 1352 1056 μόνος
1366 1023 1410 1047 καὶ
1429 1023 1458 1047 τὸ
1474 1022 1508 1051 εἷς
1533 1021 1574 1047 ἐπὶ
1593 1025 1660 1048 Θεοῦ
1680 1024 1726 1051 τὴν
1751 1023 1828 1058 prima
1844 1020 1940 1056 δηλοῆ,

1145 1065 1209 1091 ἀλλὰ
1235 1067 1331 1092 καὶτὸ
1362 1067 1450 1103 Πατὴρ
1480 1066 1637 1102 προσέθηκε,
1667 1068 1712 1092 καὶ
1742 1070 1788 1092 τοῦ
1826 1069 1940 1103 Χριστοῦ

1145 1109 1344 1146 ἐμνημόνευσεν.
1386 1110 1497 1136 ’Υπονοῶ
1543 1113 1640 1144 τοίνυν,
1670 1112 1710 1136 ὁτι
1747 1111 1794 1136 οῦκ
1827 1110 1941 1146 ἐξαρκεῖν

1145 1155 1217 1190 ᾠήθη
1231 1159 1274 1180 νῦν
1291 1156 1303 1181 ό
1320 1154 1431 1188 Παῦλος,
1457 1157 1486 1181 τὸ
1515 1159 1606 1186 σκεῦος
1633 1159 1680 1186 τῆς
1699 1155 1813 1191 ἐκλογῆς,
1841 1157 1940 1192 κηρύσ-

1146 1209 1199 1226 σειν
1214 1202 1290 1236 μονον
1315 1201 1379 1226 Θεὸν
1409 1201 1452 1225 τὸν
1480 1200 1549 1233 Υἱὸν,
1577 1202 1622 1226 καὶ
1645 1202 1708 1226 Θεὸν
1732 1201 1761 1226 τὸ
1788 1203 1892 1235 Πνεῦμα
1911 1202 1940 1226 τὸ

1144 1245 1226 1280 ἅγιον,
1244 1246 1303 1281 ὅπερ
1334 1243 1382 1270 διὰ
1409 1249 1457 1275 τῆς
1481 1243 1523 1275 Εἷς
1551 1246 1612 1276 Θεὸς
1636 1243 1752 1274 ἐδήλωσε
1771 1245 1880 1282 ῥήσεως,
1898 1244 1940 1271 ἐὰν

1143 1291 1179 1326 μὴ
1204 1291 1248 1315 καὶ
1276 1287 1322 1315 διὰ
1337 1293 1381 1319 τῆς
1402 1290 1559 1326 προσθήκης
1573 1292 1619 1315 τοῦ
1635 1292 1735 1326 Πατρός
1754 1291 1798 1315 τόν
1813 1289 1841 1321 εξ
1864 1288 1893 1316 οὗ
1908 1291 1941 1316 τὰ

1143 1335 1228 1360 πάντα
1252 1332 1370 1370 δηλώσῃ·
1391 1344 1437 1360 και
1459 1332 1505 1360 διὰ
1523 1339 1571 1365 τῆς
1583 1337 1685 1370 μνήμης
1704 1337 1750 1360 τοῦ
1774 1337 1881 1371 Κυρίου,
1896 1337 1940 1360 τόν

1143 1380 1226 1414 Λόγον
1246 1380 1290 1404 τὸν
1314 1377 1349 1404 δι’
1377 1378 1407 1404 οὗ
1422 1379 1454 1404 τὰ
1477 1379 1562 1405 πάντα
1589 1380 1707 1415 σημάνῃ·
1728 1382 1773 1405 καὶ
1791 1380 1877 1414 πάλιν,
1895 1377 1941 1405 διὰ

1143 1427 1188 1453 τῆς
1206 1423 1295 1452 Ἰησοῦ
1328 1427 1445 1460 Χριστοῦ
1474 1423 1699 1460 συμπαραλήψιως
1729 1426 1776 1452 τὴν
1816 1423 1941 1460 ὶνανθρὼ-

1142 1478 1224 1498 πησιν
1249 1468 1411 1505 παραγγείλῃ
1441 1470 1511 1505 (64),
1539 1471 1584 1495 καὶ
1599 1471 1628 1495 τὸ
1656 1470 1740 1499 πάθος
1767 1472 1941 1506 παραστήσῃ,

1143 1516 1188 1540 καὶ
1203 1516 1249 1543 τὴν
1270 1513 1415 1540 ἀνάστασιν
1440 1516 1586 1550 φανερώσῃ.
1613 1516 1648 1540 Τὸ
1674 1515 1735 1551 γὰρ,
1762 1514 1866 1545 Ἰησοῦς
1881 1518 1943 1552 Χρι-

1144 1560 1216 1590 στὸς,
1238 1559 1285 1589 τὰς
1308 1560 1432 1589 τοιαύτας
1457 1557 1552 1588 ἐννοίας
1578 1559 1640 1594 ἡμῖν
1672 1558 1797 1595 ἐμφαίνει.
1823 1561 1866 1585 Διό
1898 1561 1943 1585 καὶ

1141 1605 1192 1639 πρὸ
1219 1607 1265 1629 τοῦ
1297 1604 1396 1634 πάθους
1423 1607 1589 1640 παραιτεῖται
1614 1603 1627 1629 ό
1654 1604 1863 1641 ΚύριοςἹησοᾶς
1875 1607 1942 1641 Χρι-

1144 1650 1205 1679 στὸς
1235 1647 1467 1684 καταγγέλλεσθαι·
1495 1650 1540 1673 καὶ
1568 1646 1750 1674 διαστεὶλεται
1774 1652 1829 1679 τοὶς
1852 1649 1941 1684 μαθη-

1141 1696 1210 1727 ταῖς,
1239 1693 1281 1718 ἶνα
1302 1691 1397 1729 μηδενὶ
1424 1694 1541 1726 εἶπωσιν,
1569 1694 1609 1718 ὅτι
1634 1692 1710 1723 αὐτός
1742 1691 1812 1719 ἐστιν
1842 1693 1942 1722 Ἰησοῦς

1142 1739 1265 1774 Χριστος.
1292 1739 1430 1775 Προκειται
1446 1738 1496 1773 γὰρ
1520 1737 1591 1772 αὐτῷ
1610 1737 1775 1764 τελειώσαντι
1803 1740 1848 1766 τήν
1867 1737 1940 1763 οἱκο-

1142 1783 1321 1818 νομίανιμετὰ
1348 1784 1396 1811 τὴν
1421 1783 1448 1808 ἐκ
1472 1786 1567 1818 νεκρῶν
1594 1781 1738 1808 ἀνάστασιν
1766 1785 1810 1808 καὶ
1837 1784 1880 1811 τήν
1907 1782 1943 1812 εἰς

1141 1827 1264 1864 οὐρανοὺς
1278 1826 1418 1862 ἀνάληψιν,
1434 1825 1571 1863 ἕπιτρέψαι
1601 1826 1688 1857 αὐτοις
1722 1828 1864 1864 κηρύσσειν
1896 1827 1943 1852 αῦ-

1141 1873 1184 1897 τὸν
1208 1871 1311 1900 Ἰησοῦν
1331 1873 1374 1897 τὸν
1403 1873 1528 1908 Χριστὸν.
1549 1874 1673 1898 Τοιοῦτον
1693 1870 1751 1898 ἐστι
1776 1874 1821 1897 καὶ
1836 1873 1944 1905 τὸ,Ίνα

1140 1919 1292 1952 γινώσκωσὶ
1332 1925 1360 1942 σε
1400 1918 1443 1942 τὸν
1475 1918 1552 1952 μόνον
1588 1916 1708 1945 ἀληθινὸν
1743 1918 1818 1951 Θεὸν,
1843 1920 1890 1943 καὶ
1917 1917 1944 1943 ὃν

1732 1963 1770 1996 τὸ,
1807 1963 1946 1988 Πιστεύετι

1716 2010 1854 2042 πανταχοῦ
1895 2008 1945 2035 τὴν

1142 1960 1293 1991 ἀπέστειλας

1142 2006 1177 2037 εἰς
1201 2007 1265 2032 Θεὸν
1296 2008 1341 2032 καὶ
1374 2006 1410 2036 εἰς
1449 2004 1492 2042 ἔμε
1528 2007 1671 2032 πιστεύετε·

1332 1962 1436 1989 Ἰησοῦν
1476 1963 1609 1998 Χριστόν·
1651 1963 1695 1987 καὶ

1140 2053 1237 2078 ἔννοιαν
1267 2052 1339 2087 ἡμῶν
1374 2050 1582 2087 ἀσφαλιζομένου
1624 2054 1673 2077 τοῦ
1711 2052 1858 2087 Πνεύματος
1898 2055 1946 2078 τοῦ

1141 2097 1230 2132 ᾶγίου,
1255 2097 1297 2122 ἳνα
1324 2098 1372 2132 μὴ,
1399 2097 1500 2132 γατέρῳ
1526 2095 1735 2132 προσϐαίνοντες,
1764 2096 1875 2133 θατέρου
1917 2096 1946 2122 ἐκ

1141 2144 1284 2177 πίπτωμεν·
1306 2143 1351 2166 καὶ
1380 2144 1410 2176 τῇ
1447 2139 1564 2176 θεολογίᾳ
1593 2142 1777 2177 προσέχοντες,
1802 2145 1849 2172 τῆς
1874 2141 1947 2167 οἰκο-

1141 2188 1231 2222 νομίας
1260 2189 1467 2222 καταφρονῶμεν·
1497 2188 1542 2211 καὶ
1571 2187 1678 2221 γένηται
1707 2186 1769 2222 ἡμῖν
1797 2187 1865 2212 κατὰ
1900 2188 1946 2211 τὸν

1141 2230 1252 2257 ἐλλεῖπον
1265 2230 1280 2258 ἡ
1298 2229 1412 2256 ἀσέϐεια.

1177 2322 1203 2347 4.
1217 2321 1256 2346 Τὰ
1276 2317 1305 2346 δὲ
1327 2320 1434 2356 ῥήματα
1460 2323 1505 2349 τῆς
1535 2319 1605 2350 θείας
1630 2322 1742 2356 Γραφῆς,
1763 2319 1827 2356 οἱπερ
1843 2319 1948 2356 λαμϐά-

1141 2374 1227 2395 νοντες
1249 2365 1274 2390 οὶ
1300 2363 1470 2400 ἀντικείμενοι
1498 2365 1541 2389 καὶ
1573 2362 1771 2400 διαστρέφοντες
1793 2366 1860 2401 πρὸς
1897 2367 1948 2394 τήν

1143 2409 1238 2435 οἰκείαν
1264 2407 1417 2437 συνείδησιν
1442 2408 1478 2438 εἰς
1498 2409 1651 2445 καθαίρεσιν
1666 2412 1714 2439 τῆς
1735 2407 1814 2440 δόξης
1828 2413 1876 2435 τοῦ
1893 2413 1949 2436 Μο-

1141 2457 1260 2490 νογενοῦς
1280 2455 1342 2490 ἡμῖν
1370 2455 1553 2490 προφέρουσιν·
1589 2453 1671 2483 οὑτως
1695 2453 1853 2490 ἐξετάσωμεν
1873 2457 1949 2494 (65),

293 2515 317 2531 ‘0
338 2516 346 2542 l
363 2514 437 2542 Tim.
452 2522 493 2548 γι,
511 2516 554 2542 16.
589 2515 610 2532 ⁸·
629 2515 713 2542 Rom.
735 2522 792 2547 xw,
809 2514 854 2542 27.
890 2515 913 2532 "
936 2515 1002 2543 Luc.
1020 2524 1086 2544 xvui

1144 2523 1156 2544 ι.
1191 2517 1215 2534 ⁸⁸
1231 2516 1296 2544 Job.
1320 2524 1354 2550 ix,
1370 2517 1395 2543 8.
1429 2516 1453 2533 ⁸⁸
1474 2517 1557 2543 Deut.
1575 2523 1618 2550 vn,
1635 2517 1676 2543 t3.
1706 2516 1729 2533 ⁵⁵
1750 2517 1836 2545 Deut.
1851 2525 1949 2550 χχιιι,

257 2552 301 2579 39.
341 2549 458 2578 “ibid.
496 2551 537 2578 12.

258 2586 279 2604 ⁵¹
301 2586 388 2614 Joan.
407 2594 464 2618 xw,
481 2588 504 2613 t.

260 2667 265 2672 _
292 2631 350 2666 (6t)
367 2631 425 2658 Ἐπὶ
446 2635 512 2658 Θεοῦ
527 2630 602 2658 Editi
612 2630 730 2658 addunt
745 2630 915 2663 articulum,
934 2632 989 2660 sed
1002 2631 1086 2661 deest

259 2673 436 2737 magism“.
451 2703 532 2730 lianc
554 2709 659 2730 vocem
681 2701 823 2729 addimus
847 2710 881 2730 ex
903 2703 973 2738 Reg.
994 2686 1085 2732 ῐῖειιιΙο

259 2741 328 2774 post
342 2738 403 2766 duo
420 2746 491 2766 mss.
509 2739 606 2774 ὥσπερ.
624 2737 790 2774 Ειὶίιίεῖπερ.

298 2775 355 2807 (63)
376 2775 418 2804 Εἷς
435 2776 509 2805 Θεὸς.
532 2773 661 2801 Primam
672 2773 779 2801 vocem
801 2773 943 2802 addimus
959 2782 995 2802 ex
1011 2783 1084 2802 mss.

262 2809 353 2839 Paulo
382 2811 451 2848 post
465 2809 495 2838 in
519 2809 588 2838 cod.
613 2810 685 2845 Reg.
706 2810 814 2846 legitur
833 2812 861 2837 τὸ
882 2813 987 2846 Πνεῦμα
1005 2819 1086 2846 προσ-

590 2551 613 2568 ⁴τ
637 2552 644 2577 l
679 2551 750 2584 Reg.
769 2558 818 2584 vn,
844 2552 870 2578 4.

852 2583 858 2597 ι

925 2551 948 2568 ⁵⁸
967 2553 977 2578 ι
997 2552 1062 2580 Cor.
1084 2560 1144 2588 vni,

1171 2555 1197 2587 5,
1214 2554 1240 2580 6.
1293 2552 1316 2569 ⁸³
1343 2551 1443 2579 Matth.
1471 2559 1527 2586 xw,
1557 2553 1600 2579 20.
1650 2552 1674 2569 ⁵ο
1692 2553 1779 2580 Joan.
1815 2560 1890 2588 xm,
1920 2555 1949 2586 3,

1141 2634 1226 2661 ἔθηκε.

1176 2670 1232 2704 (δι)
1255 2667 1436 2704 “utpar/730p.
1461 2669 1523 2696 Duo
1539 2676 1613 2696 mss.
1631 2668 1789 2704 ἀπαγγείλῃ.

1176 2704 1497 2745 φῇιξεξβάαωμνκξίο
1514 2705 1627 2745 Πθετὲοι
1642 2704 1742 2745 prima
1755 2712 1848 2732 manu
1862 2704 1949 2745 Harl.

1141 2739 1216 2776 Editi
1231 2738 1392 2776 ἐξετάσομεν.
1409 2739 1521 2776 ibidem
1539 2740 1608 2767 editi
1637 2738 1844 2771 ἆναπτῦσσοντες
1864 2740 1948 2767 αὐτοὶ.

1140 2775 1204 2803 Duo
1225 2774 1342 2803 veteres
1349 2775 1419 2803 libri
1431 2777 1463 2803 ut
1473 2774 1504 2803 in
1519 2777 1609 2803 textu.
