2009 3145
286 161 339 191 259

287 225 403 253 nudam
418 224 604 252 divinitatem
627 223 782 252 accedere.
803 223 834 250 in
859 221 999 250 eamdem
1015 224 1116 250 autem
1131 224 1154 250 Α

287 270 417 298 arbitror
429 269 606 297 sententiam
631 268 744 296 dictum
760 267 851 295 fuisse
864 269 893 294 et
907 266 980 294 illud
996 275 1003 294 :
1024 267 1118 295 Pater

286 316 386 349 major
403 321 448 341 me
457 317 499 341 est
511 314 535 331 ⁸⁵
548 323 554 341 :
566 312 639 340 illud
653 312 766 345 itidem,
780 312 849 340 Non
867 314 908 340 est
921 319 1017 339 meum
1032 311 1115 345 dare,

286 359 339 387 sed
351 358 458 394 quibus
472 361 618 392 paratum
641 360 683 385 est
699 365 717 385 a
743 357 836 384 Patre
849 357 883 383 σε.
902 357 961 383 Hoc
977 355 1057 383 enim
1074 357 1118 383 est

285 402 369 439 quod
384 405 411 430 et
423 402 557 430 Christus
581 409 709 437 regnum
732 401 850 429 tradere
875 400 984 428 dicitur
1008 401 1066 427 Deo
1090 402 1118 428 ct

288 447 366 476 Patri
379 447 400 464 ⁸⁷
415 456 421 480 ;
439 455 508 474 cum
524 446 673 482 primitiis,
694 453 758 473 non
782 445 851 473 ﬁnis
877 445 922 479 sit,
948 444 1117 472 secundum

286 491 450 522 rudiorem,
479 493 511 518 ut
535 490 607 523 dixi,
639 490 820 523 doctrinam,
848 497 917 525 quae
942 488 1037 516 nostri
1056 496 1118 516 non

286 536 381 572 ipsius
399 536 462 563 Filii
479 538 618 571 respectu
629 534 815 569 intelligitur.
831 533 915 566 Quod
933 536 1034 561 autem
1053 533 1118 561 haec

286 581 328 609 ita
343 589 375 608 se
388 580 511 615 habent,
529 588 631 608 rursus
651 579 808 615 discipulis
822 579 852 606 in
868 578 946 606 Actis
965 578 1117 614 apostolo-

286 633 354 654 rum
385 624 649 659 interrogantibus.
679 624 804 657 Quando
827 624 965 651 restitue:
991 631 1117 658 regnum

288 671 396 703 Israel,
409 669 576 705 respondit,
591 669 658 696 Non
675 671 716 696 est
731 671 862 696 vestrum
878 675 963 696 nosse
983 670 1118 702 tempora

287 715 334 742 vel
347 716 505 746 momenta,
521 721 586 748 qua:
600 713 693 741 Pater
714 713 813 747 posuit
834 713 866 740 in
890 713 1019 747 propria
1033 714 1118 746 pate-

286 758 408 786 state".
437 759 497 785 Hoc
522 760 576 791 est,
603 765 665 785 non
692 765 797 784 eorum
821 760 877 792 est,
907 756 959 792 qui
983 756 1067 784 carni
1089 757 1118 783 et

286 802 426 837 sanguini
450 802 555 836 illigati
571 804 649 836 sunt,
674 801 741 829 talis
756 802 841 836 regni
857 800 998 835 cognitio.
1016 800 1118 828 Posuit

286 848 367 875 enim
398 849 484 875 Pater
506 846 792 882 contemplationem
820 846 909 873 istam
934 845 964 873 in
993 844 1119 881 propria

285 895 435 929 potestate
454 901 460 920 :
490 895 669 928 potestatem
695 891 798 919 dicens
813 900 876 924 eos,
892 891 944 927 qui
958 891 1014 918 sub
1027 891 1122 926 ipsius
1136 899 1156 926 Β

288 940 358 965 sunt
387 939 554 973 potestate;
586 936 725 973 proprios
750 945 820 964 vero
836 944 898 967 eos.
914 943 992 972 quos
1017 943 1119 963 rerum

286 982 462 1010 inferiorum
485 981 634 1016 ignoratio
660 989 722 1009 non
742 983 830 1008 tenet.
848 980 943 1008 Nolim
959 982 1060 1008 autem
1079 980 1122 1007 in-

287 1027 403 1062 telligas
418 1029 555 1062 tempora
571 1029 598 1054 et
611 1028 766 1054 momenta
779 1025 943 1058 sensibilia,
965 1025 1017 1053 sed
1040 1033 1123 1061 quae~

288 1071 360 1099 dam
372 1071 552 1106 cognitionis
568 1070 725 1098 intervalla
739 1078 756 1097 a
770 1070 830 1098 sole
841 1069 1009 1104 intelligibit
1029 1069 1120 1097 facta.

287 1117 411 1152 Oportet
429 1116 511 1143 enim
540 1115 628 1143 istam
650 1115 767 1143 Domini
788 1114 884 1142 nostri
912 1115 1119 1150 precationem

288 1160 328 1188 ad
342 1161 435 1188 ﬁnem
454 1160 580 1196 perduci
596 1167 631 1187 ac
647 1159 775 1195 impleri.
795 1160 880 1187 Jesus
902 1159 983 1186 enim
998 1161 1042 1187 est
1067 1158 1120 1194 qui

286 1207 427 1240 precatus
443 1206 503 1231 est:
519 1204 565 1231 Da
575 1204 628 1236 eis,
643 1207 676 1231 ut
691 1207 718 1232 et
730 1204 789 1238 ipsi
803 1205 834 1231 in
848 1204 932 1231 nobis
947 1211 1040 1231 unum
1049 1204 1109 1230 sint

286 1249 363 1277 sicut
377 1257 430 1284 ego
445 1251 472 1276 et
489 1251 532 1282 tu,
549 1249 651 1281 Pater,
668 1256 762 1276 unum
774 1256 876 1276 sumus
888 1249 922 1275 θ’.
946 1249 1024 1275 Deus
1043 1247 1123 1275 enim

289 1301 359 1321 cum
376 1301 455 1320 unus
480 1294 527 1327 sit,
543 1293 568 1320 si
592 1293 623 1320 in
639 1293 766 1328 singulis
782 1293 881 1327 fuerit,
903 1300 1010 1320 omnes
1026 1300 1120 1320 unum

288 1337 379 1366 efﬁcit
391 1347 398 1371 ;
412 1340 440 1366 et
453 1338 614 1366 accedente
627 1337 751 1371 unitate,
768 1338 844 1374 perit
860 1342 1015 1365 numerus.
1029 1339 1126 1374 Atque

287 1382 430 1418 equidem
454 1383 496 1410 sic
516 1389 678 1417 aggressus
704 1390 770 1409 sum
788 1381 846 1410 hoc
861 1381 975 1410 dictum
992 1382 1125 1409 secundo

289 1427 468 1455 tentamine.
485 1426 572 1459 Quod
587 1427 610 1454 si
623 1426 690 1462 quis
710 1426 835 1454 meliora
848 1426 938 1460 dicat,
954 1428 1007 1454 aut
1020 1428 1126 1454 nostra

293 1472 342 1508 pie
357 1471 512 1505 emendet;
535 1474 564 1499 et
587 1471 678 1504 dicat,
705 1474 732 1499 et
751 1471 901 1504 emendet,
921 1474 950 1498 et
974 1479 1044 1499 eum
1068 1479 1124 1507 pro

293 1517 382 1545 nobis
396 1516 604 1544 remunerabit
616 1516 770 1544 Dominus.
780 1515 864 1543 Nulla
874 1516 954 1544 enim
971 1515 1052 1551 apud
1068 1523 1124 1543 nos

287 1562 436 1589 habitavit
445 1561 605 1594 invidia,ut
614 1560 666 1597 qui
679 1569 734 1588 nec
744 1561 1012 1593 contentionis,nec
1022 1560 1122 1588 inanis
1140 1575 1160 1603 ρ

291 1606 392 1640 gloria:
406 1605 506 1633 studio
526 1605 566 1632 ad
580 1605 660 1632 hanc
672 1604 833 1632 verborum
858 1605 1121 1640 investigationem

286 1650 503 1678 accesserimus
519 1658 526 1682 ;
551 1649 605 1676 sed
619 1651 743 1685 propter
753 1649 880 1677 fratrum
892 1650 1060 1683 utilitatem,
1085 1658 1123 1678 ne

285 1696 417 1722 testacea
432 1701 505 1721 vasa
520 1693 698 1721 thesaurum
711 1693 761 1721 Dei
772 1694 915 1722 habentia
929 1694 968 1722 ab
989 1694 1125 1723 homini-

286 1738 346 1766 bus
361 1746 453 1766 saxeo
466 1738 557 1766 corde
581 1738 712 1774 praeditis
727 1740 756 1766 et
781 1738 1008 1773 incircumcisis,
1038 1739 1090 1776 qui
1116 1748 1151 1770 ex

286 1782 431 1811 deantur.

324 1830 351 1856 8.
370 1829 482 1856 Rursus
498 1835 553 1864 per
578 1827 750 1863 sapientem
778 1827 971 1855 Salomoncm
1001 1827 1032 1855 in
1055 1830 1126 1866 Pro_

285 1872 395 1901 verbiis
415 1875 533 1900 creatus
548 1874 603 1900 est.
620 1873 764 1900 Dominus
780 1872 869 1906 enim,
886 1872 993 1908 inquit,
1005 1875 1125 1910 creavit

285 1918 372 1946 me".
389 1918 422 1945 Et
436 1917 555 1945 initium
570 1916 691 1944 viarum
713 1916 958 1951 evangelicarum
979 1918 1119 1946 nomina-

283 1964 342 1996 tur,
357 1970 424 1998 quas
448 1969 505 1989 nos
518 1961 558 1989 ad
582 1968 711 1996 regnum
739 1960 886 1988 caelorum
902 1961 1018 1989 ducunt
1033 1971 1040 1995 ;
1061 1971 1123 1990 non

290 2005 459 2034 secundum
476 2005 639 2033 essentiam
654 2007 801 2036 creatura,
815 2005 867 2032 sed
883 2006 1051 2034 secundum
1065 2006 1124 2034 dis-

288 2048 503 2086 pensationem
513 2049 611 2076 factus
621 2049 680 2076 via.
697 2051 771 2077 Nam
785 2050 899 2083 factum
914 2057 984 2083 esse,
999 2052 1027 2078 et
1041 2058 1124 2079 crea-

291 2097 354 2122 tum
370 2101 440 2126 esse,
454 2093 534 2121 idem
546 2092 725 2128 signiﬁcant.
739 2095 844 2121 Factus
859 2096 904 2122 est
923 2094 1002 2122 enim
1017 2098 1123 2131 quate-

292 2146 350 2167 nus
365 2138 414 2166 via
427 2140 455 2166 et
467 2138 563 2172 janua
590 2140 618 2165 et
641 2140 747 2174 pastor
762 2140 789 2166 et
801 2139 925 2166 nuntius
947 2142 976 2166 et
990 2139 1066 2175 ovis,
1087 2148 1122 2168 ac

287 2191 392 2212 rursus
423 2182 558 2219 pontifex
585 2184 614 2210 et
640 2182 814 2219 apostolus;
848 2183 1024 2211 nominibus
1058 2184 1123 2212 aliis

284 2233 340 2262 pro
355 2225 415 2254 alia
430 2226 647 2254 considerandi
662 2226 777 2255 ratione
793 2227 909 2263 positis.
925 2229 1037 2255 Rursus
1049 2228 1123 2265 quid

284 2270 368 2298 dicat
380 2271 539 2298 haereticus
554 2271 610 2306 8’]
630 2270 668 2298 de
683 2279 744 2299 non
760 2271 898 2307 subjecto
915 2273 984 2307 Deo,
999 2275 1028 2299 et
1052 2280 1121 2308 pro-

285 2317 351 2351 pter
365 2322 422 2342 nos
442 2314 522 2342 facto
548 2315 698 2351 peccato?
714 2316 864 2352 Scriptum
887 2324 1023 2352 namque
1049 2319 1094 2344 est
1114 2326 1120 2344 :

285 2359 360 2387 Cum
371 2359 505 2394 subjecta
517 2359 634 2394 fuerint
645 2360 891 2391 illiomnia,tunc
906 2363 933 2388 et
947 2361 1010 2395 ipse
1023 2361 1122 2389 Filia:
1136 2364 1158 2392 ο

285 2404 440 2439 subjectus
467 2405 523 2432 erit
552 2405 588 2434 ei.
612 2406 664 2440 qui
675 2405 802 2440 subjecit
818 2406 875 2433 sibi
889 2406 1037 2434 omnia”.
1058 2407 1122 2434 Non

285 2449 382 2484 times,
396 2458 414 2478 ο
429 2449 533 2483 homo,
555 2458 625 2478 cum
651 2451 727 2478 Deus
741 2458 803 2478 non
820 2450 975 2486 subjectus
991 2451 1124 2487 appella-

284 2492 355 2522 turi
382 2495 456 2522 Tum
483 2494 564 2523 enim
592 2494 827 2530 subjectionem,
857 2503 944 2522 suam
973 2494 1064 2530 facit;
1094 2499 1122 2524 et

321 2557 344 2574 ⁸⁵
358 2557 443 2584 Joan.
457 2564 511 2590 xw,
530 2558 574 2584 28.
614 2556 750 2585 “Matth.
764 2564 815 2590 xx,
832 2557 876 2584 30.

285 2593 331 2621 22.
369 2592 393 2609 '”
410 2593 421 2619 Ι
437 2593 502 2620 Cor.
514 2600 564 2626 xv,
581 2593 626 2621 28.

319 2655 377 2692 (82)
396 2653 558 2692 ἮΔκαιρούς.
575 2654 632 2682 Sic.
645 2662 719 2692 mss.
733 2653 808 2692 Edlli
819 2656 864 2680 καὶ
878 2657 995 2692 καιρούς.

321 2689 378 2726 (83)
399 2690 451 2721 Οὓς
464 2689 500 2726 μῆ
512 2692 627 2726 κατέχει,
647 2691 714 2718 MSS.
731 2689 764 2726 ὧν
776 2692 812 2725 μὴ
826 2689 941 2726 μετέχει.

318 2727 375 2761 (Si)
396 2725 533 2753 Ἐπέϐαλον
555 2730 590 2760 τῷ
604 2726 686 2762 ῥητῷ.
704 2725 803 2753 Melior
819 2725 937 2762 videtur
957 2727 1023 2755 haec
1038 2729 1119 2756 vete-

283 2768 351 2804 rum
365 2762 504 2791 codicum
517 2761 668 2797 scriptura
680 2769 773 2798 quam
795 2761 920 2797 vulgata
939 2762 1066 2789 ὰπΐλαϐον
1091 2765 1120 2789 τὸ

283 2806 374 2835 ρητον.

972 159 1000 187 S.
1022 158 1147 188 BASILII
1166 158 1273 188 MAGNI

915 2557 937 2575 ⁸⁷
953 2556 1040 2585 lCor.
1055 2566 1102 2593 xv,
1119 2560 1165 2587 24.

1897 162 1934 189 260

1173 221 1227 248 Οὔκ
1260 222 1330 247 ἔστιν
1361 219 1419 256 ὶμόν
1448 218 1549 256 δοῦναι,
1582 219 1635 246 ἀλλ’
1671 220 1707 250 οἶς
1735 221 1882 257 ἡτοίμασται
1900 223 1935 248 ὑπὸ

1171 270 1217 292 τοῦ
1238 268 1349 303 Πατρός.
1363 269 1445 292 Τοῦτο
1464 266 1514 303 γὰρ
1543 265 1599 291 ἔστι
1614 267 1658 291 καὶ
1687 267 1716 291 τὸ
1734 264 1887 301 παραδοῦναι
1905 271 1936 296 τήν

1172 311 1309 348 βασιλείαν
1325 312 1367 336 τὸν
1382 312 1496 348 Χριστὸν
1522 313 1559 345 τῷ
1575 314 1631 345 Θεῷ
1656 312 1701 335 καὶ
1725 313 1806 346 Ιῐατρί
1820 318 1825 324 ’
1842 309 1937 347 ἀπαρχήν

1172 358 1233 382 ὄντα
1260 358 1305 381 καὶ
1325 355 1354 381 οὒ
1378 354 1458 387 τέλος,
1480 356 1545 381 κατὰ
1575 357 1622 383 τὴν
1647 357 1808 391 παχυτέραν,
1834 356 1862 385 ὡς
1886 357 1937 391 ἔφη,

1173 398 1360 433 διδασκαλίαν,
1381 400 1439 430 ἥτις
1458 400 1492 429 ὡς
1506 401 1572 436 πρὸς
1597 400 1677 435 ἡμᾶς,
1698 401 1741 425 καὶ
1770 399 1798 425 οὐ
1813 401 1871 436 πρὸς
1883 400 1938 426 αὐτόν

1172 446 1215 470 τὸν
1237 446 1296 470 Υἱόν
1324 445 1466 481 θεωρεῖται.
1483 443 1544 469 Ὀτι
1569 441 1598 470 δε
1610 443 1684 469 ταῦθ’
1707 443 1788 474 οὕτως
1804 445 1863 479 ἔχει,
1884 444 1939 469 milia

1173 488 1322 526 ἕρωτήσασι
1345 492 1400 519 τοῖς
1413 489 1546 524 μαθηταῖς
1563 487 1586 514 ἓν
1601 491 1660 518 ταῖς
1688 487 1801 525 Πράξεσι
1823 492 1867 514 τῶν
1891 487 1939 514 ἁπο-

1175 534 1273 560 στό).ων
1304 535 1357 560 τό·
1390 536 1456 560 Πότε
1495 533 1714 564 ἁποκαθιστοινεῐς
1750 535 1792 561 τήν
1834 531 1940 569 βασιλεία-ι

1172 583 1208 614 τῷ
1236 578 1353 616 Ἰσραὴλ,
1382 581 1461 614 φησίν
1479 589 1485 595 ·
1506 578 1568 614 Οὐχ
1594 578 1666 614 ὴμῶν
1696 579 1752 604 ἔστι
1779 576 1867 613 γνῶναι
1894 580 1940 615 χρό-

1172 633 1229 654 νους
1258 624 1272 652 ἣ
1308 625 1415 660 καιροὺς
1444 625 1509 658 (82),
1539 623 1585 653 οὓς
1612 623 1624 648 ὁ
1652 624 1742 658 Πα-ἡρ
1773 623 1839 648 ἔθετο
1872 621 1891 647 ἄν
1920 626 1941 657 τῇ

1174 666 1230 703 ἰδίᾳ
1255 667 1371 704 ἐξουσίᾳ,
1385 670 1536 701 Τοντέστιν,
1554 667 1583 693 οὐ
1599 671 1648 693 τῶν
1679 665 1864 703 συνδεδεμένων
1886 669 1943 702 rapti

1172 715 1217 738 καὶ
1235 713 1327 748 αἵματι
1339 716 1387 742 τῆς
1413 714 1537 742 τοιαύτης
1552 711 1690 748 βασιλείας
1713 712 1728 740 ἡ
1745 715 1846 747 γνῶσις.
1867 713 1943 739 Ταύτην

1172 757 1224 792 γὰρ
1239 759 1286 785 τὴν
1299 757 1406 793 θεωρίαν
1423 756 1435 782 ὁ
1456 758 1547 792 Πατὴρ
1562 756 1696 782 ἐναπέθετο
1716 759 1747 791 τῇ
1775 754 1829 791 ἰδίᾳ
1844 755 1942 790 ἐξουσίᾳ-

1174 800 1294 832 ἔξουσίαν
1313 801 1393 836 λέγων
1418 803 1477 831 τοὺς
1500 800 1743 836 ἓξουσιαζομένους,
1773 798 1852 830 ἰδίους
1870 798 1902 832 δε,
1917 800 1944 829 οὗ(

1174 848 1210 882 μὴ
1236 847 1343 881 κατέχει
1372 846 1429 881 (83)
1450 846 1543 881 ἄγνοια
1569 849 1619 871 τῶν
1646 846 1784 882 κατωτέρω
1805 846 1937 881 πραγμάτων

1175 893 1291 927 Χρόνους
1307 889 1336 916 δε
1351 892 1395 915 καὶ
1423 891 1531 926 καιροὺς
1544 893 1579 926 μή
1596 899 1641 926 μοι
1667 892 1719 916 νόει
1740 890 1883 922 αἰσθητοὺς,
1901 888 1944 914 ἀλλὰ

1177 933 1347 970 διαστήματα
1366 944 1424 959 τινα
1442 937 1559 970 γνώσεως
1579 935 1629 960 ὑπὸ
1646 938 1691 960 τοῦ
1711 938 1803 963 νοητοῦ
1815 934 1883 962 ἡλίου
1895 936 1944 969 γινό-

1176 989 1249 1015 μενα.
1271 983 1313 1005 Δεῖ
1326 980 1376 1016 γὰρ
1392 983 1438 1008 τὴν
1455 981 1610 1016 προσευχήν
1625 980 1723 1008 ἐκείνην
1734 979 1776 1005 ἐπὶ
1788 980 1864 1015 πέρας
1886 979 1945 1013 a166-

1176 1034 1218 1050 ναι
1230 1028 1276 1050 τοῦ
1301 1027 1433 1050 Δεσπότου
1453 1025 1537 1060 ἡμῶν.
1558 1024 1659 1054 Ἰησοῦς
1671 1026 1722 1062 γάρ
1753 1024 1822 1050 ἔστιν
1841 1024 1945 1060 dapem-

1177 1068 1284 1105 ξάμενος
1306 1079 1312 1085 ·
1352 1070 1399 1100 Δός
1433 1069 1529 1103 αὐτοῖς,
1558 1070 1599 1094 ῑνα
1635 1071 1680 1095 καὶ
1704 1069 1780 1095 αὖτοί
1808 1068 1832 1094 ἔν
1864 1069 1914 1104 ἡμῖν
1931 1067 1946 1092 ξι

1177 1113 1237 1147 ὦσι,
1258 1114 1344 1143 καθὼς
1376 1113 1426 1149 ἑγὼ
1450 1115 1494 1139 καὶ
1523 1115 1556 1139 σὺ
1585 1113 1610 1139 ἓν
1639 1112 1725 1149 ὶσμεν,
1750 1114 1844 1149 Πάτερ.
1862 1112 1946 1147 Sir/ip

1177 1158 1210 1183 ὧν
1232 1159 1245 1183 ὁ
1265 1159 1340 1190 Θεὸς,
1357 1157 1383 1184 ἕν
1412 1157 1514 1193 ἑκάστῳ
1533 1159 1676 1194 γινόμενος,
1705 1157 1758 1184 ἑνοῖ
1779 1160 1834 1188 τοὺς
1856 1157 1947 1186 πάντος’

1177 1205 1222 1228 καὶ
1245 1201 1385 1228 ἀπόλλυται
1409 1203 1422 1228 ὁ
1446 1201 1554 1239 ἀριθμὸς
1581 1206 1612 1239 τῇ
1634 1206 1682 1233 τῆς
1707 1200 1821 1238 μονάδος
1841 1200 1948 1236 indepti}

1179 1247 1258 1284 Κάγὼ
1287 1249 1332 1284 μὶν
1359 1248 1440 1277 οὕτως
1464 1247 1586 1273 ἐπέϐαλον
1619 1252 1655 1283 τῷ
1674 1248 1745 1284 ῥητῷ
1768 1249 1821 1284 (84)
1845 1248 1904 1273 κατὰ
1919 1246 1949 1273 τήν

1181 1291 1304 1329 δευτέραν
1318 1292 1495 1328 ἐπιχείρησιν,
1508 1291 1538 1318 Εἰ
1553 1290 1582 1318 δέ
1596 1301 1636 1323 τις
1657 1291 1760 1328 βέλτιον
1784 1292 1860 1328 λὶγοι,
1873 1291 1885 1320 ᾗ
1900 1289 1952 1330 δίῳ-ι

1182 1338 1238 1366 θοίη
1256 1336 1364 1366 εὐσεϐῶς
1381 1338 1413 1362 τὰ
1427 1337 1548 1373 ἡμέτερα,
1567 1338 1612 1362 καὶ
1634 1336 1728 1371 λεγέτω
1747 1338 1793 1362 καὶ
1808 1335 1949 1373 διορθούσθυ,

1180 1384 1225 1407 καὶ
1253 1382 1265 1407 ό
1296 1382 1390 1417 Κύριος
1410 1379 1593 1406 ἀνταποδὼσει
1612 1381 1675 1418 ὑπὲρ
1705 1382 1788 1417 ἡμῶν.
1819 1378 1901 1409 Οὐδεὶς
1917 1379 1950 1413 γὰρ

1179 1426 1242 1462 παρ’
1269 1427 1331 1462 ἡμῖν
1356 1425 1490 1455 αὐλίζεται
1524 1426 1625 1461 φθόνος,
1660 1426 1700 1451 ὃτι
1723 1424 1795 1462 μήδξ
1831 1424 1951 1461 9ιλονιίιίε;

1181 1472 1259 1497 ἕνεκεν
1288 1471 1302 1500 ἣ
1319 1469 1469 1501 κενοδοξίας
1489 1471 1545 1505 (85)
1571 1470 1613 1496 ἰπὶ
1628 1469 1708 1499 τήνδε
1730 1473 1779 1500 τὴν
1792 1470 1896 1501 ἐξέτασιν
1918 1471 1951 1492 τῶν

1179 1516 1303 1552 ῥημάτων
1333 1517 1522 1552 κεχωρήκαμεν
1540 1522 1546 1530 ⁸
1579 1514 1651 1540 ἀλλὰ¹
1677 1515 1798 1551 ὡφελείας
1827 1515 1896 1540 ἕνεκεν
1919 1515 1950 1537 τίαν

1181 1559 1306 1595 ἀδελφῶν,
1337 1560 1400 1596 ὑπὲρ
1436 1563 1481 1585 τοῦ
1509 1562 1545 1595 μὴ
1585 1557 1671 1585 δοκεῖν
1700 1559 1903 1597 παρακρούεσθαι
1930 1556 1951 1580 τά

1181 1605 1322 1641 ὀστράκινα
1338 1605 1429 1632 σκεύη·
1452 1605 1486 1629 τὰ
1511 1605 1553 1630 τὸν
1575 1604 1708 1640 θησαυρὸν
1729 1605 1826 1640 ἔχοντα
1847 1606 1886 1630 τοῦ
1898 1603 1949 1633 Θεοῦ,

1180 1651 1230 1676 ὑπὸ
1254 1653 1303 1674 τῶν
1334 1646 1509 1685 λιθοκαρδίων
1538 1651 1582 1674 καὶ
1617 1647 1802 1685 ἁπεριτμήτων
1833 1647 1949 1684 ἀνθρώπων.

1180 1699 1230 1722 τῶν
1247 1694 1275 1720 ἐκ
1288 1699 1333 1724 τῆς
1343 1696 1431 1730 μωροῖς
1447 1693 1615 1729 ὡπλισμένων
1632 1696 1735 1730 σοφίας,

1178 1739 1269 1768 stulta
1294 1738 1439 1775 sapientia
1469 1737 1578 1765 armati
1595 1740 1676 1772 sunt,
1706 1735 1903 1766 circumveniri
1920 1733 1951 1760 vi-

1215 1829 1242 1857 8.
1260 1827 1340 1854 Πάλιν
1355 1825 1402 1853 διὰ
1420 1830 1466 1852 τοῦ
1488 1830 1568 1862 σοφοῦ
1594 1826 1758 1862 Σολομῶντος
1783 1827 1807 1853 ἕν
1826 1825 1952 1863 Παροιμίαις

1180 1874 1309 1900 ἔκτισται,
1334 1873 1425 1909 Σύριος
1451 1873 1511 1908 γὰρ,
1540 1873 1628 1907 φησὶν,
1648 1873 1737 1898 ἔκτισε
1770 1881 1811 1908 με.
1840 1873 1884 1897 Καὶ
1900 1868 1951 1905 ἀρχὲ

1179 1916 1247 1943 ὁδῶν
1263 1916 1435 1953 εὐαγγελικῶν
1447 1916 1613 1952 ὀνομάζεται,
1641 1915 1764 1952 ἁγουσῶν
1779 1918 1847 1953 ἡμᾶς
1857 1915 1910 1951 πρὸς
1921 1914 1952 1939 τά*

1179 1961 1317 1998 βασιλείαν
1332 1966 1382 1987 τῶν
1405 1961 1528 1997 οὐρανῶν,
1554 1961 1583 1986 οὐ
1607 1961 1664 1987 κατ’
1682 1961 1776 1987 οὐσίαν
1801 1963 1890 1992 κτίσις,
1909 1956 1954 1982 ἀλλά

1178 2008 1246 2033 κατὰ
1271 2009 1319 2036 τὴν
1341 2006 1489 2042 οἰκονομίαν
1514 2004 1576 2036 ὁδὸς
1599 2008 1721 2041 γεγονώς,
1750 2008 1785 2032 Τό
1811 2006 1858 2042 γὰρ
1875 2002 1953 2039 γεγονε-

1177 2061 1229 2085 ναι,
1259 2054 1304 2077 καὶ
1328 2053 1356 2077 τὸ
1389 2051 1520 2085 ἐκτίσθαι,
1545 2052 1639 2076 ταυτὸν
1665 2049 1756 2079 δηλοῖ,
1780 2050 1823 2081 Ὠς
1848 2050 1892 2084 γὰρ
1911 2043 1954 2072 ὁδός

1175 2098 1274 2131 γέγονε,
1289 2098 1334 2122 καὶ
1350 2096 1425 2133 θύρα,
1443 2097 1487 2121 καὶ
1506 2097 1615 2131 ποιμὴν,
1631 2097 1676 2120 καὶ
1695 2095 1816 2131 ἄγγελος,
1844 2095 1885 2120 καὶ
1905 2091 1953 2126 πρὸ·

1177 2139 1265 2175 ϐατον,
1300 2143 1344 2166 καὶ
1376 2139 1453 2166 πάλιν
1487 2138 1625 2176 ἀρχιερεὺς
1651 2141 1695 2165 καὶ
1730 2138 1893 2168 ἀπόστολος·
1924 2133 1953 2159 δ’

1175 2183 1224 2209 λων
1246 2184 1301 2220 (86)
1329 2184 1386 2210 κατ’
1416 2183 1496 2212 ἄλλην
1521 2183 1635 2210 ἐπίνοιαν
1662 2188 1711 2209 τῶν
1737 2184 1865 2220 ὀνομάτων
1890 2187 1953 2215 aufu-

1175 2239 1234 2258 νων.
1259 2231 1289 2257 Τί
1317 2229 1347 2255 ἂν
1365 2231 1433 2255 εῖποι
1451 2229 1528 2255 πάλιν
1554 2229 1567 2255 ὁ
1588 2230 1718 2266 αἰρετικὸς
1738 2231 1798 2267 περὶ
1815 2231 1858 2254 τοῦ
1881 2225 1952 2251 ἀνυπο-

1175 2275 1271 2300 τάκτου
1300 2277 1377 2307 Θεοῦ,
1403 2276 1448 2299 καὶ
1472 2277 1518 2300 τοῦ
1543 2271 1579 2299 δι’
1602 2274 1670 2309 ἡμᾶς
1691 2273 1820 2310 ἁμαρτίαν
1842 2269 1953 2308 γεγενημέ-

1232 2327 1240 2352 ',
1280 2320 1429 2355 Γίγραπταῑ
1460 2319 1511 2354 γάρ
1529 2326 1535 2333 ·
1568 2317 1650 2344 Ὀταν
1687 2317 1806 2353 ὑποταγῇ
1843 2316 1905 2350 αὐτῷ
1932 2311 1954 2336 τά

1173 2364 1269 2399 πάντα,
1301 2365 1360 2390 τότε
1394 2365 1439 2389 καὶ
1473 2362 1548 2393 αὐτὸς
1581 2363 1594 2388 ὁ
1629 2363 1689 2393 Υἱὸς
1719 2362 1907 2398 ὑποταγήσεται
1929 2357 1953 2389 τᾷ

1174 2408 1334 2439 ὑποτάξαντι
1371 2407 1440 2443 αὐτῷ
1473 2408 1505 2433 τὰ
1535 2408 1630 2434 πάντα.
1660 2407 1697 2433 Οὐ
1736 2406 1815 2444 φοϐῇ,
1851 2405 1952 2440 ἄνθρωπε.

1173 2455 1216 2480 τόν
1245 2455 1310 2480 Θεὸν
1341 2452 1520 2479 ἀνυπότακτον
1540 2452 1729 2489 ὀνομαζόμενον
1747 2461 1754 2486 ;
1775 2454 1827 2481 Τὴν
1854 2451 1897 2487 γὰρ
1920 2447 1954 2473 ﬂ"

1176 2328 1220 2344 νου

1175 2499 1310 2534 ὑποταγὴν
1326 2495 1397 2524 ἰδίαν
1411 2500 1534 2532 τιοιεῐτοιι⁷
1550 2499 1595 2523 καὶ
1615 2496 1639 2523 ἓν
1650 2500 1685 2532 τῷ
1706 2496 1852 2523 ἀντιτείνειν
1874 2491 1954 2527 σαπρὸς

1764 2559 1790 2576 ⁷ο
1810 2558 1892 2586 Prov.
1909 2558 1954 2583 rm,

1204 2560 1227 2577 "
1239 2561 1302 2588 Act.
1314 2567 1334 2593 ι,
1347 2561 1374 2594 6,
1391 2561 1417 2586 7.
1457 2560 1480 2577 ⁵³
1494 2559 1584 2587 Joan.
1597 2566 1666 2591 xvu,
1680 2560 1726 2587 2t.

1213 2658 1268 2693 (85)
1289 2655 1456 2688 Κενοδοξίας.
1470 2656 1526 2693 S_ic.
1543 2664 1618 2684 mss.
1635 2656 1713 2684 Editi
1727 2649 1955 2692 φιλοδοξίας.ΡδιιῙο

1176 2691 1245 2729 post
1259 2693 1416 2730 cod_._Reg.
1429 2694 1464 2730 μὴ
1478 2691 1568 2730 deusta
1584 2691 1798 2730 neptgpoﬁteﬁatt.

1211 2728 1268 2770 (8_6)
1283 2725 1402 2770 ’Ἄλλωῇ
1411 2725 1486 2770 Editi
1509 2725 1628 2770 addunt
1641 2725 1682 2770 δί,
1696 2727 1749 2756 sed
1762 2728 1851 2770 deest
1861 2725 1954 2770 in

1175 2764 1268 2828 Pauli;
1278 2767 1348 2828 pclist
1363 2764 1478 2801 ἁμαρτία
1491 2766 1661 2800 γεγενημένου
1673 2763 1706 2793 in
1717 2763 1785 2792 cod.
1802 2764 1878 2797 θεας
1892 2763 1955 2794 ἁμαρ·

1175 2809 1233 2828 τιας
1272 2808 1305 2828 tu'
1319 2820 1326 2828 .

1175 2809 1233 2831 τιας
1248 2808 1326 2829 uari.
