2009 3145
39 139 94 167 2M

40 202 92 230 τήν
120 199 236 237 ἂρετήν,
271 200 447 227 ἀνυπότακτον
478 200 568 227 ἑαυτὸν
600 201 738 237 ὀνομάζει,
771 201 847 228 οὕτω
866 207 889 234 Α

37 245 106 270 ποτε
134 247 181 271 καὶ
205 244 296 271 ἑαυτὸν
324 246 369 281 ἶφη
399 244 464 271 εἶναι
491 247 533 272 τὸν
568 243 735 282 διωκόμενον.
769 245 849 272 Σαῦλε

37 291 104 326 γὰρ,
135 292 212 325 φησί,
243 289 332 323 Σαῡλε,
358 299 385 316 τι
410 300 441 326 με
470 288 593 323 dudum;
622 292 700 319 ἡνίκα
728 290 770 317 ἐπὶ
797 294 848 317 Δα-

38 335 148 370 μασκὸν
169 335 261 372 ἔτρεχε
281 335 347 367 (87),
368 336 429 365 τοὺς
447 336 569 372 μαθητὰς
583 339 627 361 τοῦ
648 339 765 372 Χριστοῦ
786 345 847 361 συν-

40 376 133 407 δῆσαι
157 376 325 415 βουλόμενος.
342 381 393 405 Καὶ
416 379 493 406 πάλιν
520 380 610 406 ἑαυτὸν
635 382 732 416 γυμνὸν
757 379 849 416 ὀνομά-

40 423 98 454 ζει,
127 423 178 454 ἑνός
196 433 262 454 τινος
289 428 338 449 τῶν
368 422 484 461 ἀδελφῶν
507 426 721 460 γυμνητεύοντος.
750 427 849 461 Γυμνὸς

38 469 110 504 γὰρ,
132 470 221 504 φησὶν,
235 470 316 504 ἤμην,
332 471 377 494 καὶ
400 468 562 505 περιεϐάλετέ
583 479 624 506 με.
646 472 697 496 Καὶ
717 468 795 495 ἄλλον
824 469 850 495 ἰν

40 511 151 549 φυλακῇ
181 515 260 546 ὄντος,
288 513 378 539 ἑαυτὸν
407 515 453 550 ἔφη
486 513 549 540 εἶναι
581 515 626 540 τὸν
652 515 846 551 καθειργμένον.

40 557 131 587 Αὐτὸς
151 559 201 594 γὰρ
227 558 273 588 τὰς
297 558 426 595 ἁμαρτίας
449 559 520 595 ὴμῶν
544 557 599 596 ἦρε,
619 561 663 585 καὶ
685 560 730 589 τὰς
755 561 848 590 νόσους

39 601 188 630 ἐϐάστασε.
213 604 270 629 Μία
289 601 319 628 δὲ
339 606 390 628 τῶν
413 602 548 629 ἀσθενειῶν
567 603 623 629 ἐστι
647 606 692 630 καὶ
707 605 721 632 ἠ
749 603 847 630 ἀνυπο-

38 646 143 677 ταξίει·
168 649 214 673 καὶ
242 648 340 675 ταύτην
365 647 505 675 ἐϐάστασε.
530 649 573 674 Διὸ
597 650 643 674 καὶ
671 650 704 674 τὰ
735 648 846 684 συμϐαί-

38 701 121 717 νοντα
136 693 199 728 ἠμῖν
222 694 395 730 περιστατικὰ
420 691 588 719 ὶδιοποιεῖται
606 694 618 719 ό
636 695 740 731 Κύριος,
755 693 783 719 ἐκ
802 698 847 724 τῆς

39 738 107 773 πρὸς
139 738 209 773 ἡμᾶς
243 740 375 768 κοινωνίας
405 739 438 764 τὰ
465 739 578 775 ἡμέτερα
611 739 681 768 πάθη
713 737 847 774 ἀναδεχό-

39 791 130 817 μενος.

80 873 108 898 9.
127 870 206 898 Ἀ).λά
233 873 278 897 καὶ
304 872 343 904 τὸ,
372 871 410 897 Οὐ
435 870 547 897 δύναται
570 872 582 897 ὁ
611 873 669 902 Υἱὸς
696 875 778 899 ποιεῖν
804 872 846 908 ἀφ’

45 917 141 942 ἑαυτοῦ
168 914 261 948 οὐδὲν,
289 915 466 952 λαμϐάνουσιν
491 917 516 942 οἰ
543 917 670 953 Θεομάχοι
700 917 741 944 ἐπὶ
768 927 848 943 κατα-

867 883 886 909 Β

48 964 148 997 στροφῇ
170 964 218 986 τῶν
243 959 398 987 ἀκουόντων.
413 960 484 997 Ἐμοὶ
510 959 539 987 δὶ
563 964 608 987 καὶ
631 965 708 988 τοῦτο
727 963 756 987 τὸ
770 962 847 999 ῥητὸν

46 1005 168 1041 μάλιστα
182 1005 346 1041 καταγγέλλει
364 1010 410 1035 τῆς
434 1005 515 1036 αὐτῆς
537 1007 636 1042 φύσεως
652 1005 716 1032 εἶναι
730 1009 773 1033 τὸν
788 1007 847 1033 Υὶόν

44 1053 83 1084 τῷ
105 1052 198 1085 Πατρί.
222 1050 253 1075 Εἰ
273 1051 325 1086 γὰρ
354 1050 462 1076 ἕκαστον
490 1054 539 1076 τῶν
565 1050 674 1086 λογικῶν
698 1051 847 1087 κτισμάτων

43 1092 160 1120 δύναταί
183 1104 209 1120 τι
231 1098 313 1120 ποιεῖν
336 1094 379 1131 ἀφ’
404 1095 507 1128 ἑαυτοῦ,
525 1095 692 1126 αὐτεξούσιον
713 1097 773 1132 ἔχον
790 1096 846 1131 (88)

40 1141 90 1168 τὴν
115 1139 159 1165 ἐπὶ
179 1140 208 1165 τό
227 1141 316 1177 χεῖρόν
340 1149 368 1165 τε
386 1142 431 1166 καὶ
459 1143 574 1176 κρεῖττον
593 1141 687 1177 ῥοπὴν,
707 1142 719 1166 ὀ
741 1138 770 1167 δὲ
788 1142 849 1172 Υἱὸς

40 1183 71 1209 οὗ
94 1181 210 1209 δύναταί
224 1186 250 1209 τί
273 1187 355 1210 ποιεῖν
380 1183 421 1220 ἀφ’
442 1185 552 1211 ἑαυτοῦ·
570 1186 599 1212 οὗ
622 1189 720 1222 κτίσμα
739 1188 752 1213 ό
779 1188 847 1217 Υἱός.

36 1228 70 1254 Εἰ
102 1226 132 1254 δὲ
152 1230 188 1264 μὴ
213 1231 324 1265 κτίσμα,
342 1230 482 1266 ὀμοούσιος
505 1234 540 1265 τῷ
565 1233 657 1267 Πατρί.
686 1233 736 1257 Καὶ
759 1232 846 1266 πάλιν,

37 1270 118 1298 οὔὸεν
145 1277 195 1299 τῶν
215 1275 364 1310 κτισμάτων
388 1275 421 1300 τὰ
444 1275 495 1301 ὅσα
521 1274 643 1311 βούλεται
670 1274 790 1304 δύναται,
819 1276 848 1303 Ὀ

37 1315 68 1343 δὲ
90 1318 156 1348 Υἱὸς
180 1318 204 1344 ἐν
228 1322 265 1353 τῷ
290 1318 390 1356 οὐρανῷ
415 1321 460 1345 καὶ
481 1319 523 1345 ἐπὶ
547 1324 594 1351 τῆς
619 1324 668 1356 γῆς
688 1321 773 1346 πάντα
799 1322 849 1347 ὅσα

37 1362 190 1396 ἠθέλησεν,
221 1363 359 1392 ἐποίησεν*
385 1364 432 1389 οὐκ
458 1364 509 1400 ἄρα
536 1367 637 1401 κτίσμα
662 1366 674 1390 ό
701 1366 771 1396 Υἱός.
797 1368 847 1392 Καὶ

36 1406 130 1440 πάλιν,
149 1407 235 1433 πάντα
259 1409 291 1433 τὰ
311 1410 445 1444 κτίσματα
473 1408 487 1438 ἡ
516 1409 544 1434 ἐκ
565 1413 615 1435 τῶν
642 1411 761 1436 ἐναντίων
787 1420 846 1436 συν-

35 1454 165 1485 έστηκεν,
190 1452 205 1480 ἦ
230 1456 280 1478 τῶν
309 1452 428 1479 ἐναντίων
459 1453 514 1479 ἐστὶ
541 1452 659 1482 δεκτικά.
679 1454 708 1480 Ὀ
735 1453 764 1481 δὲ
787 1456 847 1485 Υἱὸς

36 1493 281 1531 αὐτοδικαιοσύνη,
296 1499 341 1523 καὶ
365 1497 442 1528 ἄυλος
463 1497 532 1524 ἐστιν
548 1509 553 1514 ·
575 1500 622 1524 οὐκ
644 1499 695 1535 ἄρα
718 1509 819 1535 κτισμα
833 1500 846 1525 ὁ

36 1541 113 1570 Υἱὸς.
130 1540 163 1566 Εἰ
176 1538 206 1566 δὲ
220 1543 255 1576 μὴ
271 1545 356 1574 τοῦτο,
374 1541 511 1576 ὁμοούσιος
525 1546 562 1575 τῷ
577 1545 672 1579 Πατρί,
865 1557 886 1586 C

77 1631 123 1656 10.
146 1631 198 1655 Καὶ
225 1629 291 1658 αὕτη
315 1631 360 1665 μεν
384 1630 516 1668 αὐτάρκης
540 1631 604 1667 ἡμῖν
628 1631 753 1664 ἐξέτασις,
779 1632 846 1657 κατὰ

35 1675 87 1702 τήν
114 1672 229 1710 δύναμιν
253 1676 300 1703 τὴν
315 1675 440 1710 ἡμετέραν
460 1678 509 1700 τῶν
524 1676 645 1701 τεθέντων
659 1676 756 1713 ῥητῶν.
774 1674 844 1705 Ἤδη

35 1717 70 1745 δε
86 1718 178 1745 λοιπὸν
199 1728 245 1745 και
267 1720 331 1756 πρὸς
354 1721 415 1750 τοὺς
435 1718 636 1750 ἀντιπίπτοντας
657 1725 694 1756 τῷ
714 1722 846 1758 Πνεύματι

32 1767 76 1799 τῷ
107 1763 176 1799 ἁγίῳ
200 1767 237 1799 τῷ
267 1763 335 1799 λόγῳ
363 1766 528 1801 χωρήσωμεν
557 1767 631 1799 (89),
662 1766 845 1802 καθαιροῦντες

33 1807 127 1834 αὐτῶν
152 1811 204 1834 πᾶν
233 1807 331 1844 ὕψωμα
359 1806 476 1839 διανοίας
504 1808 670 1846 ἐπαιρόμενον
699 1811 767 1836 κατὰ
797 1815 845 1841 τῆς

31 1854 160 1888 γνώσεως
188 1856 236 1878 τοῦ
261 1856 336 1880 Οεοῦ.
370 1855 478 1889 κτίσμα
506 1853 588 1889 λέγεις
617 1855 646 1880 τὸ
677 1857 783 1891 Πνεῦμα
815 1857 843 1881 τὸ

32 1897 126 1932 ἅγιον.
148 1900 203 1923 Πᾶν
229 1895 259 1923 δε
287 1899 387 1933 κτίσμα
413 1896 505 1924 δοῦλον
531 1898 587 1924 ἐστι
613 1902 659 1924 τοῦ
687 1901 842 1930 κτίσαντος·

31 1943 80 1968 Τὰ
106 1942 159 1978 γὰρ
188 1943 338 1978 σύμπαντα,
361 1945 436 1978 φησὶ,
464 1942 546 1969 δοῦλα
566 1944 609 1970 σά.
638 1943 668 1970 Εἰ
695 1942 725 1970 δὲ
751 1942 843 1971 δοῦλόν

32 1986 108 2021 ἐστι,
129 1989 174 2012 καὶ
202 1986 338 2016 ἐπίκτητον
365 1989 422 2023 ἲχει
446 1990 493 2017 τὴν
520 1988 667 2024 ἁγιότητος·
695 1992 746 2015 πᾶν
773 1987 802 2016 δὲ
831 1990 844 2016 ὃ

32 2032 180 2059 ἐπίκτητον
211 2032 268 2067 ἔχει
296 2034 342 2061 τὴν
371 2032 511 2068 ἁγιότητος,
532 2033 579 2058 οὒκ
599 2031 765 2059 ἀνεπίδεκτον
786 2033 844 2060 ἔστι

31 2078 150 2106 κακίας·
168 2077 196 2101 τὸ
217 2074 247 2102 δὲ
267 2080 371 2113 Πνεῦμα
389 2079 419 2103 τὸ
439 2077 522 2113 ἅγιον,
539 2078 596 2103 κατ’
610 2078 702 2104 οὐσίαν
717 2078 744 2104 ὃν
756 2078 841 2114 ἅγιον,

31 2123 112 2156 πηγή
137 2120 270 2157 ὰγιασμοῦ
293 2124 521 2159 προσηγόρευται’
545 2122 592 2148 οὐκ
617 2122 669 2159 ἀρα
690 2125 790 2159 κτίσμα
814 2125 844 2149 τὸ

31 2170 146 2202 Πνεῦμα
162 2168 191 2192 τό
206 2166 291 2202 ἅγιον.
313 2167 342 2194 Εἰ
368 2165 398 2193 δὲ
419 2169 454 2203 μὴ
482 2170 593 2204 κτίσμα,
620 2169 760 2204 ὀμοούσιόν
786 2169 841 2195 ἐστι

30 2216 74 2247 τῷ
95 2215 164 2246 Θεῷ.
183 2214 240 2242 Πῶς
259 2209 289 2237 δέ
316 2209 407 2238 δοῦλον
424 2211 570 2245 ἀποκαλεῖς,
593 2213 646 2239 εἱπέ
661 2213 717 2249 μοι,
737 2215 780 2239 τὸν
796 2211 843 2240 διὰ

31 2259 84 2282 τοῦ
109 2254 297 2292 βαπτίσματος
324 2256 506 2294 ἐλευθεροῦντα
533 2266 562 2283 σε
588 2261 633 2287 τῆς
657 2255 796 2292 δουλείαςς
813 2257 842 2285 Ὀ

31 2302 87 2336 γὰρ
117 2302 206 2336 νόμος,
233 2303 312 2336 φησὶ,
335 2305 381 2327 τοῦ
410 2302 560 2338 Πνεὺματος
590 2305 636 2332 τῆς
664 2302 733 2333 ζωῆς
763 2302 841 2332 ἠλευ-

33 2346 137 2382 θέρωσί
171 2354 202 2381 με
233 2346 290 2382 (90)
324 2344 375 2372 ἀπὸ
408 2350 454 2373 τοῦ
494 2348 574 2383 νόμου
612 2350 659 2377 τῆς
693 2346 836 2383 ἁμαρτίας,

31 2389 104 2416 Ἀλλ’
124 2387 187 2415 οὐδὲ
210 2392 322 2426 τρεπτὴν
348 2390 425 2417 οὐτοῡ
451 2401 512 2417 ποτε
526 2393 573 2420 τὴν
594 2391 686 2417 οὐσίαν
701 2391 841 2428 τολμήσεις

33 2433 128 2467 εἰπεῖν,
148 2432 250 2470 ὰῳορῶν
271 2433 305 2464 εἰς
331 2436 378 2464 τὴν
410 2436 487 2472 φύσιν
514 2440 560 2466 τῆς
588 2434 765 2472 ἀντικειμένης
792 2434 840 2462 δυ-

69 2509 94 2527 ⁷²
115 2511 180 2537 Act.
200 2517 241 2545 rx,
260 2511 289 2539 4.
326 2510 351 2527 ⁷³
370 2503 471 2538 Matth.
491 2519 557 2545 xxv,
578 2513 622 2539 36.

35 2553 55 2579 ι,
75 2546 104 2572 4.
143 2545 168 2562 ⁷⁸
189 2545 276 2575 Rom.
296 2553 356 2580 vui,
375 2548 403 2573 2.

66 2620 123 2656 (87)
143 2619 266 2656 Ἐτρεχε.
283 2620 405 2649 Addunt
423 2621 492 2649 editi
512 2621 615 2653 ἐκεῖνος.
635 2622 688 2650 sed
707 2622 791 2651 deest
804 2623 835 2651 in

33 2664 106 2695 mss.
123 2656 215 2695 Paulo
230 2659 300 2695 post
314 2656 384 2695 editi
407 2656 601 2695 separamus:
618 2657 702 2686 aliter
715 2658 745 2686 in
760 2667 834 2687 mss.

34 2665 106 2684 mss.
123 2665 215 2684 Pallio
223 2665 300 2719 (post
314 2665 384 2684 eam
407 2665 600 2695 περιεϋαλλετε·
618 2665 702 2686 aliter
715 2667 723 2685 ι

34 2692 169 2721 Subinde
177 2700 231 2730 >c0u
247 2713 255 2720 .
271 2692 351 2721 Harl.
368 2692 501 2724 ἀσθενείας
516 2701 571 2730 pro
583 2693 726 2730 γάμαρτίας.

68 2729 126 2769 (δε)
440 2727 622 2769 ηερ-γενδέι
645 2727 673 2769 ξς
693 2737 835 2769 qum-

34 2766 168 2799 quuntur
183 2771 282 2801 usque
297 2763 336 2791 ad
349 2763 418 2801 ista,
434 2764 463 2790 οὗ
487 2767 588 2801 κτίσμα
602 2766 615 2790 ό
632 2763 834 2801 )‘ié;,'addidi-

34 2807 99 2828 mus
113 2807 152 2828 ex
174 2799 244 2828 cod.
261 2800 332 2835 Reg.
346 2800 394 2828 cui
408 2799 556 2829 consentit
571 2800 664 2836 τίοι-1.,
679 2801 738 2829 nisi
752 2801 835 2837 quod

558 135 801 167 EPISTOLARUM
821 136 964 167 CLASSIS
984 138 1004 165 Ι.
1026 135 1132 167 EPIST.
1152 139 1222 167 VIII.

665 2512 690 2530 ⁷⁸
708 2512 794 2540 Joan.
817 2519 844 2546 v,
867 2513 909 2540 t9.

1677 139 1730 168 262

904 200 987 237 quod
997 202 1028 228 tu
1036 200 1191 229 reluctaris
1205 200 1352 229 adversus
1365 201 1518 235 virtutem,
1530 201 1732 238 seipsumnon

904 245 1073 280 subjectum
1089 246 1235 273 nominat.
1247 245 1288 274 lta
1304 245 1470 282 aliquando
1481 245 1651 282 etseipsum
1662 246 1733 275 dicit

904 297 972 318 esse
1002 289 1198 325 persecutioni
1218 290 1397 318 obnoxium.
1423 291 1468 318 Ait
1495 290 1575 318 enim
1598 300 1603 318 :
1629 292 1730 325 Saule,

903 334 1002 368 Saule,
1019 335 1091 370 quid
1101 342 1147 362 me
1156 335 1341 370 persequeris
1352 335 1396 362 ⁷³⁵2
1412 343 1481 362 cum
1505 334 1644 363 videlicet
1673 337 1733 363 Da-

903 386 1040 406 mascum
1052 381 1193 413 curreret,
1223 379 1329 407 Christi
1358 379 1523 415 discipulos
1555 379 1666 407 vincire
1681 388 1733 408 vo-

902 423 977 451 lens.
1009 424 1038 451 Et
1064 431 1170 451 rursus
1199 424 1334 459 seipsum
1357 423 1472 451 nudum
1496 426 1595 457 vocat,
1612 424 1638 452 si
1653 432 1732 452 unus

903 467 1012 504 aliquis
1027 476 1061 496 ex
1078 468 1220 496 fratribus
1241 468 1341 495 nudus
1356 468 1507 496 exstiterit.
1524 468 1630 496 Nudus
1639 470 1729 503 enim,

902 511 1008 548 inquit,
1035 520 1128 545 eram,
1153 515 1180 540 et
1215 513 1409 548 cooperuistis
1432 520 1478 541 me
1492 513 1528 541 ⁷³.
1553 514 1636 547 Item,
1661 516 1730 541 cum
1764 515 1774 522 '

902 557 980 584 alius
996 557 1026 584 in
1048 564 1168 584 carcere
1186 560 1335 592 versatur,
1357 557 1490 593 seipsum
1501 557 1653 585 inclusum
1666 565 1731 585 esse

899 600 983 629 dicit.
998 601 1063 637 Ipse
1072 601 1151 629 enim
1163 604 1287 637 peccata
1298 604 1401 630 nostra
1411 601 1485 635 tulit,
1495 603 1523 629 et
1534 601 1657 629 morbos
1665 609 1732 638 por-

903 646 984 674 tavit.
998 647 1061 674 Una
1071 649 1172 674 autem
1186 654 1223 674 ex
1235 646 1460 674 infirmitatibus
1467 649 1513 674 est
1523 645 1604 681 quod
1614 646 1732 681 subjec-

902 691 922 718 ti
936 698 998 718 non
1009 690 1118 724 simus;
1145 693 1174 718 et
1192 690 1272 718 hanc
1283 690 1422 726 portavit.
1445 691 1634 726 Quapropter
1643 693 1671 718 et
1681 698 1731 718 res

902 735 1057 769 adversas,
1081 743 1149 771 quae
1159 735 1247 763 nobis
1257 735 1408 769 accidunt,
1420 735 1560 771 proprias
1574 743 1645 763 suas
1660 735 1731 763 facit

902 780 1047 807 Dominus
1064 789 1070 807 τ
1088 779 1128 807 ob
1141 787 1207 807 eam
1225 787 1319 816 quam
1343 779 1505 807 nobiscum
1531 779 1622 807 habet
1638 779 1731 808 socie-

901 826 1004 860 tatem,
1022 824 1231 860 perpessiones
1246 826 1364 852 nostras
1381 824 1559 860 suscipiens.

937 870 963 896 9.
986 869 1042 897 Sed
1059 871 1087 896 et
1100 869 1185 903 illud,
1200 869 1270 897 Non
1292 871 1389 903 potest
1410 869 1507 896 Filius
1528 869 1633 903 facere
1658 876 1676 897 α
1701 877 1732 897 se

902 913 1066 949 quidquam
1081 914 1116 947 τι,
1146 915 1294 949 usurpant
1308 913 1360 940 Dei
1374 913 1476 940 hostes
1490 912 1529 941 ad
1541 912 1730 941 audientium

902 957 1102 986 eversionem.
1130 958 1200 986 Mihi
1228 960 1328 985 autem
1346 959 1374 985 et
1397 957 1454 985 hoc
1470 957 1583 985 dictum
1598 958 1731 986 maxime

902 1002 1036 1030 declarat
1062 1002 1200 1037 ejusdem
1216 1005 1332 1029 natura:
1354 1010 1420 1030 esse
1436 1001 1539 1030 Filium
1556 1010 1590 1029 ac
1603 1003 1728 1030 Patrem.

902 1046 1028 1081 Etenim,
1054 1046 1080 1074 si
1097 1055 1288 1083 unaquaeque
1316 1046 1508 1074 rationalium
1523 1049 1730 1075 creaturarum

903 1091 1017 1128 aliquid
1041 1100 1059 1119 a
1080 1091 1182 1127 seipsa
1205 1091 1301 1119 facere
1329 1093 1436 1127 potest,
1466 1091 1558 1119 libere
1587 1092 1618 1119 in
1642 1092 1730 1128 pejus

902 1136 1048 1164 meliusve
1072 1136 1232 1170 inclinans,
1257 1136 1346 1164 Filius
1371 1138 1472 1164 autem
1502 1144 1564 1164 non
1594 1138 1694 1172 potest
1713 1144 1732 1164 a

903 1181 1064 1217 semetipso
1079 1180 1248 1217 quidquam
1268 1180 1366 1208 facere
1379 1190 1385 1215 ;
1413 1180 1501 1208 Filius
1517 1183 1655 1209 creatura
1669 1188 1732 1209 non

903 1227 956 1253 est.
974 1225 1060 1257 Quod
1075 1224 1101 1252 si
1115 1227 1253 1252 creatura
1268 1232 1328 1252 non
1353 1226 1408 1259 est,
1434 1224 1512 1252 Patri
1536 1227 1582 1252 est
1604 1224 1733 1252 consub-

903 1269 1059 1298 stantialis.
1075 1272 1116 1297 Ac
1126 1277 1243 1304 rursus,
1269 1269 1352 1297 nulla
1371 1272 1509 1297 creatura
1524 1269 1730 1306 quodcunque

902 1314 972 1347 vult,
993 1316 1092 1350 potest
1112 1313 1229 1342 efﬁcere
1244 1322 1250 1341 :
1268 1314 1359 1341 Filius
1387 1316 1488 1342 autem
1517 1315 1620 1343 omnia
1646 1322 1730 1350 quaa-

903 1367 1021 1396 cunque
1047 1359 1149 1392 voluit,
1171 1358 1240 1386 fecit
1262 1358 1293 1386 in
1315 1358 1390 1386 caelo
1405 1361 1434 1386 et
1449 1359 1570 1386 interra.
1587 1367 1593 1386 :
1610 1366 1672 1386 non
1687 1361 1732 1387 est

900 1404 992 1439 igitur
1007 1405 1142 1431 creatura
1155 1403 1255 1430 Filius.
1281 1404 1315 1430 Et
1329 1402 1448 1437 iterum,
1465 1405 1608 1430 creatura:
1624 1410 1730 1430 omnes

901 1451 952 1477 aut
967 1450 1105 1476 constant
1131 1456 1166 1475 ex
1178 1447 1345 1480 contrariis,
1363 1449 1413 1475 aut
1426 1447 1644 1474 contrariorum
1660 1449 1729 1475 sunt

901 1502 1038 1529 capaces.
1056 1493 1145 1520 Filius
1161 1500 1232 1520 vero
1248 1494 1292 1520 est
1304 1491 1505 1527 ipsajustitia,
1522 1493 1550 1519 et
1565 1500 1583 1519 a
1602 1492 1729 1519 materia

901 1540 1032 1566 secretus
1049 1548 1054 1565 :
1072 1537 1198 1573 proinde
1214 1537 1302 1564 Filius
1329 1538 1466 1564 creatura
1487 1543 1549 1564 non
1564 1538 1618 1563 est.
1641 1536 1728 1569 Quod

901 1584 925 1612 si
938 1586 1075 1612 creatura
1085 1590 1147 1610 non
1161 1584 1214 1617 est,
1227 1581 1494 1610 consubstantialis
1507 1584 1551 1609 est
1565 1581 1656 1610 Patri.

938 1631 980 1656 to.
1000 1629 1056 1656 Sed
1083 1628 1147 1663 jam
1171 1627 1296 1662 quidem
1329 1626 1400 1654 satis
1428 1634 1483 1662 pro
1499 1625 1611 1654 viribus
1622 1634 1728 1662 propo-

899 1674 957 1701 sita
971 1673 1051 1701 dicta
1065 1671 1306 1708 explanavimus.
1334 1672 1400 1699 Jam
1424 1671 1568 1707 deinceps
1584 1671 1675 1699 etiam
1689 1671 1729 1699 ad

899 1726 950 1746 eos
965 1718 1018 1754 qui
1034 1717 1176 1753 Spiritum
1193 1719 1332 1744 sanctum
1348 1718 1537 1752 oppugnant,
1555 1723 1728 1744 sermonem

899 1765 1121 1797 convertamus,
1147 1763 1180 1789 ut
1203 1768 1326 1789 omnem
1353 1760 1446 1788 animi
1472 1768 1577 1788 eorum
1600 1760 1729 1788 altitudi-

898 1815 1055 1843 nem,quae
1065 1814 1095 1834 se
1111 1808 1215 1834 contra
1230 1805 1280 1833 Dei
1296 1805 1499 1841 cognitionem
1515 1805 1599 1833 effert
1611 1805 1729 1841 ",deji-

898 1853 1024 1880 ciamus.
1042 1851 1185 1887 Spiritum
1196 1851 1335 1878 sanctum
1350 1851 1518 1877 creaturam
1529 1849 1613 1877 dicis.
1624 1849 1728 1877 Omnis

898 1899 999 1925 autem
1010 1897 1147 1924 creatura
1160 1903 1247 1923 serva
1266 1896 1310 1922 est
1333 1894 1479 1923 Creatoris
1492 1902 1498 1921 :
1514 1894 1621 1922 Omnia
1636 1895 1725 1928 enim,

897 1941 1004 1977 inquit,
1018 1943 1088 1968 sunt
1103 1947 1190 1968 serva
1204 1942 1255 1967 tua
1266 1940 1300 1964 ⁷³.
1317 1939 1345 1967 Si
1353 1947 1424 1966 vero
1433 1946 1538 1966 servus
1549 1940 1606 1973 est,
1618 1938 1727 1966 adven-

897 1986 992 2014 titiam
1006 1992 1129 2021 quoque
1140 1983 1232 2012 habet
1248 1983 1436 2011 sanctitatem
1448 1991 1454 2010 :
1468 1982 1617 2018 quidquid
1624 1984 1725 2010 autem

897 2029 1092 2059 adventitiam
1109 2028 1297 2056 sanctitatem
1307 2027 1409 2060 habet,
1423 2035 1522 2063 capax
1537 2026 1723 2055 estmalitiae:

897 2078 928 2103 at
956 2074 1081 2110 Spiritus
1109 2075 1242 2106 sanctus,
1273 2080 1342 2100 cum
1370 2072 1538 2100 secundum
1563 2072 1726 2100 essentiam

897 2121 1020 2148 sanctus
1033 2119 1080 2152 sit,
1093 2118 1160 2146 fons
1177 2117 1347 2153 appellatur
1359 2117 1526 2144 sanctitatis
1540 2117 1565 2134 ⁷⁷
1581 2125 1587 2144 :
1604 2124 1666 2144 non
1682 2118 1728 2144 est

896 2165 987 2200 igitur
1000 2166 1138 2192 creatura
1165 2162 1292 2196 Spiritus
1305 2164 1437 2190 sanctus.
1454 2161 1540 2194 Quod
1552 2161 1577 2189 si
1587 2164 1727 2190 creatura

895 2219 955 2239 non
983 2211 1037 2244 est,
1061 2206 1326 2236 consubstantialis
1345 2209 1392 2234 est
1409 2207 1477 2234 Deo.
1502 2205 1661 2238 Quomodo
1674 2213 1727 2233 au-

897 2258 956 2285 tem
983 2261 1104 2282 servum
1133 2260 1237 2285 vocas,
1258 2251 1307 2279 dic
1331 2250 1416 2285 mihi,
1439 2258 1520 2285 eum,
1549 2250 1602 2286 qui
1617 2252 1644 2278 te
1672 2257 1726 2286 per

896 2299 1083 2336 baptismum
1099 2305 1115 2324 e
1134 2295 1274 2324 servitute
1296 2295 1418 2323 eximit?
1439 2295 1528 2326 Nam,
1551 2294 1658 2330 inquit,
1676 2295 1726 2323 lea:

895 2345 1029 2380 Spiritus
1049 2343 1116 2370 vitae
1139 2341 1279 2369 liberavit
1302 2348 1348 2368 me
1367 2347 1384 2368 a
1410 2340 1474 2375 lege
1485 2341 1601 2374 peccati
1614 2339 1649 2366 ⁷⁸.
1666 2339 1725 2368 Sed

895 2397 994 2426 neque
1007 2386 1184 2416 mutabilem
1200 2385 1328 2413 audebis
1340 2392 1476 2420 unquam
1488 2385 1553 2420 ejus
1563 2384 1724 2413 essentiam

895 2435 1011 2468 dicere;
1035 2432 1059 2460 si
1085 2431 1178 2460 modo
1205 2430 1245 2458 ad
1274 2429 1413 2466 potentia:
1429 2429 1565 2457 adversae
1581 2431 1723 2458 naturam

947 2511 974 2528 ⁷⁵
993 2510 1015 2537 ll
1034 2509 1099 2537 Cor.
1120 2515 1150 2541 Χ,
1171 2509 1197 2534 5.
1241 2505 1265 2524 ⁷⁸
1286 2504 1363 2534 Psal.
1383 2513 1480 2541 cxvnl,
1503 2506 1547 2533 9t.
1584 2505 1607 2522 ⁷⁷
1630 2505 1720 2533 Rom.

888 2621 981 2651 habet
1005 2619 1171 2652 αὐτεξούσιον
1195 2620 1240 2644 καὶ
1268 2619 1329 2646 ’ίσην
1356 2617 1417 2653 ἕχον
1442 2616 1484 2643 ἰπὶ
1509 2617 1539 2642 τὸ
1566 2619 1655 2653 χιίρον
1677 2618 1723 2642 καὶ

889 2661 1006 2695 κρεῖττον
1020 2656 1116 2695 ῥοπήν.
1199 2690 1224 2695 __
1365 2689 1385 2695 Ἠ

925 2693 981 2729 (89)
1003 2687 1258 2729 Χωρήσωμενηεὶε
1267 2697 1341 2729 mss.
1359 2687 1440 2729 _E.d_iti
1464 2688 1632 2729 χωρρσομεν.
1656 2687 1722 2729 Non

889 2721 985 2771 multp
1006 2721 1078 2771 post
1091 2721 1131 2754 ex'
1143 2725 1210 2769 cod.
1235 2724 1316 2768 Harl.
1327 2721 1519 2771 additaMS'unt
1533 2721 1599 2750 haec
1614 2721 1720 2758 verba,

888 2768 939 2792 πᾶν
957 2759 986 2790 δὴ
1006 2759 1018 2788 ὂ
1035 2763 1172 2791 ἐπίκτητον
1188 2762 1246 2797 ἔχει
1261 2762 1307 2797 τὴν
1321 2760 1458 2797 ἁγιότῃτα.
1752 2766 1755 2769 ·

926 2801 981 2837 (90)
999 2798 1173 2835 Ἠλιυθέρωσέ
1186 2795 1226 2833 μέ.
1243 2798 1273 2823 Σί
1287 2796 1319 2824 in
1333 2795 1455 2824 duobus
1470 2801 1547 2822 mss.
