2009 3145
300 125 351 154 263

985 123 1014 152 S.
1034 122 1163 152 BASILII
1184 120 1293 152 MAGNI

1908 121 1949 153 264'

299 186 454 223 respicias,
470 194 538 222 quae
550 185 716 222 fulgurisiu
732 193 847 214 morem
861 193 876 214 e
892 185 966 214 ccelo
977 185 1115 222 lapsaest

1179 187 1285 222 νάμεως,
1313 186 1381 218 ἣτις,
1397 185 1429 216 ὥς
1456 185 1591 222 ἀστραπὴ,
1615 186 1745 211 πέπτωκεν
1767 184 1816 211 ἀπὸ
1837 189 1877 212 τοῦ
1889 187 1945 223 οὐρα-

299 235 328 260 et
342 239 415 259 vera.
430 231 490 259 vita
505 231 625 266 excidit,
652 233 810 267 propterea
839 231 922 267 quod
936 230 1061 259 ascitam
1077 239 1125 258 ex-

300 280 478 312 ter-namque
494 276 684 304 sanctitatem
695 275 810 309 habuit,
826 276 970 303 successit
981 283 1041 311 que
1057 283 1125 304 con-

300 321 365 349 silio
376 321 456 348 malo
470 320 608 348 mutatio.
629 321 732 356 Itaque
744 322 944 356 posteaquam
956 320 1016 355 88
1027 320 1126 348 etuui-

300 369 358 394 tate
384 366 503 394 excidit.
518 368 546 393 ct
569 365 737 400 angelicam
763 365 873 400 abjeeit
884 365 1072 400 dignitatem,
1089 373 1125 393 ex

300 410 436 438 moribus
459 409 556 437 dictus
582 413 627 437 est
659 408 809 443 diabolus,
844 410 987 437 exstincto
1002 409 1125 445 quidem

299 456 398 492 priore
415 463 450 483 ac
465 455 553 482 beato
573 454 689 488 habitu,
706 455 833 482 excitata
848 463 919 482 vero
935 455 1063 482 adversa
1076 455 1126 483 illa

300 500 442 536 potentia.
461 499 504 526 Ad
521 500 585 527 haec
595 499 617 526 si
628 499 770 535 Spiritum
786 502 923 527 sanctum
931 499 1001 527 dicit
1011 502 1126 528 creatu-

299 553 375 578 ram,
393 544 652 579 circumscriptam
665 551 700 571 ac
715 543 830 571 ﬁnitam
845 543 923 571 illius
931 546 1071 572 naturam
1083 545 1125 572 in—

299 589 392 617 ducit.
411 588 570 622 Quomodo
589 596 660 623 ergo
695 588 788 616 stabit
805 588 878 616 illud
892 597 899 616 :
914 589 1046 623 Spiritus
1067 590 1124 618 Do-

298 635 374 662 mini
398 635 523 669 replevit
544 634 644 662 orbem
670 638 820 662 terrarum
833 635 877 661 1’?
900 633 974 661 illud
989 642 1122 671 quoque,

300 680 363 713 Quo
371 679 418 707 ibo
429 687 447 707 a
463 679 576 715 Spiritu
592 683 642 706 tuo
658 679 701 706 8°?
718 679 773 706 Sed
790 686 887 714 neque
900 679 999 714 ipsum
1015 682 1125 707 natura

299 724 479 760 simplicem,
505 726 537 751 ut
551 726 686 759 apparet,
710 723 878 751 confitetur.
894 724 966 751 Dicit
980 724 1060 752 enim
1077 724 1123 760 ip-

298 777 366 796 sum
393 775 521 796 numero
547 775 651 795 unum.
681 767 831 804 Quidquid
843 771 944 796 autem
964 776 1058 796 unum
1070 777 1125 797 nu-

298 821 382 841 mero
396 815 449 845 est,
470 812 511 846 id,
534 815 567 840 ut
585 812 656 845 dixi,
685 811 812 848 simplex
837 820 898 840 non
920 815 974 840 est.
1001 814 1028 841 Si
1053 822 1123 842 vero

1178 235 1232 263 νοῦ,
1259 233 1303 256 καὶ
1329 230 1431 261 ἐξέπεσε
1454 234 1501 260 τῆς
1525 232 1602 261 ὅντως
1625 230 1705 264 ζωῆς,
1723 228 1767 256 διὰ
1785 231 1814 255 τὸ
1838 230 1946 259 ἐπίκτητον

1179 275 1321 311 ἐσχηκέναι
1351 277 1398 304 τήν
1427 275 1570 310 ἁγιότητα,
1603 277 1648 300 καὶ
1680 274 1902 303 ἐπηκολουθηκέναι
1924 280 1944 311 τῇ

1178 323 1245 355 κακῇ
1269 319 1350 355 βουλῇ
1379 322 1425 348 τήν
1455 318 1601 346 ἀλλοίωσιν.
1626 323 1769 355 Τοιγαροῦν
1794 322 1837 345 καὶ
1858 319 1946 346 ἐκπεσὼν

1178 369 1227 395 τῆς
1249 362 1372 400 μονάδος,
1399 366 1443 390 καὶ
1468 366 1496 389 τό
1521 363 1656 399 ἁγγελικόν
1686 363 1830 400 ἀπορρίψας
1859 363 1945 400 ἀξίωμα,

1180 408 1230 434 ἀπὸ
1253 413 1298 435 τοῦ
1320 411 1416 446 τρόπου
1441 409 1581 444 ὠνομάσθη
1607 406 1744 438 διάϐολος·
1767 407 1947 439 ἀποσϐεσθείσης

1178 454 1223 490 μὲν
1245 454 1323 479 αὐτοῦ
1350 458 1397 484 τῆς
1417 455 1544 490 προτέρας
1563 455 1608 478 καὶ
1632 455 1761 490 μακαρίας
1785 453 1863 484 ἕξεως,
1878 452 1947 483 τῆςδε

1179 497 1354 534 ἀντικειμένης
1383 499 1478 528 ταύτης
1513 496 1646 533 δυναμεως
1680 496 1846 533 ἀναφθείσης.
1879 497 1946 524 Ἐπει-

1178 552 1211 568 τα
1230 543 1252 568 εἰ
1276 545 1377 578 κτίσμα
1399 542 1465 578 λέγει
1486 544 1514 568 τό
1540 545 1644 578 Πνεῦμα
1667 544 1695 567 τὸ
1717 542 1802 577 οἷγιον⁷
1826 551 1946 578 mrigeru-

1177 590 1254 623 μένην
1270 589 1315 616 τὴν
1331 589 1409 623 φύσιν
1430 587 1510 613 αὑτοῦ
1537 587 1647 622 εἰσάγει.
1665 590 1723 617 Πῶς
1746 585 1790 612 οὖν
1813 587 1947 615 σταθήσεται

1177 634 1227 666 τὸ,
1263 635 1367 668 Πνεῦμα
1401 634 1498 667 Κυρίου
1533 631 1684 668 πεπλήρωκε
1716 633 1763 660 τὴν
1797 631 1945 667 οἰκουμένης

1177 679 1221 702 καὶ
1249 678 1296 708 τὸ,
1330 680 1382 702 Ποῦ
1413 677 1531 713 πορευθῶ
1565 675 1614 701 ἀπὸ
1647 680 1693 702 τοῦ
1726 677 1869 711 Πνεῦματος
1894 685 1946 706 acu;

1177 720 1243 748 Ἀλλ’
1268 719 1325 747 οὐδ’
1349 720 1445 746 ἁπλοῦν
1474 721 1537 747 αὐτό
1563 724 1594 756 τῇ
1624 722 1709 756 φύσει,
1736 722 1767 750 ὡς
1800 722 1883 753 ἔοικεν,
1904 721 1947 755 ὁμο-

1176 765 1254 801 λογεῖ.
1278 766 1392 803 Ἀριομῷ
1421 767 1470 802 γὰρ
1495 766 1519 792 ἓν
1544 765 1607 791 αὐτὸ
1632 765 1763 802 ὀνομάζει.
1786 769 1838 792 Πᾶν
1861 764 1887 791 δὲ
1907 765 1946 790 ὀὲν

1177 810 1291 847 ἀριθμῷ,
1314 814 1389 836 τοῦτο
1414 810 1466 846 οὐχ
1491 810 1598 843 ἁπλοῦν,
1623 811 1656 840 ὡς
1684 811 1756 846 ἔφην,
1780 812 1858 836 ἔστιν.
1882 810 1907 835 Εἰ
1927 807 1946 834 δι

298 855 427 892 simplex
442 864 503 884 non
523 859 567 884 est
591 857 716 892 Spiritus
734 860 867 891 sanctus,
896 865 931 885 ex
955 859 1085 886 essentia
1095 862 1118 886 el

1177 858 1211 891 μὴ
1239 855 1335 881 ἁπλοῦν
1356 855 1412 881 ἐστι
1435 857 1464 881 τὸ
1493 858 1597 891 Πνεῦμα
1619 857 1647 880 τό
1667 855 1752 890 ἅγιον,
1769 854 1796 885 ἐξ
1819 855 1902 884 οὐσίας
1916 857 1945 879 ut

298 901 456 929 sanctitate
479 904 597 929 constat
623 911 629 927 :
657 902 740 938 quod
766 905 866 930 autem
893 906 938 930 est
961 903 1121 938 ejusmodi,

298 946 500 982 compositum
513 948 570 974 est.
584 946 640 974 Sed
657 946 724 982 quis
744 946 820 974 adeo
839 947 965 975 demens
980 947 1077 982 fuerit,
1090 951 1122 976 ut

298 991 439 1026 Spiritum
452 993 591 1019 sanctum
605 991 686 1019 dicat
698 992 912 1027 compositum,
927 1000 963 1020 ac
976 1001 1037 1021 non
1053 993 1122 1022 sim-

296 1035 415 1071 plicem,
431 1038 459 1063 et
472 1035 549 1063 Patri
565 1038 593 1064 et
616 1035 688 1064 Filio
709 1036 996 1065 consubstantialem
1017 1045 1121 1066 secun-

295 1080 369 1108 dum
389 1079 586 1116 simplicitatis
600 1080 746 1108 rationem
756 1081 770 1108 τ

333 1127 375 1152 tt.
398 1125 483 1157 Quod
507 1125 531 1152 si
558 1133 698 1152 sermone
721 1125 976 1161 progrediendum
989 1129 1043 1161 est,
1057 1135 1120 1155 ma-

291 1169 421 1205 joraque
434 1169 634 1205 inspicienda,
648 1169 719 1196 hinc
729 1169 861 1198 maxime
877 1170 1012 1199 divinam
1023 1172 1118 1200 sancti

296 1213 422 1249 Spiritus
450 1213 616 1249 potentiam
641 1214 892 1250 contemplemur.
916 1215 983 1244 Tria
996 1217 1118 1244 creatio-

294 1265 367 1285 num
380 1265 492 1293 genera
511 1258 542 1285 in
567 1257 716 1294 Scriptura
745 1259 901 1287 nominata
923 1260 1116 1290 invenimus:

294 1310 390 1330 unum
415 1302 540 1338 quidem
569 1311 603 1330 ac
627 1303 771 1338 primum,
791 1312 827 1331 ex
843 1304 934 1332 nihilo
948 1305 1119 1341 productio-

293 1355 381 1381 nem;
412 1347 579 1375 secundum
604 1355 686 1381 vero,
713 1356 750 1376 ex
776 1348 877 1384 pejore
892 1349 922 1377 in
943 1350 1050 1378 melius
1064 1351 1118 1379 im-

294 1391 509 1425 mutationem;
537 1391 669 1422 tertium,
714 1393 961 1421 resurrectionem
987 1397 1118 1423 mortuo-

292 1443 371 1464 rum.
394 1436 426 1463 In
442 1436 488 1463 his
502 1436 631 1472 reperies
661 1436 802 1472 Spiritum
817 1441 955 1466 sanctum
973 1447 1034 1467 una
1048 1448 1118 1468 cum

293 1481 377 1508 Patre
405 1483 434 1508 et
463 1481 534 1508 Filio
561 1484 746 1516 operantem.
760 1481 830 1509 Coeli
847 1483 926 1510 enim
946 1484 1119 1519 producun-

1177 900 1310 936 ἁγιασμοῦ
1333 901 1492 928 συνέστηκι’
1514 901 1541 925 τό
1565 897 1594 925 δὲ
1616 903 1742 933 τοιοῦτον,
1768 899 1893 926 σύνθετον,
1911 900 1944 923 Καὶ

1176 946 1216 974 τίς
1240 945 1318 974 οὕτως
1348 943 1466 977 ἀνόητος,
1487 945 1519 974 ὡς
1543 945 1662 970 σύνθετον
1679 946 1757 969 εἰπεῖν
1777 945 1806 969 τὸ
1823 946 1914 978 Πνεῦμα
1927 951 1944 966 τη

1175 988 1259 1024 ἅγιον,
1284 992 1329 1015 καὶ
1354 991 1389 1025 μὴ
1417 988 1524 1023 ἁπλοῦν,
1540 991 1584 1014 καὶ
1610 989 1678 1014 κατά
1699 990 1742 1014 τὸν
1761 991 1809 1018 τῆς
1827 986 1944 1016 ἁπλότητος

1174 1033 1250 1069 λόγον
1263 1034 1402 1070 ὀμοούσιον
1418 1035 1502 1070 Πατρὶ
1517 1035 1561 1059 καὶ
1575 1034 1625 1068 ria
1638 1042 1644 1064 ;

1212 1125 1254 1151 Η.
1274 1122 1305 1150 Εἰ
1320 1121 1349 1149 δὴ
1365 1121 1407 1149 δεῖ
1417 1121 1546 1160 προϐῆναι
1563 1123 1618 1158 (91)
1635 1125 1671 1157 τῷ
1695 1121 1774 1157 λογῳ,
1790 1124 1834 1147 καὶ
1849 1120 1944 1146 ἐποπτεὺ-

1175 1177 1219 1193 σαι
1241 1169 1273 1193 τὰ
1296 1167 1412 1203 μείζονα,
1430 1167 1457 1193 ἐκ
1478 1168 1571 1193 τούτου
1598 1167 1714 1202 μάλιστα
1737 1168 1785 1196 τὴν
1815 1167 1893 1194 Θεῑκῂν
1913 1162 1951 1200 δν·-

1172 1222 1248 1249 ναμιν
1275 1216 1320 1238 τοῦ
1348 1212 1426 1247 ἁγίου
1453 1213 1601 1247 Πνεῦματος
1621 1212 1801 1247 θεωρήσωμεν.
1816 1213 1884 1247 Τρεῖς
1904 1218 1943 1234 κτι-

1174 1266 1226 1287 σεις
1254 1257 1397 1294 εὑρήκαμεν
1431 1255 1619 1292 ὀνομαζομένας
1650 1257 1674 1281 ἐν
1703 1259 1733 1291 τῇ
1772 1258 1874 1292 Γραφῇ·
1898 1255 1942 1289 μίαν

1172 1303 1217 1337 μὲν
1239 1304 1283 1328 καὶ
1308 1304 1412 1338 πρώτην
1430 1303 1477 1329 τὴν
1497 1300 1547 1326 ἀπὸ
1568 1303 1613 1326 τοῦ
1637 1302 1672 1336 μὴ
1699 1301 1771 1330 ὄντος
1793 1299 1826 1330 εἰς
1844 1301 1870 1324 τὸ
1897 1296 1942 1323 εἶναι

1172 1349 1349 1384 παραγωγήν·
1377 1344 1498 1382 δευτέραν
1523 1343 1552 1371 δὲ
1576 1347 1623 1373 τὴν
1649 1343 1698 1370 ἀπὸ
1721 1348 1769 1370 τοῦ
1793 1346 1901 1380 χείρονος
1919 1341 1942 1370 ti;

1172 1393 1201 1416 τὸ
1226 1394 1341 1427 κρεῖττον
1366 1389 1521 1416 ἀλλοίωσιν·
1548 1392 1636 1426 τρίτην
1669 1388 1698 1415 δὲ
1724 1391 1771 1418 τὴν
1800 1389 1942 1419 ἐξανάστασιν

1173 1440 1222 1461 τῶν
1250 1439 1352 1472 νεκρῶν.
1380 1435 1420 1461 Ἐν
1448 1437 1557 1466 ταύταις
1586 1436 1704 1472 ιὺρήσιις
1734 1436 1856 1471 συνεργὸν
1881 1433 1942 1467 [largi

1173 1483 1218 1506 καὶ
1241 1482 1293 1514 Υἱῷ
1317 1482 1345 1506 τὸ
1369 1479 1443 1515 ἅγιον
1470 1483 1584 1516 Πνεῦμα.
1608 1479 1729 1516 Οὑρανῶν
1751 1480 1804 1515 γὰρ
1828 1478 1938 1505 οὐσίωσις.

292 1528 349 1554 tur.
372 1524 449 1558 Quid
463 1525 527 1560 jam
552 1525 623 1553 dicit
647 1525 763 1553 David?
790 1527 882 1554 Verbo
909 1528 1031 1556 Domini
1053 1529 1118 1557 cavit

1175 1528 1224 1551 Και
1250 1527 1276 1550 τί
1296 1525 1401 1560 φησινό
1423 1523 1523 1557 Δαϐίδ;
1547 1527 1588 1559 Τῷ
1615 1526 1682 1559 λόγῳ
1706 1526 1805 1560 Κυρίου
1825 1524 1847 1548 οἱ
1864 1521 1941 1558 οὐρειοὶ

289 1570 406 1606 ﬁrmati
431 1572 512 1601 sunt,
541 1572 568 1597 et
589 1570 699 1604 spiritu
724 1571 785 1598 oris
811 1572 875 1606 ejus
900 1573 996 1600 omnis
1023 1576 1118 1601 virtus

291 1621 393 1642 eorum
407 1614 445 1642 ει.
465 1615 577 1641 Rursus
594 1616 712 1642 creatur
731 1614 824 1643 homo
835 1623 888 1651 per
897 1615 1062 1652 baptisma.
1084 1618 1119 1646 Si

290 1665 350 1693 qua
371 1659 449 1686 enim
465 1659 495 1685 in
513 1658 633 1686 Christo
658 1665 735 1686 nova
752 1661 892 1688 creatura
908 1661 942 1688 δ’.
964 1662 1030 1689 .Iam
1043 1662 1114 1698 quid

290 1701 361 1729 dicit
387 1701 542 1737 discipulis
567 1702 723 1730 Salvator?
748 1703 862 1732 Euntes
889 1705 990 1733 docete
1017 1714 1116 1734 omnes

289 1750 400 1782 gentes,
428 1747 611 1782 baptizantes
634 1755 680 1775 eos
703 1749 734 1776 in
754 1749 874 1777 nomine
887 1750 990 1778 Patris
1003 1755 1030 1779 et
1042 1752 1118 1780 Filii

289 1795 316 1819 et
331 1791 464 1826 Spiritus
480 1792 579 1820 sancti
591 1792 624 1818 ³³.
641 1791 730 1820 Vides
750 1795 777 1820 et
790 1793 838 1820 hic
854 1801 915 1822 una
924 1794 1031 1822 adesse
1046 1804 1116 1825 cum

289 1836 374 1864 Patre
389 1838 417 1864 et
429 1836 498 1864 Filio
514 1836 656 1872 Spiritum
672 1841 820 1865 sanctum.
831 1838 906 1870 Quid
921 1842 1019 1867 autem
1033 1839 1114 1868 dices

289 1882 318 1908 et
331 1881 369 1908 de
393 1881 610 1908 resurrectione
625 1884 826 1916 mortuorum,
857 1886 1020 1919 postquam
1035 1884 1116 1913 defe-

289 1926 429 1957 cerimus,
457 1928 485 1953 et
505 1925 536 1953 in
561 1928 700 1953 nostrum
719 1926 875 1962 pulverem
898 1929 1010 1956 reversi
1024 1929 1114 1958 fueri-

288 1970 382 1997 mus?
397 1970 485 1997 Terra
511 1970 590 1997 enim
612 1978 731 2003 sumus,
745 1973 773 1998 et
785 1971 814 1998 in
827 1973 936 2000 terram
947 1973 1071 2006 ibimus,
1088 1977 1116 2003 et

288 2013 385 2041 mittet
411 2014 554 2049 Spiritum
579 2016 730 2049 sanctum,
755 2018 784 2043 et
799 2016 913 2044 creabit
941 2025 1009 2052 nos,
1025 2020 1054 2046 et
1067 2027 1115 2046 re-

287 2057 412 2086 novabit
424 2057 531 2086 faciem
547 2059 672 2086 terrae".
683 2060 757 2088 Nam
772 2060 855 2096 quod
868 2064 992 2090 sanctus
1003 2063 1115 2091 Paulus

287 2102 539 2130 resurrectionem
554 2102 639 2137 dixit,
660 2103 692 2131 id
709 2105 802 2132 David
817 2107 1044 2135 renovationem
1063 2115 1115 2144 ap-

287 2146 418 2182 pellavit.
442 2148 556 2175 Rursus
582 2151 683 2176 autem
713 2149 874 2178 audiamus
900 2158 981 2186 eum,
1006 2153 1060 2188 qui
1075 2153 1115 2181 ad

287 2191 406 2220 tertium
426 2200 523 2228 usque
550 2192 660 2221 caelum
694 2197 800 2230 raptus
837 2197 890 2223 est.
921 2196 995 2228 Quid
1022 2197 1114 2226 dicit?

287 2236 441 2270 Templum
457 2238 525 2265 estis
537 2238 670 2272 Spiritus
685 2241 783 2267 sancti
796 2240 826 2268 in
843 2240 924 2268 vobis
939 2241 1114 2270 inhabitan-

285 2281 323 2308 tis
336 2281 372 2309 ³⁵.
386 2281 543 2317 Templum
558 2284 659 2310 autem
683 2290 782 2317 omne,
809 2284 860 2312 Dei
888 2285 1036 2322 templum
1059 2289 1113 2315 est.

285 2325 371 2357 Quod
383 2325 406 2352 si
420 2325 565 2361 templum
580 2334 684 2354 sumus
701 2328 826 2364 Spiritus
853 2330 962 2364 sancti;
986 2331 1113 2366 Spiritus

284 2372 407 2397 sanctus
418 2370 495 2398 Deus
511 2373 566 2398 est.
595 2371 706 2400 Dicitur
728 2376 829 2401 autem
844 2377 873 2401 et
896 2375 1043 2411 templum
1060 2377 1112 2404 Sa-

282 2413 433 2448 lomonis;
462 2422 569 2443 verum
600 2418 744 2453 tanquam
776 2418 841 2453 ejus
870 2419 922 2454 qui
956 2420 1110 2448 exstruxit.

284 2458 371 2491 Quod
401 2459 425 2486 si
441 2459 482 2486 sic
499 2468 604 2487 sumus
629 2462 773 2497 tempium
788 2463 914 2498 Spiritus
928 2465 1034 2500 sancti,
1049 2465 1109 2501 Spi-

282 2503 358 2531 ritus
387 2506 509 2531 sanctus
534 2505 613 2532 Deus
638 2508 682 2533 est
698 2513 704 2532 :
723 2506 781 2539 Qui
792 2507 872 2535 enim
897 2510 999 2537 omnia
1014 2509 1110 2538 condi~

281 2548 337 2582 dit,
351 2549 431 2576 Deus
446 2552 488 2577 est
503 2550 543 2585 '5;
561 2550 586 2577 si
602 2558 673 2578 vero
686 2553 834 2587 tanquam
849 2552 925 2588 ejus,
939 2554 991 2589 qui
1003 2555 1109 2583 adora-

1130 2217 1153 2244 D

1428 1571 1472 1595 καὶ
1514 1573 1550 1604 τῷ
1584 1569 1712 1604 πνεύματι
1751 1572 1800 1594 τοῦ
1841 1568 1941 1602 στὸματος

1725 1612 1807 1639 Πάλιν
1839 1612 1940 1648 ἅνθρωπος

1173 1569 1366 1605 ἐστερεώθησαν
1380 1590 1386 1603 ,

1173 1614 1252 1640 αὑτοῦ
1290 1617 1364 1640 πᾶσα
1397 1615 1410 1642 ἦ
1447 1612 1558 1649 δύναμις
1591 1613 1686 1640 αὐτῶν.

1173 1657 1219 1685 διὰ
1245 1657 1413 1695 βαπτίματος
1439 1660 1575 1690 κτίζεται”
1605 1659 1635 1685 Εἰ
1662 1667 1701 1687 τις
1731 1659 1784 1694 γὰρ
1813 1656 1835 1683 ἐν
1861 1656 1940 1691 Χριστῷ

1171 1706 1246 1733 καινὴ
1270 1706 1365 1734 κτίσις.
1383 1706 1434 1730 Καὶ
1457 1713 1483 1729 τι
1499 1713 1564 1739 φησι
1586 1706 1640 1733 τοῖς
1665 1703 1799 1738 μαθηταῖς
1820 1703 1832 1727 ό
1858 1701 1939 1734 Euripi

1172 1748 1358 1782 ⁷Δττελθόντες,
1391 1749 1573 1784 μαθητεύσατε
1614 1748 1698 1774 πάντα
1729 1748 1766 1773 τὰ
1801 1748 1875 1780 ἔθνη,
1903 1743 1939 1779 βα-

1170 1793 1305 1824 πτίζοντες
1338 1793 1433 1823 αὐτοὺς
1471 1796 1504 1822 εἰς
1535 1794 1563 1818 τό
1598 1794 1678 1828 ὄνομα
1714 1795 1761 1818 τοῦ
1795 1792 1887 1828 Πατρός
1909 1788 1939 1812 καί

1169 1842 1216 1864 τοῦ
1247 1839 1308 1864 Υίοῡ
1341 1840 1386 1864 καὶ
1418 1841 1463 1863 τοῦ
1495 1837 1571 1872 ἁγίου
1606 1838 1769 1873 Πνεύματος.
1805 1836 1874 1872 Ὁρᾷς
1898 1841 1940 1858 καθ’

1170 1884 1254 1909 ταῦθα
1281 1884 1417 1918 συμπαρὸν
1444 1885 1527 1919 Παρτί
1556 1883 1600 1907 καὶ
1623 1882 1675 1916 Υὶῷ
1698 1883 1726 1907 τὸ
1753 1881 1827 1917 ἆγίον
1851 1881 1940 1912 Πνεῦμα-

1169 1930 1201 1953 Τί
1221 1926 1257 1953 δι’
1271 1926 1300 1952 ἂν
1314 1929 1394 1958 εἴποις
1414 1929 1459 1953 καὶ
1473 1929 1532 1963 περὶ
1547 1931 1594 1957 τῆς
1614 1925 1783 1956 ἀναστάσεως
1802 1929 1847 1950 τῶν
1860 1924 1939 1958 νεκρῶν,

1170 1973 1231 1998 ὅταν
1254 1971 1420 2008 ἑκλείψωμεν,
1445 1974 1490 1997 καὶ
1519 1971 1554 2002 εἰς
1578 1973 1620 1997 τὸν
1646 1974 1714 2006 χοῦν
1743 1971 1816 2006 ἡμῶν
1847 1966 1940 2000 ἐπιστρέ⁸

1169 2017 1276 2053 ψωμεν;
1303 2019 1337 2046 Γῆ
1364 2017 1414 2053 γάρ
1437 2016 1522 2052 ἐσμεν,
1545 2018 1590 2041 καὶ
1615 2015 1650 2046 εἰς
1674 2017 1720 2044 τὴν
1748 2019 1799 2050 γῆν
1827 2012 1941 2040 ἀπελευσοτ

1170 2063 1246 2098 μεθα,
1266 2064 1310 2087 καί
1334 2061 1469 2088 αποστελεῖ
1488 2062 1517 2086 τὸ
1543 2064 1648 2096 Πνεῦμα
1671 2061 1699 2086 τὸ
1721 2059 1805 2095 ἅγιον,
1822 2061 1863 2084 καὶ
1877 2058 1940 2082 κτίσει

1170 2108 1250 2143 ἡμᾶς,
1273 2109 1318 2133 καὶ
1345 2105 1507 2132 ἀνακαινίσει
1534 2107 1563 2131 τὸ
1591 2106 1730 2141 πρόσωπον
1758 2109 1806 2134 τῆς
1835 2106 1886 2139 γῆς.
1907 2099 1940 2124 Ἦν

1169 2153 1219 2188 γὰρ
1252 2151 1354 2181 Παῦλος
1381 2151 1394 2176 ὁ
1429 2150 1504 2185 ἅγιος
1533 2149 1706 2181 ἐξανάστασιν
1737 2151 1839 2186 ιίρηκεΥ
1866 2146 1940 2193 tam"

1170 2194 1254 2223 Δαϐιδ
1287 2194 1474 2230 ἀνακαινισμὰν
1506 2195 1713 2231 προσηγόρευσε.
1745 2193 1897 2227 ’Δκοὺσωμεν
1920 2195 1940 2212 σε

1168 2240 1245 2267 πάλιν
1269 2240 1326 2275 (92)
1354 2243 1399 2266 τοῦ
1423 2239 1582 2276 αρτ-παγέντος
1606 2239 1652 2268 ἕως
1675 2241 1765 2275 τρίτου
1793 2237 1901 2274 οὐρανοῦ.
1919 2232 1939 2256 Τί

1169 2293 1266 2322 oua-tv;
1298 2284 1360 2310 Ὀτι
1391 2286 1451 2314 ναός
1484 2287 1530 2309 τοῦ
1563 2283 1586 2309 ἑν
1616 2283 1676 2319 ὑμῖν
1709 2282 1786 2318 ἁγίου
1820 2281 1938 2315 nmium:

1168 2331 1235 2358 ἐστι.
1257 2333 1312 2360 Πᾶς
1336 2328 1365 2355 δὲ
1385 2331 1444 2359 ναός
1472 2330 1535 2354 Θεοῦ
1559 2331 1626 2358 ναός.
1644 2328 1672 2354 Εἰ
1696 2326 1726 2353 δὲ
1740 2330 1800 2357 ναός
1822 2326 1888 2361 ἆσμα
1907 2330 1937 2346 του

1168 2377 1316 2411 Πνεῦματος
1342 2378 1388 2400 τοῦ
1415 2373 1502 2409 ἁγίου,
1535 2374 1597 2403 Θεὸς
1627 2374 1656 2398 τὸ
1691 2375 1796 2408 Πνεῦμα
1824 2373 1851 2396 τό
1875 2367 1936 2402 ἅγιον-

1168 2422 1277 2455 Λέγεται
1310 2418 1339 2445 δί
1370 2420 1413 2444 καὶ
1446 2419 1507 2448 ναὸς
1540 2417 1711 2453 Σολομῶντος,
1742 2416 1794 2442 ἀλλ’
1824 2416 1856 2444 ὡς
1881 2419 1938 2437 κατα·

1167 2466 1357 2495 σκευάσαντος.
1390 2463 1421 2489 Εἰ
1454 2461 1484 2488 δὲ
1515 2462 1592 2492 οὕτως
1622 2462 1698 2498 ἐσμεν
1725 2463 1784 2491 ναὸς
1813 2463 1854 2486 τοῦ
1882 2457 1937 2491 ἁγίου

1166 2504 1334 2546 Ιῐνιύματος,
1364 2509 1428 2538 Θεὸς
1454 2509 1483 2533 τὸ
1509 2507 1584 2543 ἅγιον
1615 2510 1728 2543 Πνεῦμα.
1757 2506 1786 2532 ὀ
1807 2506 1855 2541 γὰρ
1875 2502 1937 2527 πάντα

1164 2555 1366 2584 κατασκευάσας
1394 2554 1477 2583 Θςός·
1503 2551 1540 2583 εἰς
1569 2549 1598 2578 δὲ
1621 2553 1656 2582 ὡς
1681 2551 1889 2586 ποσκυνουμίνου,
1906 2552 1936 2585 ιαί

315 2646 339 2665 τ’
355 2648 424 2684 Sap.
442 2656 460 2680 ι,
475 2651 504 2676 7.
536 2648 560 2665 ³⁰
578 2648 651 2677 Psal.
678 2657 812 2684 cxxxvm,
827 2653 853 2678 7.
882 2651 903 2669 ⁸¹
922 2652 999 2681 Psal.
1025 2661 1118 2687 xxxii,
1134 2656 1161 2683 6.
1190 2655 1213 2672 ⁸³
1228 2654 1253 2682 II
1264 2653 1330 2681 Cor.
1347 2660 1377 2680 v.
1397 2654 1438 2679 t7.
1464 2651 1488 2669 ⁸³
1505 2650 1611 2680 Matth.
1641 2658 1742 2684 xxvui,
1761 2651 1804 2677 t9.
1835 2648 1855 2665 "
1877 2640 1935 2672 P531-

280 2699 335 2726 cui,
348 2693 395 2720 30.
428 2693 452 2710 ⁸⁵
469 2692 490 2721 Ι.
505 2693 571 2720 Cor.
585 2700 624 2728 vr,
642 2695 685 2721 19.
711 2694 735 2712 ⁸⁸
753 2695 839 2722 Hebr.
856 2703 894 2730 in,
909 2699 935 2724 4.

313 2795 369 2831 (9t)
387 2795 529 2833 Προϐῆνιι.
545 2797 611 2824 Mss.
626 2796 784 2834 προσϐῆναι.

1196 2802 1252 2840 (92)
1274 2800 1365 2830 Πάλιν.
1382 2800 1464 2831 nunc
1478 2807 1584 2830 vocem
1599 2797 1776 2830 addidimus
1791 2805 1826 2827 ex
1839 2800 1901 2824 mss-
