2009 3145
57 107 109 134 265

563 107 806 136 EPISTOLARUM
825 106 968 136 CLASSIS
983 109 1003 136 Ι.
1025 110 1133 139 EPIST.
1157 110 1228 138 VIII.

1689 115 1741 142 266

60 164 216 198 ινοικοῡντος
239 166 263 194 ἄν
287 168 360 204 ἡμῖν,
385 167 587 206 ὁμολογήσωμεν
620 169 683 196 αὐτὸ
703 167 769 196 εἶναι
784 171 860 196 Θεὸν.

921 171 972 204 tur,
985 173 1014 199 et
1028 171 1176 201 inhabitat
1187 172 1218 200 in
1234 158 1333 206 nobis,
1348 172 1548 201 conﬁteamur
1560 173 1661 209 ipsum
1677 182 1742 203 esse

61 215 146 250 κυρίῳ
160 213 213 250 γὰρ
228 217 264 248 τῷ
278 217 335 248 Θεῷ
352 222 399 239 σου
419 217 620 251 προσκυνήσεις,
642 217 686 240 καὶ
701 214 771 250 αὐτῷ
792 216 861 251 μόνῳ

59 256 219 294 λατρεύσεις.
234 257 265 284 Εἰ
280 255 309 283 δε
323 259 369 286 τὴν
385 260 449 289 Θεὸς
465 261 550 294 φωνὴν
562 263 742 296 παραιτοῖντο,
758 260 861 295 μανθα-

59 303 170 328 νότωσαν
186 304 257 333 τίνος
276 301 333 328 ἐστὶ
349 305 509 339 σημαντικὸν
533 305 561 329 τό
584 305 664 340 ὄνομα
682 307 770 330 τοῦτο,
787 303 862 338 Παρὰ

60 347 109 383 γὰρ
125 348 154 373 τὸ
167 347 309 373 τεθεικέναι
322 348 354 372 τὰ
369 347 454 373 πάντα
468 347 483 377 ἦ
502 348 611 374 θεᾶσθαι
626 349 659 374 τὰ
671 348 756 374 πάντα
770 347 783 373 ὀ
797 348 862 377 Θεὸς

61 391 214 428 ὀνομάζεται
240 392 308 426 (93).
339 391 368 418 Εἰ
395 394 480 418 τοίνυν
508 394 573 424 Θεὸς
608 394 710 430 εἴρηται
733 393 804 428 παρὰ
831 393 861 417 τὸ

62 438 200 463 τεθεικέναι
219 436 234 465 ᾖ
261 437 372 463 θεᾶσθαι
397 439 429 463 τὰ
444 438 538 471 πάντα,
555 440 584 464 τὸ
600 436 630 464 δε
654 441 759 474 Πνεῦμα
777 437 861 463 πάντα

62 484 184 517 γινώσκει
198 482 230 507 τὰ
252 485 299 507 τοῦ
315 485 391 515 Θεοῦ,
408 483 442 513 ὡς
464 483 493 508 τὸ
518 486 619 519 πνεῦμα
644 484 673 508 τὸ
702 481 726 507 ἕν
740 482 802 518 ἡμῖν
829 482 862 507 τὰ

62 527 174 562 ἡμέτερα
185 535 191 540 ·
208 527 274 556 Θεὸς
288 524 332 551 οὖν
352 528 381 552 τὸ
398 529 502 562 Πνεῦμα
517 529 547 553 το
562 527 648 562 ἅγιον.
665 529 716 553 Καὶ
736 526 823 559 πάλιν,
840 525 862 552 εἰ

62 571 77 600 ἠ
97 572 221 608 μάχαιρα
235 574 280 597 τοῦ
297 572 446 607 Πνεύματος
468 572 541 608 ῥῆμά
565 571 621 597 iam.
645 575 722 606 Θεοῦ,
747 572 806 601 Θεὸς
831 572 862 596 τὸ

62 619 165 651 Πνεῦμα
179 617 209 642 τὸ
225 615 309 651 ἅγιον.
323 618 433 642 Ἐκιίνου
450 617 500 653 γὰρ
521 615 614 645 ἐστινή
625 617 758 653 μάχαιρα,
775 615 805 641 οὗ
817 617 862 641 καὶ

61 661 134 698 ῥῆμα
144 660 272 687 καλεῖται.
290 662 341 686 Καὶ
355 659 377 686 εἰ
392 662 434 686 καὶ
458 658 533 692 δεξιὰ
553 661 610 695 (94)
630 664 675 687 τοῦ
692 661 791 697 Πατρός
807 659 862 686 ὄνο-

62 706 173 742 μάζιται
187 705 276 741 (Δεξιᾰ
293 706 344 740 γὰρ
371 707 467 741 Κυρίου
484 704 590 734 ἐποίησε
605 703 717 741 δύναμιν
729 713 736 720 '
761 707 817 737 καὶ,
831 704 861 730 Ἠ

63 748 136 781 δεξιά
149 759 209 783 σου,
229 750 317 786 Κύριε,
328 750 452 785 ῖθραυσεν
463 749 574 786 ἐχθρούς
585 757 592 764 ·
609 748 734 780 δάκτυλος
750 747 779 775 δι
794 752 862 776 Θεοῦ

62 797 91 821 τὸ
104 798 209 831 Πνεῦμα
232 795 261 820 τό
285 794 368 829 ἅγιον,
393 795 461 821 κατὰ
488 796 517 820 τό
540 795 637 832 ῥητὸν·
661 796 701 825 τὸ,
720 794 750 820 Εἰ
769 793 817 830 ἕνχὼ
837 793 861 819 ἰν

916 215 1020 243 Deum.
1034 217 1185 245 Adorabis
1204 225 1333 253 namque
1345 217 1506 245 Dominum
1526 219 1619 246 Deum
1648 222 1742 254 tuum,

915 263 942 287 et
957 259 1004 287 illi
1015 261 1074 288 soli
1092 262 1241 289 servies".
1268 262 1354 294 Quod
1382 262 1407 289 si
1433 261 1474 289 eis
1499 270 1557 290 vox
1576 263 1636 297 illa,
1652 265 1740 300 Deus,

914 303 1064 340 displicet,
1087 306 1205 334 discant
1221 306 1294 342 quid
1315 306 1371 334 hoc
1393 314 1505 335 nomen
1521 307 1679 343 signiﬁcet.
1697 310 1743 336 Ni-

914 348 1024 377 mirum
1039 358 1075 377 ex
1097 357 1132 378 eo
1152 350 1235 386 quod
1260 350 1394 386 posuerit
1415 351 1528 383 omnia,
1553 352 1599 379 Vel
1630 355 1743 388 spectet

914 393 1028 429 omnia,
1040 395 1118 422 Deus
1133 395 1317 423 nominatur.
1333 395 1360 423 Si
1376 395 1465 431 igitur
1484 397 1560 424 Deus
1576 397 1694 431 dicitur,
1705 405 1741 426 eo

914 438 998 473 quod
1008 439 1143 474 posuerit
1164 439 1209 467 vel
1233 441 1346 476 spectet
1365 440 1482 473 omnia;
1499 440 1624 476 Spiritus
1639 445 1740 470 autem

914 483 1069 518 cognoscit
1081 484 1184 512 omnia
1199 492 1267 520 quae
1291 483 1340 512 Dei
1363 486 1442 518 sunt,
1458 484 1537 513 velut
1547 486 1677 521 spiritus,
1688 487 1741 523 qui

913 526 944 554 in
958 527 1045 555 nobis
1059 531 1112 561 est,
1129 529 1211 556 novit
1229 536 1297 564 quia
1314 531 1418 556 nostra
1435 530 1535 557 sunt"
1551 538 1558 558 :
1574 530 1664 565 igitur
1679 532 1741 567 Spi-

914 571 988 599 ritus
1003 575 1127 600 sanctus
1144 574 1221 600 Deus
1236 575 1290 600 est.
1308 574 1340 600 Et
1354 581 1469 609 rursus,
1488 573 1512 601 si
1537 573 1655 610 gladius
1679 576 1742 612 Spi-

913 616 986 644 ritus
1002 616 1126 644 verbum
1140 620 1183 645 est
1197 617 1286 651 Dei“,
1304 618 1380 645 Deus
1397 620 1442 645 est
1463 618 1589 653 Spiritus
1605 623 1739 648 sanctus.

914 660 994 688 Illius
1010 663 1054 689 est
1069 661 1147 690 enim
1165 661 1295 697 gladius,
1308 662 1395 697 cujus
1410 662 1501 690 etiam
1511 663 1637 691 verbum
1652 672 1742 693 voca-

915 706 972 733 tur.
989 705 1075 738 Quod
1097 706 1155 741 89
1176 707 1199 733 si
1215 706 1306 734 etiam
1320 707 1495 735 nominatur
1510 708 1603 735 Patris
1618 708 1742 737 dextera

915 745 1057 785 (Dextera
1076 751 1153 778 enim
1171 751 1290 778 Domini
1305 751 1379 785 fecit
1396 752 1568 780 virtutem”
1581 762 1587 786 ;
1600 755 1628 780 et
1645 761 1651 780 :
1667 754 1742 782 Dea:-

915 797 980 822 tera
995 798 1057 828 tua,
1073 796 1203 829 Domine,
1217 797 1364 831 percussit
1375 796 1539 824 inimicos“
1555 806 1562 831 ;
1579 797 1627 825 Dei
1638 800 1742 836 autem

65 838 182 875 δακτύλῳ
197 842 266 866 Θεοῦ
292 838 405 864 ἐκϐάλλω
428 840 461 865 τὰ
485 837 629 875 δαιμόνια·
653 840 712 875 ὅπερ
738 837 762 864 ἂν
786 837 862 875 ἕτέρῳ

921 838 1025 874 iigitus
1039 839 1164 875 Spiritus
1184 842 1306 868 sanctus
1327 842 1381 874 est,
1407 841 1573 869 secundum
1595 841 1670 870 illud
1686 851 1692 870 :
1708 843 1743 871 Si

65 884 211 920 Εὑαγγιλίῳ
227 885 384 921 γὶγραπται,
400 885 440 916 τὸ,
466 883 496 910 Εἰ
522 883 571 919 ἐγὼ
596 883 620 909 ἄν
645 885 776 920 Πνεύμοιτι
796 887 862 910 Θεοῦ

67 928 178 955 ἐκϐάλλω
187 930 220 955 τὰ
232 927 369 965 δαιμόνια)
381 936 388 943 °
403 933 451 960 τῆς
462 928 542 959 αὐτῆς
557 930 656 965 φύσεως
671 932 707 964 τῷ
724 931 806 966 Πατρὶ
818 930 863 955 καὶ

69 975 121 1009 riga
135 975 163 1000 τὸ
173 977 275 1008 Πνεῦμα
289 975 319 999 τό
333 973 419 1009 οἶγιον,

102 1065 144 1091 12.
165 1064 217 1090 Καὶ
231 1065 291 1100 περὶ
310 1064 355 1099 μεν
370 1067 418 1093 τῆς
437 1066 620 1100 προσκυνητῆς
635 1064 680 1088 καὶ
694 1061 770 1098 ἁγίας
784 1062 863 1098 Τριά-

66 1107 113 1140 δος
124 1111 242 1134 τοσαῦτα
257 1110 312 1144 (95)
325 1109 388 1144 ἡμῖν
401 1107 442 1134 ἐπὶ
455 1111 500 1133 τοῦ
515 1109 642 1144 παρόντος
662 1107 715 1145 ιίρὴ
722 1108 775 1134 σθω
788 1108 860 1143 (96).

67 1153 103 1179 οὔ
128 1154 180 1190 γὰρ
204 1156 248 1178 νῦν
278 1150 389 1178 δυνατὸν
415 1151 572 1188 πλατύτερον
597 1151 716 1183 ἐξετάσαι
739 1153 782 1177 τὸν
805 1154 864 1188 περὶ

66 1197 148 1228 αὐτῆς
169 1197 256 1233 λόγον.
270 1196 353 1233 Ὑμεῖς
378 1195 417 1230 δὴ,
434 1195 552 1227 λαϐόντες
574 1197 647 1233 παρὰ
670 1200 716 1227 τῆς
741 1197 864 1233 ἠμιτέρας

66 1245 246 1273 ταπεινώσεως
267 1244 413 1278 σπέρματα,
431 1242 535 1277 στάχυν
550 1242 647 1278 ὦριμον
668 1241 768 1271 ἑαυτοῖς
780 1250 865 1278 γεωρ-

64 1289 173 1323 γήσατι,
190 1286 244 1313 επεὶ
257 1288 302 1312 καὶ
315 1289 417 1317 τόκους,
431 1287 467 1315 ὡς
485 1287 549 1319 ἴστε,
563 1290 612 1311 τῶν
627 1287 750 1312 τοιούτων
762 1294 865 1322 προσα-

63 1333 240 1368 παιτούμεθα,
256 1332 375 1357 Πιστεύω
401 1329 432 1357 δε
455 1334 492 1366 τῷ
513 1335 579 1366 Θεῷ,
595 1331 634 1356 ὅτι
655 1332 866 1368 καρποφορὴσιτε

61 1379 110 1403 καὶ
139 1377 290 1414 τριάκοντα,
326 1378 370 1402 καὶ
397 1375 521 1406 ἑξήκοντα
549 1377 594 1401 καὶ
620 1375 718 1405 ἑκατὸν,
748 1373 794 1400 διὰ
819 1377 866 1404 τὴν

60 1422 234 1459 καθαρότητα
245 1424 291 1447 τοῦ
309 1419 371 1456 βίου
386 1420 467 1456 ὑμῶν·
482 1421 615 1457 Μακάριοι
627 1421 688 1456 γὰρ,
706 1421 784 1455 φησὶν
797 1419 865 1454 (97),

62 1467 89 1493 οἱ
103 1467 216 1503 καθαροὶ
230 1469 260 1501 τῇ
277 1463 385 1502 καρδίᾳ,
403 1465 442 1490 ὃτι
456 1464 530 1490 αὑτοὶ
547 1466 589 1490 τόν
603 1465 667 1491 Θεὸν
682 1463 800 1500 ὄψονται.
818 1465 867 1490 Καὶ

63 1509 135 1548 μηδὶ
159 1510 222 1536 ἄλλο
248 1520 284 1543 τι,
308 1507 425 1545 ἀδελφοὶ,
449 1511 496 1538 τὴν
521 1508 658 1545 βασιλείαν
682 1512 732 1534 τῶν
754 1508 867 1545 οὐρανῶν

64 1557 191 1592 νομίσητε
208 1554 264 1590 (98)
279 1554 293 1584 ἢ
315 1557 361 1583 τὴν
377 1558 426 1579 τῶν
446 1555 522 1580 ὄντων
544 1552 626 1583 ἀληθῆ
653 1555 820 1588 κατανόησιν,
838 1552 868 1582 ἦν

64 1603 110 1626 ιαὶ
129 1602 315 1636 μακαριότητα
329 1598 504 1635 ὀνομάζουσιν
520 1599 547 1624 αἱ
563 1599 629 1624 θεῖαι
645 1601 756 1635 Γραφαί,
775 1597 803 1624 ἸΙ
819 1599 869 1634 ’γὰρ

66 1643 193 1680 βασιλεία
218 1648 269 1670 τῶν
289 1643 403 1681 οὐρανῶν
428 1642 496 1672 ivro;
513 1643 584 1679 ὑμῶν
600 1642 665 1669 ἔστι.
692 1645 754 1679 Περὶ
779 1640 809 1668 δε
828 1643 870 1667 τόν

64 1689 137 1720 ἐντος
161 1689 297 1726 ἄνθρωπον
326 1686 402 1714 οὐδὲν
428 1688 513 1724 ἕτερον
538 1687 552 1716 ἣ
585 1688 680 1724 θεωρία
705 1689 869 1713 συνίσταται.

64 1736 172 1770 Θεωρία
187 1733 218 1759 ἂν
233 1735 271 1762 εἵη
283 1732 371 1759 λοιπον
382 1733 396 1761 ἠ
415 1731 539 1768 βασιλεία
554 1736 603 1758 τῶν
619 1731 742 1768 οὐρανῶν.
757 1731 805 1757 Ὠν
820 1732 871 1769 γὰρ

61 1782 108 1805 νῦν
120 1779 178 1814 (99)
188 1779 237 1809 τὰς
252 1779 326 1808 σκιὰς
340 1778 467 1814 καθορνμε
481 1779 513 1808 ὡς
527 1777 550 1804 ἐν
579 1778 742 1814 κατόπτρων,
754 1778 872 1814 ὕστερον,

64 1823 258 1859 ἀπαλλαγέντες
298 1827 344 1849 τοῦ
376 1821 492 1858 γεώδους
527 1826 646 1859 σώματος
677 1824 793 1856 τούτου,
828 1830 874 1853 καὶ

65 1869 200 1906 ἄφθαρτον
230 1866 433 1903 ὶπινδυσάμῖνοι
461 1870 507 1894 καὶ
540 1867 686 1901 ἀθάνατον⁷
717 1868 815 1893 τούτων
842 1868 874 1893 τὰ

65 1914 210 1950 ἆρχὶτυπα
224 1912 403 1948 κατοψόμεθα,
418 1911 553 1948 Ὀψόμεθα
569 1910 608 1946 δὲ,
623 1913 645 1938 εἴ
665 1922 695 1947 7:
719 1921 762 1938 τον
777 1911 873 1938 ἑαυτῶν

67 1958 128 1995 βίον
143 1967 211 1994 προς
236 1967 265 1983 το
290 1956 362 1987 εὐθὲς
385 1956 579 1994 κυϐερνοίημεν,
593 1958 638 1982 καὶ
656 1961 704 1987 τῆς
719 1956 799 1993 ὀρθῆς
812 1958 873 1982 πίσ-

67 2013 134 2034 τιως
148 2003 292 2038 ποιοίμεθα
312 2003 443 2037 πρόνοιαν,
458 1999 492 2026 ὧν
512 2003 594 2038 χωρὶς
616 1999 703 2032 οὐδεὶς
717 2000 809 2036 ἅψεται
830 2010 873 2027 τον

67 2050 179 2085 Κύριον.
203 2047 245 2077 Εἰς
259 2048 310 2083 γὰρ
325 2048 484 2082 κακότεχνον
499 2045 602 2082 ψυχὴν,
624 2048 712 2082 φησὶν,
736 2046 783 2072 οὐκ
805 2046 873 2072 εἰσε-

65 2093 192 2119 λεύσεται
206 2093 295 2127 σοφία,
312 2089 374 2118 οὖδέ
398 2093 505 2120 κατοική
512 2100 551 2117 cui
575 2090 598 2116 εν
619 2093 721 2127 σώματι
733 2092 874 2127 χαταχρέῳ

67 2137 214 2174 ἁμαρτίας.
242 2138 293 2162 Καὶ
312 2134 404 2172 μηδεὶς
428 2136 592 2171 ὑποκρουέτω
613 2135 700 2171 λέγων,
722 2136 771 2163 ὃτι.
787 2137 826 2162 Τὰ
848 2135 873 2161 ἐν

67 2184 150 2209 ποσὶν
167 2180 266 2217 ἀγνοῶν
281 2183 340 2217 περὶ
354 2184 402 2211 τῆς
416 2179 557 2216 ἀσωμάτου
572 2182 616 2206 καὶ
637 2181 720 2209 πάντη
733 2183 765 2211 ti)
781 2179 873 2206 ἀνύλου

68 2227 164 2256 οὐσίας
179 2227 243 2262 ἡμῖν
256 2223 413 2261 φιλοσοφεῖς,
433 2227 482 2251 Καὶ
494 2225 545 2261 γὰρ
561 2225 657 2250 οἰτοπον
672 2227 751 2261 κρίνω
766 2226 874 2261 τάς’μεν

69 2271 214 2300 αἰσθήσεις
228 2270 271 2305 ἐᾷν
290 2268 429 2299 ἀκωλύτως
448 2273 497 2294 τῶν
518 2267 592 2294 ἰδίων
606 2268 784 2304 ἐμπίπλασθαι
798 2269 874 2304 ὑλῶν¹

69 2325 115 2341 τον
137 2313 167 2341 δὲ
182 2318 241 2340 νοῦν
258 2314 334 2350 μόνον
350 2314 482 2351 εἴργεσθαι
500 2317 546 2343 τῆς
570 2312 667 2344 οἰκείας
681 2313 818 2350 ὶνεργείας.
832 2317 876 2344 Ὡς

69 2361 123 2397 γὰρ
136 2360 151 2389 ἡ
165 2359 291 2390 αἴσθησις
304 2363 354 2384 τῶν
368 2358 511 2390 αἰσθητῶν,
523 2358 605 2389 οὕτως
621 2358 633 2384 ὁ
646 2361 702 2388 νοῦς
715 2362 764 2384 τῶν
778 2363 876 2388 νοητῶν

108 2436 132 2453 ⁸⁷
151 2434 252 2463 Matth.
268 2442 305 2464 iv.
321 2436 363 2462 l0.
411 2434 434 2451 ⁸⁸
452 2434 460 2461 l
477 2434 541 2462 Cor.
554 2442 584 2467 Il,
603 2434 643 2467 iO,
660 2435 702 2462 11.

70 2480 108 2507 ιι,
124 2473 169 2499 20.
210 2471 234 2488 ’³
248 2471 348 2498 Matth.
362 2477 412 2501 xu,
427 2471 471 2497 28.
511 2470 534 2487 9‘
549 2470 650 2498 Matth.
666 2477 694 2504 γ,
708 2471 734 2497 8.

109 2547 168 2582 (93)
183 2546 213 2572 '0
236 2549 299 2576 Θεος
323 2545 489 2582 ὀνομάζεται.
511 2545 570 2582 Has
590 2553 680 2582 voces
701 2547 729 2573 et
746 2552 814 2580 quae
837 2553 881 2572 se-

96 2579 213 2611 uuntur
224 2590 320 2618 usque
332 2579 371 2609 ad
386 2583 415 2607 τὸ
431 2580 459 2607 δὲ
480 2579 585 2618 Πνεῦμα
599 2581 741 2608 addimus
756 2579 792 2618 ei;
806 2589 879 2608 mss.

151 2619 221 2646 licet
239 2615 340 2645 alitem
356 2617 538 2645 Combetisio
548 2615 701 2650 τεθεικέναι,
725 2624 760 2645 ac
783 2615 882 2652 legere

73 2627 124 2647 ms
151 2627 221 2646 licet
239 2627 340 2645 autem
356 2627 394 2645 uo

73 2627 183 2683 maﬁet
197 2654 394 2690 nempnxz’vai:

108 2691 169 2725 (94)
192 2691 243 2716 Καὶ
268 2685 297 2725 ei
310 2691 355 2714 καὶ
379 2686 463 2725 enim;
476 2689 541 2725 rSicr
554 2696 625 2715 mss.
644 2687 719 2716 Editi
739 2690 784 2714 καὶ
798 2685 882 2723 δεξιά,

74 2723 202 2754 omissis
219 2727 262 2750 καὶ
278 2724 309 2752 εἰ.
326 2723 406 2759 (Vide
418 2724 587 2759 Addenda.)

110 2763 172 2799 (95)
188 2757 383 2788 Τοσοωταζηδ
397 2768 471 2788 mss.
490 2767 546 2796 pro
558 2757 594 2788 eo
609 2759 693 2796 quod
706 2760 770 2788 erat
783 2758 815 2787 in
825 2757 887 2787 edi-

225 2805 352 2834 ΡΑτειοι..
367 2805 417 2833 Gn.
433 2805 531 2833 XXXII.

751 2434 774 2451 "
793 2433 901 2469 Ephes.
914 2441 953 2463 vi.
969 2434 1010 2460 l7.

774 2470 798 2486 ’³
815 2470 882 2497 Luc.
894 2477 964 2504 xvu,
979 2470 1024 2496 2t.

915 891 967 918 ego
991 884 1023 911 in
1039 883 1134 919 digito
1149 884 1206 912 Dei
1225 884 1311 919 ejicio
1336 885 1532 919 daemonia“;
1558 886 1589 913 id
1613 887 1741 922 quodin

915 927 973 956 alio
988 928 1147 963 Evangelia
1162 928 1307 964 scriptum
1324 930 1367 956 est
1381 938 1387 956 :
1402 929 1437 957 Si
1448 937 1500 964 ego
1514 930 1545 958 in
1558 930 1675 965 Spiritu
1690 931 1744 959 Dei

915 972 1000 1007 ejicio
1015 972 1203 1008 daemonia”)
1220 981 1227 998 :
1245 972 1370 1009 Spiritus
1390 976 1513 1002 sanctus
1529 974 1666 1010 ejusdem
1685 983 1739 1004 na-

915 1019 988 1045 tura:
1003 1025 1039 1045 ac
1052 1019 1136 1045 Pater
1150 1019 1178 1045 et
1188 1017 1288 1045 Filius.

954 1064 995 1089 l2.
1017 1063 1112 1098 Atque
1140 1061 1196 1089 ista
1220 1061 1343 1098 quidem
1366 1062 1454 1090 nobis
1473 1063 1510 1091 de
1538 1063 1696 1093 adoranda
1711 1066 1740 1093 et

916 1106 1167 1134 sancta'l‘rinitate
1183 1106 1212 1134 in
1228 1106 1367 1142 praesenti
1383 1107 1462 1135 dicta
1475 1108 1545 1136 sint.
1562 1110 1644 1137 Nunc
1659 1110 1740 1139 enim

916 1151 976 1178 ﬁeri
989 1150 1101 1187 nequit,
1114 1153 1146 1178 ut
1159 1150 1248 1179 latius
1262 1151 1410 1179 rationem
1433 1151 1512 1180 illius
1536 1153 1741 1190 exquiramus.

919 1197 975 1224 Vos
986 1203 1065 1231 vero,
1083 1195 1213 1231 acceptis
1229 1203 1248 1224 a
1262 1198 1365 1224 nostra
1380 1196 1546 1225 humilitate
1566 1198 1741 1234 seminibus,

918 1243 1070 1268 maturam
1086 1239 1202 1276 spicam
1217 1240 1379 1276 vobisipsis
1394 1241 1530 1276 excolite,
1550 1242 1700 1279 siquidem
1716 1245 1745 1272 et

919 1293 937 1313 ε.
950 1285 1050 1318 nobis,
1066 1287 1098 1312 ut
1117 1285 1222 1318 nostis,
1237 1285 1364 1319 exigitur
1380 1285 1482 1313 talium
1503 1294 1605 1315 usura.
1620 1282 1745 1316 COnﬁdo

920 1333 1021 1358 autem
1036 1331 1103 1365 Deo,
1121 1329 1251 1357 fructum
1265 1329 1407 1357 allaturos
1428 1338 1483 1358 vos
1502 1333 1531 1359 et
1546 1332 1746 1369 trigecuplum

920 1377 948 1403 et
961 1373 1205 1410 sexagecuplum,
1223 1376 1252 1401 et
1273 1374 1458 1410 centuplum,
1483 1375 1523 1402 ob
1547 1379 1654 1404 vestrm
1680 1377 1746 1404 vitae

921 1420 1095 1456 puritatem.
1109 1420 1182 1446 Nam
1200 1418 1278 1447 beati
1291 1419 1403 1447 mundo
1421 1420 1516 1454 corde,
1533 1422 1674 1456 quoniam
1689 1422 1750 1457 ipsi

921 1465 1014 1491 Deum
1037 1462 1220 1492 videbunt“.
1245 1463 1345 1498 Neque
1368 1471 1440 1491 vero
1460 1471 1587 1498 regnum
1603 1465 1748 1493 caelorum

923 1508 1006 1536 aliud
1031 1507 1200 1544 quidquam
1227 1507 1347 1543 putetis,
1372 1506 1489 1541 fratres,
1516 1516 1610 1544 quam
1643 1517 1749 1538 eorum

923 1560 991 1588 quas
1016 1554 1086 1580 sunt
1107 1551 1404 1587 contemplationem,
1422 1559 1515 1588 quam
1536 1553 1625 1581 etiam
1640 1553 1749 1582 divinae

925 1597 1083 1633 Scriptura:
1110 1598 1219 1623 vocant
1247 1595 1477 1624 beatitudinem.
1505 1598 1640 1633 Regnum
1672 1599 1750 1627 enim

925 1641 1068 1669 actorum
1091 1641 1173 1668 intra.
1193 1647 1243 1667 vos
1261 1640 1344 1668 est“.
1369 1639 1453 1668 Circa
1475 1640 1626 1669 internum
1650 1645 1750 1671 autem

925 1685 1081 1714 hominem
1093 1684 1168 1712 nihil
1182 1684 1264 1712 aliud
1278 1692 1370 1720 quam
1384 1685 1598 1722 contemplatio
1608 1687 1752 1715 consistit.

927 1730 1085 1767 Reliquum
1108 1732 1154 1757 est
1168 1729 1267 1764 igitur,
1284 1731 1317 1756 ut
1338 1729 1551 1766 contemplatio
1566 1739 1693 1766 regnum
1715 1732 1753 1760 sit

928 1776 1084 1804 caelorum.
1108 1776 1241 1807 Quorum
1264 1774 1343 1802 enim
1364 1782 1444 1802 nunc
1467 1775 1591 1803 umbras
1615 1777 1753 1805 videmus

928 1820 1016 1857 quasi
1030 1821 1060 1847 in
1075 1818 1208 1856 speculo,
1220 1818 1416 1855 postmodum
1430 1821 1547 1848 terreno
1560 1820 1618 1848 hoc
1628 1829 1754 1858 corpore

927 1865 1054 1898 liberati,
1066 1867 1094 1892 et
1107 1864 1281 1899 incorrupto
1295 1871 1331 1891 ac
1346 1863 1508 1892 immortali
1521 1865 1628 1901 induti,
1643 1866 1753 1894 horum

928 1910 1094 1946 archetypa
1113 1908 1295 1936 videbimus.
1311 1909 1474 1936 Cernemus
1489 1912 1602 1943 autem,
1623 1910 1647 1938 si
1662 1910 1754 1938 modo

927 1954 1020 1982 vitam
1033 1955 1170 1981 nestram
1194 1952 1234 1980 ad
1256 1951 1286 1980 id
1311 1952 1394 1988 quod
1410 1954 1524 1981 rectum
1542 1955 1595 1990 est,
1610 1954 1755 1982 direxeri-

929 2007 1006 2033 mus,
1022 2001 1112 2034 atque
1138 1999 1220 2025 recta
1243 1996 1319 2024 ﬁdes
1345 2004 1425 2024 curae
1447 1997 1536 2025 nobis
1562 1998 1658 2032 fuerit,
1690 1999 1755 2027 sine

927 2043 1039 2080 quibus
1049 2050 1139 2070 nemo
1152 2041 1311 2069 Dominum
1323 2041 1531 2070 videbit.Num
1545 2044 1575 2071 in
1589 2045 1754 2079 malignam

928 2090 1070 2120 animam,
1081 2087 1188 2122 inquit,
1204 2094 1264 2113 non
1279 2086 1415 2114 introibit
1430 2088 1589 2121 sapientia,
1600 2097 1694 2124 neque
1705 2089 1756 2117 ha-

929 2133 1035 2161 bitabit
1050 2132 1080 2159 in
1094 2138 1218 2165 corpore
1226 2130 1354 2159 obnoxio
1365 2132 1529 2164 peccato“.
1546 2134 1639 2160 Nemo
1655 2135 1756 2161 autem

928 2177 1079 2208 reclamet,
1107 2175 1210 2202 dicens
1239 2183 1245 2201 :
1275 2174 1329 2206 Qui
1351 2183 1399 2202 res
1428 2177 1497 2203 ante
1524 2177 1616 2211 pedes
1642 2177 1756 2213 positas

928 2223 1062 2258 ignoras,
1086 2219 1123 2247 de
1152 2219 1327 2255 incorporea
1359 2221 1386 2247 et
1414 2227 1539 2255 prorsus
1566 2221 1757 2250 immateriali

930 2266 1058 2295 essentia
1070 2265 1156 2293 nobis
1168 2264 1404 2301 philosopharis.
1413 2264 1487 2292 Illud
1498 2265 1576 2292 enim
1588 2266 1757 2295 absurdum

927 2311 1042 2348 judico,
1056 2313 1088 2338 ut
1104 2317 1212 2337 sensus
1223 2309 1347 2345 quidem
1363 2309 1499 2337 sinamus
1512 2309 1604 2338 libere
1621 2312 1682 2338 suis
1696 2320 1755 2348 op-

930 2356 1005 2394 pleri
1020 2354 1163 2387 materiis,
1189 2361 1275 2382 mens
1291 2361 1362 2382 vero
1387 2353 1452 2382 sola
1468 2362 1486 2383 a
1505 2356 1627 2391 propria
1651 2364 1757 2392 opera-

1050 2431 1074 2449 ”
1090 2429 1169 2458 Psal.
1187 2437 1273 2463 cxvu,
1291 2431 1335 2458 l6.

1380 2430 1401 2447 ⁹¹
1418 2430 1510 2459 Exod.
1524 2439 1572 2467 xv,
1583 2434 1610 2460 6.

1064 2467 1088 2484 ’θ
1102 2466 1171 2502 Sap.
1187 2474 1206 2501 ι,
1219 2467 1249 2493 4.

1648 2433 1672 2450 ⁹²
1689 2433 1758 2461 Luc.

936 2544 972 2572 tis
984 2552 1103 2570 τοιαυτα.
1120 2543 1184 2571 Non
1198 2540 1294 2569 multo
1308 2543 1379 2577 post
1390 2541 1462 2570 editi
1473 2545 1585 2580 σπέρμα.
1600 2545 1667 2572 Mss.
1684 2545 1717 2571 ut
1731 2544 1760 2572 in

935 2582 1016 2608 textu
1023 2599 1030 2607 .

970 2617 1027 2651 (96)
1043 2613 1127 2648 (Vide
1141 2612 1311 2651 Addenda.)

974 2649 1029 2686 (97)
1048 2650 1110 2686 Γάρ,
1126 2651 1218 2684 φησίν.
1242 2649 1349 2677 Ultima
1363 2657 1422 2677 vox
1435 2649 1538 2678 addita
1553 2658 1589 2678 ex
1600 2659 1672 2678 mss.

975 2683 1030 2721 (98)
1046 2683 1190 2720 Νομίσητε.
1207 2686 1248 2712 Ita
1262 2693 1335 2721 mss.
1355 2686 1428 2712 Editi
1439 2688 1591 2721 νομίσηται.

977 2724 1033 2756 (99)
1047 2721 1095 2746 Ὧν
1109 2722 1157 2757 γὰρ
1174 2730 1227 2747 vw.
1244 2720 1351 2757 Ultima
1362 2720 1516 2757 vocula'ex
1528 2730 1602 2750 mss.
1614 2722 1727 2752 addita.

975 2757 1014 2792 (1)
1030 2755 1129 2786 Πάν-τή-
1144 2755 1189 2785 lla
1203 2764 1277 2784 mss.
1294 2755 1369 2784 Edili
1384 2757 1479 2782 πάντα.

1616 2806 1632 2833 9
