2009 3145
272 144 325 174 267

272 207 352 235 tione
375 205 523 234 arceatur.
551 204 588 231 Ut
611 201 692 230 enim
721 208 828 228 sensus
854 197 1031 230 sensibilia,
1060 196 1102 224 ita

272 259 359 280 mens
384 247 582 283 intelligibilia
610 245 738 280 attingit.
758 244 852 273 Simul
879 245 981 271 autem
1001 241 1101 268 ethoc

273 295 447 327 dicendum,
462 291 611 320 naturalia
633 290 748 326 judicia
773 287 948 317 documenti
968 285 1102 322 expertia

273 349 291 369 a
306 340 459 368 conditore
475 339 578 365 nostro
592 337 651 363 Deo
669 334 765 363 indita
778 334 883 361 fuisse.
900 332 1001 360 Visum
1021 330 1100 358 enim

272 393 363 414 nemo
388 383 493 411 edocet
518 384 550 409 ut
579 380 725 417 percipiat
753 379 867 407 colores
897 379 949 405 aut
967 376 1100 411 ﬁguras;

272 437 372 465 neque
387 427 524 456 auditum
544 428 577 453 ut
599 433 692 452 sonos
714 427 742 452 et
766 431 875 457 voces;
905 428 1002 457 neque
1029 419 1103 447 olfa-

273 477 366 508 ctum,
384 475 415 501 ut
437 472 515 500 bene
531 473 559 498 et
583 469 661 498 male
681 469 825 497 olentium
841 474 942 495 rerum
959 472 1101 501 vapores;

272 527 372 555 neque
389 519 524 552 gustum,
537 518 570 543 ut
590 522 716 550 sapores
741 521 776 540 ac
803 519 912 540 succos
926 520 933 545 ;
949 517 1048 546 neque
1063 512 1104 537 ta-

273 553 364 598 ctum,
380 564 413 589 ut
439 560 543 588 mollia.
565 561 593 587 et
622 559 708 590 dura,
734 560 767 585 ut
787 556 896 591 calida}
910 557 962 583 aut
983 553 1101 588 frigida.

274 610 376 644 Neque
395 613 467 633 sane
489 604 654 641 quisquam
680 605 812 630 mentem
828 599 948 628 docebit
963 597 1104 632 intelligi-

274 641 347 681 hilia
359 650 495 686 assequi.
514 650 546 676 Et
566 646 826 684 quemadmodum
852 652 970 675 sensus,
993 643 1017 670 si
1030 641 1104 678 quid

274 697 348 733 ipsis
377 694 519 723 acciderit
541 692 745 723 incommodi,
771 692 861 726 egent
891 689 990 717 solum
1021 695 1105 714 cura-

275 731 365 773 tione,
382 743 409 768 et
432 747 522 766 suum
549 738 684 774 ipsorum
711 743 824 764 munus
851 733 972 770 explent
996 731 1103 766 facile;

275 786 317 813 ita
332 788 360 813 et
372 792 459 812 mens
472 783 555 810 carni
570 782 695 816 illigata,
709 783 737 808 et
749 780 821 808 ortis
832 787 868 807 ex
888 786 924 806 ea
938 776 1105 814 phantasiis

276 830 409 866 oppleta,
435 828 495 856 ﬁde
520 827 635 862 indiget
661 829 688 854 et
712 828 792 854 recta
817 825 888 858 vita,
917 831 986 859 qum
1014 821 1105 857 pedes

275 875 371 911 ipsius
384 873 466 901 velut
476 872 556 900 cervi
576 871 734 906 cujusdam
753 868 965 906 praeparant",
977 873 1105 900 eamque

277 909 315 947 ad
346 918 405 946 alta
427 917 556 952 erigunt.
582 917 642 943 Hoc
670 915 770 951 ipsum
797 913 886 941 etiam
907 911 1029 947 sapiens
1057 909 1106 938 ille

277 963 419 992 Salomon
435 962 598 994 admonet;
616 968 651 987 ac
666 967 746 987 nunc
767 957 889 994 quidem
900 956 989 984 nobis
1004 954 1107 990 objicit

275 1015 337 1036 non
352 1005 611 1035 verecundantem
625 1004 764 1040 opiﬁcem
781 1001 983 1032 formicam”,
1000 1008 1035 1028 ac
1053 1007 1106 1036 per

276 1060 343 1080 eam
360 1051 448 1079 nobis
464 1052 621 1078 actuosam
643 1049 722 1076 viam
742 1046 886 1075 describit
909 1055 916 1073 ε
934 1052 1015 1072 nunc
1034 1051 1106 1071 vero

277 1096 422 1132 sapientis
438 1093 564 1131 apicula:
580 1094 611 1121 in
629 1092 781 1127 ﬁngendis
804 1091 879 1119 favis
899 1097 1048 1124 organum
1061 1089 1104 1115 99:

276 1149 312 1169 ac
340 1148 393 1176 per
417 1147 485 1167 eam
514 1137 686 1166 naturalem
719 1134 1007 1171 contemplationem
1036 1140 1106 1167 sug-

276 1185 374 1220 gerit,
406 1184 436 1211 in
472 1190 534 1219 qua
570 1182 660 1209 etiam
688 1180 725 1208 de
757 1181 860 1208 sancta
885 1178 1024 1206 Trinitate
1051 1177 1106 1204 do-

277 1229 373 1257 ctrina
398 1226 600 1260 admiscetur;
629 1223 781 1260 siquidem
808 1231 845 1251 ex
872 1230 973 1250 rerum
996 1223 1107 1249 creata-

276 1281 345 1302 rum
365 1270 588 1308 pulchritudine
603 1270 662 1305 9o
678 1268 892 1296 convenienter
912 1269 1027 1294 creator
1039 1273 1108 1293 con-

276 1317 439 1346 sideratur.
469 1315 526 1343 Sed
549 1315 614 1350 jam
634 1313 737 1349 gratiis
767 1313 840 1340 actis
869 1311 949 1340 Patri
980 1313 1009 1339 et
1037 1310 1107 1339 Filio

277 1367 306 1392 et
327 1362 448 1399 Spiritui
471 1363 585 1392 sancto,
614 1359 706 1387 ﬁnem
729 1359 927 1395 imponamus
953 1356 1056 1385 litteris
1079 1365 1086 1384 :

276 1408 338 1444 hi0,
352 1407 486 1444 optimus
504 1407 557 1433 est.

527 1466 697 1495 EPISTOLA
717 1466 779 1493 IX'.

277 1532 396 1562 Laudat
410 1530 545 1559 Basilius
559 1530 589 1557 in
600 1529 733 1557 Maximo
749 1534 880 1555 amorem
893 1526 1112 1561 primara‘orum

272 1569 424 1604 judicium
436 1566 608 1604 pi'ofert,_et
624 1564 765 1604 dersilnili
776 1562 939 1591 secundum
961 1563 1118 1604 essentiam

963 135 992 162 S.
1013 133 1140 162 BASILH
1159 133 1270 162 MAGNI

1903 137 1961 164 268

1116 197 1140 223 Α
1156 195 1273 228 ίπίϐολὸς
1296 195 1377 223 ἐστιν.
1400 195 1472 232 Ἅμα
1495 193 1524 222 δὲ
1555 196 1601 221 καὶ
1623 198 1701 221 τοῦτο
1725 195 1833 232 λεκτέον,
1863 198 1903 224 ὅτι
1922 200 1963 224 τὰ

1157 243 1256 276 φυσικὰ
1269 243 1394 278 κριτήρια
1416 238 1552 267 ἀδίδακτα
1574 242 1712 269 πεποίηκεν
1735 241 1748 267 ό
1771 244 1867 273 κτίσας
1889 244 1962 279 ἡμᾶς

1157 288 1229 316 Θεὸς.
1258 284 1352 316 Οὐδείς
1379 287 1427 323 γὰρ
1458 283 1584 311 διδάσκει
1610 287 1654 315 τὰς
1678 285 1748 320 ὄψεις
1775 288 1925 323 χρωμάτων
1943 289 1959 317 ἡ

1158 332 1304 366 σχημάτων
1318 329 1562 366 ἀντιλαμϐάνεσθαι,
1586 327 1644 356 οὐδ’
1658 329 1738 359 ἀκοὴν
1754 330 1845 366 ψόφων
1866 341 1893 358 τε
1913 335 1962 358 καὶ

1157 379 1255 410 φωνῶν,
1267 373 1325 401 οὐδ’
1340 377 1470 411 ὄσφρησιν
1486 373 1573 410 ἀτμῶν
1589 372 1692 400 εὐωδῶν
1711 384 1739 401 τε
1755 378 1800 401 καὶ
1816 373 1960 409 δυσωδῶν,

1157 418 1219 446 οὐδὲ
1230 424 1321 455 γεῦσιν
1335 424 1429 455 χυμῶν
1449 421 1494 445 καὶ
1508 418 1608 455 χυλῶν,
1622 417 1680 446 οὐδ’
1695 419 1762 456 ἁφὴν
1777 420 1901 457 μαλακῶν
1913 425 1963 448 καὶ

1159 464 1289 501 σκληρῶν,
1312 464 1326 494 ἡ
1354 465 1452 501 θερμῶν
1468 466 1513 490 καὶ
1533 463 1657 500 ψυχρῶν.
1673 463 1744 491 Οὐδὲ
1763 475 1806 491 τον
1828 470 1888 492 νοῦν
1905 465 1964 492 ἐπι-

1158 508 1257 535 ϐάλλειν
1272 512 1324 539 τοῖς
1338 512 1438 540 νοητοῖς
1462 506 1569 540 ὃιδάξοι
1592 518 1630 538 τις
1647 509 1688 534 ἄν.
1716 512 1766 535 Καὶ
1792 511 1880 548 ὥσπερ
1896 513 1920 537 εἰ
1937 521 1964 537 τι

1157 555 1262 580 πάθοιεν
1278 552 1366 587 αὗται,
1382 553 1526 589 ἐπιμελείας
1544 555 1620 589 μόνον
1643 552 1828 591 προσδέονται,
1850 558 1896 581 καὶ
1914 558 1964 585 τήν

1158 598 1254 624 οἰκείαν
1270 598 1397 636 ἐνέργειαν
1420 597 1530 628 εὐκόλως
1550 597 1747 635 ἀποκληροῦσιν
1759 610 1765 615 ·
1791 600 1875 631 οὕτως
1889 603 1939 627 καὶ
1953 602 1966 626 ὁ

1158 647 1225 675 νοῦς,
1241 645 1320 679 σαρκὶ
1345 641 1486 674 συνδεθεὶς,
1512 645 1556 668 καὶ
1576 646 1627 668 τῶν
1652 642 1679 668 ix
1699 645 1796 674 ταύτης
1811 650 1966 679 φαντασιῶν

1158 687 1312 724 πληρωθεὶς,
1326 689 1438 718 πίστεως
1454 685 1539 713 δεῖται
1554 689 1598 712 καὶ
1618 687 1747 718 πολιτείας
1762 688 1853 725 ὀρθῆς,
1865 691 1967 720 αἵτινες

1159 731 1350 768 καταρτίςουσι
1365 733 1424 762 τοὺς
1441 729 1527 762 πόδας
1550 731 1630 758 αὑτοῦ
1652 732 1715 758 ὠσεὶ
1739 732 1842 768 ἐλάφου,
1859 734 1908 759 καί
1925 733 1968 760 ἐπὶ

1159 778 1192 802 τὰ
1209 776 1298 812 ὑψηλὰ
1320 777 1428 802 ἱστῶσιν
1453 776 1542 804 αὐτόν.
1557 778 1639 802 Τουτό
1657 785 1698 802 τοι
1717 777 1779 803 αύτο
1794 781 1840 804 καὶ
1855 779 1868 804 ό
1884 788 1970 815 σοφος

1159 824 1296 858 παρεγγυᾷ
1311 820 1441 856 Σολομὼν·
1456 823 1501 847 καὶ
1513 822 1575 847 ποτὶ
1590 822 1635 857 μὲν
1650 822 1712 857 ἡμῖν
1726 824 1850 860 προφέρει
1922 833 1968 849 τον

1120 876 1140 902 Β
1160 865 1365 901 ἀνεπαίσχυντον
1387 864 1496 902 ἐργάτην
1524 874 1567 891 τον
1595 867 1732 901 μύρμηκα,
1754 869 1799 892 καὶ
1823 865 1860 892 δι’
1881 867 1967 894 αὐτον

1159 912 1203 939 τὴν
1217 912 1362 946 πρακτικὴν
1378 911 1440 945 ἡμῖν
1462 908 1523 936 ὁδον
1549 910 1712 947 ὑπογράφειο
1739 912 1800 937 ποτὶ
1815 909 1845 937 δε
1865 921 1894 938 το
1916 916 1967 943 τῆς

1161 959 1243 990 σοφῆς
1268 954 1390 990 μελίττης
1410 954 1592 990 κηρόπλαστον
1618 956 1746 991 ὄργανον·
1772 958 1818 982 καὶ
1847 954 1883 982 δι’
1912 958 1967 982 αύ-

1159 1004 1204 1029 τῆς
1215 1000 1250 1034 (3)
1264 1001 1377 1034 φυσικὴν
1389 1000 1497 1036 θεωρίαν
1516 999 1668 1032 αἰνίττεται,
1682 999 1706 1025 ἓν
1721 998 1736 1036 ᾖ
1752 1003 1799 1026 καὶ
1813 1001 1826 1026 ό
1844 1003 1967 1037 περὶτῆς

1160 1044 1235 1080 ἁγίας
1249 1042 1362 1081 Τριάδος
1387 1044 1543 1081 ἐγκέκραται
1568 1043 1662 1079 λόγος·
1690 1046 1758 1082 εἴπερ
1785 1045 1812 1071 ἐκ
1835 1045 1969 1077 καλλονῆς

1159 1090 1308 1124 κτισμάτων
1330 1087 1460 1124 ἀναλόγως
1486 1089 1499 1114 ὁ
1521 1098 1701 1126 γενεσιουργος
1729 1089 1872 1126 θεωρεῖται.
1889 1090 1968 1117 Ἀλλ’

1160 1133 1399 1170 εὐχαριστήσαντες
1413 1134 1452 1169 (4)
1482 1135 1566 1170 Πατρὶ
1586 1136 1630 1160 καὶ
1656 1135 1708 1170 Υὶῷ
1731 1136 1776 1160 καὶ
1797 1134 1862 1170 ἁγίῳ
1883 1137 1953 1161 Πνεύ

1160 1188 1233 1215 μαι-ι,
1249 1180 1327 1215 πέρας
1340 1177 1466 1214 ἐπιθῶμεν
1480 1182 1515 1213 τῷ
1527 1178 1664 1215 γράμματι
1674 1188 1681 1195 ·
1698 1176 1788 1208 ἐπειδὴ
1802 1182 1852 1206 πᾶν
1867 1181 1942 1218 μειερ(

1160 1224 1279 1261 ἄριστον,
1295 1225 1339 1249 καὶ
1354 1223 1368 1252 ἠ
1384 1225 1514 1260 παροιμία
1528 1225 1618 1259 φησίν.

1106 1356 1256 1393 siquidem
1281 1356 1391 1385 modus
1410 1356 1521 1392 omnis,
1546 1359 1578 1386 ut
1602 1357 1694 1386 etiam
1714 1358 1760 1386 est
1780 1357 1813 1386 in
1837 1364 1967 1394 prover-

1464 1467 1633 1491 ΕΠΙΣΤΟΛΗ
1654 1464 1693 1492 Θ’.

1138 1525 1292 1567 bonorum,
1312 1533 1398 1567 _suur_n
1417 1525 1454 1554 de
1472 1526 1832 1567 Dionys‘iiﬂztlexandrini
1843 1527 1971 1563 scriptis

1123 1581 1130 1589 .
1151 1562 1319 1598 Invitata!
1341 1561 1382 1589 ad
1403 1569 1434 1598 se
1459 1563 1558 1591 veniat
1581 1562 1645 1592 (sibi
1666 1563 1745 1591 enim
1760 1561 1926 1598 wgrotanii
1940 1566 1971 1591 et

279 1597 389 1633 talenti
403 1597 616 1631 iri-solitudine
628 1601 778 1635 integrum
794 1606 854 1626 non
870 1605 930 1626 esse
945 1597 985 1625 ad
999 1605 1063 1625 eum
1080 1598 1143 1632 ire),
1160 1600 1213 1626 aut
1227 1597 1333 1625 saltem
1348 1597 1471 1626 scribat.

521 1663 655 1691 Maximo
669 1661 861 1697 philosopho.

318 1732 341 1757 t.
367 1727 521 1762 Imagines
548 1733 617 1754 vere
643 1725 815 1753 animorum
841 1726 911 1751 sunt
936 1730 1104 1750 sermones.

280 1774 484 1810 Cognovimus
497 1773 601 1808 itaque
617 1774 644 1799 te
660 1778 696 1798 ex
716 1769 832 1802 litteris,
853 1771 1013 1804 quantum,
1027 1767 1111 1795 aiunt

280 1828 315 1848 ex
329 1817 483 1853 unguibus
502 1816 620 1844 leonem
633 1824 640 1842 :
655 1814 810 1849 gavisique
822 1815 946 1847 ‘sumus,
961 1811 1044 1848 quod
1068 1811 1111 1839 in-

280 1863 455 1893 venerimus
469 1864 495 1890 te
511 1860 594 1888 haud
609 1859 741 1894 segniter
755 1857 897 1885 atfectum
915 1864 988 1891 erga
1003 1856 1113 1892 prima-

281 1909 327 1937 ria
338 1916 373 1936 ac
388 1907 523 1935 maxima
535 1905 627 1937 bona,
643 1903 835 1931 dilectionem
859 1901 911 1929 Dei
926 1903 954 1929 et
969 1899 1111 1937 proximi.

283 1952 434 1981 Indicium
454 1953 554 1978 autem
578 1948 707 1976 facimus
726 1946 816 1982 hujus
832 1945 966 1982 quidem,
984 1947 1068 1972 tuam
1083 1944 1114 1972 in

283 2005 341 2025 nos
355 1995 586 2028 humanitatem,
607 1992 686 2019 illius
709 1998 792 2023 vero,
815 1989 950 2018 studium
972 1988 1114 2017 scientias.

286 2040 395 2070 Omnia
421 2042 523 2067 autem
547 2038 579 2065 in
607 2036 654 2064 his
683 2035 804 2063 duobus
828 2034 928 2071 posita
951 2041 1026 2068 esse,
1041 2032 1116 2062 nulli

287 2085 393 2114 Christi
406 2082 558 2119 discipulo
570 2081 708 2115 ignotum
722 2082 774 2107 est.

323 2132 350 2157 2.
372 2131 517 2156 Caeterum
537 2133 606 2162 qua
628 2124 765 2160 postulas
787 2123 920 2159 Dionysii
934 2123 1055 2159 scripta,
1070 2129 1118 2149 ve-

289 2181 360 2203 nere
376 2172 426 2201 illa
441 2171 566 2208 quidem
580 2169 618 2197 ad
639 2176 706 2203 nos,
720 2171 749 2196 et
762 2168 850 2196 valde
863 2168 977 2196 multa:
993 2167 1046 2196 sed
1056 2174 1118 2195 non

290 2219 402 2248 adsunt
412 2216 490 2249 libri,
501 2217 528 2243 et
539 2214 650 2242 idcirco
667 2221 728 2241 non
741 2213 890 2240 misimus.
906 2212 1055 2240 Sententia
1068 2219 1119 2240 au-

291 2266 352 2291 tem
368 2263 472 2289 nostra
488 2261 552 2288 haec
563 2261 618 2287 est.
630 2260 693 2286 Non
704 2257 809 2285 omnia
823 2257 876 2285 viri
887 2257 977 2292 hujus
987 2257 1120 2285 admira-

293 2316 362 2337 mur
376 2317 382 2335 :
400 2307 460 2334 imo
476 2307 554 2334 sunt.
571 2312 639 2341 quas
657 2311 781 2340 prorsus
796 2303 886 2331 etiam
901 2301 1120 2338 improbemus.

295 2355 370 2382 Nam
381 2351 440 2380 fere
451 2351 528 2378 illius
539 2357 608 2386 quae
618 2357 700 2377 nunc
714 2346 1121 2383 circumstrepit,impietatis,

296 2399 476 2425 Anomoaam
492 2395 569 2429 dico,
586 2394 611 2422 is
626 2396 683 2425 est,
698 2395 848 2429 quantum
860 2391 984 2427 quidem
1000 2391 1123 2425 scimus,

335 2495 359 2513 ⁹¹¹
377 2493 454 2523 Psal.
469 2500 536 2526 xvu,
553 2493 597 2520 34.
636 2491 661 2510 ³⁸
677 2492 763 2520 Prov.
779 2498 817 2526 Vi,
836 2492 861 2525 6,
901 2490 925 2507 θ’
940 2488 1026 2517 Eccli.
1041 2497 1082 2524 χι,
1097 2491 1124 2518 3.

336 2594 347 2604 ·
368 2592 447 2621 Alias
462 2591 527 2620 XLI.
545 2589 659 2626 Scripta
673 2588 754 2626 circa
765 2594 880 2616 annum
893 2589 955 2616 361.

338 2631 376 2665 (2)
392 2628 585 2665 “pepigeralta.
596 2624 669 2665 mss.
681 2624 920 2665 Ιῖιάἱῐὶλτροσςνέρει,ζ

339 2658 376 2702 (3)
392 2658 599 2702 Kaydi'uﬁrig.
617 2663 659 2702 [lla
669 2668 742 2688 mss.
757 2658 830 2702 ξξάξῐί
844 2658 888 2685 καὶ
903 2658 940 2685 δι’
953 2658 1044 2702 αὐτοις,

342 2695 380 2735 ξεί)
404 2699 469 2727 Ἀλλ’
486 2699 736 2734 εὐχαριστήσαντες.
762 2695 860 2724 Prima
881 2703 937 2723 vox
962 2695 1066 2724 addita
1089 2704 1125 2723 ex

303 2745 380 2810 ωῗέᾗ
395 2773 444 2799 Καὶ
458 2772 581 2808 μέγιστα.
607 2767 653 2796 Sic
679 2766 799 2795 codices
823 2774 895 2794 mss.
919 2775 1035 2796 omnes.
1053 2767 1125 2796 Editi

1124 1660 1144 1688 C

1430 1660 1542 1697 Μαὶξμῳ
1562 1660 1705 1697 φιλοσόφῳ,

1203 1724 1226 1750 1.
1248 1722 1350 1753 Εἰκόνες
1372 1724 1452 1753 ὢτως
1469 1726 1520 1748 τῶν
1546 1722 1642 1759 ψυχῶν
1662 1723 1727 1749 εἰσιν
1752 1724 1777 1749 οἱ
1800 1723 1884 1759 λόγοι.
1900 1727 1970 1751 Κατ-

1165 1768 1291 1804 εμάθομιν
1307 1766 1350 1794 οὖν
1367 1778 1395 1794 σε
1422 1767 1469 1794 διὰ
1493 1772 1539 1794 τοῦ
1556 1770 1720 1805 γράμματος,
1742 1770 1813 1803 ὅσον,
1840 1773 1934 1806 φασὶν,
1948 1769 1971 1801 ἐξ

1166 1811 1268 1848 ὀνύχων
1287 1822 1329 1838 τον
1357 1812 1464 1839 λέοντα·
1494 1815 1540 1839 καὶ
1566 1814 1693 1849 ἥσθημεν,
1715 1814 1831 1850 εὑρόντες
1855 1824 1917 1851 περι
1942 1816 1972 1840 τὰ

1165 1860 1258 1893 πρῶτα
1272 1859 1317 1883 καὶ
1327 1859 1442 1894 μέγιστα
1455 1858 1493 1893 (ὅ)
1509 1862 1558 1883 τῶν
1578 1857 1681 1893 ἀγαθῶν
1703 1858 1750 1884 οὐκ
1764 1858 1853 1896 ἀργῶς
1869 1857 1971 1886 διακεί-

1167 1910 1250 1937 μενον,
1266 1903 1314 1930 τὴν
1324 1911 1351 1927 τε
1370 1911 1435 1938 προς
1457 1911 1500 1928 τον
1522 1905 1586 1928 Θεον
1601 1901 1706 1938 ἀγάπην
1719 1905 1763 1929 καὶ
1777 1913 1820 1929 τον
1845 1903 1972 1932 πλησὶον.

1168 1949 1276 1982 Σημιῖον
1291 1944 1321 1972 δὲ
1335 1947 1480 1982 ποιούμεθα
1494 1956 1540 1972 τον
1555 1947 1600 1983 μὶν
1610 1949 1658 1976 τὴν
1671 1950 1731 1983 περὶ
1746 1948 1816 1984 ἡμᾶς
1832 1946 1973 1979 δεξιότητα

1170 1999 1229 2023 σου,
1251 2000 1297 2016 του
1326 1988 1356 2016 δὲ
1377 1994 1424 2019 τὴν
1453 1993 1511 2028 περὶ
1534 1995 1631 2027 γνῶσιν
1655 1990 1785 2022 σπουδήν.
1805 1991 1867 2019 Ὀτι
1892 1991 1923 2019 δε
1951 1992 1973 2019 ἐν

1170 2033 1244 2061 δυοῖν
1263 2036 1365 2061 τούτοιν
1390 2034 1445 2062 ἐστὶ
1465 2036 1499 2062 τὰ
1520 2035 1575 2070 ὃλα,
1605 2039 1734 2073 γνώριμον
1757 2030 1836 2064 παντὶ
1855 2041 1973 2076 Χριστου

1170 2080 1287 2116 μαθητῇ.

1207 2128 1232 2153 2.
1257 2125 1289 2152 Ἃ
1317 2124 1346 2151 δι
1366 2125 1496 2156 ἐπιζητεῖς
1522 2130 1572 2152 τῶν
1598 2130 1732 2153 Διονυσίου
1756 2127 1806 2162 (6),
1839 2126 1901 2157 ἦλθε
1928 2129 1973 2164 μὶν

1173 2169 1208 2200 εἰς
1233 2171 1314 2206 ἡμᾶς,
1338 2173 1383 2196 καὶ
1406 2172 1473 2196 πάνυ
1499 2171 1598 2198 πολλά·
1626 2171 1656 2197 ού
1684 2173 1797 2209 πάρεστί
1819 2182 1849 2208 γε
1875 2175 1927 2209 μὴν
1943 2173 1974 2198 τὰ

1175 2214 1275 2251 βιϐλία,
1300 2213 1391 2251 διόπερ
1418 2215 1465 2241 οὐκ
1491 2214 1686 2252 ἀπεστείλαμεν.
1712 2216 1827 2253 ’Ἑχομεν
1855 2215 1886 2243 δε
1907 2220 1972 2253 γνώ-

1175 2269 1225 2295 μης
1239 2259 1330 2290 οὕτως.
1347 2259 1386 2285 Οὐ
1407 2261 1491 2285 πάντα
1513 2260 1680 2297 θαυμάζομεν
1704 2271 1750 2287 του
1778 2259 1891 2299 ἀνδρὸς·
1920 2263 1972 2288 ἔστι

1177 2301 1206 2330 δί
1229 2302 1247 2329 ἆ
1274 2306 1319 2330 καὶ
1342 2304 1472 2335 παντελῶς
1492 2302 1681 2342 διαγράφομεν.
1712 2304 1812 2341 Σχεδὸν
1838 2307 1891 2343 γὰρ
1916 2316 1972 2332 ταυ-

1139 2337 1160 2364 D
1176 2350 1240 2376 τησὶ
1263 2352 1311 2379 τῆς
1336 2348 1380 2374 νῦν
1403 2337 1653 2386 περιθρυλλολνμενης
1682 2337 1807 2388 ἄισιξιίας,
1910 2351 1971 2376 κατὰ

1176 2393 1206 2419 τὸ
1231 2392 1365 2429 ’Δνόμοιον
1387 2393 1463 2430 λέγω,
1488 2394 1564 2426 οὗτός
1586 2393 1668 2428 ἔστιν,
1683 2395 1733 2421 ὅσα
1747 2404 1776 2431 γι
1794 2395 1871 2431 ἡμεῖς
1891 2397 1969 2432 ἵσμιν,

1179 2592 1223 2632 καὶ
1249 2589 1373 2632 μάλιστα.
1468 2589 1660 2632 _etiam__infra
1682 2591 1874 2632 a__veterihus
1897 2591 1968 2620 libris

1178 2626 1353 2688 giipf'epant
1367 2627 1448 2662 editi,
1466 2626 1496 2655 in
1521 2627 1632 2664 quibus
1651 2627 1758 2664 legitur
1770 2627 1794 2654 ἐν
1810 2629 1913 2655 τούτοιν
1926 2630 1968 2654 τοὶν

1215 2699 1254 2738 (ρ)
1268 2701 1328 2738 fray
1344 2701 1490 2726 Διονυσίου.
1506 2699 1619 2728 Desunt
1631 2699 1696 2727 huic
1711 2699 1742 2728 in
1762 2699 1886 2729 duobus
1899 2707 1966 2728 mss.

1179 2732 1345 2763 codicibus.
