2009 3145
57 153 120 180 277

594 147 837 176 EPISTOLARUM
856 146 998 177 CLASSIS
1023 151 1043 178 l.
1065 148 1175 178 EPIST.
1195 152 1248 180 XV.

1705 153 1758 180 278

59 216 119 250 χός
138 212 201 240 ἔστι
215 213 261 238 καὶ
277 209 353 241 αὐτὸς
368 208 485 241 διηνεκὶς
499 212 544 236 καὶ
569 208 744 247 δυσέμϐατον.
776 209 818 236 Ἐκ
847 206 877 235 δε

933 212 960 238 et
967 210 1032 247 ipse
1041 220 1146 241 murus
1154 213 1328 248 continuus,
1336 220 1524 249 ascensuque
1532 212 1759 243 difﬁcilisMons

60 263 114 285 τοῦ
133 257 180 284 ὶπὶ
204 257 301 293 θάτερα
327 257 462 290 τεταμένον
494 253 560 281 ιῖναι
579 255 636 289 (37)
651 257 681 281 τὸ
692 256 759 292 ὀρος,
774 252 810 280 δι’
826 252 876 289 ἀγ-

60 306 162 329 κώνων
197 298 342 338 μηνοειδῶν
361 303 417 329 ταῖς
440 299 566 337 φάραγξιν
593 299 815 335 ἐπιζευγνύμενον,
845 299 878 324 τὰ

63 347 185 384 βάσιμα
197 350 243 376 τῆς
262 346 391 382 ὑπωρείας
406 343 581 381 ἀπορειχίξει.
607 347 664 370 Μια
688 342 718 370 δέ
741 353 781 374 τις
806 344 877 369 εἵσο-

63 391 117 424 δος
150 391 190 418 ἐπ’
221 390 311 425 αὐτῆς,
344 394 376 420 ἧς
404 390 479 425 ἡμεῖς
506 388 583 425 ἐσμεν
601 390 763 426 κύριοι,Τὴν
777 397 807 424 γε
826 389 878 424 μὴν

63 439 183 466 οἴκησιν
209 435 298 471 αύχήν
318 443 359 465 τις
383 434 468 471 ἕτερος
493 432 667 470 ὑποδέχῃ-αι,
696 432 797 468 ὑψηλὸν
820 441 879 458 τινα

65 482 116 509 ἐπὶ
137 485 188 511 τῆς
210 481 291 516 ἄκρας
315 478 415 514 ἀνέχων
426 479 540 511 τένοντα,
556 478 623 504 ὥστε
641 479 670 504 τὸ
685 476 776 504 πιδίον
800 480 877 503 τοῦτο

65 525 253 562 ύφηπλῶσθαι
280 527 339 554 ταῖς
366 522 454 558 ὄψεσι,
481 525 526 549 καὶ
554 521 582 548 ἐκ
608 526 653 548 τοῦ
669 525 796 559 μετεώρου
812 521 878 553 ἕξεί-

64 581 113 597 ναι
161 572 208 596 καὶ
247 570 291 595 τὸν
323 569 442 604 ποταμὸν
473 567 640 604 περιῤῥίοντα
673 568 796 603 καθορᾷν·
831 566 878 592 οὐκ

66 615 201 642 ἱλάττονα
231 613 332 651 τέρψιν,
359 614 447 649 ἔμοιγε
477 610 563 638 δοκεῖν
590 614 658 648 (38),
688 614 877 648 παρεχὸμινον,

67 661 83 689 ὖ
113 663 171 689 τοῖς
196 658 224 684 ίκ
253 661 298 687 τῆς
324 656 502 693 ’Δμφιπόλεως
530 656 574 682 τόν
601 657 735 692 Στρύμονα
759 657 814 691 (39)
833 665 879 681 κα-

68 704 301 740 ταμανθάνουσιν.
331 701 361 727 Ὀ
462 702 512 737 γὰρ
547 700 726 738 σχολαιοτέρῳ
758 701 815 734 (40)
842 703 878 735 τῷ

68 749 187 786 ῥεύματι
211 745 414 782 περιλιμναὶζων,
447 749 542 782 μικροῦ
569 743 635 780 δεῖν,
668 747 713 770 καὶ
741 746 771 770 τό
799 753 878 770 ποτα-

70 795 123 829 μός
155 791 221 819 εἶναι
249 791 300 817 ὑπὸ
317 794 375 825 ⁸’τῆς
389 791 508 825 ἡσυχίας
524 789 667 827 ἀφῃρηται·
683 790 695 815 ό
712 787 751 822 δὲ,
767 788 880 820 ὀξύτατα

69 839 106 863 ὧν
123 837 175 873 ἐγὼ
204 834 267 862 οῖδα
294 839 417 872 ποταμῶν
439 835 513 872 ῥέων,
531 834 623 871 βραχύ
640 844 665 860 τι
680 838 710 870 τῇ
727 837 822 870 γείτονι
837 835 879 860 πέ-

933 258 1032 284 autem
1049 258 1187 294 utrinque
1200 261 1337 286 extentus
1351 261 1380 286 et
1390 266 1444 295 per
1456 261 1597 287 curvatos
1607 258 1758 287 anfractus

931 302 1129 336 voraginibus
1140 303 1272 338 junctus,
1288 311 1341 340 per
1356 304 1418 331 vias
1433 306 1544 332 montis
1556 303 1677 332 inﬁmas
1688 312 1758 340 par-

931 348 976 374 tes
990 347 1170 376 intercludit.
1188 348 1301 376 Habent
1320 351 1420 376 autem
1437 348 1547 376 inﬁmae
1576 348 1633 376 illae
1656 351 1758 385 partes

932 391 1048 420 aditum
1064 400 1171 425 unum,
1193 393 1280 428 cujus
1305 401 1360 421 nos
1375 393 1490 421 domini
1516 402 1636 421 sumus.
1665 394 1756 422 Porro

932 436 1149 465 habitationem
1164 437 1228 465 alite
1242 437 1382 473 quaedam
1404 437 1506 465 fauces
1517 438 1680 474 excipiunt,
1696 438 1756 474 94

932 481 1024 509 altam
1038 482 1206 517 quamdam
1217 482 1363 510 cervicem
1378 482 1407 509 in
1424 482 1530 510 vertice
1541 483 1698 517 erigentes,
1715 483 1756 510 sic

932 529 965 554 ut
979 534 1106 562 campus
1122 527 1161 554 ob
1176 526 1281 555 oculos
1305 535 1453 563 expassus
1479 529 1588 562 pateat,
1611 527 1757 563 liceatque

933 579 948 598 e
959 571 1080 598 sublimi
1096 571 1222 599 ﬂuvium
1239 571 1327 599 etiam
1347 571 1605 599 circumﬂuentem
1627 571 1735 599 intueri
1749 579 1756 599 :

932 615 994 651 qui,
1011 618 1042 643 ut
1058 615 1268 652 mihiquidem
1280 615 1407 649 videtur,
1424 623 1486 643 non
1500 616 1648 643 minorem
1677 615 1760 644 oble-

932 659 1094 688 ctationem
1118 660 1214 693 affert,
1237 668 1330 696 quam
1360 661 1501 696 Strymon
1521 668 1556 688 ex
1587 660 1758 696 Amphipoli

933 705 1158 741 aspicientibus.
1172 705 1222 733 Hic
1235 706 1314 733 enim
1323 704 1565 733 ﬂuentoleutiore
1581 707 1759 739 restagnans

933 750 1023 777 etiam
1041 757 1103 785 prae
1124 750 1223 785 quiete
1247 749 1357 777 ﬂuvius
1382 757 1448 777 esse
1470 749 1530 777 fere
1563 749 1672 777 desiuit
1689 749 1759 778 :ille

933 802 1005 822 vero
1015 794 1251 830 omnium,quos
1265 802 1322 828 ego
1330 793 1467 825 viderim,
1485 794 1646 822 ﬂuviorum
1670 794 1760 822 celer-

932 839 1007 866 rime
1021 838 1130 871 ﬂuens,
1147 847 1183 866 ex
1199 838 1297 866 vicina
1310 846 1384 874 rupe
1400 846 1461 866 non
1476 838 1551 866 nihil
1565 838 1598 866 ﬁt
1613 839 1757 874 asperior:

70 892 124 920 τρᾳ
158 881 404 918 παρατραχύνεται·
429 879 472 915 ἀφ’
503 880 533 910 ἧς
549 880 733 915 ἀναχεόμενος,
756 878 789 908 εἰς
804 877 878 907 δίνην

934 891 952 911 a
966 891 1027 919 qua
1039 891 1103 910 sese
1116 883 1291 917 refundens,
1305 883 1334 911 in
1345 882 1530 919 profundum
1542 883 1681 911 verticem
1690 891 1759 911 con-

73 926 188 963 βαθεῖαν
210 924 385 961 περιιιλιῖται·
416 923 475 959 ὧψιν
504 933 532 949 τι
559 922 674 953 ἥδίστην
691 923 746 958 (41)
762 923 819 958 ἐμοὶ
834 925 879 948 καὶ

72 972 158 996 παντὶ
183 971 259 1005 θιατῇ
288 971 477 1005 παρεχόμενος,
502 971 547 994 καὶ
572 970 666 1004 χριίαν
684 971 749 998 ,τοῖς
779 969 879 1002 ἐπιχω-

73 1024 149 1051 ριοις
179 1014 402 1051 αὐταρκεστάτην.
435 1013 536 1048 ἰχθύων
573 1022 600 1038 τι
626 1012 722 1042 πλῆθος
745 1011 878 1048 ἀμύθητον

71 1063 133 1090 ταῖς
162 1057 245 1089 δίναις
264 1058 399 1096 εντρεφῶν.
427 1060 459 1084 Τί
485 1056 527 1084 δεῖ
549 1057 630 1093 λέγειν
658 1059 705 1088 τὰς
725 1056 752 1083 ix
767 1060 814 1087 τῆς
828 1060 878 1092 γῆς

73 1103 218 1138 ἀναπνοὰς,
244 1103 258 1132 ἣ
286 1104 333 1133 τὰς
359 1102 386 1128 ὶκ
412 1105 458 1128 τοῦ
478 1106 597 1138 ποταμοῦ
617 1103 697 1139 αὔρας
713 1110 720 1134 ;
734 1103 769 1128 Τό
783 1111 813 1136 γε
827 1103 878 1137 μὴν

73 1153 126 1175 τῶν
150 1148 246 1175 ἀνθέων
274 1147 382 1183 πλῆθος,
413 1147 428 1176 ἣ
455 1151 504 1173 τῶν
531 1145 635 1182 ᾠδικῶν
665 1146 773 1183 ὀρνίθων
802 1145 880 1176 ἄλλος

75 1195 122 1230 μὲν
149 1193 181 1219 οἷν
211 1202 251 1224 τις
277 1193 444 1228 θαυμάσειεν·
473 1191 531 1227 ἐμοὶ
560 1190 589 1217 δὲ
615 1191 643 1217 οὐ
665 1191 750 1227 σχολὴ
774 1191 879 1224 ,τούτοις

73 1239 218 1275 προσέχειν
249 1238 293 1262 τὸν
318 1240 387 1264 νοῦν,
414 1235 447 1262 Ὀ
476 1234 505 1262 δὲ
537 1238 661 1272 μέγιστον
692 1235 770 1261 εἰπεῖν
784 1236 877 1271 ἔχομεν

74 1285 123 1308 τοῦ
137 1283 252 1318 χωρίου,
275 1281 327 1314 ὅτιγ
355 1282 421 1318 πρὸς
446 1283 533 1306 πᾶσαν
559 1281 680 1316 ὑπάρχον
700 1284 805 1315 καρπῶν
835 1289 878 1315 φο-

74 1328 124 1363 ρὰν
151 1324 302 1363 ἐπιτήδειρν
338 1323 375 1351 δι’
401 1325 534 1361 εὐκαιρίαν
561 1329 607 1355 τῆς
634 1325 737 1355 θέσεως,
767 1323 877 1353 ἣδιστον

76 1373 132 1401 (42)
166 1371 224 1407 ἕμοὶ
257 1371 359 1397 πάντων
385 1375 491 1407 καρπῶν
519 1372 566 1400 τὴν
592 1371 712 1405 ἡσυχίαν
735 1371 831 1406 τρὲφει·
847 1369 877 1395 οὐ

75 1418 154 1453 μόνον
182 1417 276 1442 καθότι
304 1419 354 1441 τῶν
385 1410 501 1441 ἀστικῶν
546 1414 661 1452 θορύϐων
701 1413 876 1443 ὰπήλλακταιο

74 1461 134 1487 ἀλλ’
152 1461 192 1487 ὅτι
206 1462 266 1486 οὔτε
285 1458 376 1489 ὁδίτην
391 1460 450 1486 τινὰ
475 1459 644 1497 παραπὶμπιι
660 1458 724 1489 πλὴν
746 1463 796 1485 τῶν
811 1460 878 1485 κατὰ

75 1506 160 1542 θήραν
189 1504 394 1540 ἕπιμιγννμένων
418 1504 491 1540 ἡμῖν.
522 1505 590 1540 Πρὸς
618 1505 668 1541 γὰρ
712 1506 764 1533 τοῖς
792 1503 878 1533 ἄλλοις

73 1552 121 1576 καὶ
149 1549 309 1586 θηροτρόφος
335 1548 417 1583 ἐστὶν,
442 1547 507 1583 οὔχί
534 1549 647 1585 ἄρκτων,
675 1547 690 1577 ᾖ
718 1547 801 1574 λύκων
827 1552 877 1574 τῶν

74 1595 217 1630 ὑμετέρων,
229 1594 276 1629 ς’μὴ
306 1594 406 1628 γένοιτο
423 1592 429 1619 l
447 1591 500 1618 ἀλλ’
531 1591 628 1628 ὶλάφων
658 1591 751 1631 ἀγέλας
773 1595 818 1618 καὶ
833 1592 877 1618 αἰ-

74 1642 128 1673 γῶν
161 1636 270 1674 ἀγρίων,
298 1639 343 1662 καὶ
367 1636 486 1672 λαγωοὺς
515 1635 620 1672 smn,
633 1638 677 1662 καὶ
698 1638 760 1662 εἴτι
775 1637 878 1666 τούτοις

79 1684 89 1689 -
203 1681 213 1691 ν
255 1681 261 1691 ι
302 1679 312 1687 θ
360 1681 382 1689 ι,
423 1681 428 1688 ι
592 1679 598 1687 ι
623 1681 632 1686 -
699 1678 720 1687 ν·
837 1678 861 1688 σε,

76 1691 174 1718 ομοιον.
284 1691 328 1708 ουν
354 1691 401 1707 ουκ
418 1682 513 1717 ινθυμῇ
537 1691 589 1718 παρ
619 1690 680 1706 οσον
696 1681 774 1709 ηΛθον
788 1686 878 1706 κινου-

75 1737 119 1753 νον
134 1727 146 1752 ό
160 1728 270 1763 μάταιός
293 1725 352 1762 ὶγὼ,
378 1727 498 1752 τοιούτου
528 1727 633 1762 χωρίου
662 1727 708 1754 τὴν
730 1724 876 1761 Τιϐερίνην,

75 1776 121 1802 τῆς
135 1771 291 1807 οἰκουμένης
319 1772 348 1796 τό
364 1769 510 1808 βάραθρον,
538 1769 686 1806 φιλονεικῶν
715 1768 876 1800 ἀνταλλάξα-

77 1817 157 1849 σθαι;
175 1817 245 1853 Πρός
273 1816 334 1851 ὃπιρ
363 1819 407 1841 νῦν
438 1813 594 1851 ἐπειγομένῳ
620 1817 773 1850 συγγνωσῃ.
805 1815 875 1840 Πάν-

76 1871 125 1892 τως
148 1861 197 1897 γὰρ
224 1858 287 1886 οὐδὲ
315 1859 461 1896 Ἀλκμαίων
489 1857 633 1895 Ἐχινάδας
657 1859 747 1895 εὑρὼν,
773 1860 814 1885 ἔπι
828 1862 876 1889 τῆς

76 1905 175 1936 πλάνης
188 1905 328 1940 ἠνέσχετο.

355 2048 525 2073 ΕΠΙΣΤΟΛΗ
547 2046 594 2073 ΙΕ’.

933 928 1060 956 volvitur
1077 936 1083 961 ;
1101 930 1191 964 atque
1202 928 1278 956 adeo
1292 928 1366 955 mihi
1382 930 1411 956 et
1425 927 1521 962 cuivis
1532 927 1658 956 intuenti
1674 935 1760 964 aspe-

933 975 1014 1001 ctum
1021 973 1158 1001 omnium
1167 972 1436 1008 jucundissimum,
1449 972 1616 1008 incolisque
1627 980 1761 1001 commo-

932 1017 1056 1046 ditatem
1072 1017 1255 1045 uberrimam
1272 1017 1396 1052 praebet,
1417 1024 1453 1044 ac
1467 1017 1596 1053 piscium
1623 1017 1761 1045 innume-

932 1062 1059 1090 rabilem
1075 1062 1195 1097 copiam
1214 1061 1245 1089 in
1257 1061 1417 1089 verticibus
1434 1061 1536 1089 nutrit.
1557 1061 1634 1093 Quid
1657 1062 1761 1090 attinet

932 1106 1136 1134 exhalationes
1151 1115 1168 1134 a
1187 1109 1266 1134 terra
1282 1108 1452 1138 manantes,
1468 1108 1518 1134 aut
1530 1113 1620 1134 auras
1637 1114 1652 1133 e
1668 1105 1760 1134 ﬂuvio

932 1151 1189 1179 commemorare?
1198 1151 1318 1178 Florum
1327 1158 1399 1178 sane
1407 1152 1646 1178 autcanorarum
1657 1150 1760 1178 avium

931 1195 1154 1224 multitudinem
1165 1195 1242 1223 alius
1259 1195 1387 1223 fortasse
1401 1195 1539 1223 miretur:
1558 1194 1612 1222 sed
1624 1194 1698 1222 mihi
1713 1194 1761 1222 his

931 1240 1067 1268 animum
1083 1240 1237 1268 advertere
1253 1247 1313 1267 non
1328 1241 1426 1267 vacat.
1443 1239 1529 1272 Quod
1542 1241 1644 1267 autem
1664 1239 1762 1267 maxi-

933 1293 1017 1312 mum
1032 1285 1069 1312 de
1080 1285 1137 1312 hoc
1152 1285 1219 1312 loco
1229 1284 1328 1312 dicere
1340 1291 1519 1320 possumus,
1536 1283 1609 1311 illud
1621 1283 1762 1320 est,quod

932 1337 1002 1356 cum
1012 1329 1053 1357 ob
1087 1329 1162 1356 situs
1185 1328 1444 1365 opportunitatem
1458 1328 1496 1356 ad
1520 1336 1627 1356 omnes
1647 1328 1762 1356 fructus

932 1373 1129 1410 proferendos
1143 1373 1271 1402 idoneus
1289 1373 1337 1408 sit,
1358 1381 1453 1400 unum
1470 1373 1606 1401 omnium
1621 1373 1696 1400 mihi
1715 1373 1762 1408 ju-

932 1418 1153 1446 cundissimum
1169 1419 1301 1454 quietem
1316 1425 1351 1445 ac
1367 1417 1613 1453 tranquillitatem
1627 1417 1678 1445 alit
1690 1424 1762 1451 ;non

932 1463 1030 1490 solum
1044 1466 1194 1498 quatenus
1208 1462 1247 1490 ab
1264 1462 1388 1490 urbanis
1405 1461 1583 1489 tumultibus
1605 1462 1681 1489 liber
1706 1464 1760 1495 est,

932 1507 985 1535 sed
1000 1507 1091 1535 etiam
1102 1507 1172 1542 quia
1186 1514 1224 1534 ne
1238 1506 1381 1534 viatorem
1397 1505 1522 1542 quidem
1537 1506 1632 1534 ullum
1650 1505 1689 1533 ad
1705 1513 1761 1533 nos

893 1562 913 1590 ο
932 1551 1114 1592 transmittit,
1141 1552 1166 1579 si
1189 1559 1241 1579 eos
1252 1551 1394 1587 excipias,
1414 1551 1466 1587 qui
1489 1551 1565 1578 inter
1584 1551 1760 1579 venandum

930 1597 1092 1625 nobiscum
1114 1596 1286 1624 miscentur.
1317 1598 1391 1624 Nam
1419 1598 1526 1631 praeter
1543 1595 1659 1631 reliqua
1682 1595 1760 1623 feras

930 1641 1021 1669 etiam
1036 1641 1156 1674 enutrit,
1172 1649 1233 1669 non
1240 1648 1328 1668 ursos
1339 1643 1390 1668 aut
1403 1640 1492 1676 lupos
1505 1642 1618 1668 vestros
1635 1639 1759 1674 (absitl),

931 1686 984 1713 sed
1000 1693 1159 1713 cervorum
1185 1687 1275 1721 atque
1296 1684 1480 1712 silvestrium
1501 1692 1663 1720 caprarum
1697 1692 1762 1719 gre-

931 1738 993 1765 ges,
1009 1730 1198 1766 leporesque,
1214 1732 1243 1757 et
1262 1729 1286 1757 si
1301 1729 1375 1765 quid
1388 1728 1434 1756 bis
1449 1729 1556 1756 simile.
1580 1730 1656 1757 Num
1669 1729 1761 1764 igitur

929 1775 1054 1809 cogitas,
1081 1782 1143 1810 quo
1171 1782 1229 1808 ego
1251 1774 1375 1809 periculi
1405 1773 1513 1802 stultus
1526 1773 1672 1808 venerim,
1688 1782 1758 1802 cum

929 1819 1105 1855 hujusmodi
1130 1819 1232 1847 sedem
1251 1819 1400 1853 Tiberina,
1423 1818 1505 1846 orbis
1533 1821 1680 1846 terrarum
1704 1818 1757 1847 ba.-

928 1864 1042 1895 rathro,
1065 1866 1253 1891 commutare
1274 1871 1416 1898 cuperem
1436 1863 1449 1890 ‘I
1468 1863 1563 1895 Quem
1585 1862 1624 1890 ad
1654 1862 1755 1891 locum

928 1916 1009 1936 nunc
1024 1908 1198 1944 properanti
1213 1908 1334 1935 veniam
1349 1907 1448 1935 dabis.
1465 1908 1539 1935 Nam
1555 1906 1687 1943 profecto
1700 1915 1757 1935 nec

928 1953 1082 1980 Alcmaeon
1096 1952 1225 1980 inventis
1239 1951 1441 1980 Echinadibus
1460 1951 1592 1987 amplius
1615 1951 1757 1980 oberrare

929 1997 1024 2026 voluit

1205 2042 1382 2071 EPISTOLA
1401 2042 1474 2070 ΧΨ.

530 2100 664 2129 Basilius
680 2099 812 2129 Arcadio
825 2098 1011 2128 commendat
1022 2097 1099 2125 cives
1111 2097 1295 2131 metropolis.

272 2151 405 2190 Ἀρκαδίῳ
420 2156 518 2190 κόμητι
537 2153 677 2192 πριϐατῶν.

111 2206 231 2235 "ﬁdentem
259 2208 367 2244 μείζονα
389 2210 436 2237 τήν
465 2208 546 2245 χάριν
575 2209 590 2236 ἦ
621 2206 710 2233 ἰλαϐον
733 2208 757 2233 οἱ
771 2206 874 2233 πολῖται

78 2257 124 2284 τῆς
159 2252 344 2289 μητροπόλεως
382 2253 466 2288 ἡμῶν,
495 2254 695 2289 παρασχόμενοί
722 2262 767 2288 μοι
796 2251 873 2288 ἀφορ-

78 2299 126 2334 μήν
149 2301 199 2324 τῶν
227 2298 294 2334 πρὸς
325 2299 371 2326 τὴν
401 2299 449 2326 σὴν
472 2299 611 2332 τιμιότητα
622 2297 793 2333 γραμμάτων.
819 2296 873 2323 Λύ-

78 2345 129 2372 τοῖς
225 2342 276 2379 γὰρ
303 2342 318 2370 ἠ
347 2341 535 2378 φιλανθρωπία,
561 2341 592 2372 ἧς
614 2341 692 2367 ἕνεκεν
711 2344 755 2370 τὴν
770 2340 873 2368 ἄπιστο-

79 2386 123 2415 λὴν
137 2386 224 2413 ἔλαϐον
240 2386 302 2423 παρ’
316 2387 399 2422 ἡμῶν,
415 2389 460 2413 καὶ
473 2388 523 2423 πρὸ
536 2389 585 2412 τῶν
613 2387 685 2422 ἡμῶν
713 2386 768 2422 (S3)
790 2396 874 2423 γραμ-

79 2431 164 2467 μάτων
189 2431 297 2467 ὑπῆρχε
324 2429 370 2457 διὰ
397 2433 444 2460 τὴν
472 2431 572 2460 συνήθη
601 2433 646 2456 καὶ
669 2433 716 2460 τὴν
732 2429 759 2456 ἐκ
774 2432 875 2466 φύσεως

115 2527 169 2563 (37)
186 2526 267 2555 Εἶναι,
284 2529 369 2555 Deest
381 2527 411 2555 in
427 2535 477 2555 sex
495 2536 566 2555 mss.
581 2527 746 2555 codicibus.

115 2561 169 2598 (38)
183 2567 279 2590 Δοκιῖν.
295 2563 340 2591 Sic
354 2563 431 2591 Harl.
449 2563 548 2591 etduo
570 2563 662 2597 Regii.
691 2563 765 2591 Ediii
792 2561 874 2589 δοκεῖ.

117 2599 170 2636 (39)
197 2601 341 2636 Στρύμονα.
363 2599 409 2627 Sic
437 2599 666 2636 Coisl._primus
679 2607 749 2626 cum
765 2606 875 2636 unde;

82 2626 188 2669 Regiis.
206 2626 283 2662 uiui.
301 2626 412 2669 etVReg.
429 2626 582 2662 secundus
607 2635 770 2671 Στρύμμονα.
803 2633 877 2662 Editi

82 2674 230 2697 Στουαῶνα.

113 2680 374 2742 ῗζῶωέἓολαιοτέρῳ.
386 2705 511 2742 Codices
522 2707 652 2741 quatuor
667 2705 795 2741 σχολαίῳ.
812 2707 876 2742 Non

83 2740 172 2778 multo
184 2740 257 2778 pnst
271 2741 331 2778 duo
347 2740 428 2778 Regii
452 2740 572 2778 cedices
601 2740 823 2778 περιτραχύνεται
837 2740 878 2777 ὑφ’

83 2777 119 2807 ἧς.
135 2776 233 2812 Habet
246 2777 335 2804 etiam
351 2777 392 2812 ὑφ’
408 2778 440 2807 ἧς
455 2777 533 2804 Harl.

115 2814 170 2849 (Η)
182 2810 322 2841 Ἡδίστην.
338 2810 406 2841 Post
417 2812 497 2841 hanc
509 2820 615 2840 vocem
631 2811 715 2840 addit
725 2812 879 2840 Coislinia-

1107 2150 1240 2178 Arcadio
1264 2150 1367 2178 comiti
1376 2150 1575 2185 priuatarum.

964 2203 1076 2232 Dedere
1084 2203 1183 2239 majus
1192 2203 1372 2230 beneﬁcium
1384 2211 1478 2239 quam
1491 2210 1633 2238 accepere
1647 2205 1755 2231 metro-

928 2249 1004 2286 polis
1019 2251 1128 2277 nostrae
1144 2249 1234 2281 cives,
1249 2256 1318 2275 cnm
1334 2247 1408 2275 mihi
1424 2247 1590 2275 litterarum
1615 2247 1654 2275 ad
1670 2250 1754 2276 tuam

927 2294 1105 2329 dignitatem
1116 2293 1308 2322 occasionem
1320 2292 1504 2320 obtulerunt.
1515 2292 1573 2320 Illis
1595 2293 1677 2320 enim
1700 2293 1755 2321 liu~

928 2339 1066 2373 manitas,
1084 2338 1130 2374 cuj
1137 2347 1169 2366 us
1176 2346 1271 2366 causa
1283 2337 1443 2374 epistolam
1452 2340 1656 2374 acceperuuta
1666 2338 1754 2366 nobis

928 2383 1018 2412 etiam
1034 2385 1102 2411 ante
1114 2383 1227 2410 litteras
1242 2385 1360 2411 nostras
1375 2385 1480 2419 parata
1494 2384 1567 2414 erat,
1582 2382 1621 2410 ob
1632 2391 1756 2411 consue-

930 2430 992 2456 tam
1003 2427 1090 2456 ettibi
1107 2427 1342 2456 naturainsitam
1351 2427 1494 2455 inomnes
1506 2427 1687 2456 comitatem.
1696 2429 1754 2456 Nos

930 2535 988 2555 nus
1003 2527 1119 2563 primus
1131 2530 1235 2563 πασῶν.
1246 2527 1317 2563 Mox
1329 2526 1400 2563 editi
1408 2526 1557 2563 ἇγχωρίοις.
1570 2528 1626 2556 Sex
1636 2527 1755 2554 codices

931 2562 1013 2590 mss.’
1022 2565 1054 2590 ut
1064 2564 1094 2589 in
1106 2565 1186 2589 textu
1210 2562 1324 2590 Ibidem
1338 2570 1373 2589 ex
1383 2562 1504 2590 duobus
1517 2563 1672 2590 codicibus
1683 2562 1756 2596 legi-

931 2598 1180 2634 mus_i195mvr‘rrl.
1207 2598 1280 2626 Editi
1306 2598 1406 2633 ἰχθύων
1426 2597 1465 2626 δέ.
1483 2598 1566 2626 idem
1581 2598 1670 2626 Coisl.
1686 2600 1755 2634 post

931 2638 989 2664 ταῖς
998 2632 1082 2664 δίναις
1097 2633 1181 2660 addit
1195 2632 1409 2664 περιειλούιιενον,

967 2661 1024 2702 (i2)
1052 2661 1189 2695 ἐἰδίστονι
1217 2661 1263 2697 Sic
1287 2662 1375 2704 Coisl.
1400 2677 1469 2697 cum
1496 2668 1617 2697 duobus
1645 2669 1752 2704 Regiis,

931 2705 1039 2733 melius
1051 2713 1145 2741 quam
1161 2705 1190 2732 in
1208 2705 1293 2732 editis
1309 2703 1434 2734 ἡδίστην.

967 2741 1025 2776 (43)
1041 2742 1093 2778 Πρό
1104 2744 1153 2766 τῶν
1168 2741 1252 2777 ἡμῶν.
1276 2742 1346 2775 Reg.
1376 2740 1526 2768 secundus
1552 2742 1602 2778 πρὸ
1631 2745 1680 2767 τῶν
1695 2741 1756 2777 ἡμι-

933 2786 1021 2803 τιοων.

960 2803 1062 2840 "Alias
1079 2813 1220 2840 CCCCXV.
1242 2811 1356 2848 Scripta
1370 2811 1401 2839 in
1416 2818 1546 2839 secessu.
