2009 3145
585 155 828 184 EPISTOLARUM
847 155 988 184 CLASSIS
1007 156 1028 183 Ι.
1046 155 1154 185 EPIST.
1172 156 1264 185 XVIII.

1710 158 1762 186 282

78 220 176 255 τρόπος
201 222 251 249 τῆς
281 217 309 249 ἐξ
337 216 452 245 ἀλλήλων
479 219 623 253 γεννήσεως
640 228 647 235 ·
679 217 721 244 ἐπὶ
746 220 828 244 πόσον
856 216 873 245 δ

940 218 1096 254 quomodo
1119 219 1184 247 aliae
1208 219 1283 248 alias
1299 219 1443 261 gignant;
1471 218 1607 255 quandiu
1635 220 1764 254 gestetur

77 265 220 290 κυίσκεται
247 264 275 289 τὸ
301 264 461 298 τικτόμενον,
486 265 531 289 καὶ
557 267 611 294 πῶς
626 264 683 290 οὔτε
700 263 776 293 πεζοί
794 264 887 294 πάντες

77 309 104 335 οἰ
137 309 285 345 μύρμηκις,
314 309 372 333 οὔτε
403 308 544 344 ὑπόπτεροι
575 309 677 343 πάντας,
702 308 754 334 ἀλλ’
789 310 812 335 οἱ
840 310 884 345 μὴ

77 357 129 379 τῶν
154 355 244 389 χαμαὶ
259 353 406 388 ἐρχομένων
422 352 498 387 εἰσὶν,
524 354 549 379 οἱ
565 351 594 379 δὲ
618 351 731 391 διαέριοι
754 356 882 390 φέρονται.

75 397 107 424 Ὀ
133 399 221 429 τοίνυν
248 401 297 423 τῶν
323 399 401 423 ὄντων
423 399 470 426 τὴν
489 401 584 433 γνῶσιν
609 397 794 434 ἕπικομποὶζων
822 400 884 430 τέως

76 444 126 471 τήν
154 445 201 468 τοῦ
225 443 363 479 μύρμηκος
379 443 457 478 φύσιν
473 442 568 468 εἰπάτω
580 450 586 456 ·
608 441 655 469 εἶθ’
670 443 735 469 οὕτω
760 443 883 479 φυσιολο-

75 489 160 522 γιὶτω
178 489 224 516 τὴν
249 487 336 512 πάντα
361 490 419 512 νοῦν
445 487 626 522 ὑπερέχουσαν
655 486 775 524 δύναμιν.
805 488 835 514 Εἰ
855 486 884 514 δὲ

75 535 126 556 τοῦ
140 530 315 567 βραχυτάτου
341 532 478 567 μύρμηκος
493 533 565 558 οὔπω
579 531 724 569 περιέλαϐες
742 536 773 568 τῇ
787 535 883 568 γνώσει

73 577 124 605 τὴν
140 576 227 611 φύσιν,
240 579 295 607 πῶς
313 577 360 605 τὴν
376 575 556 605 ἁκαταληπτον
569 580 615 602 τοῦ
631 580 698 603 Θεοῦ
714 575 824 613 δύναμιν
840 587 882 614 με-

71 619 223 656 γαλωχιίς
233 620 422 657 φαντάξισθαι.

355 720 524 745 ΕΠΙΣΤΟΛΠ
545 717 592 746 ΙΖ’.

940 262 1026 297 fetus,
1043 265 1071 291 et
1097 264 1252 300 quomodo
1273 272 1372 301 neque
1394 272 1501 292 omnes
1516 263 1648 292 formicae
1673 264 1764 300 pede-

941 309 1015 335 stres
1053 307 1122 342 sint,
1154 316 1252 344 neque
1285 317 1391 337 omnes
1425 308 1527 342 alatne,
1567 308 1620 336 sed
1654 316 1762 345 repen-

940 351 1019 379 tibus
1041 352 1125 380 humi
1141 352 1217 387 aliis,
1245 353 1309 381 alite
1336 361 1390 390 per
1409 361 1510 381 aerem
1531 352 1676 381 ferantur.
1707 353 1762 386 Qui

940 403 1011 430 ergo
1026 396 1062 423 de
1071 404 1176 424 eorum
1186 405 1254 433 quae
1267 400 1337 425 sunt
1350 397 1520 432 cognitione
1533 397 1762 432 gloriatur,inte-

939 440 996 468 rim
1009 440 1143 469 formicae
1167 441 1256 469 nobis
1272 442 1397 478 explicet
1412 444 1552 469 naturam
1569 449 1576 474 ;
1603 443 1692 477 atque
1720 441 1762 469 ita.

938 484 1061 513 demum
1078 486 1143 521 ejus
1159 486 1325 522 potestatis,
1346 494 1414 522 quae
1435 486 1618 513 intellectum
1638 493 1761 514 omnem

937 532 1069 565 superat,
1082 533 1223 558 naturam
1239 533 1396 558 scrutetur.
1415 530 1502 563 Quod
1515 530 1538 558 si
1551 529 1760 558 minutissimas

935 572 1068 602 formicae
1081 577 1220 603 naturam
1245 575 1383 603 nondum
1398 575 1566 609 cognitione
1593 575 1760 610 apprehen-

935 618 1014 651 disti,
1030 619 1186 655 quomodo
1207 619 1542 656 incomprehensibilem
1558 619 1608 647 Dei
1620 621 1760 647 naturam

935 663 1153 698 imaginatione
1169 666 1220 693 tua
1236 665 1490 701 comprehensam
1509 671 1575 691 esse
1588 663 1744 699 gloriaris?

1199 719 1368 747 EPISTOLA
1402 719 1492 746 XVIl'.

73 761 198 790 Laudat
211 762 346 791 Basilius
362 763 498 799 Origenis
524 764 639 797 scn‘pta
654 766 682 792 et
701 765 869 798 susceptam
886 764 1022 792 veritatis
1036 763 1235 798 defensionem
1252 772 1258 790 :
1280 766 1508 798 persecutorum
1532 761 1673 796 prxdica't
1694 762 1759 790 exi-

469 799 544 827 tium
562 807 568 826 :
584 799 707 835 Origeni
722 801 844 836 ejusque
852 800 926 834 filiis
939 807 1085 835 prospera
1098 800 1199 828 omnia
1211 803 1369 834 precatur.

374 842 500 880 Ὠριγένιι
515 844 584 879 (54).

1281 844 1414 879 Origem'.

111 889 163 913 Καὶ
197 885 353 924 ἁκουόμινος
382 887 536 924 εὐφραίνεις,
568 891 613 915 καὶ
643 888 874 925 ἀναγινωσκόμενος

969 889 1003 916 Et
1017 888 1091 917 dum
1106 888 1229 923 audiris,
1245 888 1399 923 oblectas;
1417 890 1445 916 et
1470 888 1545 916 dum
1566 887 1682 923 legeris,
1706 894 1761 923 per

73 929 113 958 δι’
129 932 164 957 ὧν
183 933 292 969 γράφεις
321 932 498 970 ἐνεργεστίρας
527 934 583 969 (55)
611 934 674 970 ἡμῖν
689 936 815 972 παρέχεις
833 934 877 960 εὑ-

73 977 215 1013 φροσύνας.
230 979 281 1003 Καὶ
300 978 382 1015 χάρις
400 977 479 1007 πολλὴ
493 982 530 1014 τῷ
544 978 634 1014 ἀγαθῷ
650 979 721 1014 Θεῷι,
734 983 770 1014 τῷ
794 977 876 1015 μηδὲν

74 1019 249 1050 ἱλαττωθῆναι
269 1024 411 1051 ποιήσαντι
430 1025 477 1052 τὴν
502 1022 625 1051 ἀλήθειαν
645 1023 670 1049 ἰν
694 1027 724 1060 τῇ
745 1023 878 1060 προδοσίᾳ

71 1069 123 1091 τῶν
140 1064 219 1095 δῆθεν
245 1067 483 1103 ὑπιρκρατούντων,
511 1066 575 1093 ἀλλὰ
597 1065 633 1093 δι’
656 1068 726 1104 ὑμῶν
830 1071 877 1098 τὴν

73 1112 234 1147 συνηγορίαν
252 1114 298 1137 τοῦ
323 1111 401 1147 λόγου
424 1116 469 1141 τῆς
496 1111 625 1142 εὐσεϐείας
649 1111 875 1150 ἁναπληρώσαντι.

72 1154 179 1181 Ἐκεῖνοι
203 1156 248 1191 μὶν
268 1154 323 1190 οὖν,
350 1157 382 1186 ὡς
400 1157 430 1182 τό
451 1159 567 1191 κώνειον,
593 1157 607 1186 ἦ
632 1159 661 1183 τὸ
682 1158 808 1192 ἀκόνιτον,
833 1161 878 1184 καὶ

72 1200 94 1225 εἴ
107 1209 146 1229 τις
158 1199 223 1229 οῖλλη
248 1198 405 1237 ἀνδροφόνος
421 1199 530 1237 βοτάνη,
555 1203 620 1238 πρὸς
644 1201 730 1238 ὀλίγον
744 1201 876 1231 ἀνθήσαν-

72 1253 122 1278 τις,
148 1246 221 1280 ταχὺ
244 1243 516 1281 ἁποξηρανθήσονται.
540 1245 612 1282 Ὑμῖν
642 1244 671 1272 δὲ
701 1245 811 1284 ἀνθηρόν
833 1249 876 1273 καὶ

73 1286 111 1314 ἀεὶ
137 1289 192 1314 νέον
212 1289 225 1314 ό
247 1290 343 1326 Κύριος
363 1299 405 1316 τον
425 1291 520 1326 μισθόν
534 1294 583 1316 τῶν
596 1291 659 1327 {ai-rip
685 1294 730 1316 τοῦ
753 1290 877 1327 ὀνόματος

72 1332 153 1359 αὐτοῦ
183 1333 346 1363 λαληθέντων
376 1334 491 1372 παρέξει.
519 1335 591 1361 Ἀνθ’
616 1336 649 1361 ὧν
675 1338 720 1361 καὶ
738 1337 877 1372 παράσχοι

71 1377 132 1413 ὑμῖν
161 1378 174 1403 ό
201 1380 294 1415 Κύριος
307 1381 393 1405 πᾶσαν
418 1379 538 1408 εὐθηνίαν
554 1381 637 1415 οἴκου,
657 1383 702 1406 καὶ
722 1380 758 1411 εἰς
777 1379 877 1412 παῖδας

69 1420 175 1448 παίδων
190 1425 237 1452 τὴν
253 1423 369 1459 τὶλογίαν
386 1422 553 1450 διαϐιϐάσαι.
583 1425 622 1451 Τὰ
648 1423 678 1451 δὲ
707 1425 876 1461 εὐγενέστατοι

68 1465 179 1500 παιδία,
191 1469 249 1498 τοὺς
264 1467 379 1506 ἐναργεῖς
393 1473 438 1498 τῆς
454 1473 503 1500 σῆς
517 1471 680 1505 χρητότητος
692 1474 874 1507 χαρακτῆρας,

68 1509 140 1538 εἶδον
150 1510 236 1543 ἡδέως
246 1514 291 1538 καὶ
305 1513 527 1550 περιεπτυξάμην,
543 1516 588 1540 καὶ
600 1515 714 1551 εὔχομαι
724 1514 810 1546 αὐτοῖς
826 1515 876 1542 ὅσα

69 1554 99 1581 ἂν
113 1555 194 1587 αὐτὸς
210 1556 223 1582 ὁ
233 1558 321 1593 πατὴρ
334 1557 407 1593 αὔξῃ.

352 1613 522 1638 ΕΠΙΣΤΟΛΗ
543 1611 595 1639 ΙΗ’.

932 934 1044 969 scripta
1063 933 1171 969 majori
1182 941 1238 961 nos
1253 933 1347 961 adicis
1363 933 1474 961 laetitia.
1490 935 1531 961 Ac
1553 934 1613 961 Deo
1636 932 1760 968 quidem

932 978 1046 1014 optimo
1062 978 1164 1013 gratias
1179 977 1291 1013 multae,
1308 978 1361 1014 qui
1371 977 1451 1013 fecit,
1462 980 1494 1006 ut
1503 977 1578 1006 nihil
1589 976 1760 1015 detrimenti

932 1022 1079 1059 acciperet
1090 1023 1199 1051 veritas
1215 1031 1253 1050 ex
1268 1030 1372 1050 eorum
1392 1022 1572 1059 proditione,
1600 1022 1652 1058 qui
1678 1029 1759 1049 sum-

931 1076 1015 1096 mam
1025 1067 1162 1096 videlicet
1174 1069 1353 1104 potestatem
1366 1067 1489 1096 habent:
1506 1067 1558 1095 sed
1573 1074 1626 1103 per
1640 1074 1695 1094 vos
1709 1066 1761 1094 de-

931 1112 1100 1140 fensionem
1112 1112 1256 1140 doctrinae
1271 1112 1403 1140 veritatis
1419 1112 1478 1148 96
1490 1110 1680 1147 implevitJlli
1694 1110 1759 1146 qui-

931 1156 1001 1184 dem
1014 1157 1096 1185 velut
1108 1157 1205 1184 cicuta
1221 1159 1272 1184 aut
1295 1156 1459 1191 aconitum,
1473 1158 1500 1184 et
1514 1156 1539 1184 si
1551 1163 1613 1192 qua
1628 1157 1672 1183 est
1699 1154 1759 1183 alia.

931 1201 1057 1229 exitialis
1067 1201 1172 1235 herba,
1181 1201 1265 1228 brevi
1279 1203 1414 1236 tempore
1425 1208 1495 1228 cum
1505 1199 1670 1233 ﬂoruerint,
1681 1199 1758 1227 illico

932 1248 1115 1274 exarescent.
1127 1245 1218 1273 Vobis
1232 1253 1304 1273 vero
1330 1245 1474 1273 Dominus
1491 1244 1661 1273 mercedem
1677 1243 1758 1271 efﬂo-

931 1292 1096 1318 rescentem
1111 1297 1146 1318 ac
1163 1297 1282 1326 semper
1297 1297 1408 1318 novam
1422 1289 1462 1317 ob
1472 1297 1589 1325 ea,quae
1601 1287 1757 1325 proipsius

931 1334 1053 1362 nomine
1065 1334 1155 1362 lacuti
1171 1333 1409 1369 estis,largietur.
1421 1334 1545 1370 Propter
1558 1341 1627 1369 quae
1641 1332 1691 1360 det
1706 1340 1757 1360 vo-

931 1379 978 1407 bis
985 1378 1129 1406 Dominus
1139 1381 1166 1406 et
1173 1378 1402 1414 prosperitatem
1413 1386 1536 1406 omnem
1545 1377 1755 1411 domesticam,

932 1426 959 1452 et
973 1423 1003 1451 in
1018 1423 1094 1451 ﬁlios
1111 1423 1237 1451 filiorum
1252 1422 1494 1450 benedictionem
1505 1421 1757 1450 transmittat.Cae-

929 1470 1026 1496 terum
1040 1467 1150 1495 liberos
1165 1469 1231 1495 tuos
1255 1466 1470 1500 nobilissimos,
1485 1473 1659 1502 expressam
1672 1464 1757 1493 boni-

930 1512 998 1541 tatis
1019 1514 1077 1540 tum
1096 1511 1236 1547 efﬁgiem,
1250 1511 1311 1539 vidi
1332 1511 1458 1539 libenter
1481 1513 1571 1546 atque
1599 1509 1757 1546 amplexus

930 1565 1184 1594 sum,precorque
1196 1556 1254 1584 illis
1269 1556 1417 1593 quidquid
1433 1556 1497 1592 ipse
1509 1557 1595 1592 pater
1608 1556 1756 1591 precetur.

1188 1611 1356 1639 EPISTOLA
1377 1610 1493 1639 XVIII“.

67 1662 221 1691 Hortatur
234 1663 368 1692 Basilius
383 1664 552 1692 Mat-artum
568 1667 595 1693 et
613 1665 772 1699 Joannem,
787 1669 820 1694 ut
845 1673 897 1701 spe
917 1666 1004 1700 regni
1016 1664 1139 1693 caelestis
1163 1672 1226 1700 qum
1251 1665 1315 1692 sola
1331 1672 1391 1692 non
1406 1664 1502 1699 fallit,
1517 1670 1571 1692 nec
1589 1661 1756 1698 potentium

372 1700 471 1733 minis,
485 1707 539 1728 nec
549 1701 702 1735 falsorum
717 1700 883 1730 amicorum
897 1701 1052 1736 vituperits
1067 1708 1086 1729 a
1098 1701 1212 1735 pietate
1232 1701 1454 1728 deterreantur.

285 1746 415 1782 Μακαρίῳ
430 1745 485 1779 (57)
496 1747 541 1771 καὶ
558 1745 673 1781 Ἰωάννῃ.

107 1789 175 1814 οὗτε
189 1790 319 1825 γιωργοὺς
346 1790 370 1815 οἱ
393 1790 461 1815 κατὰ
487 1792 614 1826 γεωργίαν
644 1790 773 1821 ξενίζουσι
792 1792 877 1825 πόνοι,

69 1833 129 1858 οὔτε
155 1833 295 1864 ναύταιςό
320 1834 387 1860 κατὰ
416 1833 550 1860 θάλασσαν
578 1837 679 1870 χειμὼν
703 1833 876 1872 ἀπροσδόκη-

69 1885 120 1909 τος,
137 1879 194 1903 οὔτε
209 1881 264 1908 τοῖς
279 1879 469 1914 μισθαρνοῦσιν
494 1879 506 1904 ό
537 1879 633 1916 θερινός
647 1879 704 1914 (58)
727 1878 807 1916 ἱδρὼς
826 1889 875 1906 πα-

66 1919 193 1958 ράδοξος,
215 1923 274 1948 οὔτε
288 1924 340 1959 μὴν
357 1926 412 1953 τοῖς
426 1923 537 1954 εὐσεϐῶς
551 1924 598 1960 ζῇν
614 1923 742 1960 ἑλομένοις
758 1925 785 1950 αἱ
806 1925 874 1950 κατὰ

67 1967 111 1992 τὸν
138 1966 267 1993 ἐνεστῶτα
292 1969 389 2004 κόσμον
410 1967 511 2003 θλίψεις
540 1967 692 2005 ἁμελετητοι
716 1968 787 2003 (59).
807 1968 873 1995 Ἀλλ’

65 2010 168 2046 ἑκάστῳ
203 2015 254 2037 τῶν
285 2012 424 2048 εἰρημένων
463 2013 557 2044 οἰκεῖος
580 2015 625 2039 καὶ
654 2016 783 2050 γνώριμος
819 2017 874 2044 τοῖς

64 2059 187 2092 μετιοῦσι
208 2057 378 2087 συνέζευκται
404 2059 480 2088 πόνος
498 2068 504 2074 ·
536 2057 565 2084 οὐ
582 2056 618 2084 δι’
646 2057 736 2084 ἑαυτὸν
762 2059 871 2094 αἱρετὸς,

65 2100 131 2128 ἀλλὰ
154 2100 191 2128 δι’
211 2101 356 2129 ἀπόλαυσιν
381 2102 485 2138 ἀγαθῶν
500 2101 735 2141 προσδοκωμένων.
753 2102 873 2135 Ἐλπίδες

62 2148 128 2184 γὰρ,
155 2148 240 2173 πάντα
263 2149 307 2173 τὸν
324 2151 373 2174 τῶν
398 2147 538 2184 ἀνθρώπων
555 2150 717 2184 συνέχουσαι
730 2151 775 2175 καὶ
803 2152 870 2185 συγὲ

63 2195 208 2228 κροτοῦσαι
223 2191 292 2228 βίον,
307 2194 351 2221 τὴν
381 2191 416 2229 ἐφ’
436 2192 537 2228 ἑκάστῳ
563 2194 660 2219 τούτων
687 2194 872 2231 παραμυθοῦν-

62 2247 106 2268 ται
132 2235 286 2265 δυσκολίαν.
309 2240 365 2263 Τῶν
388 2239 433 2274 μὲν
446 2238 490 2264 οὖν
512 2239 575 2275 ὑπὲρ
590 2242 641 2274 γῆς
666 2242 772 2275 καρπῶν
796 2240 871 2279 (60)²

63 2281 78 2311 ἦ
102 2285 151 2308 τῶν
179 2282 246 2307 κατά
272 2285 322 2317 γῆν
336 2283 480 2308 πονούντων
505 2283 529 2308 οἱ
547 2284 592 2318 μὲν
614 2283 780 2309 παντάπασιν
795 2281 870 2318 ἐψεύ-

1186 1745 1322 1773 Macario
1335 1748 1362 1773 et
1375 1745 1498 1773 Joanni.

967 1792 1067 1827 Neque
1088 1789 1225 1825 agricolis
1240 1787 1428 1825 agriculturae
1453 1788 1525 1816 novi
1539 1788 1609 1816 sunt
1624 1786 1756 1820 labores,

929 1843 1028 1872 neque
1042 1835 1142 1863 nautis
1154 1835 1252 1871 pelagi
1264 1837 1428 1870 tempestas
1441 1834 1757 1869 inexspectata,neque

929 1880 1073 1917 operariis
1098 1880 1236 1908 mercede
1261 1879 1417 1907 conductis
1444 1878 1565 1906 aestivus
1589 1877 1680 1904 sudor
1709 1875 1756 1904 in-

929 1925 1105 1957 solitus;nec
1117 1924 1253 1960 profecto
1264 1924 1375 1960 his,qui
1387 1923 1469 1959 piam
1485 1922 1577 1950 vitam
1591 1921 1754 1956 elegerunt.

927 1970 1031 1997 mundi
1044 1969 1134 2005 hujus
1149 1969 1270 1997 aﬁlictio
1285 1967 1522 2004 improvisa.Sed
1536 1966 1697 2002 unicuique
1707 1973 1755 1993 eo-

926 2022 1005 2045 rum,
1016 2022 1094 2050 quos
1108 2013 1252 2046 diximus,
1263 2013 1402 2050 proprius
1418 2021 1453 2041 ac
1463 2014 1552 2040 notus
1566 2013 1659 2040 artem
1670 2017 1755 2038 exer-

927 2058 1063 2087 centibus
1074 2058 1234 2093 adjunctus
1249 2060 1295 2085 est
1309 2057 1476 2092 labor;non
1491 2056 1539 2084 ille
1554 2055 1677 2093 quidem
1687 2062 1755 2091 pro-

925 2105 992 2140 pter
1001 2111 1032 2131 se
1046 2103 1210 2139 eligendus,
1228 2103 1279 2130 sed
1293 2102 1333 2130 ad
1347 2102 1499 2130 bonorum
1513 2103 1755 2137 exspectalorum

926 2148 1162 2186 perfruitionem.
1181 2149 1254 2184 Spes
1268 2148 1427 2184 siquidem,
1437 2156 1505 2184 quae
1519 2146 1678 2174 hominum
1689 2153 1755 2173 om-

925 2202 996 2222 nem
1009 2193 1163 2221 continent
1177 2201 1212 2221 ac
1220 2192 1396 2220 consociant
1408 2192 1632 2224 vitam,insitam
1643 2190 1757 2218 unicui-

926 2245 985 2274 que
1000 2237 1110 2265 harum
1120 2245 1221 2265 rerum
1230 2236 1436 2264 difﬁcultatem
1450 2235 1755 2270 consolantur.Atque

926 2289 963 2310 ex
977 2281 1013 2309 iis
1035 2281 1170 2318 quidem,
1186 2281 1238 2317 qui
1252 2289 1306 2317 pro
1327 2283 1411 2308 terrae
1438 2279 1583 2308 fructibus
1597 2281 1649 2308 aut
1663 2279 1754 2307 rebus

99 2388 307 2431 (δῷίςιριγένη.
328 2388 403 2431 Editi
418 2388 536 2431 addunt
549 2389 704 2431 πρόῤῥησις,
721 2398 798 2431 quae.
813 2398 871 2431 vox

931 2374 1085 2431 Sculte—tus.

61 2424 148 2462 deest
161 2425 191 2462 in
207 2433 259 2452 sex
271 2432 346 2462 mss.
363 2426 391 2462 et
407 2428 545 2462 corrupte
568 2424 603 2453 in'
615 2424 869 2462 codice—insignis

62 2459 202 2499 Ecclesia:
213 2460 389 2499 Parisieusis
397 2460 441 2499 sic
455 2459 563 2495 legitur
578 2461 753 2499 πρόσρῥῃσις.

96 2495 374 2533 (55)]βνερχῳτξρας.
394 2496 440 2524 Sic
459 2500 584 2533 uterque
597 2495 718 2531 'Co'i'sL,
742 2497 822 2526 Harl.
843 2499 871 2525 et

61 2531 125 2560 duo
141 2531 209 2568 alii.
219 2531 295 2559 Editi
305 2531 499 2568 ἐναργεστέρας.

95 2568 153 2603 (56)
173 2567 210 2593 Δι’
226 2568 308 2602 ὑμῶν.
330 2568 368 2605 ιμ’
382 2567 458 2605 »ἡμῶν
475 2567 566 2605 Harl.
583 2570 611 2596 ct
629 2568 721 2596 Coisl.
740 2568 868 2605 primus.

95 2605 154 2636 (57)
172 2605 312 2641 Maxupicp.
326 2603 484 2641 Quinque
500 2603 631 2641 codices,
647 2603 758 2641 nempe
773 2604 868 2638 Harl.,

58 2639 130 2674 Reg.
147 2639 312 2673 secundus,
326 2640 401 2672 ναι,
418 2639 524 2675 Paris.,
543 2639 629 2668 Coisl.
647 2639 800 2668 secundus
814 2643 870 2666 Μα-

56 2677 149 2715 κρίνῳ.
164 2675 234 2715 Reg.
244 2674 360 2710 primus
376 2675 593 2715 Mazplvqi._Sed_
603 2677 705 2715 tamen
721 2675 868 2715 quiat/ul-

57 2709 304 2747 gata__scriptura
319 2712 416 2738 exstat
433 2709 697 2747 inantiquissimis
713 2709 868 2739 codicibus

57 2745 244 2774 Coisliniano
260 2745 359 2781 primo
373 2748 400 2773 et
413 2745 563 2777 Medicam:
578 2746 651 2774 nihil
665 2747 862 2774 mutavimus.

92 2782 374 2818 (58)erp_w6;.llanc
388 2789 492 2818 vocem
509 2782 735 2818 addidimusrex
756 2782 868 2810 codici-

56 2816 117 2845 bus
134 2816 223 2846 Coiél.
237 2816 349 2854 primo,
365 2816 438 2845 Med.
465 2819 494 2845 et
507 2817 654 2854 Clarom.,
667 2817 772 2854 sicque
795 2817 868 2853 legit

961 2427 1017 2461 (59)
1039 2426 1104 2452 Ai...
1129 2424 1225 2460 θλίψεις
1241 2423 1402 2461 ἀμελέτητοι.
1424 2423 1545 2461 Harl._et
1561 2425 1621 2461 tres
1635 2423 1756 2461 codices

925 2459 1106 2489 recentiores
1193 2459 1280 2496 θλίψις
1302 2460 1466 2496 ἀμελέτητος.
1484 2459 1530 2487 Sic
1554 2459 1644 2488 etiam
1663 2460 1755 2496 paulo

925 2499 995 2532 post
1005 2496 1182 2524 retinuimus
1197 2496 1254 2524 has
1266 2504 1364 2529 voces,
1380 2499 1435 2526 τοῖς
1444 2499 1580 2532 μετιοῦσι,
1593 2504 1662 2531 quia
1675 2496 1754 2523 desi-

924 2531 1068 2560 derantur
1081 2531 1205 2567 quidem
1220 2532 1250 2559 in
1264 2531 1366 2560 codice
1383 2531 1453 2559 Harl
1473 2535 1501 2559 et
1515 2533 1644 2567 quatuor
1656 2538 1755 2559 recen-

924 2567 1070 2600 tioribus;
1085 2570 1116 2595 at
1125 2567 1156 2595 in
1171 2567 1377 2595 vetustissimis
1392 2567 1480 2595 Coisl.
1496 2570 1526 2595 et
1537 2567 1610 2602 Med,
1625 2575 1687 2595 non
1701 2567 1754 2595 de-

925 2606 1015 2678 sflaitd)
1036 2638 1110 2676 Ὑπὲρ
1134 2642 1319 2678 γῆς-καρπῶν.
1341 2637 1677 2678 Displicetpombeﬁsio
1701 2645 1754 2674 ρος

924 2676 1038 2715 strema
1048 2673 1117 2707 vox,
1135 2682 1170 2702 ac
1185 2673 1256 2709 legit
1270 2676 1429 2710 καμνόντων)
1446 2674 1500 2702 sed
1513 2681 1637 2710 prorsus
1648 2673 1754 2701 imme-

923 2713 1061 2773 1.u'oitlias
1074 2745 1276 2773 CCCLXXXIV.
1293 2745 1406 2781 Scripta
1421 2745 1588 2781 imperante
1601 2737 1733 2773 Juliano.

959 2782 980 2793 "
993 2781 1073 2809 Alias
1089 2781 1175 2810 CCXI.
1194 2781 1312 2818 Scripta
1326 2779 1445 2810 videtur
1460 2779 1517 2808 sub
1531 2779 1662 2809 Juliano.
