2009 3145
252 154 303 181 283

939 151 971 179 S.
988 146 1116 176 BASILII
1136 147 1248 175 MAGNI

1886 151 1936 179 28b

251 215 377 243 terrenis
386 212 624 248 desudant,alios
634 219 702 248 spes
711 212 836 241 omnino
845 212 992 240 frustrata:
1002 211 1081 243 sunt,

1143 209 1241 238 τθησαν
1277 213 1326 236 τῶν
1356 208 1476 253 ἐλπίδων,
1500 211 1582 246 μέχρι
1608 211 1689 247 μόνης
1714 213 1862 247 φαντασίας
1889 216 1936 238 τῶν

252 268 321 288 cum
335 258 516 294 cogitatione
544 261 630 285 tenus
659 257 836 293 exspectatis
856 256 940 293 potiti
959 257 1059 283 essent
1075 262 1081 280 :

251 304 362 340 quibus
376 306 477 331 autem
485 303 574 330 etiam
587 310 622 330 ex
633 302 778 330 sententia
792 301 937 338 processit
947 302 1082 332 eventus,

251 349 288 376 iis
304 356 356 384 spe
372 347 467 376 altera
488 347 597 375 iterum
621 355 698 383 opus
714 347 779 381 fuit,
797 345 1023 382 praeterlabente
1048 351 1084 371 ac

252 395 453 421 marcescente
479 392 611 420 celeriter
625 392 732 427 priore.
746 393 854 419 Verum
869 391 904 418 iis
931 390 1004 418 solis
1031 387 1084 424 qui

252 445 307 473 pro
321 439 430 473 pietate
442 436 591 471 laborant,
605 443 660 463 nec
680 435 874 464 mendacium
887 434 1018 462 abolevit
1032 441 1084 461 ex-

253 482 538 517 spectationem,nec
552 480 622 508 ﬁnis
636 480 756 508 labores
769 479 972 512 labefactavit,
984 477 1083 506 stabili

251 534 286 555 ac
298 526 386 554 ﬁrmo
401 524 566 561 excipiente
579 524 723 552 caelorum
739 531 841 559 regno.
868 525 924 552 Vos
936 530 1007 557 ergo
1023 529 1084 550 non

251 570 409 598 conturbet
420 569 551 597 mendax
563 569 725 602 calumnia,
734 576 789 596 nec
800 568 890 596 minae
899 569 1028 595 terreant
1036 574 1072 594 eo

251 623 330 648 rum,
342 614 393 650 qui
410 621 563 641 summam
579 615 755 649 potestatem
768 613 882 641 habent
899 622 906 646 ;
927 620 988 640 non
1004 611 1082 639 risus

251 659 404 687 contristet
413 661 464 686 aut
471 657 653 686 contumelia
662 657 927 690 familiarium,nec
941 656 1083 684 condem-

251 704 334 732 natio
347 703 386 732 ab
412 703 586 730 hominibus
614 711 718 730 curam
747 705 775 730 et
800 703 932 730 studium
961 709 1022 737 prae
1052 708 1084 729 se

251 748 428 782 ferentibus,
449 755 467 775 a
493 747 604 783 quibus
626 747 791 775 fortissima
806 747 845 774 ad
870 746 1084 782 decipiendum

252 800 321 820 esca
331 791 683 828 pratenditur,simulata
694 791 877 826 adhortatio,
888 790 1025 827 quandiu
1036 798 1084 817 ve-

251 837 347 864 ritatis
365 836 502 864 doctrina
527 836 615 864 nobis
645 835 892 871 patrocinabitur.
919 836 967 862 His
983 837 1084 862 autem

1135 252 1360 290 προσδοκωμένων
1386 257 1432 284 τήν
1457 254 1602 280 ἀπόλαυσιν
1624 257 1728 291 ἔχοντες
1744 264 1750 270 '
1781 255 1817 286 οἷς
1839 255 1869 283 δέ
1895 260 1938 283 καὶ

1137 300 1205 324 κατά
1230 302 1333 335 γνώμην
1358 299 1463 328 ἐκϐῆναι
1501 299 1594 328 συνέϐη
1633 302 1662 326 τό
1698 300 1779 334 τέλος,
1815 299 1938 337 δευτέρας

1139 341 1232 371 ἐδέησε
1255 343 1331 369 πάλιν
1351 342 1464 378 ἐλπίδος,
1481 342 1711 380 παραδραμούσης
1734 347 1778 371 καὶ
1801 347 1939 382 μαρανθεὶ-

1139 397 1188 418 σης
1217 387 1241 413 ἐν
1271 389 1350 423 τάχει
1370 393 1418 419 τῆς
1445 391 1581 424 προτέρας.
1612 391 1708 419 Μόνοις
1735 387 1765 416 δι
1792 393 1847 420 τοίς
1875 390 1938 427 ὑπὲρ

1137 431 1267 463 εὐσεϐείας
1282 436 1412 469 καμοῦσιν
1437 433 1466 459 οὐ
1485 431 1584 468 ψεῦδος
1603 433 1713 469 ἠφάνισε
1735 434 1790 469 (61)
1809 435 1857 465 τάς
1869 433 1940 460 Ebri-

1137 474 1198 511 δας,
1214 477 1243 502 οὑ
1265 477 1335 508 τέλος
1358 477 1502 513 ἐλυμήνατο
1529 480 1590 508 τοὺς
1614 478 1710 508 ἄθλους
1736 479 1804 513 (62),
1829 478 1941 515 βεϐαίας

1137 524 1182 547 καὶ
1209 524 1319 558 μονίμου
1354 520 1548 558 διαδεχομένης
1577 526 1623 552 τῆς
1641 527 1692 548 τῶν
1715 523 1830 559 οὐρανῶν
1855 523 1941 560 βασι-

1137 565 1215 596 λείας.
1246 569 1289 595 Μὴ
1314 569 1400 593 τοίνυν
1429 568 1497 603 ὑμᾶς
1525 569 1672 603 ταραττέτω
1697 566 1806 596 διαϐολὴ
1824 566 1940 604 ψευδὴς,

1137 609 1206 646 μηδὲ
1221 611 1330 647 φοϐείτω
1344 616 1393 637 τῶν
1415 613 1578 648 κρατούντων
1594 613 1650 647 (63)
1668 611 1757 642 ἀπειλή
1773 620 1780 628 ”
1804 615 1840 649 μὴ
1861 612 1942 648 γέλως

1137 653 1248 681 λυπείτω
1275 658 1320 682 καὶ
1336 655 1410 692 ὕϐρις
1434 660 1485 681 τῶν
1512 658 1659 693 γνωρίμων,
1685 655 1755 692 μηδὶ
1777 658 1944 692 κατάγνωσις

1137 701 1208 736 παρά
1235 704 1285 726 τῶν
1317 699 1449 729 κήδεσθαι
1479 703 1720 737 προσποιουμένων,
1759 701 1942 739 ἰσχυρότατον

1137 747 1202 781 πρὸς
1228 743 1330 774 ἀπάτην
1350 743 1440 781 δέλεαρ
1465 744 1676 782 προϐαλλομένων
1691 746 1743 780 (64)
1759 748 1940 783 παραινέσεως

1138 792 1328 825 προσποίησιν,
1342 789 1388 820 ἓως
1408 789 1438 815 ἆν
1465 790 1478 815 ὀ
1501 793 1546 820 τῆς
1571 789 1690 821 ἀληθείας
1714 791 1776 826 ἡμῖν
1793 793 1944 826 συναγωνί-

1139 834 1219 864 ξηται
1229 836 1286 869 (65)
1302 833 1389 869 λόγος.
1408 834 1609 870 Ἀντιμαχέσθω
1620 833 1649 861 δε
1664 839 1717 865 τοῖς
1731 838 1799 861 πᾶσι
1813 835 1945 871 λογισμὸς

253 881 397 909 omnibus
419 881 588 909 obluctetur
613 884 695 908 recta
716 881 803 913 ratio,
819 880 1009 908 defensorem
1027 879 1083 906 sibi

1143 879 1224 914 ὀρθὸς,
1256 879 1398 914 σύμμαχον
1429 878 1585 915 παρακαλῶν
1614 879 1735 914 γενεσθαι
1772 881 1817 905 καὶ
1842 878 1945 915 βοηθὸν

252 927 407 955 advocans
427 929 454 954 et
469 926 650 961 adjutorem.
664 927 842 960 magistrum
855 925 972 962 pietatis
984 923 1084 953 Domi-

252 979 327 998 num
348 974 486 999 nostrum
510 972 614 998 Jesum
637 971 797 1005 Christum,
822 978 877 1006 pro
887 978 949 1006 quo
968 973 997 997 et
1024 969 1085 1005 pati

252 1015 339 1044 dulce
354 1018 408 1049 est,
422 1018 451 1044 et
462 1015 538 1044 mori
548 1015 666 1044 lucrum
679 1017 698 1044 ¹.

534 1070 702 1098 EPlSTOLA
719 1070 797 1098 XIX‘.

1139 922 1209 958 αὐτῷ
1231 924 1274 948 τὸν
1290 927 1337 953 τῆς
1358 922 1486 953 εὐσεϐείας
1513 921 1676 950 διδάσκαλον
1692 925 1735 950 τὸν
1752 925 1846 961 Κύριον
1868 925 1945 960 ἡμῶν

1141 967 1248 996 Ἰησοῦν.
1259 969 1383 1004 Χριστὸν,
1407 966 1444 994 δι’
1460 968 1487 994 ὃν
1501 970 1546 994 καὶ
1561 970 1590 994 τὸ
1605 969 1761 995 κακοπαθεῖν
1778 967 1840 1004 ἡδὺ,
1856 970 1946 995 καὶτὸ

1140 1011 1277 1038 ἀποθανεῖν
1292 1010 1397 1049 κέρδος.

1421 1069 1589 1092 ΕΠΙΣΤΟΛΗ
1611 1065 1664 1093 ΙΘ’.

446 1123 507 1151 Per
521 1124 643 1151 Petrum
658 1124 792 1151 Basilius
806 1122 942 1151 rescribit
955 1120 1108 1156 Gregorio,
1125 1119 1211 1154 cujus
1226 1119 1389 1147 Laconicas
1403 1119 1434 1147 in
1448 1120 1590 1154 epistolas
1600 1121 1739 1155 jocatur.

495 1172 550 1207 97
572 1172 715 1208 Gregorio
731 1172 838 1200 sodali.

290 1225 405 1266 Litteras
421 1227 568 1253 venerunt
580 1225 653 1253 mihi
664 1233 724 1253 non
736 1226 776 1254 ita
786 1225 904 1261 pridem
918 1233 936 1252 ει
949 1227 986 1260 te,
1000 1223 1087 1259 plane

255 1272 389 1304 tuae,non
403 1271 464 1298 tam
480 1270 599 1298 indiciis
609 1278 827 1306 manus,quam
836 1269 964 1306 propriis
978 1268 1088 1305 episto-

253 1314 290 1343 lae
305 1315 393 1343 notis.
409 1316 507 1343 Pauca
517 1315 597 1343 enim
613 1318 698 1344 erant
711 1315 805 1343 verba
817 1314 996 1343 sententiam
1014 1313 1087 1341 ube-

254 1367 319 1388 rem
335 1359 516 1388 exhibcntia.
530 1360 574 1388 Ad
589 1368 667 1397 quas
679 1360 779 1388 statim
794 1368 855 1388 non
863 1358 1086 1395 respondimus,

254 1404 338 1440 quod
359 1412 415 1432 nos
443 1405 567 1440 quidem
586 1413 710 1441 peregre
736 1413 894 1437 essemus;
917 1403 1087 1432 tabellarius

253 1457 335 1482 vero,
358 1457 428 1477 cum
450 1449 609 1486 epistolam
627 1450 678 1477 uni
708 1449 890 1478 familiarum
915 1451 1086 1476 nostrorum

255 1493 528 1530 dedisset,propere
542 1495 724 1523 discesserit.
738 1494 795 1523 Sed
807 1502 888 1522 nunc
901 1501 954 1530 per
968 1494 1086 1520 Petrum

1406 1184 1541 1219 Γρηγορίῳ
1561 1181 1665 1220 ἑταίρῳ.

1178 1225 1289 1261 Γράμμα
1313 1223 1374 1254 ἦ).οέ
1399 1235 1445 1262 μοι
1457 1229 1546 1262 πρώην
1570 1229 1641 1263 παρά
1672 1231 1729 1262 σοῦ,
1753 1226 1867 1264 ἀκριϐῶς
1884 1230 1944 1262 σὸν,

1141 1269 1170 1296 οὐ
1186 1274 1308 1296 τοσοῦτον
1337 1274 1373 1306 τῷ
1397 1275 1551 1308 χαρακτῆρι
1574 1275 1621 1302 τῆς
1636 1274 1738 1309 χειρός,
1759 1272 1819 1298 ὅσον
1838 1276 1875 1307 τῷ
1895 1276 1946 1303 τῆς

1141 1313 1281 1346 ἐπιστολῆς
1300 1313 1436 1351 ἰδιώματι.
1453 1315 1545 1351 Ὀλίγα
1570 1317 1620 1354 γὰρ
1645 1315 1674 1345 ἦν
1702 1318 1734 1342 τὰ
1752 1317 1858 1354 ῥήματα
1876 1317 1945 1343 πολ-

1140 1358 1186 1387 λὴν
1218 1357 1335 1395 διάνοιαν
1361 1364 1539 1396 παριστώντα.
1573 1363 1638 1397 Πρός
1669 1360 1686 1386 ἃ
1717 1361 1792 1392 εὐθὺς
1818 1363 1863 1398 μὲν
1895 1361 1946 1387 οὐκ

1141 1403 1343 1440 ἀπεκρινάμεθα,
1366 1402 1436 1430 διότι
1463 1404 1535 1431 αὐτοι
1564 1407 1609 1441 μέν
1637 1403 1841 1442 ἀπεδημοῡμιν·
1869 1407 1882 1431 ὀ
1913 1404 1945 1432 δί

1140 1451 1361 1486 γραμματοφόρος
1375 1451 1442 1485 (66),
1460 1449 1495 1476 ἑνὶ
1508 1454 1558 1476 τῶν
1581 1448 1735 1479 ἐπιτηδείων
1756 1451 1819 1486 ἡμῖν
1834 1448 1945 1482 ἐπιδοὺς

1139 1496 1185 1523 τὴν
1213 1493 1362 1526 ἰπιστολὴν,
1387 1493 1469 1520 ἀπιὼν
1498 1497 1594 1530 ᾤχετο.
1618 1495 1696 1521 Ἀλλὰ
1712 1499 1756 1521 νῦν
1772 1494 1819 1521 διὰ
1842 1498 1944 1532 Πέτρον

254 1537 435 1575 alloquimur
451 1541 488 1574 te,
513 1539 601 1566 simul
617 1541 644 1567 et
665 1538 854 1567 salutationis
880 1537 1083 1574 persolventes

1143 1539 1376 1576 προσφθεγγόμεοά
1391 1549 1429 1573 σε,
1450 1540 1517 1575 ὁμοῦ
1531 1541 1575 1575 μὲν
1592 1539 1770 1571 ἁποτιννύντις
1794 1545 1841 1571 τῆς
1856 1549 1944 1577 προσ-

255 1582 401 1618 debitum,
425 1585 454 1611 et
466 1584 658 1612 occasionem
674 1583 794 1612 alterius
806 1582 937 1620 epistolae
952 1581 1087 1618 praeben-

255 1629 309 1655 tes.
325 1628 454 1655 Omnino
470 1631 570 1655 aulem
597 1627 696 1656 nullus
722 1628 809 1656 labor
836 1627 968 1664 epistolae
998 1628 1087 1654 Laco-

255 1671 342 1705 nicae,
356 1671 461 1708 quales
476 1675 557 1705 sunt,
571 1680 639 1708 quis
656 1680 674 1701 a
689 1675 716 1700 te
741 1672 870 1700 subinde
894 1671 933 1700 ad
948 1679 1003 1700 nos
1023 1679 1086 1708 per-

255 1715 389 1744 veniunt.

537 1771 706 1799 EPISTOLA
725 1770 800 1799 XX".

1141 1585 1249 1620 ηγορίας
1264 1586 1292 1609 το
1305 1586 1394 1621 χρέος,
1412 1584 1476 1620 ὁμοῦ
1491 1582 1521 1610 δὲ
1545 1583 1663 1621 ἀφορμὴν
1679 1582 1806 1622 δευτέρων
1821 1585 1944 1621 γραμμά-

1141 1637 1190 1654 των
1217 1630 1385 1665 παρέχοντες.
1411 1629 1514 1659 Πάντως
1542 1627 1572 1655 δὲ
1596 1627 1682 1660 οὐδεὶς
1696 1631 1773 1660 πόνος
1787 1632 1944 1660 Λακωνικῆς

1141 1671 1290 1706 ἐπιστολῆς,
1316 1673 1404 1699 ὁποῖαί
1428 1672 1493 1699 εἰσιν
1513 1674 1540 1699 αἱ
1560 1674 1632 1712 παρὰ
1653 1677 1701 1700 σοῦ
1730 1674 1852 1701 ἑκάστοτε
1878 1676 1944 1711 πρὸς

1142 1718 1209 1753 ἡμᾶς
1229 1716 1413 1754 ἀφικνούμεναι
1420 1739 1426 1745 .

1426 1774 1595 1799 ΕΠΙΣΤΟΛΗ
1616 1771 1656 1800 κ’.

257 1823 362 1852 Amice
385 1823 527 1859 objurgat
553 1825 709 1852 Leontium
732 1825 875 1855 Basilius,
900 1823 980 1859 quod
1005 1831 1077 1852 raro
1100 1825 1228 1857 scribat;
1245 1831 1370 1860 eumque
1383 1825 1492 1860 probat
1506 1825 1741 1853 inexcusabilem
1757 1832 1818 1853 esse
1840 1827 1946 1859 utpote

292 1867 447 1895 nunquam
464 1863 614 1888 carentem
630 1860 833 1888 occasionibus
848 1860 1006 1890 scribendi,
1021 1867 1057 1887 ac
1075 1864 1224 1894 praeterea
1246 1861 1427 1895 sophzstam;
1455 1861 1512 1888 sibi
1532 1868 1599 1889 vero
1615 1861 1836 1889 excusationem
1855 1861 1942 1895 petit,

291 1898 354 1933 tum
370 1903 408 1924 ex
424 1895 536 1933 crebris
551 1896 805 1933 occupationibus,
823 1898 884 1923 tum
900 1897 971 1931 quia
987 1903 1046 1923 non
1052 1896 1120 1930 jam
1135 1903 1168 1924 eo
1184 1899 1280 1924 utitur
1294 1896 1413 1925 dicendi
1427 1904 1545 1931 genere,
1561 1897 1641 1933 quod
1654 1897 1775 1932 placent
1790 1896 1944 1931 sap/iisiis.

293 1931 391 1959 Mittit
406 1939 461 1960 sua
476 1931 619 1960 adversus
635 1932 815 1959 Eunomium
831 1939 930 1966 opera.

528 1985 651 2014 Leontio
666 1985 820 2020 sophistae.

293 2039 377 2066 Rarze
387 2038 510 2074 quidem
525 2039 578 2066 tibi
593 2041 621 2067 et
635 2047 653 2067 ιι
668 2039 757 2067 nobis
771 2039 874 2067 litterae
888 2049 894 2074 ;
910 2047 972 2067 non
987 2041 1089 2067 tamen

255 2083 384 2111 rariores
395 2091 489 2119 quam
503 2086 559 2111 tua:
573 2093 580 2117 ;
596 2083 698 2120 idque,
721 2092 790 2112 cum
806 2084 891 2112 multi
903 2084 1090 2112 continenter

255 2135 274 2155 a
300 2127 385 2155 vobis
401 2127 441 2155 ad
464 2136 520 2156 nos
532 2128 677 2161 venerint;
689 2129 800 2165 quibus
812 2129 937 2163 singulis
946 2129 970 2156 si
985 2128 1089 2156 ordine

255 2171 368 2201 litteras
393 2173 608 2206 commisisses,
638 2173 711 2201 nihil
736 2173 896 2209 impediret
925 2173 1089 2209 quominus

255 2216 427 2245 videremur
443 2225 503 2245 una
524 2219 622 2245 tecum
638 2225 713 2252 esse,
725 2220 813 2254 teque
828 2217 950 2254 perinde
963 2217 1032 2252 frui,
1053 2225 1088 2245 ac

294 2313 302 2330 ί
321 2313 450 2349 Philipp.
471 2315 547 2347 1,2t.

292 2418 302 2428 '
314 2415 394 2479 Allia:
409 2416 457 2444 III.
484 2416 600 2452 Scripta
616 2416 733 2445 videtur
755 2417 908 2451 Caesarem,
923 2425 994 2446 cum
1007 2421 1086 2446 esset

292 2459 327 2479 es
353 2460 372 2479 v
386 2460 427 2479 er.

279 2454 427 2480 resbvter.

257 2460 427 2515 presbyter.

291 2488 314 2498 "
327 2490 347 2515 Α
363 2488 406 2524 ias
425 2488 558 2516 LXXXIII.
576 2488 690 2524 Scripta
703 2496 785 2516 anno
797 2490 860 2516 364.

293 2524 349 2559 (61)
365 2523 500 2561 Ἠφοὶνισξ.
518 2523 785 2561 Παρηφάνισεβοὶειν.
798 2524 914 2560 primus
927 2527 955 2552 et
970 2525 1046 2552 Med.

292 2560 348 2594 (62)
363 2561 429 2590 Τοὺς
444 2559 548 2590 ἄθλους.
559 2559 610 2588 ’διὸ
625 2559 711 2587 Goisl.
737 2560 853 2594 primus
878 2563 906 2587 et
930 2561 1088 2588 Medicmus

257 2597 286 2623 et
312 2595 441 2624 Claram.
469 2595 500 2623 in
515 2596 671 2629 margine;
696 2595 745 2623 alii
760 2599 815 2625 τοῖς
829 2595 928 2626 οἶθλοις,
944 2596 1019 2624 Editi
1033 2600 1087 2628 τοῖς

257 2630 352 2662 ἄλλοις.
369 2631 460 2668 Paulo
471 2631 623 2668 postediti
634 2629 806 2668 μηδεγιλως.
824 2631 911 2663 Harl,
929 2631 1015 2660 Coisl.
1031 2632 1087 2668 pri-

259 2675 327 2694 mus
343 2670 371 2694 et
386 2666 461 2695 Med.
472 2669 500 2694 et
516 2666 564 2695 alii
580 2666 718 2694 nonnulli
730 2670 760 2694 ut
775 2666 804 2694 in
817 2669 906 2694 textu.

293 2704 352 2737 (63)
362 2705 417 2728 Τῶν
428 2704 600 2739 κρατούντων.
617 2703 699 2738 Saepe
711 2702 786 2730 alias
804 2702 929 2730 Basilius
943 2703 1000 2731 hac
1015 2711 1088 2731 voce

257 2737 472 2772 imperatorem
487 2737 636 2772 designat.

295 2747 298 2764 ι
324 2745 472 2766 eratorem
487 2745 636 2772 aesrgnat.

295 2745 350 2808 (tit)
362 2773 586 2810 npoSanopium,
604 2773 908 2810 Sie'ruterqueCoisl”
925 2774 1014 2807 Harl.,
1032 2774 1088 2802 Pa.

258 2808 309 2836 ris.
326 2810 354 2836 et
368 2808 445 2837 unus
460 2808 500 2838 ex‘
508 2809 614 2844 Regiis.
627 2809 700 2837 Editi
715 2808 955 2847 προσϐσιλλομενων.
973 2810 1087 2838 Ibidem

1417 1987 1530 2021 Λεοντίῷ
1552 1989 1676 2022 σοφιστῇ.

1179 2040 1277 2076 Χρόνια
1291 2040 1336 2075 μέν
1352 2048 1394 2064 σοι
1413 2040 1459 2065 καὶ
1472 2039 1506 2064 τὰ
1516 2038 1578 2075 παρ’
1594 2039 1665 2075 ἡμῶν
1681 2038 1834 2076 γράμματα·
1852 2038 1882 2065 οὐ
1892 2040 1947 2075 μὴν

1142 2085 1305 2120 χρονιώτερα
1320 2087 1369 2109 τῶν
1383 2083 1500 2118 αὐτόθεν,
1515 2086 1560 2110 καὶ
1583 2087 1668 2110 ταῦτα
1686 2083 1783 2110 πολλῶν
1807 2085 1853 2110 καί
1881 2093 1946 2110 συν-

1144 2131 1211 2163 εχῶν
1244 2126 1465 2164 ἐπιδημησάντων
1490 2129 1552 2164 ἡμῖν
1578 2127 1627 2154 ἀπό
1648 2132 1693 2158 τῆς
1720 2128 1843 2164 ὑμετέρας
1865 2136 1871 2143 '
1906 2127 1946 2160 οἷς

1143 2172 1165 2198 ti
1183 2175 1264 2198 πᾶσιν
1293 2171 1380 2208 ἐφεξῆς
1408 2173 1553 2210 γράμματα
1581 2173 1637 2208 (67)
1654 2172 1783 2207 ἐπιτίθης,
1812 2171 1888 2199 οὐδὲν
1912 2171 1944 2202 ἦν

1142 2219 1171 2242 τό
1191 2216 1288 2243 κωλύον
1313 2217 1382 2253 αὐτῷ
1399 2227 1441 2244 σοι
1457 2215 1543 2244 δοκεῖν
1567 2221 1680 2244 συνεῖναι
1704 2218 1783 2254 ἡμᾶς,
1806 2220 1852 2244 καὶ
1867 2219 1943 2245 οἰονεὶ

1142 2421 1316 2455 προςποινώσςι
1330 2418 1361 2446 in
1376 2417 1470 2446 tribus
1480 2426 1558 2455 mss.

1179 2456 1235 2491 (65)
1249 2454 1324 2491 Ἡμῖν
1343 2454 1568 2491 συναγωνίξῃται.
1588 2454 1664 2491 Editi
1683 2454 1744 2491 ὑμῖν
1770 2455 1942 2491 auita-[mite-

1141 2500 1195 2517 ται.
1211 2490 1308 2517 Secuti
1323 2497 1428 2517 sumus
1441 2489 1582 2525 antiquo:
1593 2489 1814 2523 codices,Coisl.
1825 2489 1854 2518 et
1868 2490 1941 2519 Med.

1143 2528 1172 2553 et
1186 2525 1265 2553 Harl.
1281 2533 1350 2552 cum
1367 2525 1504 2560 pluribus
1520 2525 1597 2553 aliis.
1612 2526 1717 2554 Statim
1733 2526 1860 2559 legimus
1873 2534 1943 2554 cum

1143 2561 1278 2600 quinque
1294 2569 1380 2600 mss?
1391 2569 1522 2600 quorum
1536 2561 1566 2588 in
1587 2569 1714 2600 numero
1728 2560 1903 2600 Harlaeanus
1917 2565 1945 2590 et

1144 2596 1242 2632 prima
1256 2604 1348 2624 manu
1363 2596 1561 2624 Coisliuianus
1571 2596 1731 2632 antiquior,
1740 2597 1812 2632 αὐτῷ
1826 2600 1870 2623 τὸν
1886 2602 1916 2627 τῆ
1923 2609 1944 2632 ς,

1144 2632 1286 2693 etc.3Edieti
1300 2632 1388 2659 αὐτόν.
1403 2633 1513 2660 Desunt
1522 2632 1552 2660 in
1563 2636 1694 2668 quatuor
1704 2633 1828 2660 msshaa
1843 2641 1943 2669 voces,

1145 2677 1189 2693 και
1222 2677 1251 2693 οη
1273 2677 1310 2693 ον.

1145 2671 1189 2693 καὶ
1201 2671 1310 2702 βοηθὸν.

1181 2704 1235 2737 (66)
1275 2705 1509 2740 Γραμματοφόρος.

1146 2746 1237 2809 nixi)
1254 2775 1409 2812 Γράμματα.
1425 2776 1467 2802 Ita
1477 2783 1529 2803 sex
1542 2775 1610 2803 libri
1622 2777 1747 2803 veteres.
1770 2774 1845 2802 Editi
1859 2776 1944 2812 γράμ-

1143 2819 1190 2845 μα.

1552 2707 1584 2741 Γρ
1589 2705 1777 2740 αμματηφόρος
1813 2706 1946 2740 quatuor
