  <div class='ocr_page' id='page_1' title='image "/cluster/home/n/w/nwhite01/storage/ocr_20150623/32/njp.32101077772539/156.png"; bbox 0 0 2009 3145; ppageno 0'>
   <div class='ocr_carea' id='block_1_1' title="bbox 61 150 113 178">
    <p class='ocr_par' dir='ltr' id='par_1_1' title="bbox 61 150 113 178">
     <span class='ocr_line' id='line_1_1' title="bbox 61 150 113 178; baseline 0.019 -1"><span class='ocrx_word' id='word_1_1' title='bbox 61 150 113 178; x_wconf 74' lang='grc'>285</span> 
     </span>
    </p>
   </div>
   <div class='ocr_carea' id='block_1_2' title="bbox 576 144 1228 175">
    <p class='ocr_par' dir='ltr' id='par_1_2' title="bbox 576 144 1228 175">
     <span class='ocr_line' id='line_1_2' title="bbox 576 144 1228 175; baseline -0.002 -1"><span class='ocrx_word' id='word_1_2' title='bbox 576 146 816 175; x_wconf 75' lang='lat' dir='ltr'>EPISTOLARUM</span> <span class='ocrx_word' id='word_1_3' title='bbox 835 144 975 174; x_wconf 80' lang='lat' dir='ltr'>CLASSIS</span> <span class='ocrx_word' id='word_1_4' title='bbox 994 147 1015 174; x_wconf 86' lang='grc' dir='ltr'>Ι.</span> <span class='ocrx_word' id='word_1_5' title='bbox 1036 146 1143 175; x_wconf 85' lang='lat' dir='ltr'>EPIST.</span> <span class='ocrx_word' id='word_1_6' title='bbox 1162 146 1228 175; x_wconf 82' lang='lat' dir='ltr'>XXI.</span> 
     </span>
    </p>
   </div>
   <div class='ocr_carea' id='block_1_3' title="bbox 1693 151 1747 178">
    <p class='ocr_par' dir='ltr' id='par_1_3' title="bbox 1693 151 1747 178">
     <span class='ocr_line' id='line_1_3' title="bbox 1693 151 1747 178; baseline 0 0"><span class='ocrx_word' id='word_1_7' title='bbox 1693 151 1747 178; x_wconf 85' lang='lat'>286</span> 
     </span>
    </p>
   </div>
   <div class='ocr_carea' id='block_1_4' title="bbox 63 205 869 247">
    <p class='ocr_par' dir='ltr' id='par_1_4' title="bbox 63 205 869 247">
     <span class='ocr_line' id='line_1_4' title="bbox 63 205 869 247; baseline -0.002 -11"><span class='ocrx_word' id='word_1_8' title='bbox 63 212 195 247; x_wconf 83' lang='grc' dir='ltr'><strong>ταρὸντας</strong></span> <span class='ocrx_word' id='word_1_9' title='bbox 223 211 270 236; x_wconf 83' lang='grc' dir='ltr'><strong>καὶ</strong></span> <span class='ocrx_word' id='word_1_10' title='bbox 295 210 417 239; x_wconf 81' lang='grc' dir='ltr'>συνόντας</span> <span class='ocrx_word' id='word_1_11' title='bbox 441 208 588 236; x_wconf 76' lang='grc' dir='ltr'><strong>ἄπολαύιιν·</strong></span> <span class='ocrx_word' id='word_1_12' title='bbox 614 209 682 235; x_wconf 78' lang='grc' dir='ltr'><strong>οὕτω</strong></span> <span class='ocrx_word' id='word_1_13' title='bbox 707 209 813 244; x_wconf 65' lang='grc' dir='ltr'><strong>συνεχὲς</strong></span> <span class='ocrx_word' id='word_1_14' title='bbox 839 205 869 236; x_wconf 80' lang='grc' dir='ltr'><strong>ἦν</strong></span> 
     </span>
    </p>
   </div>
   <div class='ocr_carea' id='block_1_5' title="bbox 925 205 1755 247">
    <p class='ocr_par' dir='ltr' id='par_1_5' title="bbox 926 207 1755 246">
     <span class='ocr_line' id='line_1_5' title="bbox 926 207 1755 246; baseline 0.005 -10"><span class='ocrx_word' id='word_1_15' title='bbox 926 207 949 236; x_wconf 92' lang='lat' dir='ltr'>si</span> <span class='ocrx_word' id='word_1_16' title='bbox 966 208 1157 244; x_wconf 82' lang='lat' dir='ltr'>adessemus,</span> <span class='ocrx_word' id='word_1_17' title='bbox 1179 211 1208 237; x_wconf 89' lang='lat' dir='ltr'>et</span> <span class='ocrx_word' id='word_1_18' title='bbox 1232 210 1328 237; x_wconf 83' lang='lat' dir='ltr'>tecum</span> <span class='ocrx_word' id='word_1_19' title='bbox 1345 216 1554 246; x_wconf 84' lang='lat' dir='ltr'>versaremur:</span> <span class='ocrx_word' id='word_1_20' title='bbox 1571 210 1648 239; x_wconf 87' lang='lat' dir='ltr'>adeo</span> <span class='ocrx_word' id='word_1_21' title='bbox 1663 212 1755 240; x_wconf 91' lang='lat' dir='ltr'>conti-</span> 
     </span>
    </p>
   </div>
   <div class='ocr_carea' id='block_1_6' title="bbox 62 253 871 291">
    <p class='ocr_par' dir='ltr' id='par_1_6' title="bbox 62 253 871 291">
     <span class='ocr_line' id='line_1_6' title="bbox 62 253 871 291; baseline -0.004 -10"><span class='ocrx_word' id='word_1_22' title='bbox 62 257 91 282; x_wconf 86' lang='grc' dir='ltr'>τό</span> <span class='ocrx_word' id='word_1_23' title='bbox 119 255 223 286; x_wconf 81' lang='grc' dir='ltr'><strong>πλῆθος</strong></span> <span class='ocrx_word' id='word_1_24' title='bbox 251 258 301 281; x_wconf 79' lang='grc' dir='ltr'><strong>τῶν</strong></span> <span class='ocrx_word' id='word_1_25' title='bbox 327 256 392 291; x_wconf 84' lang='grc' dir='ltr'><strong>πρὸς</strong></span> <span class='ocrx_word' id='word_1_26' title='bbox 416 255 486 290; x_wconf 80' lang='grc' dir='ltr'><strong>ἡμᾶς</strong></span> <span class='ocrx_word' id='word_1_27' title='bbox 514 253 716 290; x_wconf 67' lang='grc' dir='ltr'><strong>ἀφικνουμένων.</strong></span> <span class='ocrx_word' id='word_1_28' title='bbox 746 253 823 279; x_wconf 80' lang='grc' dir='ltr'>Ἀλλά</span> <span class='ocrx_word' id='word_1_29' title='bbox 846 254 871 278; x_wconf 87' lang='grc' dir='ltr'>τί</span> 
     </span>
    </p>
   </div>
   <div class='ocr_carea' id='block_1_7' title="bbox 63 297 870 336">
    <p class='ocr_par' dir='ltr' id='par_1_7' title="bbox 63 297 870 336">
     <span class='ocr_line' id='line_1_7' title="bbox 63 297 870 336; baseline 0 -10"><span class='ocrx_word' id='word_1_30' title='bbox 63 301 111 327; x_wconf 73' lang='grc' dir='ltr'>οὐκ</span> <span class='ocrx_word' id='word_1_31' title='bbox 126 299 304 332; x_wconf 55' lang='lat' dir='ltr'>ima-rint“;</span> <span class='ocrx_word' id='word_1_32' title='bbox 332 301 450 335; x_wconf 77' lang='grc' dir='ltr'>καίτοιγε</span> <span class='ocrx_word' id='word_1_33' title='bbox 474 297 549 325; x_wconf 70' lang='grc' dir='ltr'><strong>οὐδὲν</strong></span> <span class='ocrx_word' id='word_1_34' title='bbox 576 300 649 336; x_wconf 75' lang='grc' dir='ltr'><strong>ἔργον</strong></span> <span class='ocrx_word' id='word_1_35' title='bbox 676 302 788 334; x_wconf 77' lang='grc' dir='ltr'>σοφιστῇ</span> <span class='ocrx_word' id='word_1_36' title='bbox 805 299 870 332; x_wconf 70' lang='grc'>(68),</span> 
     </span>
    </p>
   </div>
   <div class='ocr_carea' id='block_1_8' title="bbox 65 342 871 380">
    <p class='ocr_par' dir='ltr' id='par_1_8' title="bbox 65 342 871 380">
     <span class='ocr_line' id='line_1_8' title="bbox 65 342 871 380; baseline -0.004 -9"><span class='ocrx_word' id='word_1_37' title='bbox 65 346 79 376; x_wconf 81' lang='grc' dir='ltr'><strong>ἦ</strong></span> <span class='ocrx_word' id='word_1_38' title='bbox 102 347 133 371; x_wconf 84' lang='grc' dir='ltr'>τὸ</span> <span class='ocrx_word' id='word_1_39' title='bbox 160 346 280 380; x_wconf 70' lang='grc' dir='ltr'>γράφειν·</span> <span class='ocrx_word' id='word_1_40' title='bbox 308 343 403 380; x_wconf 86' lang='grc' dir='ltr'><strong>μᾶλλον</strong></span> <span class='ocrx_word' id='word_1_41' title='bbox 433 342 463 370; x_wconf 60' lang='grc' dir='ltr'>δὴ</span> <span class='ocrx_word' id='word_1_42' title='bbox 491 343 513 369; x_wconf 85' lang='grc' dir='ltr'>εἰ</span> <span class='ocrx_word' id='word_1_43' title='bbox 538 345 584 370; x_wconf 77' lang='grc' dir='ltr'><strong>καὶ</strong></span> <span class='ocrx_word' id='word_1_44' title='bbox 609 347 657 374; x_wconf 86' lang='grc' dir='ltr'><strong>τῆς</strong></span> <span class='ocrx_word' id='word_1_45' title='bbox 683 344 774 380; x_wconf 74' lang='grc' dir='ltr'><strong>χειρὸς</strong></span> <span class='ocrx_word' id='word_1_46' title='bbox 803 343 871 378; x_wconf 77' lang='grc' dir='ltr'><strong>ἔχεις</strong></span> 
     </span>
    </p>
   </div>
   <div class='ocr_carea' id='block_1_9' title="bbox 65 385 870 427">
    <p class='ocr_par' dir='ltr' id='par_1_9' title="bbox 65 385 870 427">
     <span class='ocr_line' id='line_1_9' title="bbox 65 385 870 427; baseline -0.004 -11"><span class='ocrx_word' id='word_1_47' title='bbox 65 389 164 427; x_wconf 71' lang='grc' dir='ltr'>ἀργῶς,</span> <span class='ocrx_word' id='word_1_48' title='bbox 179 387 243 415; x_wconf 71' lang='grc' dir='ltr'>ούὸἒ</span> <span class='ocrx_word' id='word_1_49' title='bbox 261 389 369 425; x_wconf 75' lang='grc' dir='ltr'><strong>γράφειν</strong></span> <span class='ocrx_word' id='word_1_50' title='bbox 385 386 486 417; x_wconf 72' lang='grc' dir='ltr'><strong>δεήσει’</strong></span> <span class='ocrx_word' id='word_1_51' title='bbox 507 387 582 419; x_wconf 79' lang='grc' dir='ltr'><strong>ἄλλος</strong></span> <span class='ocrx_word' id='word_1_52' title='bbox 602 389 653 424; x_wconf 77' lang='grc' dir='ltr'>γάρ</span> <span class='ocrx_word' id='word_1_53' title='bbox 679 397 722 414; x_wconf 89' lang='grc' dir='ltr'>σοι</span> <span class='ocrx_word' id='word_1_54' title='bbox 747 385 870 416; x_wconf 82' lang='grc' dir='ltr'><strong>διακονή-</strong></span> 
     </span>
    </p>
   </div>
   <div class='ocr_carea' id='block_1_10' title="bbox 67 430 872 470">
    <p class='ocr_par' dir='ltr' id='par_1_10' title="bbox 67 430 872 470">
     <span class='ocr_line' id='line_1_10' title="bbox 67 430 872 470; baseline -0.002 -10"><span class='ocrx_word' id='word_1_55' title='bbox 67 444 118 462; x_wconf 73' lang='grc' dir='ltr'><strong>σει.</strong></span> <span class='ocrx_word' id='word_1_56' title='bbox 140 434 258 463; x_wconf 60' lang='lat' dir='ltr'>nam;</span> <span class='ocrx_word' id='word_1_57' title='bbox 278 431 308 459; x_wconf 67' lang='lat' dir='ltr'>ti“:</span> <span class='ocrx_word' id='word_1_58' title='bbox 326 434 406 470; x_wconf 75' lang='grc' dir='ltr'><strong>χρεία</strong></span> <span class='ocrx_word' id='word_1_59' title='bbox 432 434 520 469; x_wconf 82' lang='grc' dir='ltr'><strong>μόνης·</strong></span> <span class='ocrx_word' id='word_1_60' title='bbox 542 433 570 466; x_wconf 72' lang='grc' dir='ltr'>ἦ,</span> <span class='ocrx_word' id='word_1_61' title='bbox 586 432 633 459; x_wconf 76' lang='grc' dir='ltr'><strong>κᾶν</strong></span> <span class='ocrx_word' id='word_1_62' title='bbox 648 434 710 468; x_wconf 83' lang='grc' dir='ltr'><strong>ἡμῖν</strong></span> <span class='ocrx_word' id='word_1_63' title='bbox 729 434 765 469; x_wconf 81' lang='grc' dir='ltr'><strong>μὴ</strong></span> <span class='ocrx_word' id='word_1_64' title='bbox 782 430 872 458; x_wconf 76' lang='grc' dir='ltr'><strong>διαλέ-</strong></span> 
     </span>
    </p>
   </div>
   <div class='ocr_carea' id='block_1_11' title="bbox 65 476 869 516">
    <p class='ocr_par' dir='ltr' id='par_1_11' title="bbox 65 476 869 516">
     <span class='ocr_line' id='line_1_11' title="bbox 65 476 869 516; baseline -0.002 -11"><span class='ocrx_word' id='word_1_65' title='bbox 65 489 162 516; x_wconf 72' lang='grc' dir='ltr'><strong>γηται,</strong></span> <span class='ocrx_word' id='word_1_66' title='bbox 190 477 242 504; x_wconf 74' lang='grc' dir='ltr'><strong>ἀλλ’</strong></span> <span class='ocrx_word' id='word_1_67' title='bbox 275 477 311 504; x_wconf 74' lang='grc' dir='ltr'>ἐνί</span> <span class='ocrx_word' id='word_1_68' title='bbox 343 487 373 513; x_wconf 74' lang='grc' dir='ltr'>’μ</span> <span class='ocrx_word' id='word_1_69' title='bbox 396 478 497 508; x_wconf 75' lang='grc' dir='ltr'><strong>πάντως</strong></span> <span class='ocrx_word' id='word_1_70' title='bbox 527 481 577 504; x_wconf 83' lang='grc' dir='ltr'><strong>τῶν</strong></span> <span class='ocrx_word' id='word_1_71' title='bbox 601 479 727 504; x_wconf 77' lang='grc' dir='ltr'>συνόντων</span> <span class='ocrx_word' id='word_1_72' title='bbox 752 476 869 506; x_wconf 84' lang='grc' dir='ltr'><strong>λαλήσει·</strong></span> 
     </span>
    </p>
   </div>
   <div class='ocr_carea' id='block_1_12' title="bbox 64 519 871 559">
    <p class='ocr_par' dir='ltr' id='par_1_12' title="bbox 64 519 871 559">
     <span class='ocr_line' id='line_1_12' title="bbox 64 519 871 559; baseline -0.002 -11"><span class='ocrx_word' id='word_1_73' title='bbox 64 523 116 548; x_wconf 79' lang='grc' dir='ltr'><strong>κᾶν</strong></span> <span class='ocrx_word' id='word_1_74' title='bbox 143 521 239 558; x_wconf 79' lang='grc' dir='ltr'><strong>μηδεὶς</strong></span> <span class='ocrx_word' id='word_1_75' title='bbox 260 525 342 559; x_wconf 78' lang='grc' dir='ltr'><strong>παρῇ,</strong></span> <span class='ocrx_word' id='word_1_76' title='bbox 369 520 406 557; x_wconf 74' lang='grc' dir='ltr'>ἐφ’</span> <span class='ocrx_word' id='word_1_77' title='bbox 434 521 529 551; x_wconf 76' lang='grc' dir='ltr'><strong>ἑαυτῆς</strong></span> <span class='ocrx_word' id='word_1_78' title='bbox 558 519 714 553; x_wconf 75' lang='grc' dir='ltr'><strong>διαλέξεταιο</strong></span> <span class='ocrx_word' id='word_1_79' title='bbox 745 523 871 557; x_wconf 56' lang='lat' dir='ltr'>atomi-au</span> 
     </span>
    </p>
   </div>
   <div class='ocr_carea' id='block_1_13' title="bbox 65 565 871 603">
    <p class='ocr_par' dir='ltr' id='par_1_13' title="bbox 65 565 871 603">
     <span class='ocr_line' id='line_1_13' title="bbox 65 565 871 603; baseline -0.002 -10"><span class='ocrx_word' id='word_1_80' title='bbox 65 565 96 593; x_wconf 72' lang='lat' dir='ltr'>ci&quot;:</span> <span class='ocrx_word' id='word_1_81' title='bbox 111 565 246 603; x_wconf 77' lang='grc' dir='ltr'><strong>οὐδαμῶς,</strong></span> <span class='ocrx_word' id='word_1_82' title='bbox 264 568 405 602; x_wconf 80' lang='grc' dir='ltr'><strong>σοφιστική</strong></span> <span class='ocrx_word' id='word_1_83' title='bbox 425 576 450 592; x_wconf 71' lang='grc' dir='ltr'><strong>τε</strong></span> <span class='ocrx_word' id='word_1_84' title='bbox 465 566 533 592; x_wconf 81' lang='grc' dir='ltr'><strong>οὖσα</strong></span> <span class='ocrx_word' id='word_1_85' title='bbox 553 569 599 592; x_wconf 78' lang='grc' dir='ltr'><strong>καὶ</strong></span> <span class='ocrx_word' id='word_1_86' title='bbox 623 566 740 595; x_wconf 81' lang='grc' dir='ltr'><strong>Ἀττική·</strong></span> <span class='ocrx_word' id='word_1_87' title='bbox 765 565 794 591; x_wconf 84' lang='grc' dir='ltr'>οὐ</span> <span class='ocrx_word' id='word_1_88' title='bbox 807 565 871 601; x_wconf 84' lang='grc' dir='ltr'><strong>μᾶλ-</strong></span> 
     </span>
    </p>
   </div>
   <div class='ocr_carea' id='block_1_14' title="bbox 63 607 871 648">
    <p class='ocr_par' dir='ltr' id='par_1_14' title="bbox 63 607 871 648">
     <span class='ocr_line' id='line_1_14' title="bbox 63 607 871 648; baseline -0.002 -11"><span class='ocrx_word' id='word_1_89' title='bbox 63 611 108 637; x_wconf 82' lang='grc' dir='ltr'>λόν</span> <span class='ocrx_word' id='word_1_90' title='bbox 125 621 156 647; x_wconf 75' lang='grc' dir='ltr'><strong>-μ</strong></span> <span class='ocrx_word' id='word_1_91' title='bbox 175 612 190 640; x_wconf 79' lang='grc' dir='ltr'><strong>ἦ</strong></span> <span class='ocrx_word' id='word_1_92' title='bbox 212 612 239 637; x_wconf 83' lang='grc' dir='ltr'><strong>αὶ</strong></span> <span class='ocrx_word' id='word_1_93' title='bbox 260 609 377 646; x_wconf 75' lang='grc' dir='ltr'>ἀηδόνες,</span> <span class='ocrx_word' id='word_1_94' title='bbox 403 611 463 637; x_wconf 86' lang='grc' dir='ltr'><strong>ὅταν</strong></span> <span class='ocrx_word' id='word_1_95' title='bbox 492 612 521 637; x_wconf 85' lang='grc' dir='ltr'>τό</span> <span class='ocrx_word' id='word_1_96' title='bbox 544 612 587 647; x_wconf 80' lang='grc' dir='ltr'><strong>ἔαρ</strong></span> <span class='ocrx_word' id='word_1_97' title='bbox 610 610 690 641; x_wconf 76' lang='grc' dir='ltr'><strong>αὐτὰς</strong></span> <span class='ocrx_word' id='word_1_98' title='bbox 712 612 775 648; x_wconf 86' lang='grc' dir='ltr'><strong>πρὸς</strong></span> <span class='ocrx_word' id='word_1_99' title='bbox 799 607 871 644; x_wconf 70' lang='grc' dir='ltr'>ᾠδὴν</span> 
     </span>
    </p>
   </div>
   <div class='ocr_carea' id='block_1_15' title="bbox 63 653 872 693">
    <p class='ocr_par' dir='ltr' id='par_1_15' title="bbox 63 653 872 693">
     <span class='ocr_line' id='line_1_15' title="bbox 63 653 872 693; baseline -0.002 -11"><span class='ocrx_word' id='word_1_100' title='bbox 63 655 218 692; x_wconf 69' lang='grc' dir='ltr'><strong>ἀναστήσῃ.</strong></span> <span class='ocrx_word' id='word_1_101' title='bbox 242 655 318 692; x_wconf 76' lang='grc' dir='ltr'><strong>Ἡμῖν</strong></span> <span class='ocrx_word' id='word_1_102' title='bbox 340 656 385 692; x_wconf 71' lang='grc' dir='ltr'><strong>μὶν</strong></span> <span class='ocrx_word' id='word_1_103' title='bbox 401 657 452 693; x_wconf 75' lang='grc' dir='ltr'>γὰρ</span> <span class='ocrx_word' id='word_1_104' title='bbox 477 657 507 682; x_wconf 88' lang='grc' dir='ltr'>τὸ</span> <span class='ocrx_word' id='word_1_105' title='bbox 533 657 628 682; x_wconf 70' lang='grc' dir='ltr'><strong>πυκνὸν</strong></span> <span class='ocrx_word' id='word_1_106' title='bbox 641 656 696 690; x_wconf 74' lang='lat'>(69)</span> <span class='ocrx_word' id='word_1_107' title='bbox 719 659 765 686; x_wconf 86' lang='grc' dir='ltr'><strong>τῆς</strong></span> <span class='ocrx_word' id='word_1_108' title='bbox 787 653 872 690; x_wconf 82' lang='grc' dir='ltr'>ἀσχο-</span> 
     </span>
    </p>
   </div>
   <div class='ocr_carea' id='block_1_16' title="bbox 61 698 872 737">
    <p class='ocr_par' dir='ltr' id='par_1_16' title="bbox 61 698 872 737">
     <span class='ocr_line' id='line_1_16' title="bbox 61 698 872 737; baseline -0.004 -10"><span class='ocrx_word' id='word_1_109' title='bbox 61 700 121 732; x_wconf 85' lang='grc' dir='ltr'><strong>λίας</strong></span> <span class='ocrx_word' id='word_1_110' title='bbox 135 704 223 733; x_wconf 83' lang='grc' dir='ltr'><strong>τοῦτο,</strong></span> <span class='ocrx_word' id='word_1_111' title='bbox 250 699 274 726; x_wconf 72' lang='grc' dir='ltr'><strong>ἐν</strong></span> <span class='ocrx_word' id='word_1_112' title='bbox 342 704 386 726; x_wconf 86' lang='grc' dir='ltr'>νῦν</span> <span class='ocrx_word' id='word_1_113' title='bbox 411 700 497 736; x_wconf 73' lang='grc' dir='ltr'><strong>ἔσμεν,</strong></span> <span class='ocrx_word' id='word_1_114' title='bbox 518 699 565 726; x_wconf 77' lang='grc' dir='ltr'><strong>κᾶν</strong></span> <span class='ocrx_word' id='word_1_115' title='bbox 589 702 750 737; x_wconf 63' lang='grc' dir='ltr'><strong>παραίτησιν</strong></span> <span class='ocrx_word' id='word_1_116' title='bbox 774 698 872 735; x_wconf 74' lang='grc' dir='ltr'><strong>ἐνέγκοι</strong></span> 
     </span>
    </p>
   </div>
   <div class='ocr_carea' id='block_1_17' title="bbox 64 743 870 782">
    <p class='ocr_par' dir='ltr' id='par_1_17' title="bbox 64 743 870 782">
     <span class='ocr_line' id='line_1_17' title="bbox 64 743 870 782; baseline -0.002 -11"><span class='ocrx_word' id='word_1_117' title='bbox 64 747 149 781; x_wconf 84' lang='grc' dir='ltr'><strong>τυχὸν</strong></span> <span class='ocrx_word' id='word_1_118' title='bbox 181 746 246 782; x_wconf 82' lang='grc' dir='ltr'><strong>πρὸς</strong></span> <span class='ocrx_word' id='word_1_119' title='bbox 273 747 319 774; x_wconf 83' lang='grc' dir='ltr'><strong>τὴν</strong></span> <span class='ocrx_word' id='word_1_120' title='bbox 347 743 447 771; x_wconf 72' lang='grc' dir='ltr'><strong>ἔνδειαν</strong></span> <span class='ocrx_word' id='word_1_121' title='bbox 481 749 531 771; x_wconf 87' lang='grc' dir='ltr'><strong>τῶν</strong></span> <span class='ocrx_word' id='word_1_122' title='bbox 561 746 732 781; x_wconf 77' lang='grc' dir='ltr'><strong>πραγμάτοιν·</strong></span> <span class='ocrx_word' id='word_1_123' title='bbox 765 746 810 770; x_wconf 84' lang='grc' dir='ltr'><strong>καὶ</strong></span> <span class='ocrx_word' id='word_1_124' title='bbox 841 745 870 770; x_wconf 84' lang='grc' dir='ltr'><strong>τὸ</strong></span> 
     </span>
    </p>
   </div>
   <div class='ocr_carea' id='block_1_18' title="bbox 64 789 872 827">
    <p class='ocr_par' dir='ltr' id='par_1_18' title="bbox 64 789 872 827">
     <span class='ocr_line' id='line_1_18' title="bbox 64 789 872 827; baseline 0 -11"><span class='ocrx_word' id='word_1_125' title='bbox 64 791 142 816; x_wconf 81' lang='grc' dir='ltr'><strong>οἱονιὶ</strong></span> <span class='ocrx_word' id='word_1_126' title='bbox 158 789 328 827; x_wconf 72' lang='grc' dir='ltr'><strong>ἒρῥνπῶσθαι</strong></span> <span class='ocrx_word' id='word_1_127' title='bbox 342 789 432 816; x_wconf 85' lang='grc' dir='ltr'><strong>λοιπὸν</strong></span> <span class='ocrx_word' id='word_1_128' title='bbox 453 793 484 826; x_wconf 79' lang='grc' dir='ltr'><strong>τῇ</strong></span> <span class='ocrx_word' id='word_1_129' title='bbox 508 793 648 827; x_wconf 83' lang='grc' dir='ltr'><strong>κατακορεί</strong></span> <span class='ocrx_word' id='word_1_130' title='bbox 672 790 796 824; x_wconf 82' lang='grc' dir='ltr'><strong>συνηθείᾳ</strong></span> <span class='ocrx_word' id='word_1_131' title='bbox 815 789 872 822; x_wconf 83' lang='grc'>(70)</span> 
     </span>
    </p>
   </div>
   <div class='ocr_carea' id='block_1_19' title="bbox 64 833 871 871">
    <p class='ocr_par' dir='ltr' id='par_1_19' title="bbox 64 833 871 871">
     <span class='ocr_line' id='line_1_19' title="bbox 64 833 871 871; baseline -0.002 -11"><span class='ocrx_word' id='word_1_132' title='bbox 64 836 131 871; x_wconf 86' lang='grc' dir='ltr'><strong>πρὸς</strong></span> <span class='ocrx_word' id='word_1_133' title='bbox 160 833 319 870; x_wconf 78' lang='grc' dir='ltr'>ἰδιωτισμόν</span> <span class='ocrx_word' id='word_1_134' title='bbox 352 835 424 860; x_wconf 81' lang='grc' dir='ltr'>ὄκνον</span> <span class='ocrx_word' id='word_1_135' title='bbox 459 834 562 864; x_wconf 77' lang='grc' dir='ltr'>εἰκότως</span> <span class='ocrx_word' id='word_1_136' title='bbox 595 835 696 870; x_wconf 70' lang='grc' dir='ltr'>εμποιεί</span> <span class='ocrx_word' id='word_1_137' title='bbox 723 833 871 869; x_wconf 71' lang='grc' dir='ltr'><strong>προσφθέγ-</strong></span> 
     </span>
    </p>
   </div>
   <div class='ocr_carea' id='block_1_20' title="bbox 64 877 909 915">
    <p class='ocr_par' dir='ltr' id='par_1_20' title="bbox 64 877 909 915">
     <span class='ocr_line' id='line_1_20' title="bbox 64 877 909 915; baseline -0.004 -10"><span class='ocrx_word' id='word_1_138' title='bbox 64 880 161 914; x_wconf 71' lang='grc' dir='ltr'><strong>γεσϐαι</strong></span> <span class='ocrx_word' id='word_1_139' title='bbox 187 879 254 915; x_wconf 79' lang='grc' dir='ltr'><strong>ὑμᾶς</strong></span> <span class='ocrx_word' id='word_1_140' title='bbox 283 880 344 909; x_wconf 82' lang='grc' dir='ltr'><strong>τοὺς</strong></span> <span class='ocrx_word' id='word_1_141' title='bbox 365 879 502 914; x_wconf 74' lang='grc' dir='ltr'><strong>σοφιστάςο</strong></span> <span class='ocrx_word' id='word_1_142' title='bbox 519 878 554 912; x_wconf 81' lang='grc' dir='ltr'>οἱ,</span> <span class='ocrx_word' id='word_1_143' title='bbox 576 878 598 904; x_wconf 73' lang='grc' dir='ltr'>εὶ</span> <span class='ocrx_word' id='word_1_144' title='bbox 620 880 655 914; x_wconf 80' lang='grc' dir='ltr'><strong>μή</strong></span> <span class='ocrx_word' id='word_1_145' title='bbox 679 888 705 904; x_wconf 89' lang='grc' dir='ltr'>τι</span> <span class='ocrx_word' id='word_1_146' title='bbox 725 877 797 908; x_wconf 78' lang='grc' dir='ltr'>ἄξιον</span> <span class='ocrx_word' id='word_1_147' title='bbox 823 881 871 908; x_wconf 82' lang='grc' dir='ltr'><strong>τῆς</strong></span> <span class='ocrx_word' id='word_1_148' title='bbox 891 887 909 914; x_wconf 79' lang='grc' dir='ltr'><strong><em>Β</em></strong></span> 
     </span>
    </p>
   </div>
   <div class='ocr_carea' id='block_1_21' title="bbox 65 921 871 961">
    <p class='ocr_par' dir='ltr' id='par_1_21' title="bbox 65 921 871 961">
     <span class='ocr_line' id='line_1_21' title="bbox 65 921 871 961; baseline -0.001 -12"><span class='ocrx_word' id='word_1_149' title='bbox 65 924 190 961; x_wconf 76' lang='grc' dir='ltr'>ὑμετέρας</span> <span class='ocrx_word' id='word_1_150' title='bbox 210 923 295 949; x_wconf 75' lang='grc' dir='ltr'><strong>αὐτῶν</strong></span> <span class='ocrx_word' id='word_1_151' title='bbox 320 925 411 959; x_wconf 71' lang='grc' dir='ltr'><strong>σοφίας</strong></span> <span class='ocrx_word' id='word_1_152' title='bbox 437 922 592 956; x_wconf 75' lang='grc' dir='ltr'><strong>ἀκούσεσθε,</strong></span> <span class='ocrx_word' id='word_1_153' title='bbox 615 921 811 960; x_wconf 79' lang='grc' dir='ltr'>δυσχερανεῖτε,</span> <span class='ocrx_word' id='word_1_154' title='bbox 826 924 871 948; x_wconf 82' lang='grc' dir='ltr'><strong>καὶ</strong></span> 
     </span>
    </p>
   </div>
   <div class='ocr_carea' id='block_1_22' title="bbox 66 966 871 999">
    <p class='ocr_par' dir='ltr' id='par_1_22' title="bbox 66 966 871 999">
     <span class='ocr_line' id='line_1_22' title="bbox 66 966 871 999; baseline -0.001 -5"><span class='ocrx_word' id='word_1_155' title='bbox 66 969 115 994; x_wconf 68' lang='grc' dir='ltr'>οὐκ</span> <span class='ocrx_word' id='word_1_156' title='bbox 131 968 257 999; x_wconf 78' lang='grc' dir='ltr'>ὰνὲξισθε.</span> <span class='ocrx_word' id='word_1_157' title='bbox 275 969 304 994; x_wconf 63' lang='grc' dir='ltr'>ΣΞ</span> <span class='ocrx_word' id='word_1_158' title='bbox 329 966 359 994; x_wconf 72' lang='grc' dir='ltr'>δέ</span> <span class='ocrx_word' id='word_1_159' title='bbox 381 978 431 994; x_wconf 85' lang='grc' dir='ltr'>που</span> <span class='ocrx_word' id='word_1_160' title='bbox 455 970 483 994; x_wconf 86' lang='grc' dir='ltr'><strong>τὸ</strong></span> <span class='ocrx_word' id='word_1_161' title='bbox 511 968 624 994; x_wconf 73' lang='grc' dir='ltr'><strong>ἐναντίον</strong></span> <span class='ocrx_word' id='word_1_162' title='bbox 639 968 708 998; x_wconf 83' lang='grc' dir='ltr'><strong>εἰκὸς</strong></span> <span class='ocrx_word' id='word_1_163' title='bbox 720 967 760 993; x_wconf 72' lang='grc' dir='ltr'>ἐπὶ</span> <span class='ocrx_word' id='word_1_164' title='bbox 784 968 871 997; x_wconf 76' lang='grc' dir='ltr'><strong>πάσης</strong></span> 
     </span>
    </p>
   </div>
   <div class='ocr_carea' id='block_1_23' title="bbox 66 1011 871 1050">
    <p class='ocr_par' dir='ltr' id='par_1_23' title="bbox 66 1011 871 1050">
     <span class='ocr_line' id='line_1_23' title="bbox 66 1011 871 1050; baseline -0.001 -11"><span class='ocrx_word' id='word_1_165' title='bbox 66 1013 221 1050; x_wconf 70' lang='grc' dir='ltr'>προφάσεως</span> <span class='ocrx_word' id='word_1_166' title='bbox 251 1011 420 1049; x_wconf 76' lang='grc' dir='ltr'>δημοσιεύειν</span> <span class='ocrx_word' id='word_1_167' title='bbox 454 1017 552 1039; x_wconf 78' lang='grc' dir='ltr'><strong>σαυτοῦ</strong></span> <span class='ocrx_word' id='word_1_168' title='bbox 580 1015 627 1041; x_wconf 80' lang='grc' dir='ltr'>τὴν</span> <span class='ocrx_word' id='word_1_169' title='bbox 660 1014 754 1049; x_wconf 72' lang='grc' dir='ltr'>φωνὴν,</span> <span class='ocrx_word' id='word_1_170' title='bbox 784 1011 871 1040; x_wconf 81' lang='grc' dir='ltr'>ἐπιτή-</span> 
     </span>
    </p>
   </div>
   <div class='ocr_carea' id='block_1_24' title="bbox 65 1054 869 1092">
    <p class='ocr_par' dir='ltr' id='par_1_24' title="bbox 65 1054 869 1092">
     <span class='ocr_line' id='line_1_24' title="bbox 65 1054 869 1092; baseline -0.002 -9"><span class='ocrx_word' id='word_1_171' title='bbox 65 1056 137 1084; x_wconf 75' lang='grc' dir='ltr'><strong>δειον</strong></span> <span class='ocrx_word' id='word_1_172' title='bbox 153 1059 214 1083; x_wconf 65' lang='grc' dir='ltr'><strong>ἄιτα</strong></span> <span class='ocrx_word' id='word_1_173' title='bbox 228 1057 318 1091; x_wconf 71' lang='grc' dir='ltr'>εἰπεῖν,</span> <span class='ocrx_word' id='word_1_174' title='bbox 342 1057 376 1083; x_wconf 85' lang='grc' dir='ltr'><strong>ὧν</strong></span> <span class='ocrx_word' id='word_1_175' title='bbox 392 1057 468 1088; x_wconf 73' lang='grc' dir='ltr'><strong>αὐτὸς</strong></span> <span class='ocrx_word' id='word_1_176' title='bbox 492 1055 555 1083; x_wconf 78' lang='grc' dir='ltr'><strong>οἶδα</strong></span> <span class='ocrx_word' id='word_1_177' title='bbox 571 1056 705 1086; x_wconf 58' lang='grc' dir='ltr'><strong>Ἑλλήνων</strong></span> <span class='ocrx_word' id='word_1_178' title='bbox 728 1054 790 1082; x_wconf 77' lang='grc' dir='ltr'>οἶδα</span> <span class='ocrx_word' id='word_1_179' title='bbox 808 1057 869 1092; x_wconf 72' lang='grc' dir='ltr'>γὰρ,</span> 
     </span>
    </p>
   </div>
   <div class='ocr_carea' id='block_1_25' title="bbox 65 1101 870 1138">
    <p class='ocr_par' dir='ltr' id='par_1_25' title="bbox 65 1101 870 1138">
     <span class='ocr_line' id='line_1_25' title="bbox 65 1101 870 1138; baseline 0 -11"><span class='ocrx_word' id='word_1_180' title='bbox 65 1103 99 1133; x_wconf 84' lang='grc' dir='ltr'><strong>ὡς</strong></span> <span class='ocrx_word' id='word_1_181' title='bbox 129 1101 214 1138; x_wconf 77' lang='grc' dir='ltr'><strong>οἶμαι,</strong></span> <span class='ocrx_word' id='word_1_182' title='bbox 242 1104 300 1132; x_wconf 84' lang='grc' dir='ltr'><strong>τοὺς</strong></span> <span class='ocrx_word' id='word_1_183' title='bbox 329 1101 552 1138; x_wconf 74' lang='grc' dir='ltr'>ὀνομαστοτάτους</span> <span class='ocrx_word' id='word_1_184' title='bbox 585 1106 635 1127; x_wconf 88' lang='grc' dir='ltr'><strong>τῶν</strong></span> <span class='ocrx_word' id='word_1_185' title='bbox 657 1101 682 1128; x_wconf 75' lang='grc' dir='ltr'><strong>ἐν</strong></span> <span class='ocrx_word' id='word_1_186' title='bbox 709 1102 779 1138; x_wconf 74' lang='grc' dir='ltr'><strong>ὑμῖν·</strong></span> <span class='ocrx_word' id='word_1_187' title='bbox 803 1102 870 1127; x_wconf 80' lang='grc' dir='ltr'><strong>ὥστε</strong></span> 
     </span>
    </p>
   </div>
   <div class='ocr_carea' id='block_1_26' title="bbox 64 1144 870 1183">
    <p class='ocr_par' dir='ltr' id='par_1_26' title="bbox 64 1144 870 1183">
     <span class='ocr_line' id='line_1_26' title="bbox 64 1144 870 1183; baseline 0.001 -12"><span class='ocrx_word' id='word_1_188' title='bbox 64 1144 177 1182; x_wconf 70' lang='grc' dir='ltr'><strong>οὐδεμία</strong></span> <span class='ocrx_word' id='word_1_189' title='bbox 207 1148 369 1183; x_wconf 79' lang='grc' dir='ltr'>παραίτησις</span> <span class='ocrx_word' id='word_1_190' title='bbox 398 1150 540 1172; x_wconf 84' lang='grc' dir='ltr'><strong>σιωπῶντι.</strong></span> <span class='ocrx_word' id='word_1_191' title='bbox 571 1149 621 1172; x_wconf 80' lang='grc' dir='ltr'>Καὶ</span> <span class='ocrx_word' id='word_1_192' title='bbox 652 1149 735 1172; x_wconf 81' lang='grc' dir='ltr'><strong>ταῦτα</strong></span> <span class='ocrx_word' id='word_1_193' title='bbox 761 1147 806 1182; x_wconf 72' lang='grc' dir='ltr'>μὶν</span> <span class='ocrx_word' id='word_1_194' title='bbox 834 1145 870 1176; x_wconf 75' lang='grc' dir='ltr'>εἰς</span> 
     </span>
    </p>
   </div>
   <div class='ocr_carea' id='block_1_27' title="bbox 64 1188 871 1228">
    <p class='ocr_par' dir='ltr' id='par_1_27' title="bbox 64 1188 871 1228">
     <span class='ocr_line' id='line_1_27' title="bbox 64 1188 871 1228; baseline 0 -12"><span class='ocrx_word' id='word_1_195' title='bbox 64 1195 202 1218; x_wconf 81' lang='grc' dir='ltr'><strong>τοσοῦτον.</strong></span> <span class='ocrx_word' id='word_1_196' title='bbox 234 1190 388 1217; x_wconf 80' lang='grc' dir='ltr'><strong>Ἀπέστει).α</strong></span> <span class='ocrx_word' id='word_1_197' title='bbox 417 1188 446 1216; x_wconf 64' lang='grc' dir='ltr'>δὲ</span> <span class='ocrx_word' id='word_1_198' title='bbox 475 1193 520 1217; x_wconf 83' lang='grc' dir='ltr'><strong>καὶ</strong></span> <span class='ocrx_word' id='word_1_199' title='bbox 547 1192 580 1216; x_wconf 80' lang='grc' dir='ltr'><strong>τὰ</strong></span> <span class='ocrx_word' id='word_1_200' title='bbox 608 1192 673 1228; x_wconf 76' lang='grc' dir='ltr'><strong>πρὸς</strong></span> <span class='ocrx_word' id='word_1_201' title='bbox 701 1190 836 1227; x_wconf 71' lang='grc' dir='ltr'><strong>Εὐνόμιον·</strong></span> <span class='ocrx_word' id='word_1_202' title='bbox 853 1189 871 1216; x_wconf 87' lang='grc' dir='ltr'><strong>ἆ</strong></span> 
     </span>
    </p>
   </div>
   <div class='ocr_carea' id='block_1_28' title="bbox 62 1233 868 1272">
    <p class='ocr_par' dir='ltr' id='par_1_28' title="bbox 62 1233 868 1272">
     <span class='ocr_line' id='line_1_28' title="bbox 62 1233 868 1272; baseline 0 -11"><span class='ocrx_word' id='word_1_203' title='bbox 62 1237 111 1261; x_wconf 67' lang='grc' dir='ltr'>εἶτα</span> <span class='ocrx_word' id='word_1_204' title='bbox 126 1233 240 1261; x_wconf 77' lang='grc' dir='ltr'><strong>παιδιὰν</strong></span> <span class='ocrx_word' id='word_1_205' title='bbox 260 1237 315 1271; x_wconf 90' lang='grc' dir='ltr'>χρή</span> <span class='ocrx_word' id='word_1_206' title='bbox 344 1234 440 1268; x_wconf 77' lang='grc' dir='ltr'><strong>καλεῖν,</strong></span> <span class='ocrx_word' id='word_1_207' title='bbox 464 1236 513 1261; x_wconf 81' lang='grc' dir='ltr'><strong>εἶτε</strong></span> <span class='ocrx_word' id='word_1_208' title='bbox 542 1239 628 1272; x_wconf 85' lang='grc' dir='ltr'><strong>μικρῷ</strong></span> <span class='ocrx_word' id='word_1_209' title='bbox 653 1233 763 1266; x_wconf 71' lang='grc' dir='ltr'><strong>παιδιᾶς</strong></span> <span class='ocrx_word' id='word_1_210' title='bbox 786 1245 868 1261; x_wconf 87' lang='grc' dir='ltr'>σπου-</span> 
     </span>
    </p>
   </div>
   <div class='ocr_carea' id='block_1_29' title="bbox 63 1278 869 1316">
    <p class='ocr_par' dir='ltr' id='par_1_29' title="bbox 63 1278 869 1316">
     <span class='ocr_line' id='line_1_29' title="bbox 63 1278 869 1316; baseline 0.006 -11"><span class='ocrx_word' id='word_1_211' title='bbox 63 1278 198 1316; x_wconf 82' lang='grc' dir='ltr'><strong>δαιότερα,</strong></span> <span class='ocrx_word' id='word_1_212' title='bbox 214 1279 285 1305; x_wconf 78' lang='grc' dir='ltr'>αὖτῶ</span> <span class='ocrx_word' id='word_1_213' title='bbox 301 1289 344 1305; x_wconf 90' lang='grc' dir='ltr'>σοι</span> <span class='ocrx_word' id='word_1_214' title='bbox 363 1281 458 1315; x_wconf 75' lang='grc' dir='ltr'><strong>κρίνειν</strong></span> <span class='ocrx_word' id='word_1_215' title='bbox 477 1282 602 1316; x_wconf 83' lang='grc' dir='ltr'>παρίημι·</span> <span class='ocrx_word' id='word_1_216' title='bbox 626 1279 654 1310; x_wconf 83' lang='grc' dir='ltr'><strong>ὃς</strong></span> <span class='ocrx_word' id='word_1_217' title='bbox 675 1281 740 1316; x_wconf 82' lang='grc' dir='ltr'><strong>πρὸς</strong></span> <span class='ocrx_word' id='word_1_218' title='bbox 754 1280 799 1315; x_wconf 64' lang='grc' dir='ltr'><strong>μὲν</strong></span> <span class='ocrx_word' id='word_1_219' title='bbox 813 1280 869 1314; x_wconf 76' lang='grc' dir='ltr'>(Ἠ)</span> 
     </span>
    </p>
   </div>
   <div class='ocr_carea' id='block_1_30' title="bbox 61 1322 869 1360">
    <p class='ocr_par' dir='ltr' id='par_1_30' title="bbox 61 1322 869 1360">
     <span class='ocr_line' id='line_1_30' title="bbox 61 1322 869 1360; baseline -0.001 -10"><span class='ocrx_word' id='word_1_220' title='bbox 61 1325 94 1350; x_wconf 77' lang='grc' dir='ltr'><strong>τὰ</strong></span> <span class='ocrx_word' id='word_1_221' title='bbox 126 1325 210 1350; x_wconf 78' lang='grc' dir='ltr'><strong>οἰκεῖα</strong></span> <span class='ocrx_word' id='word_1_222' title='bbox 239 1327 338 1350; x_wconf 85' lang='grc' dir='ltr'>σαυτοῦ</span> <span class='ocrx_word' id='word_1_223' title='bbox 367 1323 464 1356; x_wconf 71' lang='grc' dir='ltr'><strong>οὐκέτι,</strong></span> <span class='ocrx_word' id='word_1_224' title='bbox 487 1323 571 1360; x_wconf 82' lang='grc' dir='ltr'><strong>οἶμαι,</strong></span> <span class='ocrx_word' id='word_1_225' title='bbox 599 1323 719 1360; x_wconf 72' lang='grc' dir='ltr'>χρῄζεις·</span> <span class='ocrx_word' id='word_1_226' title='bbox 747 1325 814 1360; x_wconf 88' lang='grc' dir='ltr'><strong>πρὸς</strong></span> <span class='ocrx_word' id='word_1_227' title='bbox 840 1322 869 1350; x_wconf 67' lang='lat'>0&quot;:</span> 
     </span>
    </p>
   </div>
   <div class='ocr_carea' id='block_1_31' title="bbox 62 1367 869 1405">
    <p class='ocr_par' dir='ltr' id='par_1_31' title="bbox 62 1367 869 1405">
     <span class='ocr_line' id='line_1_31' title="bbox 62 1367 869 1405; baseline 0 -11"><span class='ocrx_word' id='word_1_228' title='bbox 62 1372 113 1394; x_wconf 79' lang='grc' dir='ltr'>τῶν</span> <span class='ocrx_word' id='word_1_229' title='bbox 138 1367 334 1405; x_wconf 75' lang='grc' dir='ltr'><strong>ὲνδιαστρόφων</strong></span> <span class='ocrx_word' id='word_1_230' title='bbox 367 1369 424 1398; x_wconf 82' lang='grc' dir='ltr'><strong>τοὺς</strong></span> <span class='ocrx_word' id='word_1_231' title='bbox 455 1367 663 1404; x_wconf 70' lang='grc' dir='ltr'><strong>ἐντυγχάνοντας</strong></span> <span class='ocrx_word' id='word_1_232' title='bbox 696 1368 743 1394; x_wconf 71' lang='grc' dir='ltr'>οὐκ</span> <span class='ocrx_word' id='word_1_233' title='bbox 770 1367 869 1404; x_wconf 74' lang='grc' dir='ltr'><strong>ἀγεννές</strong></span> 
     </span>
    </p>
   </div>
   <div class='ocr_carea' id='block_1_32' title="bbox 63 1411 868 1449">
    <p class='ocr_par' dir='ltr' id='par_1_32' title="bbox 63 1411 868 1449">
     <span class='ocr_line' id='line_1_32' title="bbox 63 1411 868 1449; baseline -0.001 -10"><span class='ocrx_word' id='word_1_234' title='bbox 63 1423 107 1439; x_wconf 85' lang='grc' dir='ltr'>σοι</span> <span class='ocrx_word' id='word_1_235' title='bbox 117 1413 195 1439; x_wconf 81' lang='grc' dir='ltr'><strong>ὅπλον</strong></span> <span class='ocrx_word' id='word_1_236' title='bbox 218 1414 325 1439; x_wconf 80' lang='grc' dir='ltr'><strong>ἔσεσθαι</strong></span> <span class='ocrx_word' id='word_1_237' title='bbox 340 1411 492 1449; x_wconf 76' lang='grc' dir='ltr'>προσδοκῶ·</span> <span class='ocrx_word' id='word_1_238' title='bbox 513 1413 542 1438; x_wconf 78' lang='grc' dir='ltr'><strong>οὑ</strong></span> <span class='ocrx_word' id='word_1_239' title='bbox 558 1417 588 1449; x_wconf 80' lang='grc' dir='ltr'><strong>τῇ</strong></span> <span class='ocrx_word' id='word_1_240' title='bbox 618 1411 729 1449; x_wconf 75' lang='grc' dir='ltr'>δυνάμει</span> <span class='ocrx_word' id='word_1_241' title='bbox 743 1417 788 1439; x_wconf 77' lang='grc' dir='ltr'><strong>τοῦ</strong></span> <span class='ocrx_word' id='word_1_242' title='bbox 809 1422 868 1439; x_wconf 86' lang='grc' dir='ltr'><strong>συν-</strong></span> 
     </span>
    </p>
   </div>
   <div class='ocr_carea' id='block_1_33' title="bbox 61 1455 880 1494">
    <p class='ocr_par' dir='ltr' id='par_1_33' title="bbox 61 1455 880 1494">
     <span class='ocr_line' id='line_1_33' title="bbox 61 1455 880 1494; baseline -0.001 -10"><span class='ocrx_word' id='word_1_243' title='bbox 61 1459 192 1494; x_wconf 76' lang='grc' dir='ltr'><strong>τάγματος</strong></span> <span class='ocrx_word' id='word_1_244' title='bbox 222 1459 459 1488; x_wconf 77' lang='grc' dir='ltr'><strong>καταπιστιύοντες</strong></span> <span class='ocrx_word' id='word_1_245' title='bbox 489 1455 634 1491; x_wconf 73' lang='grc' dir='ltr'><strong>τοσοῦτον,</strong></span> <span class='ocrx_word' id='word_1_246' title='bbox 666 1457 719 1483; x_wconf 80' lang='grc' dir='ltr'><strong>ἀλλ’</strong></span> <span class='ocrx_word' id='word_1_247' title='bbox 754 1457 880 1494; x_wconf 44' lang='grc' dir='ltr'><strong>ἀκριϐῶς,</strong></span> 
     </span>
    </p>
   </div>
   <div class='ocr_carea' id='block_1_34' title="bbox 63 1501 868 1539">
    <p class='ocr_par' dir='ltr' id='par_1_34' title="bbox 63 1501 868 1539">
     <span class='ocr_line' id='line_1_34' title="bbox 63 1501 868 1539; baseline 0 -11"><span class='ocrx_word' id='word_1_248' title='bbox 63 1504 235 1539; x_wconf 68' lang='grc' dir='ltr'><strong>γνωρίζοντές</strong></span> <span class='ocrx_word' id='word_1_249' title='bbox 254 1501 304 1528; x_wconf 78' lang='grc' dir='ltr'>ἀπὸ</span> <span class='ocrx_word' id='word_1_250' title='bbox 321 1501 413 1538; x_wconf 70' lang='grc' dir='ltr'><strong>ὀλίγων</strong></span> <span class='ocrx_word' id='word_1_251' title='bbox 429 1501 550 1539; x_wconf 71' lang='grc' dir='ltr'><strong>ἀφορμῶν</strong></span> <span class='ocrx_word' id='word_1_252' title='bbox 579 1501 621 1528; x_wconf 72' lang='grc' dir='ltr'>ἐπὶ</span> <span class='ocrx_word' id='word_1_253' title='bbox 644 1502 727 1528; x_wconf 83' lang='grc' dir='ltr'><strong>πολλά</strong></span> <span class='ocrx_word' id='word_1_254' title='bbox 756 1512 785 1528; x_wconf 79' lang='grc' dir='ltr'><strong>σε</strong></span> <span class='ocrx_word' id='word_1_255' title='bbox 808 1504 868 1528; x_wconf 79' lang='grc' dir='ltr'><strong>ὄντα</strong></span> 
     </span>
    </p>
   </div>
   <div class='ocr_carea' id='block_1_35' title="bbox 63 1545 907 1590">
    <p class='ocr_par' dir='ltr' id='par_1_35' title="bbox 63 1545 907 1590">
     <span class='ocr_line' id='line_1_35' title="bbox 63 1545 907 1590; baseline 0 -17"><span class='ocrx_word' id='word_1_256' title='bbox 63 1548 203 1584; x_wconf 79' lang='grc' dir='ltr'><strong>ιὺρςτικόν.</strong></span> <span class='ocrx_word' id='word_1_257' title='bbox 221 1547 281 1573; x_wconf 81' lang='grc' dir='ltr'>Ἐὰν</span> <span class='ocrx_word' id='word_1_258' title='bbox 301 1545 332 1573; x_wconf 76' lang='grc' dir='ltr'>δέ</span> <span class='ocrx_word' id='word_1_259' title='bbox 350 1556 376 1572; x_wconf 87' lang='grc' dir='ltr'>τι</span> <span class='ocrx_word' id='word_1_260' title='bbox 399 1556 443 1573; x_wconf 90' lang='grc' dir='ltr'>σοι</span> <span class='ocrx_word' id='word_1_261' title='bbox 465 1556 510 1572; x_wconf 81' lang='grc' dir='ltr'>και</span> <span class='ocrx_word' id='word_1_262' title='bbox 530 1546 712 1584; x_wconf 78' lang='grc' dir='ltr'><strong>ἀσθενέστερον</strong></span> <span class='ocrx_word' id='word_1_263' title='bbox 728 1546 797 1582; x_wconf 74' lang='grc' dir='ltr'><strong>ἔχειν</strong></span> <span class='ocrx_word' id='word_1_264' title='bbox 820 1551 868 1578; x_wconf 86' lang='grc' dir='ltr'><strong>τῆς</strong></span> <span class='ocrx_word' id='word_1_265' title='bbox 887 1563 907 1590; x_wconf 80' lang='lat' dir='ltr'>C</span> 
     </span>
    </p>
   </div>
   <div class='ocr_carea' id='block_1_36' title="bbox 62 1591 867 1628">
    <p class='ocr_par' dir='ltr' id='par_1_36' title="bbox 62 1591 867 1628">
     <span class='ocr_line' id='line_1_36' title="bbox 62 1591 867 1628; baseline -0.001 -10"><span class='ocrx_word' id='word_1_266' title='bbox 62 1593 157 1628; x_wconf 82' lang='grc' dir='ltr'><strong>χρείας</strong></span> <span class='ocrx_word' id='word_1_267' title='bbox 189 1595 335 1627; x_wconf 78' lang='grc' dir='ltr'><strong>καταφανῇ,</strong></span> <span class='ocrx_word' id='word_1_268' title='bbox 370 1593 404 1627; x_wconf 82' lang='grc' dir='ltr'><strong>μὴ</strong></span> <span class='ocrx_word' id='word_1_269' title='bbox 437 1593 602 1627; x_wconf 82' lang='grc' dir='ltr'><strong>κατοκνήσῃς</strong></span> <span class='ocrx_word' id='word_1_270' title='bbox 632 1591 742 1627; x_wconf 67' lang='grc' dir='ltr'>ῑλέγξαι.</span> <span class='ocrx_word' id='word_1_271' title='bbox 778 1592 867 1627; x_wconf 82' lang='grc' dir='ltr'><strong>Τούτῳ</strong></span> 
     </span>
    </p>
   </div>
   <div class='ocr_carea' id='block_1_37' title="bbox 62 1634 866 1672">
    <p class='ocr_par' dir='ltr' id='par_1_37' title="bbox 62 1634 866 1672">
     <span class='ocr_line' id='line_1_37' title="bbox 62 1634 866 1672; baseline -0.001 -10"><span class='ocrx_word' id='word_1_272' title='bbox 62 1637 112 1672; x_wconf 75' lang='grc' dir='ltr'>γὰρ</span> <span class='ocrx_word' id='word_1_273' title='bbox 134 1636 193 1671; x_wconf 84' lang='grc'>(72)</span> <span class='ocrx_word' id='word_1_274' title='bbox 219 1635 338 1672; x_wconf 76' lang='grc' dir='ltr'><strong>μάλιστα</strong></span> <span class='ocrx_word' id='word_1_275' title='bbox 361 1635 432 1671; x_wconf 71' lang='grc' dir='ltr'><strong>φίλος</strong></span> <span class='ocrx_word' id='word_1_276' title='bbox 456 1635 567 1666; x_wconf 77' lang='grc' dir='ltr'><strong>κόλακος</strong></span> <span class='ocrx_word' id='word_1_277' title='bbox 593 1634 737 1671; x_wconf 72' lang='grc' dir='ltr'><strong>διενήνοχε,</strong></span> <span class='ocrx_word' id='word_1_278' title='bbox 762 1639 798 1671; x_wconf 76' lang='grc' dir='ltr'><strong>τῷ</strong></span> <span class='ocrx_word' id='word_1_279' title='bbox 824 1637 866 1661; x_wconf 83' lang='grc' dir='ltr'>τὸν</span> 
     </span>
    </p>
   </div>
   <div class='ocr_carea' id='block_1_38' title="bbox 62 1679 867 1717">
    <p class='ocr_par' dir='ltr' id='par_1_38' title="bbox 62 1679 867 1717">
     <span class='ocr_line' id='line_1_38' title="bbox 62 1679 867 1717; baseline -0.001 -10"><span class='ocrx_word' id='word_1_280' title='bbox 62 1683 107 1717; x_wconf 71' lang='grc' dir='ltr'>μὲν</span> <span class='ocrx_word' id='word_1_281' title='bbox 122 1683 186 1717; x_wconf 85' lang='grc' dir='ltr'><strong>πρὸς</strong></span> <span class='ocrx_word' id='word_1_282' title='bbox 200 1679 299 1710; x_wconf 74' lang='grc' dir='ltr'><strong>ἡδονήν</strong></span> <span class='ocrx_word' id='word_1_283' title='bbox 319 1680 426 1717; x_wconf 69' lang='grc' dir='ltr'><strong>ὁμιλεῖν,</strong></span> <span class='ocrx_word' id='word_1_284' title='bbox 446 1682 489 1707; x_wconf 88' lang='grc' dir='ltr'><strong>τὸν</strong></span> <span class='ocrx_word' id='word_1_285' title='bbox 506 1679 535 1707; x_wconf 67' lang='grc' dir='ltr'><strong>δί</strong></span> <span class='ocrx_word' id='word_1_286' title='bbox 554 1679 623 1717; x_wconf 63' lang='grc' dir='ltr'>μηδὶ</span> <span class='ocrx_word' id='word_1_287' title='bbox 647 1685 696 1707; x_wconf 86' lang='grc' dir='ltr'><strong>τῶν</strong></span> <span class='ocrx_word' id='word_1_288' title='bbox 720 1680 867 1707; x_wconf 80' lang='grc' dir='ltr'><strong>λυπούντων</strong></span> 
     </span>
    </p>
   </div>
   <div class='ocr_carea' id='block_1_39' title="bbox 63 1725 224 1762">
    <p class='ocr_par' dir='ltr' id='par_1_39' title="bbox 63 1725 224 1762">
     <span class='ocr_line' id='line_1_39' title="bbox 63 1725 224 1762; baseline 0 -10"><span class='ocrx_word' id='word_1_289' title='bbox 63 1725 224 1762; x_wconf 69' lang='grc' dir='ltr'>ἀπέχεσθαι.</span> 
     </span>
    </p>
   </div>
   <div class='ocr_carea' id='block_1_40' title="bbox 340 1863 590 1892">
    <p class='ocr_par' dir='ltr' id='par_1_40' title="bbox 340 1863 590 1892">
     <span class='ocr_line' id='line_1_40' title="bbox 340 1863 590 1892; baseline 0.004 -2"><span class='ocrx_word' id='word_1_290' title='bbox 340 1866 509 1891; x_wconf 80' lang='grc' dir='ltr'>ΕΠΙΣΤΟΛΗ</span> <span class='ocrx_word' id='word_1_291' title='bbox 531 1863 590 1892; x_wconf 81' lang='grc' dir='ltr'>ΚΑ’.</span> 
     </span>
    </p>
   </div>
   <div class='ocr_carea' id='block_1_41' title="bbox 925 253 1754 284">
    <p class='ocr_par' dir='ltr' id='par_1_41' title="bbox 925 253 1754 284">
     <span class='ocr_line' id='line_1_41' title="bbox 925 253 1754 284; baseline 0.005 -4"><span class='ocrx_word' id='word_1_292' title='bbox 925 260 987 280; x_wconf 85' lang='lat' dir='ltr'>nua</span> <span class='ocrx_word' id='word_1_293' title='bbox 1002 253 1056 281; x_wconf 86' lang='lat' dir='ltr'>fuit</span> <span class='ocrx_word' id='word_1_294' title='bbox 1070 253 1230 282; x_wconf 76' lang='lat' dir='ltr'>multitudo</span> <span class='ocrx_word' id='word_1_295' title='bbox 1246 253 1285 282; x_wconf 87' lang='lat' dir='ltr'>ad</span> <span class='ocrx_word' id='word_1_296' title='bbox 1300 261 1357 282; x_wconf 91' lang='lat' dir='ltr'>nos</span> <span class='ocrx_word' id='word_1_297' title='bbox 1371 254 1564 282; x_wconf 75' lang='lat' dir='ltr'>venientium.</span> <span class='ocrx_word' id='word_1_298' title='bbox 1576 257 1612 283; x_wconf 84' lang='lat' dir='ltr'>At</span> <span class='ocrx_word' id='word_1_299' title='bbox 1625 264 1678 284; x_wconf 90' lang='lat' dir='ltr'>cur</span> <span class='ocrx_word' id='word_1_300' title='bbox 1692 264 1754 284; x_wconf 88' lang='lat' dir='ltr'>non</span> 
     </span>
    </p>
   </div>
   <div class='ocr_carea' id='block_1_42' title="bbox 926 298 1754 337">
    <p class='ocr_par' dir='ltr' id='par_1_42' title="bbox 926 298 1754 337">
     <span class='ocr_line' id='line_1_42' title="bbox 926 298 1754 337; baseline 0.005 -12"><span class='ocrx_word' id='word_1_301' title='bbox 926 298 1042 332; x_wconf 78' lang='lat' dir='ltr'>scribis,</span> <span class='ocrx_word' id='word_1_302' title='bbox 1052 306 1121 326; x_wconf 89' lang='lat' dir='ltr'>cum</span> <span class='ocrx_word' id='word_1_303' title='bbox 1132 298 1255 335; x_wconf 86' lang='lat' dir='ltr'>quidem</span> <span class='ocrx_word' id='word_1_304' title='bbox 1269 299 1424 333; x_wconf 77' lang='lat' dir='ltr'>negotium</span> <span class='ocrx_word' id='word_1_305' title='bbox 1436 299 1553 328; x_wconf 87' lang='lat' dir='ltr'>nullum</span> <span class='ocrx_word' id='word_1_306' title='bbox 1565 300 1601 328; x_wconf 85' lang='lat' dir='ltr'>sit</span> <span class='ocrx_word' id='word_1_307' title='bbox 1611 301 1754 337; x_wconf 62' lang='lat' dir='ltr'>sophistae</span> 
     </span>
    </p>
   </div>
   <div class='ocr_carea' id='block_1_43' title="bbox 926 342 1755 382">
    <p class='ocr_par' dir='ltr' id='par_1_43' title="bbox 926 342 1755 382">
     <span class='ocr_line' id='line_1_43' title="bbox 926 342 1755 382; baseline 0.005 -12"><span class='ocrx_word' id='word_1_308' title='bbox 926 342 1069 370; x_wconf 85' lang='lat' dir='ltr'>scribere?</span> <span class='ocrx_word' id='word_1_309' title='bbox 1081 344 1142 371; x_wconf 85' lang='lat' dir='ltr'>imo</span> <span class='ocrx_word' id='word_1_310' title='bbox 1154 343 1307 371; x_wconf 85' lang='lat' dir='ltr'>sitmanus</span> <span class='ocrx_word' id='word_1_311' title='bbox 1320 344 1405 379; x_wconf 78' lang='lat' dir='ltr'>pigra</span> <span class='ocrx_word' id='word_1_312' title='bbox 1419 346 1475 378; x_wconf 89' lang='lat' dir='ltr'>est,</span> <span class='ocrx_word' id='word_1_313' title='bbox 1493 352 1529 372; x_wconf 90' lang='lat' dir='ltr'>ne</span> <span class='ocrx_word' id='word_1_314' title='bbox 1544 345 1675 373; x_wconf 85' lang='lat' dir='ltr'>scribere</span> <span class='ocrx_word' id='word_1_315' title='bbox 1690 346 1755 382; x_wconf 90' lang='lat' dir='ltr'>qui-</span> 
     </span>
    </p>
   </div>
   <div class='ocr_carea' id='block_1_44' title="bbox 925 386 1754 425">
    <p class='ocr_par' dir='ltr' id='par_1_44' title="bbox 925 386 1754 425">
     <span class='ocr_line' id='line_1_44' title="bbox 925 386 1754 425; baseline 0.005 -11"><span class='ocrx_word' id='word_1_316' title='bbox 925 386 994 414; x_wconf 88' lang='lat' dir='ltr'>dem</span> <span class='ocrx_word' id='word_1_317' title='bbox 1009 395 1087 423; x_wconf 91' lang='lat' dir='ltr'>opus</span> <span class='ocrx_word' id='word_1_318' title='bbox 1103 387 1172 421; x_wconf 87' lang='lat' dir='ltr'>erit;</span> <span class='ocrx_word' id='word_1_319' title='bbox 1189 387 1265 415; x_wconf 86' lang='lat' dir='ltr'>alius</span> <span class='ocrx_word' id='word_1_320' title='bbox 1276 388 1355 416; x_wconf 90' lang='lat' dir='ltr'>enim</span> <span class='ocrx_word' id='word_1_321' title='bbox 1370 388 1422 416; x_wconf 91' lang='lat' dir='ltr'>tibi</span> <span class='ocrx_word' id='word_1_322' title='bbox 1439 389 1523 417; x_wconf 81' lang='lat' dir='ltr'>dabit</span> <span class='ocrx_word' id='word_1_323' title='bbox 1534 397 1670 425; x_wconf 87' lang='lat' dir='ltr'>operam.</span> <span class='ocrx_word' id='word_1_324' title='bbox 1687 390 1754 418; x_wconf 92' lang='lat' dir='ltr'>Lin-</span> 
     </span>
    </p>
   </div>
   <div class='ocr_carea' id='block_1_45' title="bbox 925 432 1754 468">
    <p class='ocr_par' dir='ltr' id='par_1_45' title="bbox 925 432 1754 468">
     <span class='ocr_line' id='line_1_45' title="bbox 925 432 1754 468; baseline 0.005 -9"><span class='ocrx_word' id='word_1_325' title='bbox 925 439 986 466; x_wconf 83' lang='lat' dir='ltr'>gua</span> <span class='ocrx_word' id='word_1_326' title='bbox 1001 434 1101 460; x_wconf 87' lang='lat' dir='ltr'>autem</span> <span class='ocrx_word' id='word_1_327' title='bbox 1117 432 1183 460; x_wconf 89' lang='lat' dir='ltr'>sola</span> <span class='ocrx_word' id='word_1_328' title='bbox 1197 440 1273 468; x_wconf 90' lang='lat' dir='ltr'>opus</span> <span class='ocrx_word' id='word_1_329' title='bbox 1287 434 1341 466; x_wconf 88' lang='lat' dir='ltr'>est,</span> <span class='ocrx_word' id='word_1_330' title='bbox 1355 440 1424 468; x_wconf 76' lang='lat' dir='ltr'>quae</span> <span class='ocrx_word' id='word_1_331' title='bbox 1439 433 1557 461; x_wconf 86' lang='lat' dir='ltr'>etiamsi</span> <span class='ocrx_word' id='word_1_332' title='bbox 1570 442 1626 462; x_wconf 90' lang='lat' dir='ltr'>nos</span> <span class='ocrx_word' id='word_1_333' title='bbox 1641 443 1702 462; x_wconf 90' lang='lat' dir='ltr'>non</span> <span class='ocrx_word' id='word_1_334' title='bbox 1713 435 1754 463; x_wconf 87' lang='lat' dir='ltr'>a1-</span> 
     </span>
    </p>
   </div>
   <div class='ocr_carea' id='block_1_46' title="bbox 924 475 1752 513">
    <p class='ocr_par' dir='ltr' id='par_1_46' title="bbox 924 475 1752 513">
     <span class='ocr_line' id='line_1_46' title="bbox 924 475 1752 513; baseline 0.004 -9"><span class='ocrx_word' id='word_1_335' title='bbox 924 475 1065 512; x_wconf 86' lang='lat' dir='ltr'>loquatur</span> <span class='ocrx_word' id='word_1_336' title='bbox 1081 479 1110 504; x_wconf 86' lang='lat' dir='ltr'>at</span> <span class='ocrx_word' id='word_1_337' title='bbox 1124 476 1259 513; x_wconf 84' lang='lat' dir='ltr'>profecto</span> <span class='ocrx_word' id='word_1_338' title='bbox 1275 485 1370 504; x_wconf 92' lang='lat' dir='ltr'>unum</span> <span class='ocrx_word' id='word_1_339' title='bbox 1386 485 1422 504; x_wconf 85' lang='lat' dir='ltr'>ex</span> <span class='ocrx_word' id='word_1_340' title='bbox 1437 477 1472 504; x_wconf 89' lang='lat' dir='ltr'>iis</span> <span class='ocrx_word' id='word_1_341' title='bbox 1492 478 1541 513; x_wconf 90' lang='lat' dir='ltr'>qui</span> <span class='ocrx_word' id='word_1_342' title='bbox 1559 481 1656 507; x_wconf 89' lang='lat' dir='ltr'>tecum</span> <span class='ocrx_word' id='word_1_343' title='bbox 1672 481 1752 512; x_wconf 84' lang='lat' dir='ltr'>sunt.</span> 
     </span>
    </p>
   </div>
   <div class='ocr_carea' id='block_1_47' title="bbox 924 520 1754 560">
    <p class='ocr_par' dir='ltr' id='par_1_47' title="bbox 924 520 1754 560">
     <span class='ocr_line' id='line_1_47' title="bbox 924 520 1754 560; baseline 0.004 -12"><span class='ocrx_word' id='word_1_344' title='bbox 924 520 1101 557; x_wconf 79' lang='lat' dir='ltr'>alloquetur.</span> <span class='ocrx_word' id='word_1_345' title='bbox 1115 521 1200 554; x_wconf 86' lang='lat' dir='ltr'>Quod</span> <span class='ocrx_word' id='word_1_346' title='bbox 1212 521 1235 549; x_wconf 94' lang='lat' dir='ltr'>si</span> <span class='ocrx_word' id='word_1_347' title='bbox 1249 529 1340 549; x_wconf 88' lang='lat' dir='ltr'>nemo</span> <span class='ocrx_word' id='word_1_348' title='bbox 1351 521 1440 554; x_wconf 89' lang='lat' dir='ltr'>adsit,</span> <span class='ocrx_word' id='word_1_349' title='bbox 1453 530 1555 550; x_wconf 89' lang='lat' dir='ltr'>secum</span> <span class='ocrx_word' id='word_1_350' title='bbox 1571 523 1637 558; x_wconf 87' lang='lat' dir='ltr'>ipsa</span> <span class='ocrx_word' id='word_1_351' title='bbox 1651 523 1754 560; x_wconf 86' lang='lat' dir='ltr'>loque-</span> 
     </span>
    </p>
   </div>
   <div class='ocr_carea' id='block_1_48' title="bbox 924 566 1753 604">
    <p class='ocr_par' dir='ltr' id='par_1_48' title="bbox 924 566 1753 604">
     <span class='ocr_line' id='line_1_48' title="bbox 924 566 1753 604; baseline 0.004 -11"><span class='ocrx_word' id='word_1_352' title='bbox 924 568 982 599; x_wconf 86' lang='lat' dir='ltr'>tur;</span> <span class='ocrx_word' id='word_1_353' title='bbox 997 566 1107 594; x_wconf 77' lang='lat' dir='ltr'>tacebit</span> <span class='ocrx_word' id='word_1_354' title='bbox 1119 569 1220 594; x_wconf 88' lang='lat' dir='ltr'>autem</span> <span class='ocrx_word' id='word_1_355' title='bbox 1232 574 1440 603; x_wconf 86' lang='lat' dir='ltr'>nequaquam,</span> <span class='ocrx_word' id='word_1_356' title='bbox 1457 575 1525 594; x_wconf 91' lang='lat' dir='ltr'>cum</span> <span class='ocrx_word' id='word_1_357' title='bbox 1540 567 1580 595; x_wconf 85' lang='lat' dir='ltr'>sit</span> <span class='ocrx_word' id='word_1_358' title='bbox 1595 570 1622 595; x_wconf 90' lang='lat' dir='ltr'>et</span> <span class='ocrx_word' id='word_1_359' title='bbox 1638 569 1753 604; x_wconf 86' lang='lat' dir='ltr'>sophis-</span> 
     </span>
    </p>
   </div>
   <div class='ocr_carea' id='block_1_49' title="bbox 925 610 1753 648">
    <p class='ocr_par' dir='ltr' id='par_1_49' title="bbox 925 610 1753 648">
     <span class='ocr_line' id='line_1_49' title="bbox 925 610 1753 648; baseline 0.005 -11"><span class='ocrx_word' id='word_1_360' title='bbox 925 610 982 638; x_wconf 87' lang='lat' dir='ltr'>tica</span> <span class='ocrx_word' id='word_1_361' title='bbox 997 613 1025 639; x_wconf 85' lang='lat' dir='ltr'>et</span> <span class='ocrx_word' id='word_1_362' title='bbox 1039 611 1151 639; x_wconf 82' lang='lat' dir='ltr'>Attica:</span> <span class='ocrx_word' id='word_1_363' title='bbox 1166 619 1227 639; x_wconf 88' lang='lat' dir='ltr'>non</span> <span class='ocrx_word' id='word_1_364' title='bbox 1240 612 1347 646; x_wconf 81' lang='lat' dir='ltr'>magis,</span> <span class='ocrx_word' id='word_1_365' title='bbox 1362 619 1455 647; x_wconf 88' lang='lat' dir='ltr'>quam</span> <span class='ocrx_word' id='word_1_366' title='bbox 1468 611 1611 648; x_wconf 64' lang='lat' dir='ltr'>lusciniae,</span> <span class='ocrx_word' id='word_1_367' title='bbox 1629 613 1753 648; x_wconf 84' lang='lat' dir='ltr'>quando</span> 
     </span>
    </p>
   </div>
   <div class='ocr_carea' id='block_1_50' title="bbox 924 655 1754 691">
    <p class='ocr_par' dir='ltr' id='par_1_50' title="bbox 924 655 1754 691">
     <span class='ocr_line' id='line_1_50' title="bbox 924 655 1754 691; baseline 0.001 -8"><span class='ocrx_word' id='word_1_368' title='bbox 924 662 975 683; x_wconf 82' lang='lat' dir='ltr'>eas</span> <span class='ocrx_word' id='word_1_369' title='bbox 981 663 1107 683; x_wconf 82' lang='lat' dir='ltr'>vernum</span> <span class='ocrx_word' id='word_1_370' title='bbox 1119 657 1238 691; x_wconf 83' lang='lat' dir='ltr'>tempus</span> <span class='ocrx_word' id='word_1_371' title='bbox 1249 655 1288 683; x_wconf 87' lang='lat' dir='ltr'>ad</span> <span class='ocrx_word' id='word_1_372' title='bbox 1296 655 1466 683; x_wconf 86' lang='lat' dir='ltr'>canendum</span> <span class='ocrx_word' id='word_1_373' title='bbox 1474 656 1655 686; x_wconf 81' lang='lat' dir='ltr'>excitaverit.</span> <span class='ocrx_word' id='word_1_374' title='bbox 1663 657 1754 685; x_wconf 87' lang='lat' dir='ltr'>Nobis</span> 
     </span>
    </p>
   </div>
   <div class='ocr_carea' id='block_1_51' title="bbox 925 699 1754 736">
    <p class='ocr_par' dir='ltr' id='par_1_51' title="bbox 925 699 1754 736">
     <span class='ocr_line' id='line_1_51' title="bbox 925 699 1754 736; baseline 0.002 -9"><span class='ocrx_word' id='word_1_375' title='bbox 925 699 1005 727; x_wconf 87' lang='lat' dir='ltr'>enim</span> <span class='ocrx_word' id='word_1_376' title='bbox 1020 699 1131 727; x_wconf 68' lang='lat' dir='ltr'>crebrae</span> <span class='ocrx_word' id='word_1_377' title='bbox 1144 699 1201 727; x_wconf 59' lang='lat' dir='ltr'>illa;</span> <span class='ocrx_word' id='word_1_378' title='bbox 1217 700 1445 735; x_wconf 83' lang='lat' dir='ltr'>occupationes,</span> <span class='ocrx_word' id='word_1_379' title='bbox 1457 700 1567 736; x_wconf 84' lang='lat' dir='ltr'>quibus</span> <span class='ocrx_word' id='word_1_380' title='bbox 1580 708 1661 729; x_wconf 89' lang='lat' dir='ltr'>nunc</span> <span class='ocrx_word' id='word_1_381' title='bbox 1673 701 1754 729; x_wconf 90' lang='lat' dir='ltr'>disti-</span> 
     </span>
    </p>
   </div>
   <div class='ocr_carea' id='block_1_52' title="bbox 924 744 1753 781">
    <p class='ocr_par' dir='ltr' id='par_1_52' title="bbox 924 744 1753 781">
     <span class='ocr_line' id='line_1_52' title="bbox 924 744 1753 781; baseline 0.002 -9"><span class='ocrx_word' id='word_1_382' title='bbox 924 752 1040 776; x_wconf 85' lang='lat' dir='ltr'>nemur.</span> <span class='ocrx_word' id='word_1_383' title='bbox 1059 744 1284 772; x_wconf 86' lang='lat' dir='ltr'>excusationem</span> <span class='ocrx_word' id='word_1_384' title='bbox 1303 745 1430 772; x_wconf 84' lang='lat' dir='ltr'>fortasse</span> <span class='ocrx_word' id='word_1_385' title='bbox 1450 745 1585 781; x_wconf 79' lang='lat' dir='ltr'>afferant,</span> <span class='ocrx_word' id='word_1_386' title='bbox 1604 745 1628 772; x_wconf 89' lang='lat' dir='ltr'>si</span> <span class='ocrx_word' id='word_1_387' title='bbox 1650 745 1753 774; x_wconf 75' lang='lat' dir='ltr'>litteris</span> 
     </span>
    </p>
   </div>
   <div class='ocr_carea' id='block_1_53' title="bbox 923 788 1754 825">
    <p class='ocr_par' dir='ltr' id='par_1_53' title="bbox 923 788 1754 825">
     <span class='ocr_line' id='line_1_53' title="bbox 923 788 1754 825; baseline 0.004 -9"><span class='ocrx_word' id='word_1_388' title='bbox 923 788 1076 816; x_wconf 88' lang='lat' dir='ltr'>desimus:</span> <span class='ocrx_word' id='word_1_389' title='bbox 1102 792 1129 816; x_wconf 90' lang='lat' dir='ltr'>et</span> <span class='ocrx_word' id='word_1_390' title='bbox 1156 789 1297 825; x_wconf 74' lang='lat' dir='ltr'>quaedam</span> <span class='ocrx_word' id='word_1_391' title='bbox 1317 789 1407 817; x_wconf 86' lang='lat' dir='ltr'>veluti</span> <span class='ocrx_word' id='word_1_392' title='bbox 1431 790 1537 818; x_wconf 81' lang='lat' dir='ltr'>sordes</span> <span class='ocrx_word' id='word_1_393' title='bbox 1559 798 1595 818; x_wconf 81' lang='lat' dir='ltr'>ex</span> <span class='ocrx_word' id='word_1_394' title='bbox 1611 790 1754 819; x_wconf 87' lang='lat' dir='ltr'>continuo</span> 
     </span>
    </p>
   </div>
   <div class='ocr_carea' id='block_1_54' title="bbox 922 833 1753 869">
    <p class='ocr_par' dir='ltr' id='par_1_54' title="bbox 922 833 1753 869">
     <span class='ocr_line' id='line_1_54' title="bbox 922 833 1753 869; baseline 0.002 -9"><span class='ocrx_word' id='word_1_395' title='bbox 922 833 1053 868; x_wconf 84' lang='lat' dir='ltr'>vulgaris</span> <span class='ocrx_word' id='word_1_396' title='bbox 1064 833 1212 861; x_wconf 84' lang='lat' dir='ltr'>sermonis</span> <span class='ocrx_word' id='word_1_397' title='bbox 1224 833 1351 869; x_wconf 89' lang='lat' dir='ltr'>usujam</span> <span class='ocrx_word' id='word_1_398' title='bbox 1362 836 1523 862; x_wconf 68' lang='lat' dir='ltr'>contractae</span> <span class='ocrx_word' id='word_1_399' title='bbox 1533 842 1595 862; x_wconf 89' lang='lat' dir='ltr'>non</span> <span class='ocrx_word' id='word_1_400' title='bbox 1604 834 1753 863; x_wconf 89' lang='lat' dir='ltr'>immerito</span> 
     </span>
    </p>
   </div>
   <div class='ocr_carea' id='block_1_55' title="bbox 923 878 1754 916">
    <p class='ocr_par' dir='ltr' id='par_1_55' title="bbox 923 878 1754 916">
     <span class='ocr_line' id='line_1_55' title="bbox 923 878 1754 916; baseline 0.001 -10"><span class='ocrx_word' id='word_1_401' title='bbox 923 878 1081 913; x_wconf 87' lang='lat' dir='ltr'>deterrent,</span> <span class='ocrx_word' id='word_1_402' title='bbox 1090 878 1254 914; x_wconf 86' lang='lat' dir='ltr'>quominus</span> <span class='ocrx_word' id='word_1_403' title='bbox 1265 886 1317 906; x_wconf 89' lang='lat' dir='ltr'>vos</span> <span class='ocrx_word' id='word_1_404' title='bbox 1329 879 1481 914; x_wconf 83' lang='lat' dir='ltr'>sophistas</span> <span class='ocrx_word' id='word_1_405' title='bbox 1488 879 1690 916; x_wconf 82' lang='lat' dir='ltr'>alloquamur;</span> <span class='ocrx_word' id='word_1_406' title='bbox 1701 880 1754 916; x_wconf 91' lang='lat' dir='ltr'>qui</span> 
     </span>
    </p>
   </div>
   <div class='ocr_carea' id='block_1_56' title="bbox 923 923 1754 959">
    <p class='ocr_par' dir='ltr' id='par_1_56' title="bbox 923 923 1754 959">
     <span class='ocr_line' id='line_1_56' title="bbox 923 923 1754 959; baseline 0.002 -9"><span class='ocrx_word' id='word_1_407' title='bbox 923 923 981 951; x_wconf 87' lang='lat' dir='ltr'>nisi</span> <span class='ocrx_word' id='word_1_408' title='bbox 994 923 1142 959; x_wconf 79' lang='lat' dir='ltr'>sapientia</span> <span class='ocrx_word' id='word_1_409' title='bbox 1155 925 1255 951; x_wconf 84' lang='lat' dir='ltr'>vestra</span> <span class='ocrx_word' id='word_1_410' title='bbox 1270 923 1397 958; x_wconf 81' lang='lat' dir='ltr'>dignum</span> <span class='ocrx_word' id='word_1_411' title='bbox 1410 923 1525 958; x_wconf 88' lang='lat' dir='ltr'>aliquid</span> <span class='ocrx_word' id='word_1_412' title='bbox 1537 924 1699 958; x_wconf 86' lang='lat' dir='ltr'>audieritis,</span> <span class='ocrx_word' id='word_1_413' title='bbox 1712 924 1754 952; x_wconf 89' lang='lat' dir='ltr'>in-</span> 
     </span>
    </p>
   </div>
   <div class='ocr_carea' id='block_1_57' title="bbox 923 967 1753 1005">
    <p class='ocr_par' dir='ltr' id='par_1_57' title="bbox 923 967 1753 1005">
     <span class='ocr_line' id='line_1_57' title="bbox 923 967 1753 1005; baseline 0.002 -11"><span class='ocrx_word' id='word_1_414' title='bbox 923 967 1134 1002; x_wconf 88' lang='lat' dir='ltr'>dignabimini,</span> <span class='ocrx_word' id='word_1_415' title='bbox 1147 975 1201 995; x_wconf 89' lang='lat' dir='ltr'>nec</span> <span class='ocrx_word' id='word_1_416' title='bbox 1211 967 1376 1003; x_wconf 88' lang='lat' dir='ltr'>perferetis.</span> <span class='ocrx_word' id='word_1_417' title='bbox 1389 969 1425 996; x_wconf 92' lang='lat' dir='ltr'>Te</span> <span class='ocrx_word' id='word_1_418' title='bbox 1437 976 1506 996; x_wconf 90' lang='lat' dir='ltr'>vero</span> <span class='ocrx_word' id='word_1_419' title='bbox 1518 971 1621 996; x_wconf 90' lang='lat' dir='ltr'>contra</span> <span class='ocrx_word' id='word_1_420' title='bbox 1632 976 1753 1005; x_wconf 65' lang='lat' dir='ltr'>{equum</span> 
     </span>
    </p>
   </div>
   <div class='ocr_carea' id='block_1_58' title="bbox 923 1013 1754 1050">
    <p class='ocr_par' dir='ltr' id='par_1_58' title="bbox 923 1013 1754 1050">
     <span class='ocr_line' id='line_1_58' title="bbox 923 1013 1754 1050; baseline 0.001 -10"><span class='ocrx_word' id='word_1_421' title='bbox 923 1015 967 1041; x_wconf 92' lang='lat' dir='ltr'>est</span> <span class='ocrx_word' id='word_1_422' title='bbox 986 1015 1071 1041; x_wconf 87' lang='lat' dir='ltr'>tuam</span> <span class='ocrx_word' id='word_1_423' title='bbox 1094 1020 1197 1041; x_wconf 89' lang='lat' dir='ltr'>vocem</span> <span class='ocrx_word' id='word_1_424' title='bbox 1221 1013 1261 1040; x_wconf 84' lang='lat' dir='ltr'>ad</span> <span class='ocrx_word' id='word_1_425' title='bbox 1276 1021 1397 1040; x_wconf 89' lang='lat' dir='ltr'>omnem</span> <span class='ocrx_word' id='word_1_426' title='bbox 1413 1013 1603 1041; x_wconf 86' lang='lat' dir='ltr'>occasionem</span> <span class='ocrx_word' id='word_1_427' title='bbox 1622 1014 1754 1050; x_wconf 90' lang='lat' dir='ltr'>promul-</span> 
     </span>
    </p>
   </div>
   <div class='ocr_carea' id='block_1_59' title="bbox 924 1057 1751 1094">
    <p class='ocr_par' dir='ltr' id='par_1_59' title="bbox 924 1057 1751 1094">
     <span class='ocr_line' id='line_1_59' title="bbox 924 1057 1751 1094; baseline 0 -8"><span class='ocrx_word' id='word_1_428' title='bbox 924 1065 1005 1093; x_wconf 82' lang='lat' dir='ltr'>gare,</span> <span class='ocrx_word' id='word_1_429' title='bbox 1017 1065 1087 1085; x_wconf 89' lang='lat' dir='ltr'>cum</span> <span class='ocrx_word' id='word_1_430' title='bbox 1104 1057 1145 1085; x_wconf 86' lang='lat' dir='ltr'>sis</span> <span class='ocrx_word' id='word_1_431' title='bbox 1159 1057 1291 1085; x_wconf 80' lang='lat' dir='ltr'>maxime</span> <span class='ocrx_word' id='word_1_432' title='bbox 1308 1058 1445 1085; x_wconf 89' lang='lat' dir='ltr'>omnium</span> <span class='ocrx_word' id='word_1_433' title='bbox 1461 1066 1538 1094; x_wconf 90' lang='lat' dir='ltr'>quos</span> <span class='ocrx_word' id='word_1_434' title='bbox 1554 1058 1625 1086; x_wconf 91' lang='lat' dir='ltr'>novi</span> <span class='ocrx_word' id='word_1_435' title='bbox 1636 1059 1751 1086; x_wconf 71' lang='lat' dir='ltr'>Graeco-</span> 
     </span>
    </p>
   </div>
   <div class='ocr_carea' id='block_1_60' title="bbox 923 1102 1753 1139">
    <p class='ocr_par' dir='ltr' id='par_1_60' title="bbox 923 1102 1753 1139">
     <span class='ocr_line' id='line_1_60' title="bbox 923 1102 1753 1139; baseline 0 -9"><span class='ocrx_word' id='word_1_436' title='bbox 923 1110 990 1130; x_wconf 88' lang='lat' dir='ltr'>rum</span> <span class='ocrx_word' id='word_1_437' title='bbox 1003 1102 1042 1130; x_wconf 88' lang='lat' dir='ltr'>ad</span> <span class='ocrx_word' id='word_1_438' title='bbox 1053 1102 1216 1130; x_wconf 87' lang='lat' dir='ltr'>dicendum</span> <span class='ocrx_word' id='word_1_439' title='bbox 1226 1102 1365 1130; x_wconf 90' lang='lat' dir='ltr'>idoneus:</span> <span class='ocrx_word' id='word_1_440' title='bbox 1379 1102 1449 1130; x_wconf 91' lang='lat' dir='ltr'>novi</span> <span class='ocrx_word' id='word_1_441' title='bbox 1460 1102 1552 1136; x_wconf 85' lang='lat' dir='ltr'>enim,</span> <span class='ocrx_word' id='word_1_442' title='bbox 1564 1104 1597 1130; x_wconf 92' lang='lat' dir='ltr'>ut</span> <span class='ocrx_word' id='word_1_443' title='bbox 1607 1104 1689 1139; x_wconf 87' lang='lat' dir='ltr'>puto,</span> <span class='ocrx_word' id='word_1_444' title='bbox 1700 1102 1753 1138; x_wconf 91' lang='lat' dir='ltr'>qui</span> 
     </span>
    </p>
   </div>
   <div class='ocr_carea' id='block_1_61' title="bbox 923 1146 1752 1182">
    <p class='ocr_par' dir='ltr' id='par_1_61' title="bbox 923 1146 1752 1182">
     <span class='ocr_line' id='line_1_61' title="bbox 923 1146 1752 1182; baseline 0 -8"><span class='ocrx_word' id='word_1_445' title='bbox 923 1147 998 1175; x_wconf 91' lang='lat' dir='ltr'>inter</span> <span class='ocrx_word' id='word_1_446' title='bbox 1009 1155 1062 1174; x_wconf 85' lang='lat' dir='ltr'>vos</span> <span class='ocrx_word' id='word_1_447' title='bbox 1077 1149 1146 1174; x_wconf 86' lang='lat' dir='ltr'>sunt</span> <span class='ocrx_word' id='word_1_448' title='bbox 1161 1146 1360 1174; x_wconf 86' lang='lat' dir='ltr'>celeberrimi:</span> <span class='ocrx_word' id='word_1_449' title='bbox 1386 1155 1480 1182; x_wconf 86' lang='lat' dir='ltr'>quare</span> <span class='ocrx_word' id='word_1_450' title='bbox 1495 1147 1578 1175; x_wconf 90' lang='lat' dir='ltr'>nulla</span> <span class='ocrx_word' id='word_1_451' title='bbox 1598 1147 1752 1175; x_wconf 83' lang='lat' dir='ltr'>excusatio</span> 
     </span>
    </p>
   </div>
   <div class='ocr_carea' id='block_1_62' title="bbox 924 1192 1753 1228">
    <p class='ocr_par' dir='ltr' id='par_1_62' title="bbox 924 1192 1753 1228">
     <span class='ocr_line' id='line_1_62' title="bbox 924 1192 1753 1228; baseline 0 -8"><span class='ocrx_word' id='word_1_452' title='bbox 924 1193 1042 1221; x_wconf 85' lang='lat' dir='ltr'>tacenti.</span> <span class='ocrx_word' id='word_1_453' title='bbox 1059 1194 1156 1228; x_wconf 74' lang='lat' dir='ltr'>Atque</span> <span class='ocrx_word' id='word_1_454' title='bbox 1170 1192 1234 1220; x_wconf 72' lang='lat' dir='ltr'>haec</span> <span class='ocrx_word' id='word_1_455' title='bbox 1249 1192 1372 1228; x_wconf 88' lang='lat' dir='ltr'>quidem</span> <span class='ocrx_word' id='word_1_456' title='bbox 1393 1192 1550 1220; x_wconf 86' lang='lat' dir='ltr'>hactenus.</span> <span class='ocrx_word' id='word_1_457' title='bbox 1575 1192 1636 1220; x_wconf 84' lang='lat' dir='ltr'>Misi</span> <span class='ocrx_word' id='word_1_458' title='bbox 1651 1194 1753 1220; x_wconf 88' lang='lat' dir='ltr'>autem</span> 
     </span>
    </p>
   </div>
   <div class='ocr_carea' id='block_1_63' title="bbox 923 1236 1753 1273">
    <p class='ocr_par' dir='ltr' id='par_1_63' title="bbox 923 1236 1753 1273">
     <span class='ocr_line' id='line_1_63' title="bbox 923 1236 1753 1273; baseline 0 -9"><span class='ocrx_word' id='word_1_459' title='bbox 923 1239 952 1265; x_wconf 89' lang='lat' dir='ltr'>et</span> <span class='ocrx_word' id='word_1_460' title='bbox 961 1237 1072 1272; x_wconf 89' lang='lat' dir='ltr'>scripta</span> <span class='ocrx_word' id='word_1_461' title='bbox 1080 1236 1225 1264; x_wconf 87' lang='lat' dir='ltr'>adversus</span> <span class='ocrx_word' id='word_1_462' title='bbox 1238 1236 1428 1268; x_wconf 84' lang='lat' dir='ltr'>Eunomium,</span> <span class='ocrx_word' id='word_1_463' title='bbox 1437 1245 1505 1273; x_wconf 67' lang='lat' dir='ltr'>quae</span> <span class='ocrx_word' id='word_1_464' title='bbox 1515 1236 1639 1272; x_wconf 88' lang='lat' dir='ltr'>quidem</span> <span class='ocrx_word' id='word_1_465' title='bbox 1652 1238 1753 1264; x_wconf 75' lang='lat' dir='ltr'>utrum</span> 
     </span>
    </p>
   </div>
   <div class='ocr_carea' id='block_1_64' title="bbox 922 1281 1754 1317">
    <p class='ocr_par' dir='ltr' id='par_1_64' title="bbox 922 1281 1754 1317">
     <span class='ocr_line' id='line_1_64' title="bbox 922 1281 1754 1317; baseline 0 -7"><span class='ocrx_word' id='word_1_466' title='bbox 922 1282 1007 1310; x_wconf 89' lang='lat' dir='ltr'>lusus</span> <span class='ocrx_word' id='word_1_467' title='bbox 1029 1281 1159 1309; x_wconf 88' lang='lat' dir='ltr'>dicenda</span> <span class='ocrx_word' id='word_1_468' title='bbox 1177 1281 1246 1314; x_wconf 87' lang='lat' dir='ltr'>sint,</span> <span class='ocrx_word' id='word_1_469' title='bbox 1272 1289 1310 1309; x_wconf 85' lang='lat' dir='ltr'>an</span> <span class='ocrx_word' id='word_1_470' title='bbox 1331 1281 1403 1309; x_wconf 89' lang='lat' dir='ltr'>lusu</span> <span class='ocrx_word' id='word_1_471' title='bbox 1422 1281 1514 1317; x_wconf 91' lang='lat' dir='ltr'>paulo</span> <span class='ocrx_word' id='word_1_472' title='bbox 1535 1282 1685 1316; x_wconf 82' lang='lat' dir='ltr'>graviora.</span> <span class='ocrx_word' id='word_1_473' title='bbox 1701 1281 1754 1310; x_wconf 88' lang='lat' dir='ltr'>tibi</span> 
     </span>
    </p>
   </div>
   <div class='ocr_carea' id='block_1_65' title="bbox 921 1325 1753 1362">
    <p class='ocr_par' dir='ltr' id='par_1_65' title="bbox 921 1325 1753 1362">
     <span class='ocr_line' id='line_1_65' title="bbox 921 1325 1753 1362; baseline 0 -9"><span class='ocrx_word' id='word_1_474' title='bbox 921 1326 980 1362; x_wconf 88' lang='lat' dir='ltr'>ipsi</span> <span class='ocrx_word' id='word_1_475' title='bbox 988 1325 1132 1360; x_wconf 87' lang='lat' dir='ltr'>judicand</span> <span class='ocrx_word' id='word_1_476' title='bbox 1139 1334 1189 1353; x_wconf 90' lang='lat' dir='ltr'>um</span> <span class='ocrx_word' id='word_1_477' title='bbox 1200 1326 1348 1362; x_wconf 87' lang='lat' dir='ltr'>relinquo:</span> <span class='ocrx_word' id='word_1_478' title='bbox 1357 1325 1408 1361; x_wconf 90' lang='lat' dir='ltr'>qui</span> <span class='ocrx_word' id='word_1_479' title='bbox 1419 1325 1502 1362; x_wconf 92' lang='lat' dir='ltr'>quod</span> <span class='ocrx_word' id='word_1_480' title='bbox 1514 1326 1616 1353; x_wconf 84' lang='lat' dir='ltr'>attinet</span> <span class='ocrx_word' id='word_1_481' title='bbox 1628 1325 1753 1361; x_wconf 88' lang='lat' dir='ltr'>quidem</span> 
     </span>
    </p>
   </div>
   <div class='ocr_carea' id='block_1_66' title="bbox 922 1369 1752 1406">
    <p class='ocr_par' dir='ltr' id='par_1_66' title="bbox 922 1369 1752 1406">
     <span class='ocr_line' id='line_1_66' title="bbox 922 1369 1752 1406; baseline 0 -8"><span class='ocrx_word' id='word_1_482' title='bbox 922 1369 961 1398; x_wconf 79' lang='lat' dir='ltr'>ad</span> <span class='ocrx_word' id='word_1_483' title='bbox 973 1372 1054 1397; x_wconf 88' lang='lat' dir='ltr'>tuam</span> <span class='ocrx_word' id='word_1_484' title='bbox 1064 1369 1162 1405; x_wconf 88' lang='lat' dir='ltr'>ipsius</span> <span class='ocrx_word' id='word_1_485' title='bbox 1172 1378 1345 1406; x_wconf 84' lang='lat' dir='ltr'>personam,</span> <span class='ocrx_word' id='word_1_486' title='bbox 1356 1370 1537 1406; x_wconf 86' lang='lat' dir='ltr'>his,opincr,</span> <span class='ocrx_word' id='word_1_487' title='bbox 1546 1371 1605 1406; x_wconf 81' lang='lat'>98</span> <span class='ocrx_word' id='word_1_488' title='bbox 1617 1378 1677 1398; x_wconf 87' lang='lat' dir='ltr'>non</span> <span class='ocrx_word' id='word_1_489' title='bbox 1690 1378 1752 1398; x_wconf 87' lang='lat' dir='ltr'>am-</span> 
     </span>
    </p>
   </div>
   <div class='ocr_carea' id='block_1_67' title="bbox 922 1413 1751 1451">
    <p class='ocr_par' dir='ltr' id='par_1_67' title="bbox 922 1413 1751 1451">
     <span class='ocr_line' id='line_1_67' title="bbox 922 1413 1751 1451; baseline 0.001 -10"><span class='ocrx_word' id='word_1_490' title='bbox 922 1413 1001 1450; x_wconf 89' lang='lat' dir='ltr'>plius</span> <span class='ocrx_word' id='word_1_491' title='bbox 1016 1414 1148 1448; x_wconf 82' lang='lat' dir='ltr'>indiges:</span> <span class='ocrx_word' id='word_1_492' title='bbox 1167 1414 1220 1441; x_wconf 88' lang='lat' dir='ltr'>sed</span> <span class='ocrx_word' id='word_1_493' title='bbox 1232 1414 1375 1442; x_wconf 87' lang='lat' dir='ltr'>adversus</span> <span class='ocrx_word' id='word_1_494' title='bbox 1387 1422 1557 1450; x_wconf 87' lang='lat' dir='ltr'>perversos,</span> <span class='ocrx_word' id='word_1_495' title='bbox 1571 1415 1600 1442; x_wconf 91' lang='lat' dir='ltr'>in</span> <span class='ocrx_word' id='word_1_496' title='bbox 1616 1422 1694 1451; x_wconf 90' lang='lat' dir='ltr'>quos</span> <span class='ocrx_word' id='word_1_497' title='bbox 1708 1414 1751 1442; x_wconf 90' lang='lat' dir='ltr'>iu-</span> 
     </span>
    </p>
   </div>
   <div class='ocr_carea' id='block_1_68' title="bbox 921 1458 1747 1494">
    <p class='ocr_par' dir='ltr' id='par_1_68' title="bbox 921 1458 1747 1494">
     <span class='ocr_line' id='line_1_68' title="bbox 921 1458 1747 1494; baseline 0.001 -9"><span class='ocrx_word' id='word_1_498' title='bbox 921 1458 1038 1491; x_wconf 90' lang='lat' dir='ltr'>cideris,</span> <span class='ocrx_word' id='word_1_499' title='bbox 1055 1458 1147 1486; x_wconf 90' lang='lat' dir='ltr'>telum</span> <span class='ocrx_word' id='word_1_500' title='bbox 1164 1458 1216 1486; x_wconf 86' lang='lat' dir='ltr'>tibi</span> <span class='ocrx_word' id='word_1_501' title='bbox 1232 1466 1293 1486; x_wconf 88' lang='lat' dir='ltr'>non</span> <span class='ocrx_word' id='word_1_502' title='bbox 1309 1458 1463 1486; x_wconf 87' lang='lat' dir='ltr'>inﬁrmum</span> <span class='ocrx_word' id='word_1_503' title='bbox 1486 1458 1620 1486; x_wconf 88' lang='lat' dir='ltr'>futurum</span> <span class='ocrx_word' id='word_1_504' title='bbox 1641 1466 1747 1494; x_wconf 88' lang='lat' dir='ltr'>spero:</span> 
     </span>
    </p>
   </div>
   <div class='ocr_carea' id='block_1_69' title="bbox 921 1502 1751 1539">
    <p class='ocr_par' dir='ltr' id='par_1_69' title="bbox 921 1502 1751 1539">
     <span class='ocr_line' id='line_1_69' title="bbox 921 1502 1751 1539; baseline -0.001 -9"><span class='ocrx_word' id='word_1_505' title='bbox 921 1510 983 1530; x_wconf 92' lang='lat' dir='ltr'>non</span> <span class='ocrx_word' id='word_1_506' title='bbox 1002 1502 1084 1538; x_wconf 92' lang='lat' dir='ltr'>quod</span> <span class='ocrx_word' id='word_1_507' title='bbox 1099 1503 1141 1530; x_wconf 90' lang='lat' dir='ltr'>ita</span> <span class='ocrx_word' id='word_1_508' title='bbox 1156 1502 1284 1530; x_wconf 87' lang='lat' dir='ltr'>multum</span> <span class='ocrx_word' id='word_1_509' title='bbox 1301 1503 1402 1539; x_wconf 90' lang='lat' dir='ltr'>scripti</span> <span class='ocrx_word' id='word_1_510' title='bbox 1416 1502 1524 1531; x_wconf 88' lang='lat' dir='ltr'>robore</span> <span class='ocrx_word' id='word_1_511' title='bbox 1549 1502 1751 1535; x_wconf 86' lang='lat' dir='ltr'>conﬁdamus,</span> 
     </span>
    </p>
   </div>
   <div class='ocr_carea' id='block_1_70' title="bbox 923 1547 1752 1584">
    <p class='ocr_par' dir='ltr' id='par_1_70' title="bbox 923 1547 1752 1584">
     <span class='ocr_line' id='line_1_70' title="bbox 923 1547 1752 1584; baseline 0.001 -9"><span class='ocrx_word' id='word_1_512' title='bbox 923 1547 976 1575; x_wconf 87' lang='lat' dir='ltr'>sed</span> <span class='ocrx_word' id='word_1_513' title='bbox 988 1547 1071 1584; x_wconf 90' lang='lat' dir='ltr'>quod</span> <span class='ocrx_word' id='word_1_514' title='bbox 1087 1547 1182 1583; x_wconf 87' lang='lat' dir='ltr'>probe</span> <span class='ocrx_word' id='word_1_515' title='bbox 1205 1548 1336 1576; x_wconf 84' lang='lat' dir='ltr'>sciamus</span> <span class='ocrx_word' id='word_1_516' title='bbox 1356 1548 1500 1576; x_wconf 88' lang='lat' dir='ltr'>idoneum</span> <span class='ocrx_word' id='word_1_517' title='bbox 1515 1550 1543 1576; x_wconf 88' lang='lat' dir='ltr'>te</span> <span class='ocrx_word' id='word_1_518' title='bbox 1558 1555 1633 1581; x_wconf 86' lang='lat' dir='ltr'>esse,</span> <span class='ocrx_word' id='word_1_519' title='bbox 1650 1547 1702 1584; x_wconf 90' lang='lat' dir='ltr'>qui</span> <span class='ocrx_word' id='word_1_520' title='bbox 1716 1556 1752 1576; x_wconf 81' lang='lat' dir='ltr'>ex</span> 
     </span>
    </p>
   </div>
   <div class='ocr_carea' id='block_1_71' title="bbox 923 1592 1752 1629">
    <p class='ocr_par' dir='ltr' id='par_1_71' title="bbox 923 1592 1752 1629">
     <span class='ocr_line' id='line_1_71' title="bbox 923 1592 1752 1629; baseline 0 -9"><span class='ocrx_word' id='word_1_521' title='bbox 923 1593 1027 1629; x_wconf 86' lang='lat' dir='ltr'>paucis</span> <span class='ocrx_word' id='word_1_522' title='bbox 1044 1593 1230 1627; x_wconf 83' lang='lat' dir='ltr'>argumentis</span> <span class='ocrx_word' id='word_1_523' title='bbox 1253 1593 1347 1621; x_wconf 84' lang='lat' dir='ltr'>multa</span> <span class='ocrx_word' id='word_1_524' title='bbox 1369 1593 1516 1621; x_wconf 86' lang='lat' dir='ltr'>invenias.</span> <span class='ocrx_word' id='word_1_525' title='bbox 1533 1593 1620 1625; x_wconf 86' lang='lat' dir='ltr'>Quod</span> <span class='ocrx_word' id='word_1_526' title='bbox 1640 1593 1664 1620; x_wconf 90' lang='lat' dir='ltr'>si</span> <span class='ocrx_word' id='word_1_527' title='bbox 1677 1592 1752 1629; x_wconf 92' lang='lat' dir='ltr'>quid</span> 
     </span>
    </p>
   </div>
   <div class='ocr_carea' id='block_1_72' title="bbox 922 1636 1753 1673">
    <p class='ocr_par' dir='ltr' id='par_1_72' title="bbox 922 1636 1753 1673">
     <span class='ocr_line' id='line_1_72' title="bbox 922 1636 1753 1673; baseline 0 -9"><span class='ocrx_word' id='word_1_528' title='bbox 922 1637 975 1665; x_wconf 89' lang='lat' dir='ltr'>tibi</span> <span class='ocrx_word' id='word_1_529' title='bbox 991 1636 1153 1671; x_wconf 89' lang='lat' dir='ltr'>inﬁrmius,</span> <span class='ocrx_word' id='word_1_530' title='bbox 1169 1645 1263 1673; x_wconf 91' lang='lat' dir='ltr'>quam</span> <span class='ocrx_word' id='word_1_531' title='bbox 1276 1645 1343 1665; x_wconf 91' lang='lat' dir='ltr'>esse</span> <span class='ocrx_word' id='word_1_532' title='bbox 1356 1636 1526 1673; x_wconf 84' lang='lat' dir='ltr'>oportebat,</span> <span class='ocrx_word' id='word_1_533' title='bbox 1537 1636 1696 1672; x_wconf 84' lang='lat' dir='ltr'>videbitur,</span> <span class='ocrx_word' id='word_1_534' title='bbox 1709 1644 1753 1665; x_wconf 89' lang='lat' dir='ltr'>re-</span> 
     </span>
    </p>
   </div>
   <div class='ocr_carea' id='block_1_73' title="bbox 923 1681 1752 1717">
    <p class='ocr_par' dir='ltr' id='par_1_73' title="bbox 923 1681 1752 1717">
     <span class='ocr_line' id='line_1_73' title="bbox 923 1681 1752 1717; baseline 0.001 -9"><span class='ocrx_word' id='word_1_535' title='bbox 923 1681 1070 1716; x_wconf 82' lang='lat' dir='ltr'>darguere</span> <span class='ocrx_word' id='word_1_536' title='bbox 1086 1689 1123 1709; x_wconf 81' lang='lat' dir='ltr'>ne</span> <span class='ocrx_word' id='word_1_537' title='bbox 1147 1681 1282 1717; x_wconf 85' lang='lat' dir='ltr'>pigreris.</span> <span class='ocrx_word' id='word_1_538' title='bbox 1300 1683 1359 1709; x_wconf 90' lang='lat' dir='ltr'>Hoc</span> <span class='ocrx_word' id='word_1_539' title='bbox 1374 1682 1454 1709; x_wconf 91' lang='lat' dir='ltr'>enim</span> <span class='ocrx_word' id='word_1_540' title='bbox 1468 1681 1660 1717; x_wconf 87' lang='lat' dir='ltr'>potissimum</span> <span class='ocrx_word' id='word_1_541' title='bbox 1676 1681 1752 1710; x_wconf 86' lang='lat' dir='ltr'>ami-</span> 
     </span>
    </p>
   </div>
   <div class='ocr_carea' id='block_1_74' title="bbox 923 1725 1752 1762">
    <p class='ocr_par' dir='ltr' id='par_1_74' title="bbox 923 1725 1752 1762">
     <span class='ocr_line' id='line_1_74' title="bbox 923 1725 1752 1762; baseline 0.001 -10"><span class='ocrx_word' id='word_1_542' title='bbox 923 1734 977 1753; x_wconf 88' lang='lat' dir='ltr'>cus</span> <span class='ocrx_word' id='word_1_543' title='bbox 997 1725 1037 1753; x_wconf 89' lang='lat' dir='ltr'>ab</span> <span class='ocrx_word' id='word_1_544' title='bbox 1051 1725 1205 1754; x_wconf 87' lang='lat' dir='ltr'>adulatore</span> <span class='ocrx_word' id='word_1_545' title='bbox 1220 1725 1329 1758; x_wconf 79' lang='lat' dir='ltr'>diﬂert,</span> <span class='ocrx_word' id='word_1_546' title='bbox 1345 1725 1429 1762; x_wconf 89' lang='lat' dir='ltr'>quod</span> <span class='ocrx_word' id='word_1_547' title='bbox 1443 1726 1491 1754; x_wconf 90' lang='lat' dir='ltr'>hic</span> <span class='ocrx_word' id='word_1_548' title='bbox 1507 1725 1630 1762; x_wconf 90' lang='lat' dir='ltr'>quidem</span> <span class='ocrx_word' id='word_1_549' title='bbox 1646 1725 1686 1754; x_wconf 90' lang='lat' dir='ltr'>ad</span> <span class='ocrx_word' id='word_1_550' title='bbox 1700 1725 1752 1753; x_wconf 90' lang='lat' dir='ltr'>de-</span> 
     </span>
    </p>
   </div>
   <div class='ocr_carea' id='block_1_75' title="bbox 922 1770 1753 1806">
    <p class='ocr_par' dir='ltr' id='par_1_75' title="bbox 922 1770 1753 1806">
     <span class='ocr_line' id='line_1_75' title="bbox 922 1770 1753 1806; baseline 0 -8"><span class='ocrx_word' id='word_1_551' title='bbox 922 1770 1113 1798; x_wconf 87' lang='lat' dir='ltr'>lectationem</span> <span class='ocrx_word' id='word_1_552' title='bbox 1128 1770 1272 1806; x_wconf 87' lang='lat' dir='ltr'>loquitur,</span> <span class='ocrx_word' id='word_1_553' title='bbox 1285 1770 1332 1798; x_wconf 90' lang='lat' dir='ltr'>ille</span> <span class='ocrx_word' id='word_1_554' title='bbox 1348 1778 1420 1798; x_wconf 89' lang='lat' dir='ltr'>vero</span> <span class='ocrx_word' id='word_1_555' title='bbox 1435 1778 1472 1798; x_wconf 88' lang='lat' dir='ltr'>ne</span> <span class='ocrx_word' id='word_1_556' title='bbox 1488 1770 1614 1799; x_wconf 85' lang='lat' dir='ltr'>molesta</span> <span class='ocrx_word' id='word_1_557' title='bbox 1628 1770 1753 1806; x_wconf 88' lang='lat' dir='ltr'>quidem</span> 
     </span>
    </p>
   </div>
   <div class='ocr_carea' id='block_1_76' title="bbox 922 1814 1130 1851">
    <p class='ocr_par' dir='ltr' id='par_1_76' title="bbox 922 1814 1130 1851">
     <span class='ocr_line' id='line_1_76' title="bbox 922 1814 1130 1851; baseline -0.005 -8"><span class='ocrx_word' id='word_1_558' title='bbox 922 1814 1130 1851; x_wconf 64' lang='lat' dir='ltr'>praetermittit.</span> 
     </span>
    </p>
   </div>
   <div class='ocr_carea' id='block_1_77' title="bbox 1197 1864 1473 1892">
    <p class='ocr_par' dir='ltr' id='par_1_77' title="bbox 1197 1864 1473 1892">
     <span class='ocr_line' id='line_1_77' title="bbox 1197 1864 1473 1892; baseline -0.007 0"><span class='ocrx_word' id='word_1_559' title='bbox 1197 1865 1363 1892; x_wconf 71' lang='lat' dir='ltr'>EPISTOLA</span> <span class='ocrx_word' id='word_1_560' title='bbox 1383 1864 1473 1891; x_wconf 80' lang='lat' dir='ltr'><strong>XXI&#39;.</strong></span> 
     </span>
    </p>
   </div>
   <div class='ocr_carea' id='block_1_78' title="bbox 62 1908 1754 1944">
    <p class='ocr_par' dir='ltr' id='par_1_78' title="bbox 62 1908 1754 1944">
     <span class='ocr_line' id='line_1_78' title="bbox 62 1908 1754 1944; baseline -0.001 -8"><span class='ocrx_word' id='word_1_561' title='bbox 62 1909 231 1936; x_wconf 81' lang='lat' dir='ltr'>Accusatus</span> <span class='ocrx_word' id='word_1_562' title='bbox 246 1909 277 1936; x_wconf 86' lang='lat' dir='ltr'>in</span> <span class='ocrx_word' id='word_1_563' title='bbox 289 1909 444 1943; x_wconf 81' lang='lat' dir='ltr'>superiore</span> <span class='ocrx_word' id='word_1_564' title='bbox 458 1909 584 1943; x_wconf 83' lang='lat' dir='ltr'>epistola</span> <span class='ocrx_word' id='word_1_565' title='bbox 601 1909 749 1942; x_wconf 80' lang='lat' dir='ltr'>Leontius,</span> <span class='ocrx_word' id='word_1_566' title='bbox 767 1909 847 1944; x_wconf 83' lang='lat' dir='ltr'>quod</span> <span class='ocrx_word' id='word_1_567' title='bbox 857 1917 917 1936; x_wconf 88' lang='lat' dir='ltr'>non</span> <span class='ocrx_word' id='word_1_568' title='bbox 932 1908 1085 1943; x_wconf 76' lang='lat' dir='ltr'>scriberet,</span> <span class='ocrx_word' id='word_1_569' title='bbox 1107 1908 1226 1936; x_wconf 76' lang='lat' dir='ltr'>videtur</span> <span class='ocrx_word' id='word_1_570' title='bbox 1240 1909 1272 1936; x_wconf 89' lang='lat' dir='ltr'>in</span> <span class='ocrx_word' id='word_1_571' title='bbox 1288 1909 1384 1943; x_wconf 80' lang='lat' dir='ltr'>ipsum</span> <span class='ocrx_word' id='word_1_572' title='bbox 1399 1909 1546 1937; x_wconf 79' lang='lat' dir='ltr'>Basiliam</span> <span class='ocrx_word' id='word_1_573' title='bbox 1559 1909 1671 1936; x_wconf 81' lang='lat' dir='ltr'>crimen</span> <span class='ocrx_word' id='word_1_574' title='bbox 1687 1915 1754 1936; x_wconf 86' lang='lat' dir='ltr'>con-</span> 
     </span>
    </p>
   </div>
   <div class='ocr_carea' id='block_1_79' title="bbox 98 1944 1754 1980">
    <p class='ocr_par' dir='ltr' id='par_1_79' title="bbox 98 1944 1754 1980">
     <span class='ocr_line' id='line_1_79' title="bbox 98 1944 1754 1980; baseline 0 -8"><span class='ocrx_word' id='word_1_575' title='bbox 98 1945 232 1978; x_wconf 73' lang='lat' dir='ltr'>vertisse,</span> <span class='ocrx_word' id='word_1_576' title='bbox 248 1947 274 1972; x_wconf 88' lang='lat' dir='ltr'>et</span> <span class='ocrx_word' id='word_1_577' title='bbox 288 1945 447 1972; x_wconf 82' lang='lat' dir='ltr'>Jutianum</span> <span class='ocrx_word' id='word_1_578' title='bbox 462 1952 621 1973; x_wconf 78' lang='lat' dir='ltr'>accusasse</span> <span class='ocrx_word' id='word_1_579' title='bbox 635 1945 716 1980; x_wconf 85' lang='lat' dir='ltr'>quod</span> <span class='ocrx_word' id='word_1_580' title='bbox 728 1945 845 1973; x_wconf 76' lang='lat' dir='ltr'>litteras</span> <span class='ocrx_word' id='word_1_581' title='bbox 863 1952 934 1973; x_wconf 86' lang='lat' dir='ltr'>suas</span> <span class='ocrx_word' id='word_1_582' title='bbox 950 1953 1010 1972; x_wconf 85' lang='lat' dir='ltr'>non</span> <span class='ocrx_word' id='word_1_583' title='bbox 1029 1944 1216 1973; x_wconf 68' lang='lat' dir='ltr'>reddidisset.</span> <span class='ocrx_word' id='word_1_584' title='bbox 1241 1945 1324 1973; x_wconf 81' lang='lat' dir='ltr'>Unde</span> <span class='ocrx_word' id='word_1_585' title='bbox 1342 1945 1514 1979; x_wconf 79' lang='lat' dir='ltr'>perurbane</span> <span class='ocrx_word' id='word_1_586' title='bbox 1528 1945 1665 1973; x_wconf 76' lang='lat' dir='ltr'>Basilius</span> <span class='ocrx_word' id='word_1_587' title='bbox 1678 1947 1705 1972; x_wconf 90' lang='lat' dir='ltr'>et</span> <span class='ocrx_word' id='word_1_588' title='bbox 1724 1951 1754 1972; x_wconf 89' lang='lat' dir='ltr'>se</span> 
     </span>
    </p>
   </div>
   <div class='ocr_carea' id='block_1_80' title="bbox 99 1980 474 2015">
    <p class='ocr_par' dir='ltr' id='par_1_80' title="bbox 99 1980 474 2015">
     <span class='ocr_line' id='line_1_80' title="bbox 99 1980 474 2015; baseline 0 -7"><span class='ocrx_word' id='word_1_589' title='bbox 99 1983 128 2008; x_wconf 82' lang='lat' dir='ltr'>et</span> <span class='ocrx_word' id='word_1_590' title='bbox 149 1980 311 2008; x_wconf 82' lang='lat' dir='ltr'>Jutianum</span> <span class='ocrx_word' id='word_1_591' title='bbox 326 1980 474 2015; x_wconf 78' lang='lat' dir='ltr'>defendit.</span> 
     </span>
    </p>
   </div>
   <div class='ocr_carea' id='block_1_81' title="bbox 341 2026 592 2061">
    <p class='ocr_par' dir='ltr' id='par_1_81' title="bbox 341 2026 592 2061">
     <span class='ocr_line' id='line_1_81' title="bbox 341 2026 592 2061; baseline 0 -11"><span class='ocrx_word' id='word_1_592' title='bbox 341 2026 454 2060; x_wconf 81' lang='grc' dir='ltr'>Λεοντίῳ</span> <span class='ocrx_word' id='word_1_593' title='bbox 466 2028 592 2061; x_wconf 71' lang='grc' dir='ltr'><strong>σοφιστῇ.</strong></span> 
     </span>
    </p>
   </div>
   <div class='ocr_carea' id='block_1_82' title="bbox 98 2069 666 2100">
    <p class='ocr_par' dir='ltr' id='par_1_82' title="bbox 98 2069 666 2100">
     <span class='ocr_line' id='line_1_82' title="bbox 98 2069 666 2100; baseline 0 -5"><span class='ocrx_word' id='word_1_594' title='bbox 98 2069 188 2096; x_wconf 81' lang='grc' dir='ltr'><strong>Ἐοικέ</strong></span> <span class='ocrx_word' id='word_1_595' title='bbox 218 2079 244 2095; x_wconf 83' lang='grc' dir='ltr'>τι</span> <span class='ocrx_word' id='word_1_596' title='bbox 276 2072 325 2099; x_wconf 80' lang='grc' dir='ltr'><strong>τῆς</strong></span> <span class='ocrx_word' id='word_1_597' title='bbox 356 2073 446 2100; x_wconf 81' lang='grc' dir='ltr'><strong>κοινῆς</strong></span> <span class='ocrx_word' id='word_1_598' title='bbox 478 2070 666 2100; x_wconf 75' lang='grc' dir='ltr'><strong>καταστάσεως</strong></span> 
     </span>
    </p>
   </div>
   <div class='ocr_carea' id='block_1_83' title="bbox 64 2113 867 2151">
    <p class='ocr_par' dir='ltr' id='par_1_83' title="bbox 64 2113 867 2151">
     <span class='ocr_line' id='line_1_83' title="bbox 64 2113 867 2151; baseline -0.001 -11"><span class='ocrx_word' id='word_1_599' title='bbox 64 2113 158 2140; x_wconf 71' lang='grc' dir='ltr'><strong>ἑαυτοῦ</strong></span> <span class='ocrx_word' id='word_1_600' title='bbox 184 2115 328 2151; x_wconf 79' lang='grc' dir='ltr'><strong>πράγματα</strong></span> <span class='ocrx_word' id='word_1_601' title='bbox 357 2114 370 2139; x_wconf 86' lang='grc' dir='ltr'><strong>ό</strong></span> <span class='ocrx_word' id='word_1_602' title='bbox 399 2115 521 2150; x_wconf 76' lang='grc' dir='ltr'><strong>χρηστὸς</strong></span> <span class='ocrx_word' id='word_1_603' title='bbox 553 2113 690 2144; x_wconf 81' lang='grc' dir='ltr'><strong>Ἰουλιανὸς</strong></span> <span class='ocrx_word' id='word_1_604' title='bbox 719 2113 867 2140; x_wconf 79' lang='grc' dir='ltr'><strong>ἀπολαύειν.</strong></span> 
     </span>
    </p>
   </div>
   <div class='ocr_carea' id='block_1_84' title="bbox 698 2068 869 2099">
    <p class='ocr_par' dir='ltr' id='par_1_84' title="bbox 698 2068 869 2099">
     <span class='ocr_line' id='line_1_84' title="bbox 698 2068 869 2099; baseline -0.006 -4"><span class='ocrx_word' id='word_1_605' title='bbox 698 2070 742 2095; x_wconf 82' lang='grc' dir='ltr'><strong>καὶ</strong></span> <span class='ocrx_word' id='word_1_606' title='bbox 775 2068 808 2099; x_wconf 82' lang='grc' dir='ltr'>εἰς</span> <span class='ocrx_word' id='word_1_607' title='bbox 836 2070 869 2094; x_wconf 80' lang='grc' dir='ltr'><strong>τὰ</strong></span> 
     </span>
    </p>
   </div>
   <div class='ocr_carea' id='block_1_85' title="bbox 63 2156 868 2195">
    <p class='ocr_par' dir='ltr' id='par_1_85' title="bbox 63 2156 868 2195">
     <span class='ocr_line' id='line_1_85' title="bbox 63 2156 868 2195; baseline -0.001 -10"><span class='ocrx_word' id='word_1_608' title='bbox 63 2158 226 2186; x_wconf 73' lang='grc' dir='ltr'><strong>Ἀταιτδίται</strong></span> <span class='ocrx_word' id='word_1_609' title='bbox 243 2159 293 2194; x_wconf 73' lang='grc' dir='ltr'><strong>γὰρ</strong></span> <span class='ocrx_word' id='word_1_610' title='bbox 318 2160 363 2184; x_wconf 82' lang='grc' dir='ltr'><strong>καὶ</strong></span> <span class='ocrx_word' id='word_1_611' title='bbox 385 2158 472 2192; x_wconf 71' lang='grc' dir='ltr'><strong>αὐτὸς,</strong></span> <span class='ocrx_word' id='word_1_612' title='bbox 496 2160 541 2184; x_wconf 81' lang='grc' dir='ltr'><strong>καὶ</strong></span> <span class='ocrx_word' id='word_1_613' title='bbox 567 2158 714 2194; x_wconf 76' lang='grc' dir='ltr'><strong>ἐγκαλεῖται</strong></span> <span class='ocrx_word' id='word_1_614' title='bbox 735 2156 868 2195; x_wconf 68' lang='grc' dir='ltr'>σφοδρῶς¹</span> 
     </span>
    </p>
   </div>
   <div class='ocr_carea' id='block_1_86' title="bbox 64 2201 868 2239">
    <p class='ocr_par' dir='ltr' id='par_1_86' title="bbox 64 2201 868 2239">
     <span class='ocr_line' id='line_1_86' title="bbox 64 2201 868 2239; baseline -0.001 -10"><span class='ocrx_word' id='word_1_615' title='bbox 64 2201 154 2232; x_wconf 71' lang='grc' dir='ltr'><strong>ἐπειδὴ</strong></span> <span class='ocrx_word' id='word_1_616' title='bbox 190 2203 275 2229; x_wconf 72' lang='grc' dir='ltr'><strong>πάντα</strong></span> <span class='ocrx_word' id='word_1_617' title='bbox 305 2206 349 2228; x_wconf 80' lang='grc' dir='ltr'><strong>νῦν</strong></span> <span class='ocrx_word' id='word_1_618' title='bbox 383 2202 579 2239; x_wconf 80' lang='grc' dir='ltr'><strong>ἀπαιτουμένων</strong></span> <span class='ocrx_word' id='word_1_619' title='bbox 607 2205 652 2228; x_wconf 78' lang='grc' dir='ltr'><strong>καὶ</strong></span> <span class='ocrx_word' id='word_1_620' title='bbox 677 2202 868 2239; x_wconf 77' lang='grc' dir='ltr'>ἐγκαλουμένων</span> 
     </span>
    </p>
   </div>
   <div class='ocr_carea' id='block_1_87' title="bbox 63 2246 870 2285">
    <p class='ocr_par' dir='ltr' id='par_1_87' title="bbox 63 2246 870 2285">
     <span class='ocr_line' id='line_1_87' title="bbox 63 2246 870 2285; baseline -0.015 -2"><span class='ocrx_word' id='word_1_621' title='bbox 63 2250 148 2283; x_wconf 72' lang='grc' dir='ltr'>γέμει-</span> <span class='ocrx_word' id='word_1_622' title='bbox 177 2247 245 2276; x_wconf 70' lang='grc' dir='ltr'><strong>Πλὴν</strong></span> <span class='ocrx_word' id='word_1_623' title='bbox 271 2248 332 2273; x_wconf 81' lang='grc' dir='ltr'><strong>ὅσον</strong></span> <span class='ocrx_word' id='word_1_624' title='bbox 361 2247 425 2283; x_wconf 71' lang='grc' dir='ltr'>οὐχὶ</span> <span class='ocrx_word' id='word_1_625' title='bbox 456 2247 582 2285; x_wconf 70' lang='grc' dir='ltr'><strong>εἰσφορῶν</strong></span> <span class='ocrx_word' id='word_1_626' title='bbox 614 2247 782 2284; x_wconf 51' lang='lat' dir='ltr'>{Alituum-ra,</span> <span class='ocrx_word' id='word_1_627' title='bbox 817 2246 870 2272; x_wconf 75' lang='grc' dir='ltr'><strong>ἀλλ’</strong></span> 
     </span>
    </p>
   </div>
   <div class='ocr_carea' id='block_1_88' title="bbox 64 2291 868 2327">
    <p class='ocr_par' dir='ltr' id='par_1_88' title="bbox 64 2291 868 2327">
     <span class='ocr_line' id='line_1_88' title="bbox 64 2291 868 2327; baseline -0.002 -8"><span class='ocrx_word' id='word_1_628' title='bbox 64 2291 219 2321; x_wconf 75' lang='grc' dir='ltr'><strong>ἐπιστολῶν.</strong></span> <span class='ocrx_word' id='word_1_629' title='bbox 254 2294 346 2318; x_wconf 80' lang='grc' dir='ltr'><strong>Καίτοι</strong></span> <span class='ocrx_word' id='word_1_630' title='bbox 382 2292 458 2318; x_wconf 84' lang='grc' dir='ltr'>πόθεν</span> <span class='ocrx_word' id='word_1_631' title='bbox 497 2293 551 2327; x_wconf 85' lang='grc'>(73)</span> <span class='ocrx_word' id='word_1_632' title='bbox 600 2291 668 2327; x_wconf 75' lang='grc' dir='ltr'><strong>αὐτῷ</strong></span> <span class='ocrx_word' id='word_1_633' title='bbox 702 2291 868 2327; x_wconf 67' lang='grc' dir='ltr'><strong>ἐλλέλειπται,</strong></span> 
     </span>
    </p>
   </div>
   <div class='ocr_carea' id='block_1_89' title="bbox 63 2334 866 2374">
    <p class='ocr_par' dir='ltr' id='par_1_89' title="bbox 63 2334 866 2374">
     <span class='ocr_line' id='line_1_89' title="bbox 63 2334 866 2374; baseline -0.001 -11"><span class='ocrx_word' id='word_1_634' title='bbox 63 2339 160 2373; x_wconf 78' lang='grc' dir='ltr'>ἀγνοῶ’</span> <span class='ocrx_word' id='word_1_635' title='bbox 186 2335 268 2363; x_wconf 77' lang='grc' dir='ltr'>ἔδωκε</span> <span class='ocrx_word' id='word_1_636' title='bbox 290 2339 340 2374; x_wconf 76' lang='grc' dir='ltr'>γὰρ</span> <span class='ocrx_word' id='word_1_637' title='bbox 365 2336 404 2363; x_wconf 79' lang='grc' dir='ltr'>ἀεὶ</span> <span class='ocrx_word' id='word_1_638' title='bbox 425 2336 574 2370; x_wconf 80' lang='grc' dir='ltr'><strong>ἐπιστολὴν,</strong></span> <span class='ocrx_word' id='word_1_639' title='bbox 595 2339 640 2366; x_wconf 80' lang='grc' dir='ltr'><strong>τὴν</strong></span> <span class='ocrx_word' id='word_1_640' title='bbox 661 2334 691 2363; x_wconf 73' lang='grc' dir='ltr'>δὲ</span> <span class='ocrx_word' id='word_1_641' title='bbox 713 2336 866 2373; x_wconf 80' lang='grc' dir='ltr'><strong>ίκομίσατο·</strong></span> 
     </span>
    </p>
   </div>
   <div class='ocr_carea' id='block_1_90' title="bbox 65 2381 867 2419">
    <p class='ocr_par' dir='ltr' id='par_1_90' title="bbox 65 2381 867 2419">
     <span class='ocr_line' id='line_1_90' title="bbox 65 2381 867 2419; baseline -0.001 -11"><span class='ocrx_word' id='word_1_642' title='bbox 65 2382 86 2408; x_wconf 74' lang='lat' dir='ltr'>si</span> <span class='ocrx_word' id='word_1_643' title='bbox 104 2384 142 2419; x_wconf 79' lang='grc' dir='ltr'><strong>μὴ</strong></span> <span class='ocrx_word' id='word_1_644' title='bbox 170 2384 197 2408; x_wconf 84' lang='grc' dir='ltr'>τί</span> <span class='ocrx_word' id='word_1_645' title='bbox 222 2391 272 2408; x_wconf 83' lang='grc' dir='ltr'><strong>που</strong></span> <span class='ocrx_word' id='word_1_646' title='bbox 294 2384 340 2408; x_wconf 79' lang='grc' dir='ltr'><strong>καὶ</strong></span> <span class='ocrx_word' id='word_1_647' title='bbox 364 2382 437 2419; x_wconf 77' lang='grc' dir='ltr'><strong>παρὰ</strong></span> <span class='ocrx_word' id='word_1_648' title='bbox 463 2384 505 2408; x_wconf 86' lang='grc' dir='ltr'>σοὶ</span> <span class='ocrx_word' id='word_1_649' title='bbox 528 2382 543 2410; x_wconf 85' lang='grc' dir='ltr'>ἡ</span> <span class='ocrx_word' id='word_1_650' title='bbox 567 2381 775 2419; x_wconf 81' lang='grc' dir='ltr'><strong>πολυθρύλλητος</strong></span> <span class='ocrx_word' id='word_1_651' title='bbox 801 2382 867 2411; x_wconf 72' lang='grc' dir='ltr'><strong>αὐτὴ</strong></span> 
     </span>
    </p>
   </div>
   <div class='ocr_carea' id='block_1_91' title="bbox 97 2481 869 2517">
    <p class='ocr_par' dir='ltr' id='par_1_91' title="bbox 97 2481 869 2517">
     <span class='ocr_line' id='line_1_91' title="bbox 97 2481 869 2517; baseline 0 -8"><span class='ocrx_word' id='word_1_652' title='bbox 97 2481 155 2517; x_wconf 88' lang='grc'>(68)</span> <span class='ocrx_word' id='word_1_653' title='bbox 174 2484 302 2517; x_wconf 75' lang='grc' dir='ltr'><strong>Σοφιστῇ.</strong></span> <span class='ocrx_word' id='word_1_654' title='bbox 321 2482 363 2517; x_wconf 82' lang='lat' dir='ltr'>Ita</span> <span class='ocrx_word' id='word_1_655' title='bbox 376 2483 490 2517; x_wconf 88' lang='lat' dir='ltr'>septem</span> <span class='ocrx_word' id='word_1_656' title='bbox 513 2489 585 2508; x_wconf 90' lang='lat' dir='ltr'>mss.</span> <span class='ocrx_word' id='word_1_657' title='bbox 612 2483 641 2509; x_wconf 87' lang='lat' dir='ltr'>et</span> <span class='ocrx_word' id='word_1_658' title='bbox 662 2481 752 2509; x_wconf 84' lang='lat' dir='ltr'>editio</span> <span class='ocrx_word' id='word_1_659' title='bbox 775 2482 869 2516; x_wconf 81' lang='lat' dir='ltr'>Haga-</span> 
     </span>
    </p>
   </div>
   <div class='ocr_carea' id='block_1_92' title="bbox 62 2516 868 2554">
    <p class='ocr_par' dir='ltr' id='par_1_92' title="bbox 62 2516 868 2554">
     <span class='ocr_line' id='line_1_92' title="bbox 62 2516 868 2554; baseline 0 -10"><span class='ocrx_word' id='word_1_660' title='bbox 62 2517 200 2554; x_wconf 80' lang='lat' dir='ltr'>noensis.</span> <span class='ocrx_word' id='word_1_661' title='bbox 217 2516 289 2554; x_wconf 65' lang='lat' dir='ltr'>Alite</span> <span class='ocrx_word' id='word_1_662' title='bbox 302 2516 447 2554; x_wconf 80' lang='lat' dir='ltr'>editiones</span> <span class='ocrx_word' id='word_1_663' title='bbox 466 2516 699 2554; x_wconf 26' lang='lat' dir='ltr'>coptarotirCum</span> <span class='ocrx_word' id='word_1_664' title='bbox 719 2519 822 2554; x_wconf 85' lang='lat' dir='ltr'>autem</span> <span class='ocrx_word' id='word_1_665' title='bbox 837 2517 868 2545; x_wconf 88' lang='lat' dir='ltr'>in</span> 
     </span>
    </p>
   </div>
   <div class='ocr_carea' id='block_1_93' title="bbox 62 2552 868 2590">
    <p class='ocr_par' dir='ltr' id='par_1_93' title="bbox 62 2552 868 2590">
     <span class='ocr_line' id='line_1_93' title="bbox 62 2552 868 2590; baseline -0.002 -10"><span class='ocrx_word' id='word_1_666' title='bbox 62 2553 209 2580; x_wconf 88' lang='lat' dir='ltr'>omnibus</span> <span class='ocrx_word' id='word_1_667' title='bbox 224 2552 379 2590; x_wconf 76' lang='lat' dir='ltr'>codicibus</span> <span class='ocrx_word' id='word_1_668' title='bbox 389 2560 464 2590; x_wconf 74' lang='lat' dir='ltr'>mss.</span> <span class='ocrx_word' id='word_1_669' title='bbox 474 2552 505 2580; x_wconf 78' lang='lat' dir='ltr'>et</span> <span class='ocrx_word' id='word_1_670' title='bbox 516 2552 726 2590; x_wconf 72' lang='lat' dir='ltr'>editislegatur</span> <span class='ocrx_word' id='word_1_671' title='bbox 737 2553 752 2582; x_wconf 79' lang='grc' dir='ltr'>ἡ</span> <span class='ocrx_word' id='word_1_672' title='bbox 765 2553 868 2590; x_wconf 20' lang='grc' dir='ltr'>τὸνγρά-</span> 
     </span>
    </p>
   </div>
   <div class='ocr_carea' id='block_1_94' title="bbox 62 2588 866 2624">
    <p class='ocr_par' dir='ltr' id='par_1_94' title="bbox 62 2588 866 2624">
     <span class='ocr_line' id='line_1_94' title="bbox 62 2588 866 2624; baseline 0.002 -10"><span class='ocrx_word' id='word_1_673' title='bbox 62 2598 127 2624; x_wconf 72' lang='grc' dir='ltr'><strong>φειν·</strong></span> <span class='ocrx_word' id='word_1_674' title='bbox 144 2596 211 2616; x_wconf 83' lang='lat' dir='ltr'>cum</span> <span class='ocrx_word' id='word_1_675' title='bbox 225 2588 344 2623; x_wconf 84' lang='lat' dir='ltr'>quidem</span> <span class='ocrx_word' id='word_1_676' title='bbox 365 2589 514 2624; x_wconf 72' lang='lat' dir='ltr'>negotium</span> <span class='ocrx_word' id='word_1_677' title='bbox 529 2589 650 2616; x_wconf 77' lang='lat' dir='ltr'>nullum</span> <span class='ocrx_word' id='word_1_678' title='bbox 663 2589 700 2616; x_wconf 86' lang='lat' dir='ltr'>sit</span> <span class='ocrx_word' id='word_1_679' title='bbox 713 2588 866 2623; x_wconf 64' lang='lat' dir='ltr'>sophista),</span> 
     </span>
    </p>
   </div>
   <div class='ocr_carea' id='block_1_95' title="bbox 62 2623 866 2659">
    <p class='ocr_par' dir='ltr' id='par_1_95' title="bbox 62 2623 866 2659">
     <span class='ocr_line' id='line_1_95' title="bbox 62 2623 866 2659; baseline -0.001 -7"><span class='ocrx_word' id='word_1_680' title='bbox 62 2623 164 2652; x_wconf 80' lang='lat' dir='ltr'>nisiut</span> <span class='ocrx_word' id='word_1_681' title='bbox 177 2624 301 2656; x_wconf 75' lang='lat' dir='ltr'>scribat;</span> <span class='ocrx_word' id='word_1_682' title='bbox 313 2623 386 2651; x_wconf 88' lang='lat' dir='ltr'>nihil</span> <span class='ocrx_word' id='word_1_683' title='bbox 396 2623 538 2659; x_wconf 87' lang='lat' dir='ltr'>equidem</span> <span class='ocrx_word' id='word_1_684' title='bbox 549 2624 578 2651; x_wconf 90' lang='lat' dir='ltr'>iu</span> <span class='ocrx_word' id='word_1_685' title='bbox 592 2627 733 2652; x_wconf 86' lang='lat' dir='ltr'>contextu</span> <span class='ocrx_word' id='word_1_686' title='bbox 740 2624 866 2652; x_wconf 88' lang='lat' dir='ltr'>mutavi.</span> 
     </span>
    </p>
   </div>
   <div class='ocr_carea' id='block_1_96' title="bbox 61 2659 867 2695">
    <p class='ocr_par' dir='ltr' id='par_1_96' title="bbox 61 2659 867 2695">
     <span class='ocr_line' id='line_1_96' title="bbox 61 2659 867 2695; baseline -0.001 -7"><span class='ocrx_word' id='word_1_687' title='bbox 61 2659 118 2688; x_wconf 89' lang='lat' dir='ltr'>Sed</span> <span class='ocrx_word' id='word_1_688' title='bbox 137 2663 251 2692; x_wconf 80' lang='lat' dir='ltr'>tamen,</span> <span class='ocrx_word' id='word_1_689' title='bbox 264 2659 338 2695; x_wconf 88' lang='lat' dir='ltr'>quia</span> <span class='ocrx_word' id='word_1_690' title='bbox 354 2663 469 2695; x_wconf 81' lang='lat' dir='ltr'>pugnat</span> <span class='ocrx_word' id='word_1_691' title='bbox 486 2660 546 2687; x_wconf 82' lang='lat' dir='ltr'>haec</span> <span class='ocrx_word' id='word_1_692' title='bbox 563 2661 710 2687; x_wconf 84' lang='lat' dir='ltr'>sententia</span> <span class='ocrx_word' id='word_1_693' title='bbox 730 2668 799 2687; x_wconf 87' lang='lat' dir='ltr'>cum</span> <span class='ocrx_word' id='word_1_694' title='bbox 820 2659 867 2687; x_wconf 88' lang='lat' dir='ltr'>his</span> 
     </span>
    </p>
   </div>
   <div class='ocr_carea' id='block_1_97' title="bbox 60 2694 867 2731">
    <p class='ocr_par' dir='ltr' id='par_1_97' title="bbox 60 2694 867 2731">
     <span class='ocr_line' id='line_1_97' title="bbox 60 2694 867 2731; baseline 0.002 -9"><span class='ocrx_word' id='word_1_695' title='bbox 60 2694 326 2731; x_wconf 11' lang='lat' dir='ltr'>qumpsequunlur,</span> <span class='ocrx_word' id='word_1_696' title='bbox 343 2694 390 2722; x_wconf 89' lang='lat' dir='ltr'>vel</span> <span class='ocrx_word' id='word_1_697' title='bbox 412 2694 575 2723; x_wconf 88' lang='lat' dir='ltr'>delendum</span> <span class='ocrx_word' id='word_1_698' title='bbox 592 2695 664 2722; x_wconf 89' lang='lat' dir='ltr'>illud</span> <span class='ocrx_word' id='word_1_699' title='bbox 680 2696 707 2729; x_wconf 79' lang='grc' dir='ltr'>ἢ,</span> <span class='ocrx_word' id='word_1_700' title='bbox 734 2695 779 2723; x_wconf 87' lang='lat' dir='ltr'>vel</span> <span class='ocrx_word' id='word_1_701' title='bbox 798 2695 867 2724; x_wconf 82' lang='lat' dir='ltr'>scri-</span> 
     </span>
    </p>
   </div>
   <div class='ocr_carea' id='block_1_98' title="bbox 61 2728 243 2766">
    <p class='ocr_par' dir='ltr' id='par_1_98' title="bbox 61 2728 243 2766">
     <span class='ocr_line' id='line_1_98' title="bbox 61 2728 243 2766; baseline -0.005 -7"><span class='ocrx_word' id='word_1_702' title='bbox 61 2728 201 2759; x_wconf 68' lang='lat' dir='ltr'>bendum</span> <span class='ocrx_word' id='word_1_703' title='bbox 216 2728 243 2766; x_wconf 77' lang='grc' dir='ltr'>ᾖ.</span> 
     </span>
    </p>
   </div>
   <div class='ocr_carea' id='block_1_99' title="bbox 97 2765 865 2799">
    <p class='ocr_par' dir='ltr' id='par_1_99' title="bbox 97 2765 865 2799">
     <span class='ocr_line' id='line_1_99' title="bbox 97 2765 865 2799; baseline 0.005 -9"><span class='ocrx_word' id='word_1_704' title='bbox 97 2769 156 2799; x_wconf 70' lang='grc'>(69)</span> <span class='ocrx_word' id='word_1_705' title='bbox 176 2768 212 2792; x_wconf 86' lang='grc' dir='ltr'>Τό</span> <span class='ocrx_word' id='word_1_706' title='bbox 220 2765 332 2791; x_wconf 67' lang='grc' dir='ltr'>⁷πυκνόν-</span> <span class='ocrx_word' id='word_1_707' title='bbox 350 2765 491 2798; x_wconf 79' lang='lat' dir='ltr'>Quamvis</span> <span class='ocrx_word' id='word_1_708' title='bbox 506 2774 567 2794; x_wconf 90' lang='lat' dir='ltr'>non</span> <span class='ocrx_word' id='word_1_709' title='bbox 583 2765 661 2794; x_wconf 88' lang='lat' dir='ltr'>male</span> <span class='ocrx_word' id='word_1_710' title='bbox 677 2765 707 2794; x_wconf 89' lang='lat' dir='ltr'>in</span> <span class='ocrx_word' id='word_1_711' title='bbox 724 2766 809 2794; x_wconf 88' lang='lat' dir='ltr'>editis</span> <span class='ocrx_word' id='word_1_712' title='bbox 823 2766 865 2794; x_wconf 88' lang='lat' dir='ltr'>le-</span> 
     </span>
    </p>
   </div>
   <div class='ocr_carea' id='block_1_100' title="bbox 61 2801 866 2838">
    <p class='ocr_par' dir='ltr' id='par_1_100' title="bbox 61 2801 866 2838">
     <span class='ocr_line' id='line_1_100' title="bbox 61 2801 866 2838; baseline 0 -8"><span class='ocrx_word' id='word_1_713' title='bbox 61 2804 150 2837; x_wconf 75' lang='lat' dir='ltr'>gatur</span> <span class='ocrx_word' id='word_1_714' title='bbox 161 2803 191 2828; x_wconf 83' lang='grc' dir='ltr'>τό</span> <span class='ocrx_word' id='word_1_715' title='bbox 200 2803 303 2838; x_wconf 71' lang='grc' dir='ltr'><strong>πικρὸν,</strong></span> <span class='ocrx_word' id='word_1_716' title='bbox 311 2802 447 2830; x_wconf 84' lang='lat' dir='ltr'>molestia</span> <span class='ocrx_word' id='word_1_717' title='bbox 458 2801 866 2837; x_wconf 71' lang='lat' dir='ltr'>occupationis,prmferenda</span> 
     </span>
    </p>
   </div>
   <div class='ocr_carea' id='block_1_101' title="bbox 1191 2024 1485 2059">
    <p class='ocr_par' dir='ltr' id='par_1_101' title="bbox 1191 2024 1485 2059">
     <span class='ocr_line' id='line_1_101' title="bbox 1191 2024 1485 2059; baseline 0 -7"><span class='ocrx_word' id='word_1_718' title='bbox 1191 2024 1313 2053; x_wconf 86' lang='lat' dir='ltr'>Leontio</span> <span class='ocrx_word' id='word_1_719' title='bbox 1334 2024 1485 2059; x_wconf 75' lang='lat' dir='ltr'>sophistae.</span> 
     </span>
    </p>
   </div>
   <div class='ocr_carea' id='block_1_102' title="bbox 958 2069 1755 2106">
    <p class='ocr_par' dir='ltr' id='par_1_102' title="bbox 958 2069 1755 2106">
     <span class='ocr_line' id='line_1_102' title="bbox 958 2069 1755 2106; baseline 0 -9"><span class='ocrx_word' id='word_1_720' title='bbox 958 2069 1078 2097; x_wconf 88' lang='lat' dir='ltr'>Videtur</span> <span class='ocrx_word' id='word_1_721' title='bbox 1094 2069 1206 2106; x_wconf 88' lang='lat' dir='ltr'>aliquid</span> <span class='ocrx_word' id='word_1_722' title='bbox 1222 2078 1257 2097; x_wconf 81' lang='lat' dir='ltr'>ex</span> <span class='ocrx_word' id='word_1_723' title='bbox 1271 2069 1425 2097; x_wconf 89' lang='lat' dir='ltr'>communi</span> <span class='ocrx_word' id='word_1_724' title='bbox 1436 2077 1537 2097; x_wconf 89' lang='lat' dir='ltr'>rerum</span> <span class='ocrx_word' id='word_1_725' title='bbox 1553 2071 1632 2097; x_wconf 86' lang='lat' dir='ltr'>statu</span> <span class='ocrx_word' id='word_1_726' title='bbox 1645 2069 1674 2097; x_wconf 88' lang='lat' dir='ltr'>in</span> <span class='ocrx_word' id='word_1_727' title='bbox 1687 2076 1755 2106; x_wconf 86' lang='lat' dir='ltr'>pro-</span> 
     </span>
    </p>
   </div>
   <div class='ocr_carea' id='block_1_103' title="bbox 923 2113 1755 2150">
    <p class='ocr_par' dir='ltr' id='par_1_103' title="bbox 923 2113 1755 2150">
     <span class='ocr_line' id='line_1_103' title="bbox 923 2113 1755 2150; baseline 0.001 -9"><span class='ocrx_word' id='word_1_728' title='bbox 923 2113 995 2150; x_wconf 88' lang='lat' dir='ltr'>priis</span> <span class='ocrx_word' id='word_1_729' title='bbox 1019 2114 1080 2142; x_wconf 86' lang='lat' dir='ltr'>suis</span> <span class='ocrx_word' id='word_1_730' title='bbox 1102 2114 1201 2142; x_wconf 85' lang='lat' dir='ltr'>bonus</span> <span class='ocrx_word' id='word_1_731' title='bbox 1222 2114 1358 2142; x_wconf 82' lang='lat' dir='ltr'>Julianus</span> <span class='ocrx_word' id='word_1_732' title='bbox 1382 2114 1548 2150; x_wconf 87' lang='lat' dir='ltr'>percipere.</span> <span class='ocrx_word' id='word_1_733' title='bbox 1579 2114 1755 2150; x_wconf 82' lang='lat' dir='ltr'>Reposcitur</span> 
     </span>
    </p>
   </div>
   <div class='ocr_carea' id='block_1_104' title="bbox 923 2158 1755 2195">
    <p class='ocr_par' dir='ltr' id='par_1_104' title="bbox 923 2158 1755 2195">
     <span class='ocr_line' id='line_1_104' title="bbox 923 2158 1755 2195; baseline 0.001 -9"><span class='ocrx_word' id='word_1_734' title='bbox 923 2158 1003 2186; x_wconf 88' lang='lat' dir='ltr'>enim</span> <span class='ocrx_word' id='word_1_735' title='bbox 1028 2160 1056 2187; x_wconf 89' lang='lat' dir='ltr'>et</span> <span class='ocrx_word' id='word_1_736' title='bbox 1079 2158 1154 2195; x_wconf 88' lang='lat' dir='ltr'>ipse,</span> <span class='ocrx_word' id='word_1_737' title='bbox 1184 2161 1211 2186; x_wconf 87' lang='lat' dir='ltr'>et</span> <span class='ocrx_word' id='word_1_738' title='bbox 1233 2162 1392 2187; x_wconf 86' lang='lat' dir='ltr'>accusatur</span> <span class='ocrx_word' id='word_1_739' title='bbox 1407 2159 1609 2192; x_wconf 83' lang='lat' dir='ltr'>vehementer,</span> <span class='ocrx_word' id='word_1_740' title='bbox 1630 2159 1755 2194; x_wconf 87' lang='lat' dir='ltr'>quando</span> 
     </span>
    </p>
   </div>
   <div class='ocr_carea' id='block_1_105' title="bbox 923 2203 1755 2240">
    <p class='ocr_par' dir='ltr' id='par_1_105' title="bbox 923 2203 1755 2240">
     <span class='ocr_line' id='line_1_105' title="bbox 923 2203 1755 2240; baseline -0.001 -9"><span class='ocrx_word' id='word_1_741' title='bbox 923 2203 1048 2240; x_wconf 88' lang='lat' dir='ltr'>quidem</span> <span class='ocrx_word' id='word_1_742' title='bbox 1061 2211 1142 2231; x_wconf 88' lang='lat' dir='ltr'>nunc</span> <span class='ocrx_word' id='word_1_743' title='bbox 1158 2204 1261 2231; x_wconf 89' lang='lat' dir='ltr'>omnia</span> <span class='ocrx_word' id='word_1_744' title='bbox 1276 2203 1321 2238; x_wconf 89' lang='lat' dir='ltr'>iis,</span> <span class='ocrx_word' id='word_1_745' title='bbox 1332 2212 1349 2231; x_wconf 91' lang='lat' dir='ltr'>a</span> <span class='ocrx_word' id='word_1_746' title='bbox 1364 2203 1475 2239; x_wconf 88' lang='lat' dir='ltr'>quibus</span> <span class='ocrx_word' id='word_1_747' title='bbox 1488 2203 1626 2238; x_wconf 81' lang='lat' dir='ltr'>exigitur,</span> <span class='ocrx_word' id='word_1_748' title='bbox 1641 2203 1755 2239; x_wconf 83' lang='lat' dir='ltr'>quique</span> 
     </span>
    </p>
   </div>
   <div class='ocr_carea' id='block_1_106' title="bbox 923 2247 1755 2282">
    <p class='ocr_par' dir='ltr' id='par_1_106' title="bbox 923 2247 1755 2282">
     <span class='ocr_line' id='line_1_106' title="bbox 923 2247 1755 2282; baseline 0 -6"><span class='ocrx_word' id='word_1_749' title='bbox 923 2251 1115 2282; x_wconf 86' lang='lat' dir='ltr'>accusantur,</span> <span class='ocrx_word' id='word_1_750' title='bbox 1144 2248 1326 2276; x_wconf 86' lang='lat' dir='ltr'>redundant.</span> <span class='ocrx_word' id='word_1_751' title='bbox 1352 2249 1415 2275; x_wconf 84' lang='lat' dir='ltr'>Non</span> <span class='ocrx_word' id='word_1_752' title='bbox 1443 2250 1544 2275; x_wconf 88' lang='lat' dir='ltr'>tamen</span> <span class='ocrx_word' id='word_1_753' title='bbox 1574 2247 1755 2276; x_wconf 86' lang='lat' dir='ltr'>tribu&#39;orum</span> 
     </span>
    </p>
   </div>
   <div class='ocr_carea' id='block_1_107' title="bbox 923 2293 1757 2330">
    <p class='ocr_par' dir='ltr' id='par_1_107' title="bbox 923 2293 1757 2330">
     <span class='ocr_line' id='line_1_107' title="bbox 923 2293 1757 2330; baseline -0.001 -8"><span class='ocrx_word' id='word_1_754' title='bbox 923 2293 1089 2322; x_wconf 87' lang='lat' dir='ltr'>debitiones</span> <span class='ocrx_word' id='word_1_755' title='bbox 1102 2295 1180 2327; x_wconf 89' lang='lat' dir='ltr'>sunt,</span> <span class='ocrx_word' id='word_1_756' title='bbox 1194 2293 1247 2322; x_wconf 87' lang='lat' dir='ltr'>sed</span> <span class='ocrx_word' id='word_1_757' title='bbox 1260 2293 1464 2329; x_wconf 88' lang='lat' dir='ltr'>epistolarum.</span> <span class='ocrx_word' id='word_1_758' title='bbox 1476 2293 1669 2329; x_wconf 86' lang='lat' dir='ltr'>Quanquam,</span> <span class='ocrx_word' id='word_1_759' title='bbox 1681 2301 1757 2330; x_wconf 86' lang='lat' dir='ltr'>quo-</span> 
     </span>
    </p>
   </div>
   <div class='ocr_carea' id='block_1_108' title="bbox 924 2337 1754 2374">
    <p class='ocr_par' dir='ltr' id='par_1_108' title="bbox 924 2337 1754 2374">
     <span class='ocr_line' id='line_1_108' title="bbox 924 2337 1754 2374; baseline 0.001 -8"><span class='ocrx_word' id='word_1_760' title='bbox 924 2338 1016 2366; x_wconf 89' lang='lat' dir='ltr'>modo</span> <span class='ocrx_word' id='word_1_761' title='bbox 1031 2338 1148 2366; x_wconf 86' lang='lat' dir='ltr'>debitor</span> <span class='ocrx_word' id='word_1_762' title='bbox 1163 2339 1209 2373; x_wconf 86' lang='lat' dir='ltr'>sit,</span> <span class='ocrx_word' id='word_1_763' title='bbox 1226 2338 1344 2374; x_wconf 77' lang='lat' dir='ltr'>ignoro.</span> <span class='ocrx_word' id='word_1_764' title='bbox 1362 2338 1485 2373; x_wconf 88' lang='lat' dir='ltr'>Semper</span> <span class='ocrx_word' id='word_1_765' title='bbox 1500 2337 1580 2365; x_wconf 89' lang='lat' dir='ltr'>enim</span> <span class='ocrx_word' id='word_1_766' title='bbox 1596 2337 1754 2373; x_wconf 85' lang='lat' dir='ltr'>epistolam</span> 
     </span>
    </p>
   </div>
   <div class='ocr_carea' id='block_1_109' title="bbox 923 2382 1756 2420">
    <p class='ocr_par' dir='ltr' id='par_1_109' title="bbox 923 2382 1756 2420">
     <span class='ocr_line' id='line_1_109' title="bbox 923 2382 1756 2420; baseline 0 -9"><span class='ocrx_word' id='word_1_767' title='bbox 923 2383 1014 2419; x_wconf 87' lang='lat' dir='ltr'>dedit,</span> <span class='ocrx_word' id='word_1_768' title='bbox 1031 2385 1122 2420; x_wconf 89' lang='lat' dir='ltr'>atque</span> <span class='ocrx_word' id='word_1_769' title='bbox 1132 2383 1211 2411; x_wconf 89' lang='lat' dir='ltr'>hanc</span> <span class='ocrx_word' id='word_1_770' title='bbox 1223 2383 1337 2411; x_wconf 87' lang='lat' dir='ltr'>detulit.</span> <span class='ocrx_word' id='word_1_771' title='bbox 1351 2382 1410 2411; x_wconf 89' lang='lat' dir='ltr'>Nisi</span> <span class='ocrx_word' id='word_1_772' title='bbox 1420 2383 1498 2410; x_wconf 88' lang='lat' dir='ltr'>forte</span> <span class='ocrx_word' id='word_1_773' title='bbox 1509 2384 1538 2410; x_wconf 87' lang='lat' dir='ltr'>et</span> <span class='ocrx_word' id='word_1_774' title='bbox 1551 2383 1633 2419; x_wconf 88' lang='lat' dir='ltr'>apud</span> <span class='ocrx_word' id='word_1_775' title='bbox 1644 2385 1671 2410; x_wconf 91' lang='lat' dir='ltr'>te</span> <span class='ocrx_word' id='word_1_776' title='bbox 1683 2383 1756 2411; x_wconf 88' lang='lat' dir='ltr'>cele-</span> 
     </span>
    </p>
   </div>
   <div class='ocr_carea' id='block_1_110' title="bbox 925 2480 1756 2518">
    <p class='ocr_par' dir='ltr' id='par_1_110' title="bbox 925 2480 1756 2518">
     <span class='ocr_line' id='line_1_110' title="bbox 925 2480 1756 2518; baseline -0.001 -8"><span class='ocrx_word' id='word_1_777' title='bbox 925 2484 1023 2510; x_wconf 86' lang='lat' dir='ltr'>tamen</span> <span class='ocrx_word' id='word_1_778' title='bbox 1036 2484 1151 2518; x_wconf 88' lang='lat' dir='ltr'>septem</span> <span class='ocrx_word' id='word_1_779' title='bbox 1162 2481 1301 2518; x_wconf 87' lang='lat' dir='ltr'>codicum</span> <span class='ocrx_word' id='word_1_780' title='bbox 1312 2489 1384 2509; x_wconf 88' lang='lat' dir='ltr'>mss.</span> <span class='ocrx_word' id='word_1_781' title='bbox 1392 2483 1420 2509; x_wconf 87' lang='lat' dir='ltr'>et</span> <span class='ocrx_word' id='word_1_782' title='bbox 1431 2480 1569 2518; x_wconf 86' lang='lat' dir='ltr'>editionis</span> <span class='ocrx_word' id='word_1_783' title='bbox 1581 2483 1756 2518; x_wconf 73' lang='lat' dir='ltr'>Haganoen-</span> 
     </span>
    </p>
   </div>
   <div class='ocr_carea' id='block_1_111' title="bbox 923 2517 1678 2553">
    <p class='ocr_par' dir='ltr' id='par_1_111' title="bbox 923 2517 1678 2553">
     <span class='ocr_line' id='line_1_111' title="bbox 923 2517 1678 2553; baseline -0.001 -8"><span class='ocrx_word' id='word_1_784' title='bbox 923 2517 963 2545; x_wconf 88' lang='lat' dir='ltr'>sis</span> <span class='ocrx_word' id='word_1_785' title='bbox 975 2517 1133 2553; x_wconf 82' lang='lat' dir='ltr'>scriptura,</span> <span class='ocrx_word' id='word_1_786' title='bbox 1148 2525 1241 2553; x_wconf 87' lang='lat' dir='ltr'>quam</span> <span class='ocrx_word' id='word_1_787' title='bbox 1256 2517 1286 2544; x_wconf 88' lang='lat' dir='ltr'>in</span> <span class='ocrx_word' id='word_1_788' title='bbox 1302 2519 1473 2545; x_wconf 82' lang='lat' dir='ltr'>contextum</span> <span class='ocrx_word' id='word_1_789' title='bbox 1489 2517 1678 2553; x_wconf 83' lang='lat' dir='ltr'>induximus.</span> 
     </span>
    </p>
   </div>
   <div class='ocr_carea' id='block_1_112' title="bbox 957 2551 1756 2589">
    <p class='ocr_par' dir='ltr' id='par_1_112' title="bbox 957 2551 1756 2589">
     <span class='ocr_line' id='line_1_112' title="bbox 957 2551 1756 2589; baseline -0.003 -8"><span class='ocrx_word' id='word_1_790' title='bbox 957 2556 1014 2588; x_wconf 87' lang='lat'>(70)</span> <span class='ocrx_word' id='word_1_791' title='bbox 1035 2551 1339 2589; x_wconf 20' lang='lat' dir='ltr'>Karaxopiirawntist&#39;a.</span> <span class='ocrx_word' id='word_1_792' title='bbox 1365 2554 1419 2580; x_wconf 84' lang='lat' dir='ltr'>l’t‘o</span> <span class='ocrx_word' id='word_1_793' title='bbox 1441 2553 1488 2580; x_wconf 85' lang='lat' dir='ltr'>his</span> <span class='ocrx_word' id='word_1_794' title='bbox 1503 2552 1626 2580; x_wconf 84' lang='lat' dir='ltr'>vocibus</span> <span class='ocrx_word' id='word_1_795' title='bbox 1645 2551 1756 2589; x_wconf 78' lang='lat' dir='ltr'>legitur</span> 
     </span>
    </p>
   </div>
   <div class='ocr_carea' id='block_1_113' title="bbox 922 2587 1717 2625">
    <p class='ocr_par' dir='ltr' id='par_1_113' title="bbox 922 2587 1717 2625">
     <span class='ocr_line' id='line_1_113' title="bbox 922 2587 1717 2625; baseline 0.001 -11"><span class='ocrx_word' id='word_1_796' title='bbox 922 2591 1067 2625; x_wconf 76' lang='grc' dir='ltr'><strong>κατακορέα</strong></span> <span class='ocrx_word' id='word_1_797' title='bbox 1079 2588 1109 2616; x_wconf 88' lang='lat' dir='ltr'>in</span> <span class='ocrx_word' id='word_1_798' title='bbox 1125 2587 1211 2617; x_wconf 83' lang='lat' dir='ltr'>Cois].</span> <span class='ocrx_word' id='word_1_799' title='bbox 1226 2587 1363 2625; x_wconf 79' lang='lat' dir='ltr'>utroque,</span> <span class='ocrx_word' id='word_1_800' title='bbox 1380 2589 1443 2616; x_wconf 85' lang='lat' dir='ltr'>Vat.</span> <span class='ocrx_word' id='word_1_801' title='bbox 1457 2591 1484 2616; x_wconf 86' lang='lat' dir='ltr'>et</span> <span class='ocrx_word' id='word_1_802' title='bbox 1499 2588 1591 2622; x_wconf 80' lang='lat' dir='ltr'>Regio</span> <span class='ocrx_word' id='word_1_803' title='bbox 1606 2587 1717 2625; x_wconf 85' lang='lat' dir='ltr'>primo.</span> 
     </span>
    </p>
   </div>
   <div class='ocr_carea' id='block_1_114' title="bbox 958 2623 1685 2660">
    <p class='ocr_par' dir='ltr' id='par_1_114' title="bbox 958 2623 1685 2660">
     <span class='ocr_line' id='line_1_114' title="bbox 958 2623 1685 2660; baseline -0.003 -8"><span class='ocrx_word' id='word_1_804' title='bbox 958 2623 1081 2658; x_wconf 67' lang='grc' dir='ltr'>(Ἡ)’“Ος</span> <span class='ocrx_word' id='word_1_805' title='bbox 1095 2626 1161 2660; x_wconf 81' lang='grc' dir='ltr'><strong>πρὸς</strong></span> <span class='ocrx_word' id='word_1_806' title='bbox 1174 2626 1228 2659; x_wconf 77' lang='grc' dir='ltr'><strong>μέν.</strong></span> <span class='ocrx_word' id='word_1_807' title='bbox 1246 2623 1341 2660; x_wconf 40' lang='lat' dir='ltr'>Cois]:</span> <span class='ocrx_word' id='word_1_808' title='bbox 1350 2632 1464 2659; x_wconf 79' lang='lat' dir='ltr'>primus</span> <span class='ocrx_word' id='word_1_809' title='bbox 1480 2625 1539 2660; x_wconf 71' lang='grc' dir='ltr'><strong>ᾆσον</strong></span> <span class='ocrx_word' id='word_1_810' title='bbox 1551 2625 1616 2660; x_wconf 77' lang='grc' dir='ltr'><strong>πρὸς</strong></span> <span class='ocrx_word' id='word_1_811' title='bbox 1630 2624 1685 2658; x_wconf 81' lang='grc' dir='ltr'><strong>μέν.</strong></span> 
     </span>
    </p>
   </div>
   <div class='ocr_carea' id='block_1_115' title="bbox 957 2658 1752 2700">
    <p class='ocr_par' dir='ltr' id='par_1_115' title="bbox 957 2658 1752 2700">
     <span class='ocr_line' id='line_1_115' title="bbox 957 2658 1752 2700; baseline -0.004 -13"><span class='ocrx_word' id='word_1_812' title='bbox 957 2662 1013 2700; x_wconf 65' lang='lat'>(72)</span> <span class='ocrx_word' id='word_1_813' title='bbox 1033 2658 1200 2700; x_wconf 44' lang='grc' dir='ltr'><strong>τούτογάρε</strong></span> <span class='ocrx_word' id='word_1_814' title='bbox 1221 2659 1317 2700; x_wconf 71' lang='lat' dir='ltr'>Editio</span> <span class='ocrx_word' id='word_1_815' title='bbox 1330 2658 1515 2700; x_wconf 77' lang='lat' dir='ltr'>Parisiensis.</span> <span class='ocrx_word' id='word_1_816' title='bbox 1538 2658 1578 2684; x_wconf 80' lang='grc' dir='ltr'><strong>Ἐν</strong></span> <span class='ocrx_word' id='word_1_817' title='bbox 1593 2660 1674 2700; x_wconf 50' lang='grc' dir='ltr'><strong>τούτῳ</strong></span> <span class='ocrx_word' id='word_1_818' title='bbox 1689 2658 1752 2700; x_wconf 60' lang='grc' dir='ltr'>γᾴρ.</span> 
     </span>
    </p>
   </div>
   <div class='ocr_carea' id='block_1_116' title="bbox 923 2695 1754 2732">
    <p class='ocr_par' dir='ltr' id='par_1_116' title="bbox 923 2695 1754 2732">
     <span class='ocr_line' id='line_1_116' title="bbox 923 2695 1754 2732; baseline -0.001 -9"><span class='ocrx_word' id='word_1_819' title='bbox 923 2696 979 2732; x_wconf 82' lang='lat' dir='ltr'>sed</span> <span class='ocrx_word' id='word_1_820' title='bbox 995 2695 1267 2732; x_wconf 41' lang='lat' dir='ltr'>pi&#39;iepositio&#39;deest</span> <span class='ocrx_word' id='word_1_821' title='bbox 1281 2695 1312 2723; x_wconf 87' lang='lat' dir='ltr'>in</span> <span class='ocrx_word' id='word_1_822' title='bbox 1335 2695 1470 2731; x_wconf 88' lang='lat' dir='ltr'>quinque</span> <span class='ocrx_word' id='word_1_823' title='bbox 1493 2703 1566 2722; x_wconf 87' lang='lat' dir='ltr'>mss.</span> <span class='ocrx_word' id='word_1_824' title='bbox 1583 2697 1612 2722; x_wconf 91' lang='lat' dir='ltr'>et</span> <span class='ocrx_word' id='word_1_825' title='bbox 1627 2695 1754 2722; x_wconf 85' lang='lat' dir='ltr'>vetustis</span> 
     </span>
    </p>
   </div>
   <div class='ocr_carea' id='block_1_117' title="bbox 921 2731 1113 2759">
    <p class='ocr_par' dir='ltr' id='par_1_117' title="bbox 921 2731 1113 2759">
     <span class='ocr_line' id='line_1_117' title="bbox 921 2731 1113 2759; baseline -0.005 0"><span class='ocrx_word' id='word_1_826' title='bbox 921 2731 1113 2759; x_wconf 87' lang='lat' dir='ltr'>editionibus.</span> 
     </span>
    </p>
   </div>
   <div class='ocr_carea' id='block_1_118' title="bbox 957 2765 1670 2802">
    <p class='ocr_par' dir='ltr' id='par_1_118' title="bbox 957 2765 1670 2802">
     <span class='ocr_line' id='line_1_118' title="bbox 957 2765 1670 2802; baseline -0.001 -8"><span class='ocrx_word' id='word_1_827' title='bbox 957 2767 1014 2802; x_wconf 80' lang='lat'>(73)</span> <span class='ocrx_word' id='word_1_828' title='bbox 1036 2769 1128 2793; x_wconf 77' lang='grc' dir='ltr'><strong>Καίτοι</strong></span> <span class='ocrx_word' id='word_1_829' title='bbox 1143 2768 1230 2794; x_wconf 74' lang='grc' dir='ltr'>πόθεν.</span> <span class='ocrx_word' id='word_1_830' title='bbox 1247 2766 1293 2795; x_wconf 82' lang='lat' dir='ltr'>Sic</span> <span class='ocrx_word' id='word_1_831' title='bbox 1305 2775 1378 2794; x_wconf 86' lang='lat' dir='ltr'>mss.</span> <span class='ocrx_word' id='word_1_832' title='bbox 1394 2765 1468 2794; x_wconf 80' lang='lat' dir='ltr'>Editi</span> <span class='ocrx_word' id='word_1_833' title='bbox 1484 2767 1528 2791; x_wconf 84' lang='grc' dir='ltr'><strong>καὶ</strong></span> <span class='ocrx_word' id='word_1_834' title='bbox 1545 2766 1572 2790; x_wconf 88' lang='grc' dir='ltr'><strong>τὸ</strong></span> <span class='ocrx_word' id='word_1_835' title='bbox 1583 2766 1670 2793; x_wconf 76' lang='grc' dir='ltr'>πόθεν.</span> 
     </span>
    </p>
   </div>
   <div class='ocr_carea' id='block_1_119' title="bbox 955 2801 1562 2838">
    <p class='ocr_par' dir='ltr' id='par_1_119' title="bbox 955 2801 1562 2838">
     <span class='ocr_line' id='line_1_119' title="bbox 955 2801 1562 2838; baseline -0.005 -7"><span class='ocrx_word' id='word_1_836' title='bbox 955 2802 964 2813; x_wconf 87' lang='grc'><strong>·</strong></span> <span class='ocrx_word' id='word_1_837' title='bbox 982 2802 1063 2831; x_wconf 80' lang='lat' dir='ltr'>Alias</span> <span class='ocrx_word' id='word_1_838' title='bbox 1078 2803 1258 2832; x_wconf 82' lang='lat' dir='ltr'>CCCLXthl.</span> <span class='ocrx_word' id='word_1_839' title='bbox 1276 2802 1390 2838; x_wconf 83' lang='lat' dir='ltr'>Scripta</span> <span class='ocrx_word' id='word_1_840' title='bbox 1404 2808 1486 2830; x_wconf 88' lang='lat' dir='ltr'>anno</span> <span class='ocrx_word' id='word_1_841' title='bbox 1499 2801 1562 2829; x_wconf 75' lang='grc'>364.</span> 
     </span>
    </p>
   </div>
  </div>
