2009 3145
242 157 294 186 287
926 154 956 182 S.
977 152 1100 182 BASILH
1118 152 1238 181 MAGNI.
1872 152 1924 180 288

241 218 408 247 berrimum
428 217 502 246 illud
517 217 723 254 quadruplum
741 217 856 254 primas
870 216 995 245 obtinet.
1015 217 1067 244 Ne-

1124 214 1252 251 τετραπλῆ
1276 214 1332 250 (74)
1355 214 1556 250 προτετίμηται.
1581 210 1652 238 Οὐδὲ
1676 212 1727 249 γὰρ
1759 212 1783 239 οἱ
1809 213 1926 249 Πυθαγό-

242 271 301 300 que
314 264 393 291 enim
408 262 481 291 tanti
495 263 682 290 aestimavere
697 264 854 298 Tetractyn
870 260 1067 298 Pythagoraei,

242 308 347 344 quanti
365 315 446 335 nunc
465 307 671 343 quadruplum
691 307 743 343 qui
766 306 911 343 pecunias
931 305 1068 341 publicas

242 352 396 388 colligunt.
416 353 447 379 Et
463 351 536 379 forte
550 351 733 380 contrarium
748 351 812 379 ﬁeri
825 359 880 387 par
891 353 962 385 erat,
974 353 1006 378 ut
1016 349 1068 385 qui

241 396 375 432 sophista
389 404 432 428 es,
455 403 490 423 ac
514 398 598 423 tanta
622 395 741 423 dicendi
762 396 850 431 copia
865 394 974 427 afﬂuis,
995 393 1068 421 mihi

240 440 304 477 ipse
319 439 492 476 quadruplo
505 439 651 468 solvendo
665 439 828 468 obstrictus
844 447 935 467 esses.
949 440 1005 466 Nec
1020 445 1069 466 me

241 484 390 513 existimes
418 484 483 511 hiec
506 486 733 511 succensentem
761 483 901 511 scribere.
930 482 1069 510 Oblector

241 529 322 557 enim
333 529 391 556 tuis
403 528 492 556 etiam
506 528 805 564 reprehensionibus;
818 527 966 564 siquidem
978 535 994 555 a
1005 526 1069 562 pul-

241 573 320 601 chris
339 573 423 600 aiunt
443 572 547 600 omnia
569 581 638 600 cum
652 572 883 609 pulchritudinis
898 571 1069 600 accessione

239 617 304 645 ﬁeri
316 627 322 651 ;
338 617 415 644 adeo
429 619 461 644 ut
472 619 500 645 et
514 617 614 645 dolere
629 620 657 645 et
670 617 758 645 irasci
772 625 834 645 non
849 624 901 644 eos
915 616 1068 644 dedeceat.

242 661 392 689 Libentius
417 669 489 690 sane
512 661 618 689 viderit
643 662 712 698 quis
728 662 860 690 amicum
876 662 1068 694 irascentem,

241 714 335 743 quam
356 706 450 734 alium
471 706 631 735 colentem.
655 708 816 743 Nunquam
839 706 929 740 igitur
947 705 1069 734 desinas

240 750 313 779 talia
331 751 480 779 incusare.
506 751 619 778 Litterae
635 751 715 779 enim
732 753 818 779 erunt
833 751 908 787 ipsm
928 750 1068 778 crimina-

241 795 350 830 tiones,
371 795 483 832 quibus
507 795 581 823 mihi
600 795 702 823 nullus
721 803 820 824 sermo
835 795 941 831 carior,
958 795 1069 831 quique

242 840 390 876 majorem
405 840 480 868 ierat
489 839 685 876 voluptatem.

515 885 684 913 EPISTOLA
703 885 793 912 XXll‘.

1122 269 1176 297 ριοι
1193 261 1247 296 (75)
1270 264 1394 286 τοσοῦτον
1421 261 1601 295 προετίμησαν
1626 259 1674 287 τὴν
1695 260 1848 295 τετρακτὺν,
1867 259 1925 285 ὅσον

1123 305 1147 330 οἱ
1161 308 1205 330 νῦν
1228 303 1370 340 ἐκλέγοντες
1394 304 1428 329 τὰ
1456 301 1577 339 δημόσια
1603 304 1650 332 τὴν
1675 302 1830 340 τετραπλῆν.
1862 305 1925 329 Καί-

1123 359 1194 385 τοιγε
1216 351 1279 380 ἴσως
1300 351 1328 375 τὸ
1353 348 1464 375 ἰναντίον
1494 348 1560 378 εἰκὸς
1585 345 1626 383 ᾖν,
1654 350 1781 384 σοφιστὴν
1796 350 1869 381 ὄντα,
1883 357 1926 380 καὶ

1123 394 1282 430 εὐποροῦντα
1300 394 1383 430 λόγων
1397 394 1539 427 τοσούτων,
1561 392 1639 418 αὐτὸν
1662 393 1725 428 ἡμῖν
1749 392 1785 423 εἰς
1812 395 1860 421 τήν
1878 396 1926 418 τῶν

1123 438 1318 475 τετραπλασίων
1340 439 1439 464 ἔκτισιν
1455 437 1621 463 ὑποκεῖσθαι.
1648 438 1698 463 Καὶ
1711 438 1747 472 μὴ
1764 438 1820 462 οῖον
1844 439 1928 462 ταῦτα

1124 481 1349 520 δυσχεραίνοντας
1367 483 1436 518 ἡμᾶς
1460 483 1577 518 γράφειν.
1607 483 1698 518 Χαίρω
1725 481 1776 518 γάρ
1808 490 1857 506 σου
1884 483 1927 506 καὶ

1123 531 1180 558 ταῖς
1204 528 1344 564 μέμψεσιν·
1370 525 1460 556 ὶπιιδὴ
1490 530 1545 557 τοῖς
1569 525 1655 556 καλοῖς
1683 535 1747 562 φασι
1762 526 1849 552 πάντα
1862 526 1928 561 μιτὰ

1123 576 1170 603 τῆς
1186 582 1231 598 του
1252 572 1332 598 καλοῦ
1352 573 1508 609 προσθήκης
1531 571 1660 607 γίνεσθαι·
1688 571 1754 597 ὥστε
1777 572 1823 596 καὶ
1843 569 1928 601 λύπας

1124 617 1211 648 αὐτοῖς
1225 620 1270 644 καὶ
1292 617 1370 655 ὀργὰς
1393 617 1542 654 ἐπιπρέπειν
1555 616 1621 651 (76).
1646 613 1739 642 Ἥδιον
1757 619 1820 651 γοῦν
1843 615 1873 641 ἄν
1888 625 1929 646 τις

1123 660 1179 689 ἴδοι
1211 662 1377 699 ὀργίζόμενον
1417 663 1462 687 τὸν
1498 661 1666 697 ἀγαπώμενον
1699 660 1714 690 ἢ
1752 660 1929 697 θεραπεύοντα

1123 707 1216 744 ἕτερον.
1243 709 1348 736 Μήποτε
1367 705 1410 733 οὖν
1435 706 1499 742 ἀνῇς
1524 705 1638 741 ἐγκαλῶν
1656 705 1689 731 τὰ
1706 708 1824 732 τοιαῦτα.
1842 705 1930 741 Γράμ-

1123 761 1195 788 ματα
1212 753 1261 788 γάρ
1292 761 1342 778 που
1372 752 1447 778 ἔσται
1471 750 1538 777 αὐτὰ
1562 751 1595 776 τὰ
1618 749 1778 786 ἐγκλήματα,
1806 749 1841 774 ὢν
1870 748 1930 785 ἐμοὶ

1123 794 1199 822 οὐδὲν
1225 797 1350 833 ἄκουσμα
1375 798 1537 832 τιμιώτερον,
1565 792 1627 821 add“:
1651 794 1757 820 πλείονα
1782 793 1856 831 φέρον
1883 795 1929 822 τὴν

1123 839 1233 871 ἡδονήν.

1398 886 1567 911 ΕΠΙΣΤΟΛΗ
1589 883 1647 911 ΚΗ.

240 934 413 963 Monasticaa
427 935 496 962 vita
512 935 614 969 ofﬁcia
631 934 758 962 breviter
770 933 892 968 exponit
903 933 1036 961 Basilius
1051 941 1111 961 non
1120 935 1265 970 appositis
1278 934 1444 969 Scriptura:
1458 933 1643 968 testimoniis,
1660 931 1711 961 sed
1726 931 1783 961 hac
1791 934 1930 968 pertrac-

774 969 862 998 tandi
871 969 992 998 ratione
1004 970 1036 997 in
1050 970 1138 998 aliud
1153 973 1269 1006 tempus
1282 970 1390 999 ditata.

395 1020 439 1047 De
447 1019 633 1054 perfectione
650 1020 719 1048 vitae
730 1019 915 1047 monastic-2.

278 1066 303 1092 l.
316 1063 478 1092 Multacum
485 1064 555 1097 sint,
562 1072 630 1100 qua:
636 1064 779 1092 divinitus
789 1064 935 1099 inspirata
943 1063 1069 1099 Scriptu-

241 1116 276 1136 ra.
285 1108 390 1144 iis,qui
402 1110 460 1136 Deo
467 1107 918 1144 studentplacere,observanda
924 1107 1068 1140 declarat;

241 1152 278 1180 de
287 1153 336 1181 his
348 1152 418 1180 solis
428 1153 557 1187 interim,
569 1153 606 1180 de
614 1152 725 1188 quibus
737 1160 818 1180 nunc
831 1152 913 1188 apud
927 1159 978 1179 vos
988 1159 1069 1179 com-

241 1199 326 1224 mota
333 1197 459 1233 quaestio
474 1199 528 1231 est,
539 1200 571 1224 ut
581 1197 671 1224 didici
682 1205 718 1224 ex
728 1197 796 1233 ipsa
808 1204 894 1224 sacra
906 1196 1066 1232 Scriptura,

239 1241 362 1270 brevem
376 1241 615 1270 admonitionem
631 1241 690 1277 99
707 1241 855 1277 subjicere
865 1241 1069 1269 necessarium

239 1294 309 1314 esse
322 1286 405 1320 duxi;
423 1286 462 1314 ita
479 1289 509 1314 ut
523 1286 560 1314 de
573 1294 695 1322 quaque
709 1294 742 1314 re
756 1285 971 1316 testimonium,
985 1285 1069 1313 haud

241 1339 314 1359 sane
336 1331 376 1358 ad
398 1331 625 1367 percipiendum
641 1331 772 1366 difﬁcile,
789 1330 1018 1366 agnoscendum
1033 1330 1069 1358 iis

239 1375 419 1412 relinquam,
432 1375 481 1412 qui
493 1375 522 1403 in
534 1375 662 1410 legendo
673 1379 848 1403 exercentur
864 1377 891 1403 et
903 1375 978 1403 alios
994 1374 1069 1402 sub-

239 1427 363 1448 monere
373 1422 523 1456 poterunt.
535 1421 657 1456 Oportet
671 1420 872 1449 Christianum
888 1427 924 1448 ea
939 1428 1007 1456 quae
1020 1427 1069 1447 vo-

239 1465 357 1493 catione
382 1464 494 1493 calesti
516 1465 609 1499 digna
634 1466 713 1497 sunt,
733 1459 858 1499 "sentire,
882 1473 917 1492 ac
942 1464 1068 1499 dignam

240 1509 402 1545 Evangelio
416 1509 522 1538 Christi
536 1509 631 1537 vitam
644 1509 763 1544 degere.
780 1510 844 1537 Non
859 1511 976 1544 oportet
988 1508 1068 1536 Chri-

239 1555 372 1583 stianum
387 1554 489 1582 animo
503 1554 634 1589 evagari,
655 1562 754 1590 neque
771 1553 834 1582 ulla
849 1561 880 1582 re
898 1562 916 1582 θ.
930 1554 1068 1582 recorda-

238 1599 318 1627 tione
328 1599 387 1633 Dei,
396 1599 523 1635 ejusque
530 1598 707 1635 placitorum
715 1601 743 1627 et
751 1599 760 1634 j
767 1598 935 1627 udiciorum
944 1598 1066 1626 abduci.

240 1644 361 1679 Oportet
375 1643 589 1676 Christianum,
602 1642 831 1678 justificationes
842 1643 916 1679 legis
930 1643 961 1671 in
973 1643 1068 1671 omni-

238 1687 297 1716 bus
312 1688 585 1720 transcendentem,
597 1695 697 1724 neque
703 1688 816 1724 jurare,
828 1696 926 1724 neque
937 1688 1065 1717 mentiri.
1081 1697 1101 1725 ρ

239 1733 303 1760 Non
310 1732 655 1769 oportetblasphemare,
662 1740 724 1760 non
733 1733 915 1761 contumelia
931 1733 1065 1761 afﬁcere:

187 1803 191 1806 .
238 1784 300 1804 non
312 1784 458 1812 pugnare,
474 1785 534 1805 non
549 1777 746 1813 semetipsum
754 1776 866 1811 ulcisci,
876 1785 938 1805 non
951 1777 1066 1806 malum

239 1829 293 1858 pro
304 1821 385 1850 malo
400 1821 534 1855 reddere,
546 1829 608 1849 non
621 1821 720 1849 irasci.
745 1822 867 1858 Oportet
883 1830 1066 1858 quacunque

238 1865 344 1894 laesum
365 1866 476 1902 injuria
500 1866 664 1902 patientem
687 1874 764 1899 esse,
785 1868 874 1902 atque
889 1867 1066 1902 tempestive

239 1918 308 1938 cum
319 1911 648 1947 quilaesitredarguere,
655 1918 716 1938 non
723 1911 852 1946 proprie
860 1910 998 1939 vindicta-1
1006 1914 1066 1939 stu-

238 1954 299 1990 dio,
316 1955 370 1983 sed
389 1955 582 1984 correctionis
598 1955 737 1983 fraternae
753 1955 920 1984 secundum
935 1955 1065 1985 manda-

273 2026 284 2037 ‘
302 2025 381 2053 Alias
394 2026 527 2062 CCCCXI.
543 2026 657 2062 Scripta
673 2025 788 2054 videtur
802 2034 883 2054 anno
899 2028 961 2055 364.

274 2061 329 2096 (74)
349 2061 495 2098 Τετραπλῆ.
512 2061 685 2098 suspicatur
697 2062 894 2098 Gothofredus
907 2062 1065 2098 tetraplam

239 2096 301 2124 sive
314 2096 530 2134 quadruplum,
544 2096 658 2134 déiquo
674 2097 798 2125 Basilius
811 2098 842 2126 in
855 2098 911 2134 hac
925 2096 1065 2134 epistola,

239 2139 305 2160 esse
320 2132 498 2170 pensionem
516 2132 825 2170 quadrimenstruam,
841 2133 887 2161 vel
901 2132 1067 2170 quadrupli

236 2175 357 2203 pmnam
373 2169 408 2196 ob
424 2176 483 2196 non
499 2169 597 2196 soluta
615 2169 740 2201 tributa,
757 2170 803 2197 vel
818 2169 917 2204 potius
931 2170 967 2198 ob
981 2177 1064 2204 supe-

240 2205 453 2232 rexactionem.
478 2204 535 2232 Sed
549 2204 644 2233 liauet
663 2204 712 2232 hic
731 2204 842 2232 litteras
858 2213 917 2233 non
931 2205 1066 2233 redditas

237 2247 308 2277 cum
323 2239 440 2277 tributis
461 2247 523 2267 non
543 2239 647 2277 solutis
666 2241 834 2276 comparari
847 2249 853 2274 ;
866 2241 969 2277 sicque
986 2242 1066 2269 Basi-

236 2275 312 2302 lium
327 2283 396 2302 cum
410 2276 529 2303 Leontio
540 2275 645 2310 jocari,
661 2275 752 2312 quasi
764 2276 788 2303 is
801 2275 1008 2312 quadruplum
1021 2277 1065 2305 lit-

237 2312 369 2347 terarum
379 2314 556 2347 reposceret,
565 2314 595 2338 ut
603 2311 987 2347 qiiadruplum'debitorum
994 2315 1065 2340 tunc

236 2346 355 2408 nassim
373 2346 600 2381 reposcebatur.
614 2346 737 2374 ’Lucem
760 2347 865 2375 afferet
885 2347 1063 2376 Ammianus

268 2381 439 2408 arcellinus.
455 2389 516 2408 auo
539 2384 620 2408 teste.
637 2382 791 2408 Petronius
806 2390 891 2408 socer
917 2383 1061 2408 Valentis:

268 2372 443 2415 arcellinu‘s,
455 2372 516 2417 ᾇιίὀ
525 2372 620 2417 “regis,
630 2372 893 2410 Euangelus;
898 2372 1062 2412 Tata};
1077 2372 1099 2399 Ῑ)

237 2417 287 2445 Ad
300 2417 460 2444 nudandos
475 2418 538 2446 sine
556 2418 734 2446 discretione
753 2421 874 2446 cunctos
893 2419 1063 2448 immaniter

235 2453 383 2488 ﬂagrans,
392 2456 529 2490 nocentes
535 2454 656 2490 pariter
662 2457 689 2482 et
700 2454 831 2482 insontes
841 2457 905 2489 post
915 2455 1066 2490 exquisita

236 2491 383 2516 tormenta
395 2489 562 2525 quadrupli
574 2489 700 2517 nexibus
715 2490 874 2523 vinciebat,
890 2489 988 2518 debita
997 2492 1065 2525 jam

236 2525 307 2552 inde
317 2531 335 2552 a
349 2524 530 2559 temporibus
543 2525 688 2560 principis
701 2526 858 2553 Aureliani
870 2524 1065 2559 perscrutans

237 2564 264 2588 et
282 2560 584 2596 impendiommrens,
599 2561 626 2588 si
640 2568 817 2596 quemquam
832 2561 1006 2589 absolvisset
1021 2563 1065 2590 in-

235 2596 390 2633 demnem;
409 2595 462 2624 lib.
480 2604 567 2633 xxn,
584 2595 651 2633 cap;
666 2598 692 2624 6.
713 2597 763 2624 Est
778 2604 849 2633 ergo
859 2597 1065 2633 quadruplum

235 2631 292 2659 hoc
313 2631 380 2669 loco
402 2631 752 2669 non_qu_adrimenstrua
764 2631 881 2669 pensio,
898 2640 959 2669 non
979 2631 1066 2669 supe-

235 2667 373 2700 rexactio,
390 2666 443 2695 sed
462 2666 643 2700 debitorum,
662 2674 728 2700 quae
744 2666 841 2696 soluta
862 2675 925 2695 non
948 2666 1066 2696 fuerant

235 2702 363 2743 crudelis
375 2703 538 2743 inquisitio,
555 2705 583 2731 et
596 2702 757 2739 quadrupli
768 2711 859 2739 paena
871 2703 927 2735 his,
940 2704 992 2740 qui
1003 2711 1065 2732 non

236 2737 398 2770 solverant,
417 2737 573 2774 imposita.

271 2774 328 2807 (75)
345 2773 516 2813 Ηυθαγόριοι.
539 2775 580 2802 Ita
603 2773 694 2813 Harlz,
719 2773 807 2813 Coisl.
827 2773 944 2810 primus
967 2777 996 2813 et
1014 2775 1066 2813 alii

234 2809 375 2838 nonnulli
388 2809 458 2838 cum
479 2809 630 2838 Clemente
649 2809 746 2843 Alex.,
767 2809 876 2838 Stram.
891 2818 911 2844 1,
928 2817 958 2847 p.
973 2812 1025 2838 303
1039 2813 1066 2840 et

1249 1021 1312 1055 Περὶ
1331 1019 1490 1049 τελειότητος
1509 1018 1563 1054 (77)
1584 1017 1646 1054 βίον
1665 1021 1799 1054 μοναχῶν.

1162 1066 1185 1091 1.
1207 1063 1308 1090 Πολλῶν
1324 1065 1401 1090 ὄντων
1423 1068 1472 1090 τῶν
1495 1063 1545 1089 ὑπὸ
1567 1067 1612 1092 τῆς
1627 1063 1797 1089 θεοπνεύστου
1821 1064 1930 1098 Γραφῦς

1125 1106 1288 1145 δηλουμένων
1304 1109 1371 1142 (78),
1400 1113 1451 1134 τῶν
1479 1108 1673 1144 κατορθοῦσθαι
1699 1106 1852 1143 ὀφειλόντων
1873 1108 1930 1136 τοῖς

1124 1151 1318 1179 ἐσπουδακόσιν
1338 1153 1513 1190 εὐαρεστῆσαι
1537 1156 1573 1179 τῶ
1595 1154 1659 1188 Θεῷ,
1675 1153 1736 1189 περὶ
1760 1153 1844 1187 μόνων
1866 1152 1929 1180 τέως

1123 1202 1172 1223 τῶν
1205 1197 1246 1224 ἐπὶ
1275 1201 1321 1224 τοῦ
1354 1200 1482 1234 παρόντος
1509 1197 1663 1225 κινηθέντων
1690 1195 1754 1233 παρ’
1786 1195 1859 1231 ὑμῖν,
1892 1196 1930 1226 ὡς

1124 1243 1217 1278 ἔμαθον
1246 1241 1273 1274 ἒξ
1299 1242 1379 1273 αὐτῆς
1408 1246 1454 1272 τῆς
1479 1242 1647 1268 θεοπνεύστου
1672 1244 1786 1278 Γραφῆς,
1814 1239 1838 1265 ἓν
1866 1249 1928 1265 συν-

1123 1297 1195 1323 τομῳ
1214 1287 1360 1323 ὑπομνήσει
1391 1287 1470 1313 εἰπεῖν
1499 1285 1646 1322 ἀναγκαίως
1666 1285 1861 1322 προεθυμήθην,
1878 1286 1928 1313 τὴν

1123 1334 1181 1369 περὶ
1206 1332 1316 1358 ἑκάστου
1336 1333 1483 1368 μαρτυρίαν
1511 1330 1637 1360 εὔληπτον
1664 1328 1745 1356 οὖσαν
1764 1328 1928 1363 καταλείψας

1123 1375 1302 1412 ἐπιγινώσκειν
1330 1380 1384 1407 τοῖς
1413 1378 1472 1414 περὶ
1504 1377 1552 1405 τὴν
1583 1374 1728 1411 ἀνάγνωσιν
1754 1373 1929 1409 ἁπασχολον-

1123 1422 1216 1457 μένοις,
1251 1421 1343 1451 οἰτινις
1377 1421 1461 1446 ἱκανοὶ
1490 1421 1591 1446 ἔσονται
1620 1421 1664 1446 καὶ
1696 1419 1798 1456 ἑτέρους
1829 1419 1928 1454 ὑπομι-

1123 1468 1259 1502 μνήσκειν.
1280 1465 1340 1492 Ὀτι
1361 1464 1402 1492 δεῖ
1422 1467 1465 1491 τόν
1489 1466 1646 1501 Χριστιανὸν
1667 1464 1728 1495 ἄξια
1747 1467 1795 1494 τῆς
1815 1462 1927 1500 ἐπουρα-

1122 1513 1177 1536 νίου
1192 1510 1306 1540 κλήσεως
1328 1513 1438 1547 φρονεῖν,
1464 1511 1510 1536 καὶ
1533 1509 1611 1541 ἀξίως
1629 1512 1676 1535 τοῦ
1696 1508 1854 1544 Iader/701w
1878 1510 1927 1533 τοῦ

1122 1559 1240 1593 Χριστοῦ
1268 1555 1461 1582 πολιτεύεσθαι.
1490 1554 1550 1580 Ὀτι
1574 1554 1604 1581 οὐ
1631 1552 1673 1580 δεῖ
1697 1555 1740 1580 τὸν
1764 1553 1925 1590 Χριστιανὸν

1121 1601 1335 1637 μετεωρίζεσθαι,
1359 1598 1421 1626 οὐδε
1445 1599 1601 1636 ammon
1625 1599 1676 1625 ὑπό
1702 1607 1772 1629 τινος
1798 1597 1849 1624 ἀπὸ
1878 1601 1926 1628 τῆς

1121 1648 1224 1682 μνήμης
1243 1648 1290 1671 τοῦ
1324 1648 1403 1678 Θεοῦ,
1436 1646 1481 1670 καὶ
1509 1648 1559 1670 τῶν
1589 1643 1669 1669 αὐτόν
1700 1643 1850 1679 θελημάτων
1879 1644 1926 1668 καὶ

1121 1691 1264 1727 χριμάτων.
1289 1688 1348 1716 Ὀτι
1376 1687 1418 1715 δεῖ
1445 1691 1489 1715 τὸν
1514 1690 1684 1725 Χριστιανὸν,
1715 1689 1850 1725 κρείττονα
1873 1690 1926 1713 τῶν

1122 1735 1189 1760 κατὰ
1220 1735 1264 1760 τὸν
1292 1736 1369 1770 νόμον
1403 1731 1589 1770 δικαιωμάτων
1621 1735 1756 1769 ⁹γενόμενον
1787 1731 1812 1758 ἓν
1844 1734 1924 1765 πᾶσι,

1120 1781 1186 1816 μήτε
1202 1778 1313 1815 ὀμνύειν,
1338 1780 1404 1815 μήτε
1427 1776 1584 1813 ψεύδεσθαι.
1605 1776 1666 1803 Ὀτι
1690 1776 1719 1803 οὐ
1740 1774 1782 1803 δεῖ
1802 1775 1925 1812 βλασφη-

1120 1827 1186 1860 μιῖν·
1212 1823 1253 1849 ὃτι
1276 1822 1305 1848 οὔ
1328 1820 1370 1849 δεῖ
1394 1821 1520 1858 ὑϐρίζειν,
1540 1823 1579 1848 ὃτι
1598 1821 1627 1847 οὐ
1653 1819 1695 1847 δεῖ
1713 1821 1861 1857 μάχεσθαι’
1882 1821 1925 1846 ὅτι

1120 1867 1149 1894 οὐ
1170 1865 1211 1894 δεῖ
1225 1866 1315 1893 ἑαυτὸν
1331 1865 1455 1893 ἐκδικεῖν·
1471 1867 1511 1893 ὃτι
1531 1865 1560 1893 οῦ
1585 1864 1627 1893 δεῖ
1649 1867 1729 1892 κακόν
1755 1864 1813 1891 ἀντὶ
1840 1868 1925 1891 κακοῦ

1120 1910 1288 1938 ἀποδιδόναι·
1305 1912 1346 1938 ὃτι
1364 1911 1393 1937 οὐ
1417 1909 1459 1937 δεῖ
1481 1911 1644 1948 ὀργίζεσθαι.
1671 1909 1733 1936 Ὀτι
1760 1907 1801 1936 διῖ
1824 1919 1927 1946 μακρος

1121 1958 1220 1994 θνμεῖν,
1236 1960 1286 1983 πᾶν
1307 1957 1364 1993 (79)
1389 1956 1475 1982 ότιουν
1497 1957 1648 1992 πάσχοντα,
1670 1957 1714 1981 καὶ
1738 1954 1854 1991 ἐλέγχειν
1881 1953 1926 1981 εὖ-

1120 2030 1185 2056 304.
1203 2028 1291 2057 Cois].
1315 2027 1467 2056 secundus
1488 2028 1661 2064 Πυθαγόρηέ
1673 2026 1767 2064 quod
1787 2025 1926 2064 positum

1119 2072 1219 2093 errore
1233 2063 1345 2092 librarii
1359 2071 1414 2099 pro
1427 2062 1617 2100 Πυθαγόραιοι.
1641 2062 1718 2100 Edjti
1739 2063 1926 2100 Πυθαγόριιοι.

1154 2098 1648 2140 (‘7_6)_'rimnﬁirriiv..lttulto‘aptior
1679 2098 1743 2140 haec
1775 2098 1926 2140 scriptura

1120 2133 1233 2163 codicis
1246 2133 1327 2171 Regii
1338 2134 1426 2171 primi
1436 2137 1465 2163 et
1476 2133 1677 2171 Bigot.‘quam
1689 2133 1811 2169 vulgata
1823 2133 1924 2170 ἐπιτρέ-

1118 2181 1184 2198 πειν.

1155 2207 1209 2242 (77)
1231 2207 1293 2242 Περὶ
1319 2205 1486 2236 τελειότητος.
1496 2206 1608 2242 Exstat
1618 2205 1666 2233 hic
1681 2204 1792 2242 titulus
1806 2203 1837 2242 in
1860 2212 1923 2242 uno

1118 2240 1272 2280 ex'llegiis
1283 2242 1440 2280 codicibus
1455 2245 1484 2280 et
1493 2241 1523 2269 in
1534 2241 1624 2280 Coisl.
1642 2240 1824 2280 primo,_n_isi
1836 2240 1923 2280 quod

1118 2277 1148 2305 in
1163 2275 1251 2314 Cois}.
1265 2276 1372 2314 legitur
1397 2275 1554 2314 μοναδικοῦ.
1572 2275 1671 2314 _Al_itér
1689 2277 1725 2314 in_
1739 2275 1922 2314 Coisliniano

1119 2312 1254 2341 secundo
1268 2310 1407 2341 et‘tribus
1423 2321 1441 2341 a
1455 2311 1635 2341 Combeﬁsio
1647 2311 1759 2348 citatis:
1782 2310 1922 2348 ἀνεπίγρα-

1120 2350 1285 2388 φος..Κανών
1301 2347 1411 2388 ὰκριϐᾑς
1427 2352 1474 2388 τῆς
1492 2349 1560 2388 κατὰ
1580 2350 1610 2388 τό
1630 2347 1784 2388 stay-19m
1795 2350 1842 2388 τοῦ
1858 2347 1923 2383 Χρι-

1118 2383 1167 2411 ias
1183 2383 1486 2416 ὰσκητικῆς’πολιτείας,
1509 2384 1581 2412 Sine
1598 2383 1803 2418 inscriptione.
1823 2384 1922 2411 Accw

1120 2423 1189 2448 rata
1208 2421 1314 2455 regula
1337 2421 1458 2448 ascetici
1472 2419 1635 2448 secundum
1651 2419 1767 2448 Christi
1782 2419 1922 2454 Evange-

1122 2456 1194 2484 lium
1207 2456 1348 2483 instituti.

1155 2492 1212 2527 (78)
1230 2491 1404 2527 Δηλουμένων.
1434 2491 1502 2519 Post
1528 2490 1608 2518 hanc
1632 2489 1859 2527 vocemgdelevi
1876 2491 1922 2527 καὶ

1120 2525 1294 2555 auctoritate
1314 2525 1384 2554 cod.
1412 2528 1484 2561 Reg.
1512 2528 1541 2554 et
1563 2526 1656 2561 Bigot.
1682 2525 1775 2553 Paulo
1800 2528 1872 2561 post
1891 2525 1922 2553 in

1120 2562 1207 2591 Cois].
1223 2562 1358 2590 secundo
1379 2565 1408 2590 et
1428 2569 1489 2589 uno
1509 2569 1545 2589 ex
1566 2561 1665 2596 Regiis
1685 2561 1710 2597 is
1724 2563 1844 2597 συντόμῳ
1858 2561 1923 2597 ὑπο-

1119 2602 1219 2639 μνῇσαι
1246 2599 1439 2639 προεθυμήρην.
1472 2599 1504 2625 ln
1535 2598 1635 2639 primo
1663 2596 1750 2624 Coisl.
1773 2596 1866 2639 deest
1885 2596 1922 2622 εἰ-

1119 2631 1184 2666 ξτεεν,
1211 2631 1292 2661 unde
1315 2631 1422 2669 cdnjici
1441 2631 1546 2670 posset
1565 2633 1644 2661 hanc
1663 2640 1769 2660 vocem
1785 2631 1922 2660 additam

1119 2669 1221 2712 tuisse,
1237 2671 1399 2705 postquam
1409 2669 1523 2697 librarii
1533 2671 1696 2704 posuerant
1711 2668 1858 2704 ὑπομνήσει
1868 2674 1923 2704 pro

1119 2709 1220 2734 ῦπομνῆ
1226 2714 1282 2732 σαι.

1317 2741 1380 2768 Duo
1395 2748 1457 2767 mss
1471 2741 1590 2768 πάντοτε.
1606 2738 1697 2768 Paulo
1707 2740 1777 2776 post
1787 2738 1881 2766 ίαντοῦ
1891 2738 1923 2767 in

1120 2774 1241 2805 duobus
1256 2775 1363 2811 Regiis.
1381 2775 1456 2804 Editi
1471 2776 1561 2804 αὐτοῦ.

1996 1349 2004 1512 l
