2009 3145
69 137 122 166 289

587 134 835 163 EPISTOLARUM
853 132 994 162 CLASSIS
1012 134 1034 162 Ι.
1048 134 1154 163 EPlST.
1175 134 1253 163 XXII.

1705 138 1759 167 290

69 202 168 237 ιαίρως
197 199 242 225 τὸν
264 195 419 230 ἀδικοῦντα,
438 195 468 223 οὗ
492 198 544 234 μὴν
571 196 596 223 ἐν
622 198 699 224 πάθει
721 201 769 229 τῆς
783 196 875 223 ἑαυτοῦ

938 197 996 224 tum
1020 197 1147 225 Domini.
1164 198 1228 226 Non
1252 199 1372 234 oportet
1399 197 1432 226 in
1460 197 1617 226 absentem
1635 198 1758 228 fratrem

69 242 250 278 ἐκδικήσεως,
266 241 321 269 ἀλλ’
336 241 361 268 ὲν
383 241 510 278 ἐπιθυμίᾳ
534 245 581 281 τῆς
602 246 648 269 τοῦ
668 241 779 278 ἀδελφοῦ
800 240 885 278 διορ-·

70 290 188 324 θώσεως,
208 288 278 314 κατά
300 289 348 316 τὴν
367 286 471 316 ἐντολήν
497 289 673 324 τοῦΚυρίου.
696 286 756 313 Ὀτι
782 287 811 313 οὔ
836 285 879 313 δεῖ

67 334 138 360 κατά
153 333 265 364 ἀπόντος
280 330 393 368 ἀδελφοῦ
413 331 493 367 λέγειν
508 341 534 357 τι
554 336 644 367 σκοπῷ
667 336 713 358 τοῦ
729 330 746 358 δ
749 331 877 358 ιαϐάλλειν

68 378 161 411 αὑτὸν,
177 378 239 415 ὅπερ
255 376 313 403 ἔστι
323 375 480 410 καταλαλιά,
494 376 542 402 κᾶν
558 375 641 406 ἀληθῆ
685 377 718 402 τά
736 376 872 412 λεγόμενα.

67 423 131 449 Ὀτι
152 421 194 449 δεῖ
218 424 262 448 τὸν
290 421 487 448 καταλαλοῦντα
516 419 627 457 ἀδελφοῦ
656 421 875 458 ἀποστρέφεσθαι.

65 466 132 494 Ὀτι
146 467 176 493 οὐ
197 465 239 493 δεῖ
255 465 402 504 εὐτράπελα
413 466 584 502 φθέγγεσθαι.
597 465 658 492 Ὂτι
679 465 709 492 οὔ
729 464 772 492 δεῖ
788 465 875 502 γελᾷν,

68 511 137 538 οὐδε
159 511 316 547 γελοιαστῶν
342 510 496 546 ἀνέχεσθαι.
525 510 632 537 Ὀτιού
652 509 694 537 δεῖ
718 510 875 548 ἀργολογεῖν,

66 556 198 583 λαλοῦντα
209 566 247 590 τι,
258 556 271 582 ὁ
286 558 352 592 μήτε
365 556 430 592 πρὸς
445 555 566 592 ὠφέλειαν
581 559 631 581 τῶν
652 554 796 582 ἀκουόντων
809 554 877 589 ἔστι,

65 604 137 638 μήτε
162 602 228 638 πρὸς
250 603 297 630 τὴν
326 599 470 636 ἀναγκαίαν
489 602 534 627 καὶ
561 602 800 638 συγκεχωρημένην
815 601 878 636 ἡμῖν

65 646 119 673 ὑπό
136 645 192 683 (80)
207 649 256 672 τοῦ
272 648 339 672 Θεοῦ
363 647 456 682 χρείαν
470 653 476 660 ·
505 645 573 672 ὥστε
591 647 637 671 καὶ
655 647 716 675 τοὺς
731 644 877 682 ἐργαζομέ-

65 701 128 722 νους
154 689 328 723 σπουδάζειν,
354 690 414 716 καθ’
440 690 500 716 ὅσον
526 688 647 723 δυνατόν,
674 690 739 726 μετά
761 690 879 726 ἡσυχίας

65 735 233 773 ἐργάξεσθαι
244 743 250 750 ·
273 737 319 761 καὶ
343 734 437 765 αὐτοὺς
457 733 486 761 δε
501 735 562 764 τοὺς
583 733 696 770 ἀγαθοὺς
710 734 802 770 λόγους
816 735 879 771 πρός

66 780 180 812 ἐκείνους
195 783 286 814 κινεῖν,
302 781 363 811 τοὺς
383 780 605 816 πεπιστευμένους
628 780 696 815 μετὰ
720 777 880 815 δοκιμασίας

72 826 222 862 οἰκονομεῖν
243 826 288 852 τὸν
302 824 378 861 λόγον
392 826 458 861 πρὸς
480 823 621 861 οἰκοδομὴν
640 828 688 855 τῆς
703 827 823 859 πίστεως,
839 825 881 850 ῖνα

65 873 103 907 μὴ
117 870 237 900 λυπῆται
251 871 279 896 τὸ
302 873 407 906 Πνεῦμα
427 871 456 896 τὸ
475 869 550 905 ἅγιον
566 873 612 895 τοῦ
625 872 703 896 Θεοῦ.
719 868 779 895 Ὀτι
791 868 820 895 οὗ
839 867 857 895 δ
859 872 880 895 εῖ
894 872 917 899 Β

68 919 121 942 τῶν
143 914 367 952 ὶπεισερχομένων
380 915 440 940 τινὰ
456 913 504 947 ,ἄπ’
522 913 641 945 ἱξονσίας
656 912 769 949 ἐγγίζειν
791 913 848 949 (81)
862 913 877 943 ἡ

65 960 159 986 λαλεῖν
188 969 238 985 τινι
264 963 315 985 τῶν
339 957 467 994 ἀδελφῶν,
483 960 555 996 πρὶν,
582 958 613 983 ἂν
636 959 661 984 οἱ
687 957 879 994 ἔπιτεταγμένοι

67 1007 119 1034 τήν
135 1001 259 1041 φροντίδα
284 1007 332 1034 τῆς
355 1002 380 1029 ἐν
403 1005 484 1029 πᾶσιν
504 1002 622 1034 εὐταξίας
643 1001 812 1039 δοκιμάσωσι
827 1006 879 1033 πῶς

70 1049 180 1086 ἀρέσκει
196 1053 253 1084 Θεῷ
266 1050 333 1086 πρὸς
346 1049 375 1075 τὸ
390 1052 462 1084 κοινῇ
478 1050 619 1086 συμφέρον.
635 1047 695 1074 Ὀτι
717 1047 746 1073 οὐ
763 1045 805 1073 δεῖ
819 1049 879 1083 οἴνῳ

68 1092 257 1121 δεδουλῶσθαι
269 1101 276 1108 ⁸
292 1095 350 1120 οὔτε
362 1095 422 1130 περὶ
444 1094 508 1129 κρέα
521 1092 641 1129 ίμπαθῶς
660 1093 730 1128 ἔχειν
744 1100 750 1107 ’
767 1091 878 1118 καθόλου

66 1141 127 1175 περὶ
143 1136 222 1165 οὐδὲν
247 1137 344 1174 βρῶμα
364 1137 379 1167 ἦ
402 1139 476 1173 πόμα
504 1135 643 1173 φιλήδονον
673 1137 757 1163 εἶναι·
784 1137 798 1162 ό
826 1137 877 1173 γὰρ

67 1183 262 1220 ἀγωνιζόμενος
275 1183 361 1209 πάντα
375 1181 569 1219 ὶγκρατεύεται.
585 1181 646 1208 Ὀτι
660 1185 710 1207 τῶν
731 1179 878 1218 διδομένων

67 1227 170 1263 ἑκάστῳ
193 1227 231 1259 εἰς
254 1229 355 1264 χρήσιν
380 1225 456 1253 οὐδὲν
480 1227 515 1257 ὡς
542 1224 612 1252 ἴδιον
637 1227 707 1261 ἔχειν
730 1224 781 1258 δεῖ,
798 1226 812 1255 ἣ
830 1234 879 1251 τα-

66 1273 221 1309 μιεύεσθαι¹
236 1271 262 1298 ἕν
275 1273 363 1308 μέντοι
377 1275 408 1308 τῇ
427 1268 548 1307 φροντίδι
561 1273 642 1297 πᾶσιν
658 1271 690 1301 ὡς
706 1268 880 1301 δεσποτικοῖς

67 1318 248 1353 προσέχοντα,
265 1313 348 1352 μηδεν
362 1319 412 1342 τῶν
430 1314 680 1352 παραῤῥιπτομὲνων
707 1315 722 1344 ἣ
740 1313 879 1350 ἀμελουμέ-

67 1371 128 1394 νων,
144 1360 175 1386 ἂν
190 1360 260 1387 οὕτω
274 1361 359 1396 τύχῃ,
378 1362 507 1397 παρορῷ.
520 1358 581 1386 Ὀτι
605 1360 634 1386 οὐ
659 1357 711 1392 δεῖ,
725 1360 783 1385 οὔτε
797 1358 875 1384 αὑτὸν

69 1405 165 1432 ἑαυτοῦ
194 1406 284 1442 κύριον
304 1405 370 1431 εἶναι
393 1414 461 1438 τινα,
491 1403 545 1430 ἀλλ’
561 1405 593 1435 ὡς
621 1405 672 1430 ὑπὸ
699 1407 767 1430 Θεοῦ
796 1413 879 1440 παρα-

70 1448 213 1486 δεδομένον
229 1449 266 1480 εἰς
281 1447 400 1476 δουλείαν
415 1452 471 1479 τοῖς
490 1448 641 1485 ὁμοψύχοις
664 1446 795 1484 ἀδελφοῖς,
813 1448 880 1474 οὕτω

70 1497 117 1521 καὶ
132 1497 233 1531 φρονεῖν
256 1494 342 1521 πάντα
362 1495 407 1520 καὶ
436 1496 527 1530 ποιεῖν,
544 1493 652 1520 ἕκαστον
669 1490 698 1519 δε
721 1491 746 1519 ἐν
767 1496 803 1528 τῷ
820 1490 880 1529 ἰδίῳ

69 1540 202 1576 τάγματι.
894 1546 916 1574 ο

109 1631 137 1657 2.
155 1627 218 1654 Ὀτι
239 1627 269 1654 οὐ
296 1625 338 1654 δεῖ
363 1627 514 1664 γογγύζειν,
537 1628 597 1653 οὔτε
618 1626 642 1653 ἓν
666 1629 697 1663 τῇ
719 1629 882 1663 στενοχωρίᾳ

73 1677 125 1699 τῶν
153 1674 219 1710 πρὸς
247 1674 295 1701 τὴν
330 1675 445 1710 χρείαν,
480 1673 537 1699 οὔτε
570 1670 594 1697 ἓν
627 1675 663 1706 τῷ
696 1672 805 1708 καμάτῳ
832 1675 881 1698 τῶν

71 1714 169 1754 ἔργων,
202 1716 317 1753 ἐχόντων
342 1718 372 1743 τὸ
391 1720 474 1754 κρῖμα
502 1717 561 1754 περὶ
577 1715 688 1742 ἑκάστου
722 1719 771 1742 τῶν
800 1715 883 1742 ἔπιτε.

75 1764 212 1798 ταγμένων
242 1762 300 1797 (82)
329 1763 376 1791 τὴν
406 1763 502 1788 τούτων
533 1760 664 1792 ἐξουσίαν.
695 1760 756 1787 Ὀτι
784 1760 812 1786 οὐ
843 1759 884 1787 δεῖ

76 1808 198 1844 κραυγὴν
213 1806 344 1842 γίνεσθαι,
374 1807 433 1832 οὔτε
453 1805 516 1831 ἄλλο
546 1815 572 1831 τι
597 1809 703 1842 σχῆμα,
732 1805 747 1834 ἣ
775 1807 882 1841 κίνημα,

78 1850 103 1877 ἰν
128 1851 148 1886 ᾧ
171 1850 400 1888 χαρακτηρίζεται
427 1850 548 1887 θυμὸς,ἣ
570 1852 745 1887 μετεωρισμὸς
770 1849 820 1876 ἀπὸ
836 1854 885 1880 τῆς

74 1895 257 1933 πληροφορίας
269 1899 315 1921 τοῦ
329 1898 450 1932 παρεῖναι
465 1897 508 1921 τὸν
522 1897 597 1922 Θεόν.
612 1894 673 1920 Ὀτι
694 1893 736 1921 δεῖ
758 1899 788 1930 τῇ
804 1896 884 1931 χρείᾳ

78 1943 236 1976 συμμετρεῖν
259 1941 305 1968 τὴν
331 1941 426 1976 φωνήν.
440 1938 501 1965 Ὀτι
525 1938 554 1965 οὐ
580 1937 623 1965 δεῖ
637 1939 752 1975 θρασέως
766 1939 780 1968 ἣ
800 1949 884 1965 κατα-

77 1988 240 2021 φρονητικῶς
257 1993 310 2010 τινι
338 1983 535 2020 ἀποκρίνεσθαι,
565 1984 580 2013 ἢ
607 1987 691 2010 ποειῖν
719 1993 755 2019 τι,
786 1982 840 2009 ἀλλ’
861 1984 885 2009 ἕν

76 2031 148 2055 πᾶσι
174 2030 204 2055 τὸ
230 2028 339 2059 ἕπιεικὶς
373 2031 418 2055 καὶ
453 2030 482 2055 τὸ
510 2030 648 2065 τιμητικὸν
688 2029 752 2065 πρὸς
786 2029 886 2059 πάντας

78 2072 218 2101 δεικνύειν.
239 2073 301 2100 Ὀτι
320 2073 349 2100 οὔ
375 2071 417 2100 δεῖ
440 2072 545 2100 ὓνεύειν
565 2072 689 2110 ὀφθαλμῷ
704 2074 770 2109 μετὰ
796 2071 886 2107 δόλου,

78 2119 94 2148 ἡ
112 2118 182 2154 ἄλλῳ
197 2120 250 2144 τινὶ
267 2120 391 2155 σχήματι
412 2118 427 2148 ἣ
454 2121 578 2154 κινήματι
604 2117 695 2154 μέλους
723 2118 886 2154 κεχρῆσθαι,

78 2163 92 2189 ὂ
113 2162 190 2189 λυπεῖ
213 2163 257 2189 τὸν
285 2161 403 2199 ἀδελφὸν,
433 2163 448 2193 ἣ
468 2164 663 2200 καταφρόνησιν
688 2161 888 2199 ἐμφαίνει.”οτι

79 2207 110 2234 οὐ
146 2205 189 2234 δεῖ
215 2206 428 2238 καλλωπίζεσθαι
457 2206 482 2233 ἔν
524 2208 636 2243 ἱματίοις
661 2207 676 2236 ἣ
705 2205 887 2243 ὑποδήμασιν,
904 2225 925 2252 D

83 2253 148 2290 ὅπερ
171 2251 228 2278 ἔστι
256 2255 404 2290 περπερεία,
438 2251 499 2278 Ὀτι
531 2250 573 2278 δεῖ
601 2251 712 2278 εὐτελέσι
738 2252 888 2288 κεχρῆσθαι

81 2300 139 2328 τοῖς
152 2298 217 2334 πρὸς
239 2299 286 2326 τὴν
301 2298 394 2333 χρείαν
409 2300 455 2323 τοῦ
481 2298 611 2332 σώματος.
635 2295 697 2322 Ὀτι
712 2295 741 2322 οὐ
768 2294 808 2322 δεῖ
823 2297 887 2334 ὑπερ

81 2343 132 2371 τὴν
161 2343 255 2377 χρείαν
279 2343 324 2367 καὶ
352 2342 418 2377 πρὸς
451 2339 590 2376 δαψίλειαν
624 2339 770 2367 ἀναλίσκειν
801 2339 886 2377 οὐδὲν,

83 2387 147 2423 ὅπερ
175 2386 232 2412 ἐστὶ
255 2387 441 2423 παράχρησις.
457 2385 518 2412 Ὀτι
532 2385 562 2411 οὐ
587 2383 627 2412 δεῖ
642 2387 718 2421 τιμὴν
745 2385 886 2419 ἐπιζητεῖν,

38 2445 41 2447 -
84 2432 99 2461 ἣ
128 2433 260 2468 πρωτείων
288 2429 491 2459 ἀντιποιεῖσθαι,
510 2429 572 2457 Ὀτι
594 2428 636 2457 δεῖ
660 2430 769 2456 ἕκαστον
798 2439 889 2467 προτι-

83 2479 137 2513 μᾷν
157 2476 251 2502 ἱαυτοῡ
270 2476 380 2506 πάντας.
395 2475 457 2502 Ὅτι
484 2475 514 2502 οὐ
539 2473 583 2501 δεῖ
609 2474 786 2501 ἀνυπότακτον
813 2474 888 2502 εἶναι.

83 2521 144 2548 Ὀτι
159 2520 189 2547 οὐ
204 2519 247 2547 δεῖ
270 2519 350 2558 ἀργὸν
366 2519 461 2547 ἐσθίειν
484 2521 528 2547 τόν
552 2519 712 2557 ὶργάζεσθαι
736 2518 887 2556 δυνάμενον,

123 2610 179 2646 (80)
192 2609 272 2646 ίῐῐμῖν
285 2609 346 2636 ὑπὸ.
361 2610 410 2637 Hae
425 2609 494 2646 duas
518 2617 608 2637 voces
623 2609 733 2646 additas
747 2616 785 2646 ei;
801 2608 889 2646 Goisl.

85 2645 271 2691 secundolet
282 2653 344 2673 uno
363 2652 400 2673 ex
414 2645 522 2681 Regiis.
545 2646 608 2673 Duo
628 2645 762 2674 Combef.
777 2645 892 2673 habent

86 2692 150 2720 ημιν
167 2691 250 2719 παρα.

107 2719 167 2758 _(_8_l
174 2719 182 2758 )
193 2716 480 2758 'py-inm._Additur
495 2716 605 2758 ἔχειν-ξῐι
617 2715 889 2758 duobus‘Combef.

86 2756 116 2783 et
130 2751 371 2782 Coisl.secundo
385 2754 414 2780 et
426 2760 489 2780 uno
503 2751 539 2780 ex
563 2752 669 2787 Regiis.
694 2751 752 2780 Sed
776 2759 812 2780 ea
834 2760 892 2780 vox

86 2797 150 2819 non
164 2788 275 2826 legitur
294 2788 327 2817 in
346 2787 564 2825 antiquissimis
584 2787 750 2824 codicibus,
765 2795 821 2816 nec
841 2795 892 2817 ne-

929 240 1099 277 quidquam
1112 241 1221 276 dicere,
1236 241 1317 270 illius
1333 242 1513 271 traducendi
1529 243 1759 280 consilio,quod

930 285 1053 322 quidem
1067 286 1243 315 obtrectatio
1254 288 1311 320 est,
1327 287 1445 315 etiamsi
1460 295 1530 315 vera
1547 287 1605 316 sint
1629 296 1698 324 quae
1713 288 1758 316 di-

931 332 1050 358 cuntur.
1071 331 1209 359 Aversari
1229 331 1266 359 de
1291 331 1381 359 fratre
1407 331 1615 360 detrahentem
1630 335 1758 368 oportet.

932 375 1074 403 Scurrilia
1088 383 1150 403 non
1164 376 1355 412 proferenda.
1368 378 1432 404 Non
1442 377 1615 412 ridendum,
1626 385 1681 405 nec
1694 386 1759 414 per-

931 419 1046 447 ferendi
1076 420 1206 448 dicaces.
1230 422 1294 449 Non
1318 421 1507 457 loquendum
1526 422 1631 458 otiose,
1644 422 1760 458 aliquid

931 463 1123 500 proferendo,
1140 464 1224 501 quod
1247 473 1302 493 nec
1329 465 1369 494 ad
1392 465 1546 494 utilitatem
1571 466 1759 495 audientium

932 509 1089 544 pertineat,
1102 517 1157 537 nec
1169 509 1208 537 ad
1221 510 1426 538 necessarium
1437 512 1466 538 et
1478 518 1656 539 concessum
1672 511 1759 539 nobis

932 560 951 581 a
979 554 1039 582 Deo
1066 561 1156 581 usum
1174 562 1180 581 :
1197 554 1275 582 adeo
1302 556 1335 582 ut
1361 556 1390 582 et
1411 554 1584 583 laborantes
1607 555 1758 590 studeant,

932 600 1082 633 quantum
1094 597 1159 626 ﬁeri
1174 600 1283 634 potest,
1296 598 1413 627 silentio
1426 598 1564 628 laborare
1576 609 1584 634 ;
1599 599 1697 628 bonos
1707 608 1759 629 au-

931 644 991 670 tem
1006 642 1090 678 ipsos
1107 650 1261 671 sermones
1285 643 1321 671 iis
1345 646 1529 680 proponant,
1544 643 1656 680 quibus
1679 652 1760 672 com-

932 686 1060 714 missum
1076 689 1121 714 est
1134 687 1299 723 prudenter
1318 687 1496 724 dispensare
1527 696 1698 716 sermonem
1719 688 1760 718 ad

932 730 1162 759 aedificationem
1177 731 1264 765 ﬁdei;
1281 739 1319 760 ne
1343 735 1466 760 sanctus
1484 732 1534 760 Dei
1551 732 1676 769 Spiritus
1690 732 1759 761 afﬁ-

934 776 1028 804 ciatur
1043 776 1168 804 tristitia.
1189 777 1253 804 Non
1279 778 1398 813 oportet
1417 779 1450 805 ut
1475 777 1639 813 quisquam
1658 785 1694 805 ex
1707 785 1760 805 sn-

933 820 1177 856 pervenientibus
1192 820 1285 849 libere
1302 821 1427 850 accedat
1438 821 1477 849 ad
1488 821 1614 850 fratrum
1627 822 1760 858 aliquem

934 866 986 893 aut
999 864 1196 901 colloquatur,
1209 867 1374 901 antequam
1388 865 1409 893 ii
1419 865 1531 901 quibus
1547 873 1620 894 cura
1632 865 1761 902 discipli-

933 917 980 937 nas
994 909 1024 936 in
1038 909 1180 937 omnibus
1193 909 1350 937 servandre
1361 909 1524 938 commissa
1538 912 1591 945 est,
1608 910 1761 946 expende-

933 953 992 982 rint
1006 961 1044 981 an
1058 949 1099 981 ifa
1114 953 1232 990 placeat
1248 955 1318 988 Deo,
1340 957 1372 982 ut
1398 954 1464 983 aliis
1493 954 1639 990 prodesse
1654 955 1760 991 possit.

933 999 997 1026 Non
1010 1000 1128 1034 oportet
1149 997 1220 1026 vino
1234 997 1388 1034 inservire,
1416 1006 1516 1035 neque
1544 999 1644 1027 carnis
1668 999 1762 1027 teneri

933 1042 1095 1076 desiderio,
1109 1050 1165 1070 nec
1179 1042 1241 1070 ullo
1255 1050 1379 1079 prorsus
1403 1043 1435 1071 in
1457 1043 1525 1071 cibo
1549 1045 1601 1071 aut
1623 1046 1697 1079 potu
1711 1051 1762 1072 vo-

931 1086 1078 1123 luptatem
1094 1094 1229 1123 quterere
1239 1095 1245 1121 ;
1257 1095 1330 1115 nam
1344 1087 1398 1123 qui
1417 1089 1520 1121 certat,
1537 1089 1636 1116 servat
1650 1089 1762 1124 tempe-

932 1131 1063 1160 rantiam
1079 1131 1110 1159 in
1138 1131 1293 1159 omnibus.
1323 1131 1400 1160 Nihil
1422 1139 1528 1160 eorum
1554 1140 1623 1168 qua:
1649 1132 1762 1162 utenda

933 1176 1096 1213 unicuique
1112 1175 1282 1210 traduntur,
1296 1178 1415 1212 oportet
1430 1176 1540 1204 habere
1551 1179 1583 1204 ut
1593 1176 1760 1213 proprium,

933 1223 985 1249 aut
995 1228 1150 1249 reservare
1163 1229 1169 1255 ;
1187 1220 1241 1248 sed
1256 1223 1358 1248 tamen
1372 1220 1457 1257 quod
1470 1223 1585 1257 spectat
1603 1221 1642 1248 ad
1657 1229 1762 1249 curam

934 1268 962 1294 et
974 1265 1219 1299 sollicitudinem,
1231 1265 1383 1301 omnibus,
1401 1268 1434 1293 ut
1447 1265 1487 1293 ad
1501 1265 1661 1293 Dominum
1677 1265 1764 1301 perti-

933 1309 1085 1343 nentibus,
1097 1310 1313 1344 attendentem,
1328 1309 1403 1338 nihil
1417 1318 1523 1338 eorum
1542 1318 1611 1346 qua:
1630 1310 1764 1346 projects.

934 1357 987 1384 aut
1000 1354 1137 1389 neglecta
1151 1357 1231 1390 sunt,
1251 1355 1276 1382 si
1290 1355 1331 1383 ita
1345 1354 1498 1387 acciderit,
1514 1355 1676 1391 praeterire.
1698 1357 1764 1384 Non

934 1401 1250 1436 oportetquemquam
1278 1399 1325 1426 vel
1347 1398 1490 1435 suiipsius
1513 1399 1671 1428 dominum
1684 1407 1760 1434 esse,

935 1443 988 1472 sed
1002 1443 1084 1472 velut
1109 1451 1127 1471 a
1150 1445 1210 1472 Deo
1227 1443 1372 1471 traditum
1386 1443 1418 1471 in
1434 1443 1606 1471 servitutem
1620 1443 1762 1472 fratribus

934 1488 1097 1523 unanimis,
1114 1488 1156 1516 ita
1170 1490 1198 1516 et
1212 1487 1322 1515 sentire
1348 1487 1452 1516 omnia
1475 1489 1503 1516 et
1519 1487 1636 1523 facere;
1650 1495 1761 1516 unum-

936 1539 1088 1569 quemque
1103 1532 1249 1561 tamenin
1263 1540 1319 1561 suo
1333 1532 1451 1561 ordine.

972 1625 998 1650 2.
1015 1623 1079 1650 Non
1093 1623 1211 1658 oportet
1223 1629 1424 1656 murmurare,
1440 1629 1496 1650 nec
1509 1621 1541 1650 in
1549 1629 1651 1649 rerum
1663 1629 1763 1650 neces-

938 1667 1087 1694 sariarum
1097 1666 1255 1701 angustiis,
1267 1674 1323 1694 nec
1333 1666 1497 1702 inoperum
1510 1666 1763 1702 labore,quando-

938 1711 1061 1748 quidem
1076 1710 1318 1747 unumquodque
1331 1711 1437 1746 judieii
1452 1713 1497 1739 est
1515 1718 1630 1745 eorum,
1652 1711 1763 1747 quibus

938 1755 1102 1784 commissa
1110 1763 1210 1784 rerum
1221 1755 1341 1783 illarum
1352 1757 1494 1791 potestas.
1507 1756 1566 1783 Nec
1577 1755 1690 1783 clamor
1699 1755 1763 1784 ﬁeri

938 1800 1037 1836 debet,
1052 1808 1107 1828 nec
1123 1800 1238 1836 quaevis
1253 1799 1313 1827 alia
1329 1800 1454 1836 species,
1469 1802 1520 1827 aut
1532 1801 1634 1828 motus
1650 1808 1686 1828 ex
1702 1808 1763 1836 quo

939 1845 1123 1880 signiﬁcetur
1137 1844 1304 1879 iracundia,
1316 1847 1368 1872 aut
1383 1844 1476 1872 animi
1489 1844 1640 1872 aberratio
1654 1844 1693 1872 ab
1705 1845 1764 1872 hac

939 1889 1148 1926 persuasione,
1157 1890 1250 1917 Deum
1257 1897 1322 1917 esse
1331 1891 1521 1925 praesentem.
1529 1889 1650 1925 Oportet
1659 1897 1764 1918 vocem

939 1942 998 1962 usu
1012 1934 1121 1962 metiri.
1131 1935 1195 1961 Non
1205 1935 1323 1969 oportet
1333 1933 1500 1969 petulanter
1509 1936 1560 1961 aut
1571 1933 1766 1969 contemptim

941 1979 1084 2015 cuiquam
1098 1978 1293 2014 respondere,
1311 1980 1362 2006 aut
1373 1977 1543 2014 quidquam
1552 1978 1660 2012 facere,
1672 1978 1725 2007 sed
1733 1978 1766 2007 in

941 2023 1083 2052 omnibus
1089 2023 1271 2051 modestiam
1277 2024 1368 2059 atque
1375 2023 1573 2051 reverentiam
1581 2030 1654 2058 erga
1659 2030 1766 2051 omnes

942 2068 1111 2097 ostendere.
1126 2069 1191 2096 Non
1212 2067 1308 2096 oculis
1328 2067 1519 2096 innuendum
1535 2070 1579 2096 est
1594 2075 1663 2096 cum
1676 2067 1765 2102 dolo;

942 2121 998 2142 nec
1012 2113 1071 2141 alia
1090 2112 1232 2149 quaslibet
1257 2111 1372 2148 species
1401 2113 1487 2148 100
1511 2111 1695 2148 adhibenda,
1715 2115 1767 2141 aut

942 2157 1072 2186 membri
1084 2159 1183 2185 motus
1194 2157 1246 2193 qui
1262 2156 1346 2184 fratri
1362 2156 1464 2184 afferat
1478 2156 1624 2185 tristitiam
1634 2159 1686 2185 aut
1695 2165 1767 2185 con-

942 2204 1091 2246 temptum
1110 2201 1229 2229 indicet.
1250 2201 1379 2229 Ornatus
1388 2200 1424 2246 in
1439 2201 1573 2228 vestibus
1587 2203 1639 2229 aut
1661 2201 1768 2229 calceis

943 2245 1038 2285 quaeri
1047 2255 1109 2275 non
1120 2246 1222 2280 debet;
1233 2245 1316 2282 quod
1322 2245 1447 2282 quidem
1453 2253 1534 2274 vana
1544 2246 1703 2274 ostentatio
1713 2249 1767 2275 est.

945 2292 1051 2321 Viliora
1061 2299 1190 2328 quaeque
1202 2290 1377 2319 adhibenda
1386 2290 1425 2318 ad
1435 2299 1525 2318 usum
1539 2291 1685 2327 corporis.
1692 2291 1768 2320 Nihil

943 2337 1022 2366 ultra
1035 2336 1066 2365 id
1076 2336 1159 2373 quod
1172 2335 1380 2366 necessarium
1390 2336 1444 2370 est,
1461 2337 1513 2363 aut
1523 2335 1562 2363 ad
1573 2336 1768 2371 magniﬁcen-

944 2383 1017 2410 tiam
1028 2380 1254 2413 insumendum;
1264 2379 1347 2416 quod
1355 2379 1478 2416 quidem
1490 2379 1604 2407 abusus
1615 2382 1769 2409 est.Honor

945 2426 1148 2463 exquirendus
1175 2433 1237 2454 non
1260 2428 1314 2459 est,
1340 2426 1392 2452 aut
1410 2424 1591 2453 ambiendus
1609 2426 1769 2461 primatus.

945 2473 1037 2501 Debet
1050 2470 1264 2507 unusquisque
1292 2471 1418 2498 caeteros
1445 2469 1504 2498 sibi
1531 2470 1688 2498 anteferre.
1703 2471 1769 2498 Non

945 2519 1063 2554 oportet
1076 2516 1327 2552 inobsequentem
1340 2522 1417 2543 esse.
1432 2515 1497 2543 Non
1510 2516 1627 2551 oportet
1638 2515 1769 2544 otiosum

946 2605 1077 2634 cessaria
1091 2607 1146 2633 est.

983 2642 1036 2677 (8-2)
1055 2642 1113 2677 Τῷν
1139 2640 1352 2677 ἐπιτεταγμένων.
1381 2639 1454 2667 Cod.
1464 2674 1472 2677 _
1486 2639 1566 2677 νει.-
1580 2636 1766 2677 imas-apium.

947 2664 1035 2706 ιτοῗιὲ
1056 2664 1302 2712 amatam;
1311 2664 1324 2665 ⁷⁷
1335 2664 1370 2712 ut
1386 2664 1598 2712 ‘ﬁguofiarra
1624 2664 1767 2703 manus;

947 2713 1001 2741 sed
1028 2715 1131 2775 tegmen
1162 2719 1254 2748 supra
1283 2710 1445 2746 legitur'oi
1494 2710 1685 2747 ὶπιτεταγμίνοι
1721 2713 1768 2740 τὴν

947 2758 1035 2775 ωοοντι
1057 2758 1082 2775 α.

946 2758 1051 2787 φροντιο
1057 2758 1082 2775 α.
