2009 3145
252 133 301 162 291

937 130 966 159 S.
987 128 1111 158 BASlLlI
1130 128 1238 156 MAGNl

1884 131 1933 158 292

253 194 412 224 comedere
427 201 507 228 eum,
517 194 570 230 qui
581 193 720 222 laborare
731 195 845 230 potest:
859 193 911 221 sed
922 195 950 221 et
964 192 1017 229 qui
1035 199 1080 220 oc-

1138 191 1201 218 ἀλλὰ
1225 193 1326 218 καὶτὸν
1356 191 1550 229 ἀσχολούμενον
1574 193 1633 229 περὶ
1661 201 1688 217 τι
1712 195 1761 218 τῶν
1793 193 1933 230 κατορθου-

253 242 382 275 cupatur
397 239 426 266 in
442 246 546 267 eorum
562 237 674 274 aliquo,
691 246 759 274 quae
774 238 814 266 ad
835 237 941 267 Christi
956 237 1082 272 gloriam

253 284 395 320 prmelare
403 283 489 313 iiunt.
497 283 557 310 vim
568 283 685 318 sibiipsi
699 283 796 310 facere
803 282 892 311 debet
899 282 937 310 ad
949 281 1082 309 studium

253 328 352 364 operis
361 335 416 363 pro
427 327 541 355 viribus
553 327 741 355 conficiendi.
752 329 873 364 Oportet
884 334 1082 362 unumquem-

253 381 322 409 que,
335 372 505 408 prazposilis
512 372 764 408 approbantibus,
777 381 847 400 cum
858 372 973 400 ratione
984 371 1081 399 etaui-

252 418 294 445 mi
306 417 502 452 persuasione
519 417 559 444 ita
573 417 677 444 omnia
693 417 801 450 facere,
821 425 916 453 usque
929 416 969 444 ad
981 416 1080 452 ipsum

252 462 342 489 etiam
355 469 441 489 esum
453 464 479 489 et
491 465 608 497 potum,
619 463 651 489 ut
664 461 702 490 ad
714 462 763 489 Dei
775 462 902 497 gloriam
912 460 1080 489 referenda.

252 507 316 534 Non
329 511 446 542 oportet
457 506 496 533 ab
509 513 569 533 uno
585 506 623 534 ad
638 506 731 534 alium
747 506 883 534 laborem
900 505 1082 537 transire.ci-

252 553 298 578 tra
310 550 563 586 approbationem
573 558 678 578 eorum
689 551 741 587 qui
753 554 824 579 sunt
834 551 924 579 rebus
931 549 1081 586 ejusmodi

251 594 447 622 moderandis
458 595 619 631 praepositi;
630 595 872 632 nisiquempiam
882 594 1082 623 ineluctabilis

251 639 416 667 necessitas
427 639 465 666 ad
477 639 624 667 auxilium
635 639 788 668 debilioris
804 640 904 668 subito
915 639 1079 668 vocaverit:

252 683 343 711 debet
359 683 572 720 unusquisque
597 692 719 712 manere
735 685 765 712 in
789 692 825 712 eo
841 685 924 720 quod
937 685 995 720 ipsi
1009 692 1083 720 pra:-

252 728 398 764 scriptum
413 731 476 763 est;
501 736 556 756 nec
575 730 730 765 propriam
747 737 922 757 mensuram
937 732 1083 764 transgre-

251 772 347 808 diens,
363 773 487 808 aggredi
503 781 564 801 non
578 774 770 810 praescripta;
783 774 840 802 nisi
853 774 882 809 ii,
897 774 1009 811 quibus
1019 774 1083 802 haec

251 818 418 846 commissa
427 820 506 851 sunt,
515 818 647 854 aliquem
661 818 773 846 auxilio
784 819 919 853 indigere
928 818 1082 854 judicave-

1127 238 1217 273 ’μένων
1248 237 1284 268 εὶς
1312 235 1392 268 δόξαν
1420 241 1556 274 Χριστοῦ,
1583 235 1752 267 ἐκϐιάζεσθαι
1783 236 1874 263 ἑαυτὸν
1903 237 1935 268 εἰς

1136 283 1183 310 τὴν
1199 280 1320 311 σπουδὴν
1339 286 1385 308 τοῦ
1409 283 1475 308 κατά
1500 280 1612 317 δύναμιν
1636 283 1722 318 ἔργου.
1749 281 1810 307 Ὀτι
1825 280 1869 308 δεῖ
1882 283 1935 308 ἔκα-

1138 336 1198 352 στον
1213 325 1360 363 δοκιμασίᾳ
1374 332 1423 353 τῶν
1447 330 1617 363 προεστώτων
1638 326 1695 362 (83)
1716 328 1782 362 μετὰ
1796 326 1877 362 λόγου
1895 330 1936 353 καὶ

1137 371 1312 409 πληροφορίας
1336 372 1404 398 οὕτω
1436 376 1518 398 ποιεῖν
1552 372 1658 406 πάντα,
1692 372 1760 408 ἄχρι
1783 374 1828 397 καὶ
1857 371 1936 398 αὐτοῦ

1136 421 1182 442 τοὺ
1209 421 1298 453 φαγεῖν
1319 420 1363 443 καὶ
1385 421 1461 449 πιεῖν,
1494 418 1529 447 ὡς
1557 416 1593 448 εἰς
1611 414 1689 448 δοξαν
1718 414 1784 442 Θεοῦ
1803 419 1935 452 γινόμενα.

1135 460 1239 487 Ὀτιοὺ
1256 459 1297 487 δεῖ
1311 460 1353 497 ἀφ’
1383 461 1469 498 ἐτέρου
1498 461 1534 492 εἰς
1561 461 1646 497 ἓτερον
1673 462 1746 498 Ξργον
1773 460 1936 497 μεταϐαίνειν

1135 507 1195 532 ἄνευ
1210 510 1257 537 τῆς
1273 505 1441 542 ,δοκιμασίας
1470 510 1519 532 τῶν
1544 505 1579 536 εἰς
1608 507 1637 531 τό
1661 504 1806 532 διατυποῦν
1833 507 1866 532 τὰ
1886 515 1937 532 τοι-

1136 555 1204 577 αῦτα
1216 550 1420 587 ἐπιτεταγμένων
1435 552 1494 585 (84)
1505 561 1511 567 ·
1532 551 1606 581 ἐκτὸς
1620 550 1641 576 εἰ
1655 553 1690 587 μή
1707 552 1757 576 πού
1777 560 1838 576 τινα
1856 549 1937 587 ἄπειρ’

1137 598 1242 626 αίτητος
1277 595 1377 631 ἀνάγκη
1417 595 1451 625 εἰς
1489 594 1613 631 βοήθειαν
1650 598 1695 621 τοῦ
1724 593 1939 626 αδυνατήσαντος

1136 640 1227 669 καλοίη
1244 639 1384 676 αἰφνίδιον.
1413 639 1473 666 *Οτι
1497 637 1540 666 δεῖ
1563 640 1671 665 ἕκαστον
1695 642 1777 676 μένειν
1797 639 1821 665 ἐι
1883 639 1940 666 ita»

1137 686 1203 721 χθη,
1229 687 1336 721 καὶμὴ,
1357 684 1546 720 ὑπερϐαίνοντα
1574 685 1602 709 τὸ
1627 682 1696 710 ἴδιον
1721 686 1823 720 μέτρον,
1839 684 1941 710 ἔπιϐαἱ-

1137 739 1187 755 νειν
1215 733 1268 760 τοῖς
1292 731 1327 765 μὴ
1350 728 1566 765 ἓπιτεταγμένοις,
1595 729 1617 755 εἰ
1640 731 1675 765 μή
1704 739 1729 754 τι
1754 728 1784 754 ἂν
1811 730 1836 755 οἱ
1855 733 1941 755 ταῦτα

1138 776 1337 810 πεπιστευμένοι
1365 772 1534 810 δοκιμάσωσί
1564 783 1623 799 τινα
1638 774 1776 810 χρῄζοντα
1802 773 1939 810 βοηθείας.

1138 818 1198 845 Ὅτι
1213 818 1242 844 οὐ
1258 816 1299 844 δεῖ
1315 817 1356 854 ἀφ’
1368 818 1454 855 ἑτερου
1465 817 1642 855 ἐργαστηρίου
1659 818 1692 848 εἰς
1705 819 1788 855 ἕτερον
1803 819 1940 855 εὑρισκεσ-

251 861 320 889 rint.
334 863 397 889 Non
404 865 522 898 oportet
529 863 651 898 reperiri
661 863 836 899 quempiam
846 864 886 891 ab
894 863 953 891 alia
963 863 1080 891 ofﬁcina

1140 864 1184 890 θαι
1199 873 1266 890 τινα.
1282 862 1342 889 Ὀτι
1357 863 1386 890 οὐ
1402 861 1523 889 δεῖκατά
1541 861 1695 898 φιλονεικίαν
1717 863 1731 893 ἦ
1747 864 1799 900 ἔριν
1813 866 1860 892 τὴν
1874 866 1941 900 πρὸς

253 906 283 933 in
299 905 389 934 aliam
407 907 580 934 abeuntem.
598 907 674 935 Nihil
697 916 733 935 ex
757 908 958 936 contentionis
981 907 1083 935 studio

252 953 304 978 aut
319 958 356 978 ex
367 951 516 979 simultate
533 959 602 979 cum
618 952 720 988 aliquo
736 955 878 989 suscepta
898 952 1082 980 faciendum.

287 996 314 1022 3.
332 994 529 1023 luvidendum
545 1003 605 1023 non
620 999 666 1024 est
681 996 803 1024 alterius
818 997 912 1032 laudi,
927 1005 1027 1033 neque
1036 1005 1084 1024 cu-

249 1039 394 1074 jusquam
401 1039 662 1068 vitiislaataudum.
672 1041 794 1077 Oportet
805 1041 835 1068 in
846 1041 991 1069 charitale
1002 1041 1084 1069 Chri‘

253 1083 290 1110 sti
300 1082 401 1111 dolere
417 1086 445 1111 et
459 1083 596 1112 aﬂlictari
611 1083 648 1112 de
661 1084 760 1113 fratris
773 1085 862 1118 vitiis,
874 1085 1007 1120 gaudere
1015 1093 1083 1113 vero

251 1127 292 1155 ob
306 1127 385 1155 illius
396 1130 474 1155 recte
486 1128 574 1156 facta.
586 1130 649 1156 Non
661 1132 780 1165 oportet
789 1130 1010 1157 indifferentem
1019 1137 1083 1157 esse

253 1179 324 1207 erga
340 1175 512 1208 peccantes,
528 1175 580 1201 aut
602 1173 718 1201 silentio
741 1181 794 1201 eos
810 1173 948 1202 tolerare.
963 1175 1085 1210 Oportet

253 1218 286 1244 ut
295 1217 347 1252 qui
357 1217 520 1252 redarguit,
533 1226 602 1246 cum
614 1218 697 1246 omni
710 1219 973 1247 commiseratione
983 1219 1083 1247 redar-

253 1263 326 1294 guat
341 1268 377 1288 ex
399 1262 450 1289 Dei
477 1261 593 1297 timore,
621 1265 649 1291 et
665 1271 701 1291 eo
720 1263 846 1292 consilio
874 1266 906 1292 ut
929 1265 1084 1292 convertat

251 1307 439 1340 peccantem.
457 1306 579 1342 Oportet
593 1309 623 1335 ut
647 1308 699 1344 qui
719 1307 910 1343 redarguitur
925 1311 976 1337 aut
990 1309 1084 1336 incre-

251 1351 352 1385 patur,
360 1349 486 1378 libenter
501 1351 530 1379 id
543 1352 682 1388 accipiat,
692 1361 779 1380 suam
795 1353 890 1389 ipsius
902 1353 933 1381 in
949 1353 1083 1390 increpa-

251 1393 332 1422 tione
348 1394 505 1423 utilitatem
530 1403 710 1430 agnoscens.
734 1399 798 1426 Non
817 1401 936 1434 oportet
952 1401 993 1433 ut,
1012 1407 1082 1426 cum

253 1438 363 1475 aliquis
379 1443 548 1476 accusatur,
559 1441 635 1469 alius
649 1450 751 1470 coram
764 1443 816 1471 illo
830 1446 881 1471 aut
899 1451 1002 1472 coram
1018 1443 1082 1471 aliis

252 1484 406 1513 nonnullis
422 1486 608 1515 contradicat
632 1489 798 1517 accusanti.
816 1489 902 1521 Quod
916 1489 940 1517 si
957 1489 1081 1526 quando

253 1529 408 1557 accusatio
419 1530 556 1558 videatur
564 1531 653 1559 alicui
663 1540 681 1560 a
691 1533 806 1561 ratione
822 1533 930 1569 aliena,
940 1534 1079 1569 privatim
1097 1552 1117 1580 ρ

252 1577 466 1608 coarguentem
491 1575 678 1610 interrogare
704 1577 803 1611 debet,
821 1580 912 1614 atque
939 1580 991 1606 aut
1018 1587 1082 1615 per-

251 1617 390 1652 suadere,
408 1621 459 1646 aut
476 1621 662 1655 persuaderi.
690 1622 811 1657 Oportet
829 1631 1082 1660 unumquemque

250 1665 400 1698 quantum
415 1663 446 1691 in
462 1671 492 1691 se
508 1666 563 1696 est,
580 1665 607 1692 ei
622 1665 673 1702 qui
685 1666 849 1695 adversum
863 1675 895 1695 se
906 1668 1020 1704 aliquid
1029 1668 1080 1696 ha-

250 1706 358 1742 buerit,
388 1707 511 1736 mederi.
535 1710 597 1737 Non
613 1711 851 1739 succensendum
869 1712 894 1740 ei
909 1720 999 1748 quem
1011 1720 1081 1749 pec-

251 1758 337 1779 casse
344 1752 478 1787 poenitet,
486 1753 539 1780 sed
551 1761 586 1781 ex
596 1754 686 1782 corde
697 1755 946 1784 condonandum.
960 1758 1082 1793 Oportet

250 1804 320 1824 eum
333 1795 386 1832 qui
401 1797 514 1832 peccati
532 1799 674 1834 pcenitere
690 1808 720 1827 se
732 1799 813 1835 dicit,
835 1809 896 1829 non
916 1802 1080 1838 compungi

251 1840 349 1868 solum
361 1841 400 1869 ob
412 1844 570 1877 peccatum
587 1843 769 1878 admissum,
791 1845 845 1873 sed
860 1846 973 1874 fructus
990 1847 1080 1875 etiam

249 1886 432 1921 poenitentiae
447 1887 557 1922 dignes
572 1887 681 1917 facere.
698 1890 753 1921 Qui
771 1897 826 1926 pro
842 1891 994 1926 prioribus
1008 1891 1079 1928 pec-

249 1931 325 1958 catis
339 1934 494 1967 correptus
519 1935 572 1967 est,
602 1941 638 1961 ac
660 1933 780 1962 veniam
805 1938 994 1969 consecutus,
1010 1936 1035 1964 is
1055 1936 1079 1964 si

249 1982 354 2002 rursus
370 1976 549 2011 peccaverit,
565 1976 695 2005 deterius
718 1979 817 2014 priore
840 1983 997 2016 comparat
1010 1981 1080 2009 sibi-

249 2019 369 2055 metipsi
389 2020 537 2054 judicium
548 2021 611 2049 irae.
621 2022 676 2054 Qui
687 2025 755 2058 pest
770 2024 900 2059 primam
911 2027 939 2053 et
953 2025 1078 2054 alteram

249 2062 490 2091 admonitionem
501 2068 658 2100 permanet
667 2065 697 2094 in
709 2067 887 2100 delicto,suo
897 2069 1078 2098 iudicandus

248 2107 422 2151 praeposito,
438 2108 462 2135 si
477 2107 551 2137 forte
568 2117 637 2138 eum
658 2118 675 2138 a
690 2111 828 2147 pluribus
842 2116 1014 2150 correptum
1025 2123 1078 2151 pu-

249 2150 330 2180 deat.
352 2152 439 2184 Quod
462 2153 486 2180 si
507 2160 544 2181 ne
570 2154 611 2181 sic
627 2155 751 2191 quidem
775 2158 954 2186 emendatus
980 2150 1076 2194 fuerit,

248 2195 391 2241 deinceps
406 2197 628 2226 exscindendus
653 2202 709 2235 est,
725 2203 758 2229 ut
781 2203 970 2235 scandalum,
988 2207 1077 2241 atque

248 2239 408 2269 habendus
419 2249 474 2277 pro
486 2243 605 2272 ethnico
616 2253 650 2272 ac
661 2245 825 2281 publicano
837 2248 876 2276 ad
888 2239 1077 2278 securitatem

248 2291 353 2312 eorum
368 2286 420 2321 qui
436 2286 640 2316 obedientiam
655 2290 710 2318 sibi
726 2292 825 2320 studio
838 2292 961 2328 habent,
972 2302 1076 2322 secun-

248 2328 323 2375 dum
339 2330 369 2357 id
385 2331 468 2366 quod
479 2331 593 2361 dictum
604 2337 666 2362 est:
680 2335 781 2372 lmpiis
801 2337 990 2373 cadentibus,
1004 2339 1077 2375 justi

248 2374 355 2419 timore
367 2376 578 2412 corripiuntur.
593 2379 649 2407 Sed
664 2383 693 2408 et
708 2380 866 2410 deﬂendus
877 2387 929 2419 est,
941 2387 974 2411 ut
984 2393 1077 2413 mem-

247 2418 338 2465 brum
356 2428 374 2465 a
389 2428 513 2456 corpore
531 2423 614 2458 101
633 2424 812 2454 abscissum.
831 2429 894 2456 Non
910 2418 1027 2465 oportet
1045 2429 1076 2457 in

247 2463 406 2492 iracundia
417 2465 515 2494 fratris
527 2467 622 2496 solem
633 2469 780 2505 occidere,
791 2479 830 2499 ne
840 2479 897 2500 nox
914 2463 1076 2510 utrumque

248 2511 377 2545 separet,
393 2517 427 2538 ac
442 2510 473 2539 in
487 2510 536 2539 die
558 2512 665 2548 judicii
685 2515 799 2544 crimen
818 2517 1007 2547 ineluctabile
1026 2527 1075 2547 re-

283 2572 339 2615 ;ng
357 2571 442 2615 (_V_ide
459 2573 630 2615 addenda.)

282 2609 340 2649 (με)
359 2609 679 2649 Τῶν-...ἐπιτεταγμένων
706 2613 752 2641 Sic
775 2615 844 2649 Reg.
864 2617 893 2644 et
920 2616 1008 2644 Coisl.
1031 2625 1075 2645 se-

248 2643 504 2689 cundus‘etquuo
534 2643 667 2689 Combef.
699 2649 773 2677 Editi
799 2643 1075 2689 εῆς,.⁷.χέτῑίέιέάγξιξ-

247 2688 302 2705 νου.
318 2679 405 2722 Ooisl.
422 2680 538 2716 primus
568 2685 596 2710 et
617 2683 666 2711 alii
691 2679 830 2714 nonnulli
842 2679 968 2716 'habent
987 2679 1074 2715 ἐπἰτε-

247 2723 444 2790 ταὲἕὲἴοὲόϐῳ.
461 2752 536 2781 Editi
548 2753 666 2783 addunt
678 2754 713 2791 ἕν,
730 2756 783 2785 sed
794 2757 824 2786 in
837 2758 919 2788 nullo
937 2760 1003 2788 cod.
1015 2768 1072 2789 ms.

247 2791 425 2821 reperimus.

1139 917 1198 934 τινα
1212 911 1294 934 ποιεῖν
1309 917 1343 935 τι.

1175 1000 1202 1025 3,
1224 997 1285 1023 Ὀτι
1301 997 1330 1023 οὗ
1347 995 1389 1023 δεῖ
1413 997 1512 1033 φθονεῖν
1531 1000 1561 1033 τῇ
1579 997 1665 1033 ἐτέρου
1681 995 1863 1033 εὐδοκιμήσει,
1880 999 1942 1023 οὔτε

1140 1043 1287 1080 ἐπιχαίρειν
1321 1042 1487 1071 ἐλαττώμασί
1515 1051 1594 1073 τινος.
1620 1041 1680 1067 ὀτι
1708 1040 1748 1068 δεῖ
1785 1041 1810 1067 ἐν
1848 1041 1939 1078 ἀγάπῃ

1139 1091 1256 1124 Χριστοῦ
1288 1087 1429 1113 λυπεῖσθαι
1462 1087 1507 1122 μεν
1533 1089 1578 1112 καὶ
1607 1085 1792 1123 συντρίϐεσθαι
1818 1085 1861 1112 ἐπὶ
1888 1089 1943 1116 τοῖς

1138 1136 1183 1158 τοῦ
1209 1130 1322 1167 ἀδελφοῦ
1349 1131 1538 1167 ἱλαττωμασιν,
1555 1130 1738 1168 εὐφραίνεσθαι
1765 1129 1794 1157 δι
1814 1130 1857 1157 επὶ
1886 1135 1942 1161 τοῖς

1138 1178 1350 1214 κατορθώμασιν,
1367 1176 1426 1202 Ὀτι
1442 1176 1471 1202 οὐ
1494 1174 1536 1202 δεῖ
1554 1174 1706 1212 ἀδιαφορεῖν
1721 1176 1763 1201 ἐπὶ
1777 1179 1832 1206 τοῖς
1856 1175 1942 1213 ἁμαρ-

1138 1223 1271 1257 τάνουσιν,
1288 1222 1302 1251 ἣ
1329 1221 1510 1257 ἐφησυχάξειν
1536 1220 1636 1252 αὐτοῖς.
1651 1220 1710 1246 Ὀτι
1739 1218 1781 1246 δεῖ
1806 1221 1850 1246 τὸν
1867 1220 1941 1256 ἐλέγ-

1138 1276 1223 1302 χοντα
1251 1267 1315 1303 μετὰ
1343 1267 1432 1296 πάσης
1460 1265 1656 1302 εὐσπλαγχνίας
1683 1264 1753 1300 φόϐῳ
1776 1264 1830 1299 (85)
1860 1268 1941 1299 Θεοῦ,

1137 1314 1182 1338 καὶ
1213 1315 1303 1346 σκοπῷ
1327 1314 1373 1336 τοῦ
1393 1309 1550 1347 ἐπιστρέψαι
1575 1312 1618 1335 τόν
1648 1309 1839 1346 ἁμαρτάνοντα,

1137 1365 1206 1392 χειν.
1223 1355 1282 1382 Ὅτι
1297 1353 1339 1381 δεῖ
1362 1356 1406 1381 ’ὸν
1427 1354 1597 1390 ῦ.εγχόμενον
1619 1354 1634 1384 ἦ
1652 1353 1839 1390 ἐπιτιμώμενον
1854 1363 1941 1380 κατα-

1139 1398 1268 1436 δέχεσθαι
1296 1400 1447 1436 προθύμως,
1480 1399 1642 1436 γνωρίζοντα
1672 1400 1702 1424 τὸ
1733 1398 1826 1424 ἑαυτοῦ
1853 1397 1942 1434 ὄφελος

1138 1445 1162 1471 ἐν
1181 1449 1212 1481 τῇ
1244 1443 1396 1482 διορθώσει.
1425 1443 1485 1470 Ὀτι
1511 1443 1540 1470 οὐ
1559 1441 1613 1477 δεῖ,
1642 1442 1830 1479 ἑγκαλουμένου
1856 1444 1939 1477 τινὸς,

1137 1489 1212 1516 ἄλλον
1241 1489 1347 1515 ἐνώπιον
1374 1488 1469 1515 ἱκείνου
1492 1488 1507 1517 ἣ
1533 1487 1614 1514 ἄλλων
1639 1492 1714 1514 τινῶν
1735 1487 1874 1523 ἀντιλέγειν
1901 1491 1941 1523 τῷ

1138 1534 1301 1570 ἐγκαλοῦντι.
1338 1534 1395 1560 Ἐὰν
1430 1532 1459 1559 δι
1496 1533 1548 1569 ἄρα
1584 1533 1646 1559 ποτε
1684 1532 1777 1568 ἁλογον
1802 1536 1868 1568 φανῇ
1907 1534 1938 1559 τό

1137 1579 1255 1616 ἔγκλημά
1275 1589 1326 1605 τινι
1353 1578 1410 1604 κατ’
1427 1576 1495 1605 ἰδίαν
1510 1581 1588 1604 κινεῖν
1610 1577 1685 1614 λόγον
1711 1579 1775 1614 πρὸς
1795 1579 1840 1603 τόν
1862 1577 1939 1613 ἔγκα-

1136 1624 1230 1650 λοῡντα
1254 1624 1321 1660 (86),
1351 1626 1396 1650 καὶ
1424 1623 1439 1653 ἦ
1465 1622 1636 1660 πληροφορεῖν
1657 1622 1671 1652 ἦ
1701 1622 1937 1660 πληροφορεῖσθαι.

1136 1668 1194 1695 Ὀτι
1232 1667 1274 1695 δεῖ
1297 1669 1424 1700 ἕκαστον,
1463 1668 1511 1696 ὅση
1548 1666 1671 1703 δύναμις,
1707 1667 1855 1703 θεραπεύειν
1891 1668 1937 1693 τὸν

1137 1714 1232 1750 ἔχοντά
1257 1723 1283 1739 τι
1313 1713 1370 1739 κατ’
1398 1712 1489 1739 αὑτοῦ.
1519 1711 1579 1737 Ὅτι
1611 1711 1640 1737 οὐ
1661 1710 1703 1737 δεῖ
1714 1715 1887 1747 μνησικακεῖν
1899 1714 1937 1746 τῷ

1136 1758 1320 1795 ἁμαρτήσαντι
1345 1759 1390 1783 καὶ
1415 1760 1590 1793 μετανοοῦντι,
1608 1755 1662 1782 ἀλλ’
1678 1756 1705 1782 ἐκ
1726 1754 1842 1793 καρδίας
1860 1755 1936 1792 ἀφεῖ-

1135 1812 1188 1831 ναι.
1203 1802 1265 1828 ’Ὁτι
1290 1799 1332 1828 δεῖ
1358 1803 1402 1827 τὸν
1430 1801 1537 1837 λέγοντα
1563 1804 1694 1837 μετανοεῖν
1712 1800 1748 1836 ἐφ’
1763 1800 1938 1837 ἁμαρτήματι

1135 1849 1171 1884 μὴ
1201 1849 1277 1884 μόνον
1303 1849 1482 1882 κατανυγῆναι
1512 1845 1548 1882 ἐφ’
1631 1846 1765 1882 ἧμαρτεν,
1795 1844 1860 1871 ἀλλὰ
1891 1847 1939 1872 καὶ

1134 1893 1250 1930 καρποὺς
1278 1891 1365 1923 ἀξίους
1388 1895 1500 1920 ποιῆσαι
1525 1894 1571 1921 τῆς
1593 1892 1739 1927 μετανοίας.
1768 1889 1827 1916 ⁴οτι
1857 1891 1870 1916 ό
1895 1890 1940 1917 ἐπὶ

1134 1941 1188 1967 τοῖς
1213 1940 1327 1974 πρώτοις
1353 1936 1527 1972 ἁμαρτήμασι
1550 1933 1713 1968 παιδευθεὶς,
1738 1937 1848 1965 καὶτῆς
1877 1934 1939 1971 ἀγέ-

1135 1991 1197 2012 σεως
1224 1981 1352 2014 ἀξιωθεὶς,
1375 1981 1417 2006 ἐὰν
1445 1980 1521 2006 πάλιν
1546 1980 1663 2018 ἁμάρτῃ,
1686 1983 1776 2017 χεῖρον
1798 1983 1845 2006 τοῦ
1873 1989 1939 2017 προ-

1133 2029 1207 2064 τέρου
1223 2025 1415 2056 κατασκευάζει
1439 2025 1522 2060 ἑαυτῷ
1546 2026 1575 2051 τὸ
1590 2028 1673 2062 κρῖμα
1695 2028 1744 2055 τῆς
1767 2023 1860 2061 ὀργῆς.
1874 2023 1938 2050 ὀτι

1134 2070 1175 2098 δεῖ
1200 2073 1243 2098 τὸν
1272 2072 1336 2107 μετὰ
1363 2073 1408 2100 τὴν
1436 2073 1541 2107 πρώτην
1573 2072 1618 2096 καὶ
1647 2067 1770 2106 δευτέραν
1796 2069 1937 2095 νουθεσίαν

1133 2116 1286 2153 ἐπιμένοντα
1312 2119 1348 2150 τῷ
1380 2115 1543 2151 ἕλαττώματι
1573 2114 1665 2140 ἑαυτοῦ
1695 2114 1871 2150 φανεροῦσθαι
1899 2112 1937 2140 τῶ

1132 2165 1298 2198 προεστῶτι,
1334 2159 1376 2186 ἐὰν
1407 2160 1460 2197 ἄρα
1483 2160 1533 2185 ὑπὸ
1559 2159 1680 2185 πλειόνων
1706 2158 1869 2195 ἐπιτιμηθεὶς
1899 2159 1937 2184 ἕν-

1132 2210 1230 2242 τραπῇ.
1259 2206 1315 2232 Ἐὰν
1341 2203 1370 2231 δὲ
1394 2203 1465 2241 μηδε
1483 2204 1551 2230 οὕτω
1576 2202 1764 2240 διορθώσηται,
1793 2204 1828 2234 ὡς
1858 2203 1936 2229 σκάν-

1133 2249 1211 2277 δαλον
1236 2250 1406 2276 ἐκκόπτεσθαι
1430 2252 1476 2275 τοῦ
1497 2248 1611 2282 λοιποῦ,
1639 2250 1684 2273 καὶ
1710 2249 1744 2277 ὡς
1771 2247 1870 2273 ἐθνικὸν
1889 2249 1935 2273 καὶ

1131 2295 1240 2323 τελώνην
1255 2295 1368 2332 ὁρᾶσθαι
1391 2295 1456 2331 πρὸς
1476 2295 1524 2322 τὴν
1550 2291 1691 2329 ἀσφάλειαν
1710 2296 1760 2317 τῶν
1782 2294 1829 2321 τὴν
1854 2301 1935 2318 σπου-

1133 2338 1182 2369 δὴν
1209 2343 1254 2370 τῆς
1280 2340 1399 2369 ὑπακοῆς
1425 2338 1618 2375 ἐργαζομένων,
1642 2337 1710 2363 κατὰ
1732 2338 1762 2362 τὸ
1787 2336 1933 2373 εἰρημένον,

1132 2384 1246 2411 Ἀσεϐῶν
1280 2385 1502 2417 καταπιπτόντων,
1535 2380 1636 2408 δίκαιοι
1665 2380 1773 2417 ἔμφοϐοι
1805 2383 1933 2416 γίνονται.

1132 2433 1173 2456 Δεῖ
1198 2427 1227 2456 δι
1255 2431 1300 2455 καὶ
1326 2429 1426 2455 πενθεῖν
1446 2427 1486 2453 ἐπ’
1508 2427 1589 2462 αὐτῷ,
1613 2427 1648 2457 ὡς
1669 2426 1761 2462 μέλους
1780 2424 1933 2456 Euan-ivro;

1131 2474 1158 2500 ἐκ
1181 2477 1227 2500 τοῦ
1244 2476 1374 2510 σώματος.
1391 2472 1451 2498 Ὃτι
1470 2471 1499 2498 οὐ
1515 2469 1556 2498 δεῖ
1576 2470 1600 2497 ἐν
1623 2474 1798 2507 παροργισμῷ
1818 2468 1932 2506 ἀδελφοῦ

1131 2517 1253 2545 ἑπιδῡναι
1279 2520 1323 2544 τὸν
1343 2517 1425 2549 ἥλιον,
1445 2519 1480 2553 μή
1502 2525 1564 2542 ποτε
1587 2516 1602 2545 ἠ
1627 2515 1673 2546 νὺξ
1689 2513 1787 2550 διαστῇ
1814 2515 1872 2551 (87)
1883 2524 1932 2551 με-

1165 2582 1222 2617 (86)
1241 2580 1322 2616 (Vide
1334 2578 1503 2617 Addenda.)
1559 2616 1563 2617 γ
1637 2613 1651 2617 _
1676 2611 1682 2617 _

1164 2611 1220 2651 (‘87j
1233 2611 1343 2652 Ᾰιαστῇ.
1360 2615 1454 2652 Bigot.
1467 2611 1615 2652 διαστήσῃ.
1632 2611 1719 2652 Coisl.
1735 2612 1889 2652 secundus
1904 2615 1932 2640 et

1129 2652 1179 2680 alii
1189 2647 1250 2680 duo
1262 2660 1279 2680 a
1289 2647 1360 2679 Com
1366 2647 1473 2678 bc'tisio
1484 2649 1565 2689 citati
1573 2647 1732 2689 μεταστήσῃ
1755 2647 1903 2689 ἀμφοτέραν
1910 2658 1930 2689 ςί

1128 2689 1172 2716 Ne
1179 2696 1240 2716 no.1:
1247 2683 1882 2722 utrumquetransferat.Sedretinendavisa
1888 2686 1932 2712 est

1129 2723 1184 2751 scri
1210 2726 1276 2751 tura
1286 2719 1492 2758 vulgata,quae
1503 2721 1534 2748 in
1544 2719 1764 2756 antiquissimis
1775 2721 1872 2747 exstat
1882 2728 1931 2747 co-

1128 2732 1246 2787 dicigus
1258 2758 1398 2786 Medicaeo
1409 2760 1437 2785 et
1449 2756 1534 2785 Coisl.
1543 2756 1653 2787 primo.
1661 2756 1737 2783 Satis
1745 2757 1792 2782 est
1801 2755 1882 2782 enim
1890 2755 1930 2783 ad

1106 2821 1108 2823 τ
1129 2791 1930 2830 Basiliisensum,utmetuendumsit,nevoxutrumque
