2009 3145
63 131 114 159 293

556 130 803 160 EPISTOLARUM
822 129 963 159 CLASSIS
983 132 1003 159 I.
1024 131 1134 161 EPIST.
1157 133 1249 161 XXlll.

1656 156 1661 159 μ
1696 138 1750 166 294

63 193 126 224 ταξὺ
159 191 321 229 ἀμφοτέρων,
352 194 398 218 καὶ
425 192 556 231 καταλίπῃ
588 193 613 220 ἄν
641 195 727 231 ἡμέρᾳ
753 195 865 230 κρίσεως

927 193 1055 229 linquat.
1070 196 1200 231 Tempus
1214 202 1276 223 non
1286 194 1525 231 protrahendum
1541 197 1580 225 ad
1596 198 1640 226 sui
1651 206 1754 227 emen-

62 236 242 274 ἀπαραίτητον
270 236 398 272 ἔγκλημα.
426 236 487 263 Ὀτι
513 237 542 263 οὐ
574 236 616 264 δεῖ
627 239 717 274 καιρὸν
733 237 864 274 ἀναμένειν

61 281 103 307 ἐπὶ
131 286 162 318 τῇ
193 281 285 307 ἑαυτοῦ
314 279 466 318 διορθώσει,
493 280 539 308 διὰ
558 284 587 308 τό
608 285 643 318 μὴ
659 281 771 318 ἀσφαλες
795 284 865 318 ἔχειν

60 329 121 363 περὶ
147 328 192 356 τὴς
217 327 316 362 αὔριον·
347 326 387 351 ὅτι
408 326 498 352 πολλοὶ
510 326 591 353 πολλά
603 326 805 364 βουλευσάμενοι
819 337 866 356 την

60 373 153 406 αὔριον
166 370 195 397 οὐ
210 369 361 396 κατίλαϐον.
376 369 437 396 Ὀτι
452 371 481 397 οὐ
499 369 540 397 δεῖ
555 371 706 398 ἀπατᾶσθαι
733 374 867 408 χορτασίᾳ

60 415 172 450 κοιλίας,
186 413 223 441 δι’
237 415 267 445 ἧς
276 417 390 450 γίνονται
401 418 541 451 φαντασίαι
547 419 703 453 νυκτεριναὶ.
712 416 772 442 ’Ότι
783 416 811 442 οὐ
826 414 868 442 δεῖ

59 460 246 498 περισπᾶσθαι
261 459 295 489 εὶς
308 460 419 496 ἄμετρον
428 459 564 497 ἐργασίαν,
578 464 622 487 καὶ
635 460 795 498 ὐπερϐαίνιιν
807 463 866 491 τοὺς

60 505 193 540 ὅρουςτῆς
217 503 381 539 αὐταρκείας,
405 505 474 530 κατὰ
500 506 543 530 τὸν
564 504 721 531 Ἀπόστολον
750 505 864 531 εἰπόντα·

58 547 190 584 Ἔχοντες
221 545 252 573 δὲ
281 545 436 584 διατροφὰς,
471 551 515 574 καὶ
549 550 734 585 σκεπάσματα,
764 551 866 580 τούτοις

59 592 293 631 ἀρκεσθησόμεθα*
306 592 360 628 ζὸτι
373 593 388 622 ἠ
400 596 550 629 περισσεία,
566 595 581 623 ἡ
598 595 661 631 ὑπὲρ
691 596 737 623 τὴν
760 597 862 630 χρείαν,

58 638 147 664 εἰκόνα
156 637 306 668 πλεονεξίας
314 636 441 673 ἐμφαίνει,
450 639 465 667 ἡ
479 636 509 664 δε
516 638 649 670 πλεονεξία
666 638 797 675 ἀπόφασιν
809 640 865 674 ἔχει

57 681 286 719 εἰδωλολατρείας.
314 682 373 708 Ὀτι
399 683 428 708 ού
460 681 500 709 δεῖ
528 683 686 721 φιλάργυρον
707 683 782 718 εἶναι,
803 682 865 709 οὐδε

59 728 233 765 Θησαυρίζειν
249 727 285 758 εἰς
298 726 411 764 ἀνωφελῆ
428 728 446 753 ἃ
460 730 496 764 μὴ
512 727 563 755 δεῖ,
578 728 637 755 Ὀτι
654 727 696 754 δεῖ
722 730 766 754 τὸν
781 738 863 765 προσ-

59 775 202 809 ερχόμενον
217 776 275 807 Θεῲ
295 771 480 808 ἀκτημοσύνην
510 772 678 805 άσπάζςσθαι
704 775 772 800 κατὰ
797 774 864 799 πάν-

57 827 101 851 τα,
116 819 163 843 καὶ
177 816 360 853 καθηλῶμένον
390 815 501 853 εἶναιτῷ
517 817 586 853 φόϐῳ
617 816 663 843 τοῦ
690 821 768 853 Θεοῦ,
797 819 865 844 κατὰ

921 237 1126 271 dationem,eo
1143 239 1230 275 quod
1241 247 1302 267 non
1313 241 1429 268 constet
1437 240 1474 268 de
1486 241 1633 278 crastina;
1643 243 1756 280 quippe

906 290 990 310 .cum
1022 283 1106 311 multi
1131 286 1201 320 post
1228 284 1324 312 multa
1352 284 1489 319 consilia,
1508 287 1672 315 crastinum
1692 296 1753 316 non

921 327 1024 362 adepti
1034 330 1114 356 sunt.
1127 329 1190 356 Non
1201 330 1318 364 oportet
1328 329 1440 356 ventris
1453 330 1587 358 satietate
1594 331 1753 368 decipi,'ex

921 379 982 407 qua
1005 372 1154 406 imagines
1174 375 1329 400 nocturnee
1350 377 1527 403 nascuntur.
1551 377 1614 403 Non
1633 379 1753 413 oportet

921 416 1047 444 distrahi
1058 424 1148 452 opere
1163 417 1374 452 immoderato,
1384 426 1438 446 nec
1465 419 1564 452 debet,
1589 421 1752 458 quisquam

921 459 1098 495 frugalitatis
1108 461 1254 488 terminos
1269 461 1423 495 excedere,
1441 464 1607 492 secundum
1623 468 1752 501 Aposto-

920 504 983 532 lum
995 505 1311 534 dicentemzHabenles
1321 509 1420 534 autem
1434 508 1589 543 atimenta,
1602 513 1629 537 et
1645 511 1752 545 quibus

921 549 1068 585 tegamu‘r,
1082 551 1128 578 his
1139 553 1273 578 contenti
1281 550 1393 579 erimus
1403 552 1589 588 ';propterea
1601 555 1683 589 quod
1702 562 1752 583 co-

920 594 970 630 pia
982 594 1059 622 ultra
1072 595 1282 623 necessitatem
1295 595 1608 631 perductaimaginem
1621 599 1752 628 avaritiae

920 639 1177 672 exhibet,avaritia
1188 639 1365 667 idololatriae
1378 640 1497 669 nomine
1507 641 1753 671 damnatur’ﬁon

919 686 1037 719 oportet
1048 685 1163 719 argenti
1175 684 1322 720 cupidum
1333 692 1407 717 esse,
1419 693 1517 722 neque
1529 687 1685 715 thesauros
1695 689 1754 716 col-

919 727 1009 762 ligere
1023 728 1052 755 in
1067 736 1114 756 res
1126 728 1245 757 inutiles
1261 737 1329 765 quae
1342 737 1404 757 non
1416 731 1608 760 conveniant.
1630 733 1755 769 Oportet

918 774 953 800 ut
966 772 1018 808 qui
1031 772 1069 800 ad
1081 774 1174 801 Deum
1190 773 1315 808 accedit,
1327 777 1539 810 paupertatem
1552 776 1752 811 amplectatur

919 816 1110 851 inomnibus,
1123 820 1151 845 et
1163 817 1301 846 conﬁxus
1314 818 1352 846 sit
1364 818 1470 847 timore
1495 819 1557 854 Dei,
1583 822 1752 850 secundum

58 863 103 888 τὸν
139 861 255 888 ιίπόνται
292 861 450 890 Καθήλωσον
481 861 508 888 ἐκ
536 865 582 888 τοῦ
613 862 692 898 φοϐον
727 872 774 888 σου
820 864 865 893 τὰς

927 869 989 890 eum
1000 862 1052 898 qui
1063 862 1271 897 dicit:Conﬁge
1279 863 1386 891 timore
1397 866 1448 891 tuo
1460 872 1565 893 carnes
1576 873 1657 894 meas
1667 875 1672 900 ;
1681 868 1753 902 aju-

60 907 163 942 σάρκας
205 915 267 942 μου·
309 905 360 932 ἀπὸ
399 908 450 942 γὰρ
481 911 530 932 τῶν
563 908 694 944 χριμάτων
729 916 776 933 σου
810 906 865 943 ἔφο-

59 950 146 980 6ἠθην
174 952 242 986 (88).
269 953 325 985 Δῴη
360 949 389 976 δε
416 951 429 976 ό
458 952 563 988 Κύριος,
580 953 646 987 μετὰ
664 952 751 982 πάσης
770 951 865 988 πληρο-

60 997 155 1032 φορίας
181 996 246 1031 ὑμᾶς
266 993 473 1031 ἁναδεξαμίνους
501 997 534 1022 τὰ
567 995 698 1033 εἰρημένα,
729 998 761 1026 εὶς
786 994 864 1027 δόξαν

58 1041 126 1066 Θεοῦ
150 1042 265 1076 καρποὺς
299 1039 388 1071 ἀξίους
415 1044 461 1066 τοῦ
491 1041 637 1076 Πνεύματος
681 1038 865 1072 ἑπιδείξασθαι

58 1087 127 1111 Θεοῦ
147 1082 257 1121 εὐδοκία
271 1086 317 1110 καὶ
333 1087 457 1122 συνεργίᾳ
470 1088 516 1111 τοῦ
550 1087 647 1122 Κυρίου
674 1086 746 1122 ἡμῶν
774 1086 865 1115 Ἰησοῦ

57 1132 189 1165 Χριστοῦ,
206 1128 299 1165 Ἀμήν.

336 1185 506 1209 ΕΠΙΣΤΟΛΗ
527 1182 580 1210 ΚΓ.

919 906 1005 934 diciis
1014 907 1091 934 enim
1102 907 1160 934 tuis
1168 908 1254 935 timui
1263 908 1282 935 ⁵.
1302 909 1354 936 Det
1366 911 1467 936 autem
1481 909 1675 941 Dominus,ut
1683 919 1752 948 quae

919 950 1052 978 diximus
1067 959 1136 979 cum
1143 951 1226 979 omni
1238 952 1332 980 animi
1344 953 1540 988 persuasione
1555 954 1752 991 suscipientes

920 995 959 1023 ad
975 995 1024 1023 Dei
1035 995 1162 1031 gloriam
1173 995 1281 1030 dignos
1292 996 1406 1024 fructus
1423 997 1561 1032 Spiritus,
1586 998 1637 1025 Dei
1661 998 1753 1026 bene-

919 1039 1040 1076 plaeito,
1055 1042 1144 1076 atque
1160 1040 1278 1068 Domini
1295 1040 1389 1069 nostri
1404 1041 1486 1076 _Jesu
1509 1041 1617 1070 Christi
1640 1042 1752 1070 auxilio

921 1084 1099 1113 ostendatis.
1115 1086 1223 1114 Amen.

1196 1184 1364 1212 EPISTOLA
1383 1183 1476 1212 XXHI'

59 1235 135 1264 Cum
147 1235 271 1271 quidam
287 1236 320 1263 in
333 1243 365 1264 eo
381 1237 455 1271 loco,
473 1236 526 1264 ubi
544 1239 617 1265 tunc
632 1239 697 1265 erat
712 1237 855 1272 Basilius,
872 1236 1070 1264 monasticam
1087 1236 1177 1264 vitam
1189 1237 1335 1271 amplecti
1346 1238 1446 1272 vellet,
1454 1238 1573 1266 distulit
1585 1245 1648 1266 eum
1666 1238 1752 1267 Basi-

95 1272 164 1307 lius,
183 1272 285 1300 volens
296 1279 362 1299 eum
375 1272 406 1299 in
420 1275 601 1300 monasterio
616 1280 668 1300 suo
679 1274 829 1308 suscipere
842 1279 851 1305 ,'
867 1272 919 1309 sed
931 1279 1013 1309 nunc
1022 1275 1138 1300 mutato
1149 1273 1274 1300 consitio
1283 1281 1348 1301 eum
1359 1275 1460 1308 mittit,
1475 1281 1511 1301 ac
1520 1275 1661 1309 praecipit
1676 1277 1709 1302 ut
1722 1282 1753 1303 se

95 1315 158 1336 non
173 1310 346 1342 exspectato
359 1308 556 1343 suscipiatur,
573 1309 658 1344 eique
666 1309 788 1344 aliquis,
805 1315 891 1344 quem
901 1308 963 1342 ipse
973 1308 1108 1342 elegerit,
1121 1309 1312 1342 praeﬁciatur
1333 1310 1402 1337 vita:
1426 1311 1588 1338 sanctioris
1609 1311 1755 1346 magister

223 1361 389 1397 Παραθετική
404 1361 462 1394 (89)
474 1362 540 1398 πρὸς
555 1362 711 1398 μονάζοντα.

96 1412 127 1439 Ὀ
158 1411 231 1439 δεῖνα
257 1413 326 1449 (90),
358 1414 393 1444 ὡς
416 1413 495 1450 λέγει,
524 1416 669 1450 καταγνοὺς
684 1419 730 1445 τῆς
745 1417 791 1440 τοῦ
807 1413 868 1451 βίου
883 1427 903 1454 C

61 1460 159 1485 τούτου
187 1458 244 1494 (91)
273 1461 459 1495 ματαιότητος,
489 1461 534 1485 καὶ
559 1461 729 1496 καταμαθὼν,
757 1460 798 1486 ὅτι
822 1463 870 1490 τῆς

65 1505 136 1536 ζωῆς
163 1505 259 1534 ταύτης
287 1505 319 1530 τὰ
343 1505 440 1540 τερπνὰ
465 1503 576 1531 ἕνταῡθα
603 1507 649 1534 τὴν
685 1507 870 1543 καταστροφὴν

64 1550 132 1585 ἔχει,
160 1548 220 1579 ὕλας
246 1550 323 1585 μόνον
353 1549 584 1580 κατασκευάζοντα
607 1553 643 1585 τῷ
669 1550 764 1586 αἰωνίῳ
793 1551 868 1587 πυρὶ,

63 1597 176 1629 ταχεῖαν
206 1591 235 1619 δι
264 1594 360 1629 ἔχοντα
387 1596 434 1623 τήν
463 1592 591 1631 πάροδον,
608 1593 734 1621 κατέλαϐέ
748 1604 789 1631 με,
808 1593 870 1630 βου-

66 1637 176 1674 λόμενος
205 1637 352 1667 ἀποστῆναι
451 1642 497 1669 τῆς
515 1639 658 1675 μοχθηροῖς
681 1641 725 1665 καὶ
743 1638 870 1665 πολυστε-

63 1683 162 1709 νάκτον
188 1684 268 1717 ζωῆς,
293 1683 444 1709 καταλιπεῖν
469 1682 499 1710 δὴ
526 1685 575 1714 τὰς
595 1688 641 1714 τῆς
658 1686 752 1722 σαρκὸς
772 1682 871 1715 ἡδονὰς

65 1726 182 1753 ﬁdem
208 1726 238 1753 δε
261 1727 351 1754 λοιπὸν
428 1726 483 1763 ὁδῷ
507 1732 538 1764 τῇ
561 1727 661 1764 ἀγούσῃ
676 1727 717 1754 Eni.
732 1729 779 1759 τὰς
793 1729 870 1764 μονὰς

65 1775 113 1798 τοῦ
147 1774 257 1809 Κυρίου.
295 1771 402 1801 Ἐπειδὴ
434 1771 478 1799 οὖν
510 1771 651 1809 ἀναγκαῖόν
681 1772 763 1807 ἐστιν,
789 1773 871 1809 εἰφύ-

67 1825 109 1842 σει
124 1817 182 1851 (92)
207 1816 230 1842 ἰν
261 1816 387 1853 ἐπιθυμίᾳ
410 1818 556 1846 καθέστηκε
570 1822 616 1848 τῆς
640 1820 773 1855 μακαρίας
793 1819 872 1849 ὅντως

68 1859 218 1897 διαγωγῆς,
248 1864 293 1888 καὶ
331 1864 375 1888 τὸν
406 1862 483 1888 καλὸν
513 1864 558 1888 καὶ
584 1862 764 1899 ἐπαινούμενον
790 1864 872 1900 ἔρωτα

66 1905 183 1941 ἓσχενᾶν
195 1909 226 1942 τῇ
239 1906 332 1932 ἑαυτοῦ
349 1906 440 1943 ψυχῇ,
457 1907 600 1943 ἀγαπήσας
618 1908 713 1944 Κύριον
736 1909 780 1934 τὸν
808 1908 872 1933 Θεόν

66 1950 145 1986 ἡμῶν
177 1950 204 1982 ἆξ
228 1950 289 1982 ὅλης
311 1949 436 1988 καρδίας,
461 1954 506 1978 καὶ
529 1951 556 1983 ἐξ
583 1952 644 1983 ὅλης
669 1952 772 1988 ἰσχύος,
788 1953 833 1978 καὶ
848 1951 874 1983 ἐξ

105 2013 116 2030 ²
129 2013 140 2040 1
157 2011 230 2040 Tim.
243 2020 284 2047 v1,
299 2013 325 2040 8.

70 2075 196 2110 separet
210 2073 381 2102 alterutrius
388 2075 795 2109 morte;necvideturdixisse
808 2083 872 2103 me-

67 2109 218 2147 tuendum
228 2117 305 2144 esse,
322 2118 358 2138 ne
379 2117 441 2147 nox
455 2114 616 2147 utramque
640 2112 818 2145 transferat.
842 2111 873 2138 ld

68 2146 153 2175 enim
173 2145 273 2182 minus
287 2145 424 2182 naturale
443 2153 478 2174 ac
500 2145 582 2174 dictu
598 2147 740 2182 proclive.

106 2181 166 2217 (88)
185 2180 272 2215 (Vide
287 2181 454 2216 Addenda).

109 2218 167 2250 (89)
189 2217 367 2253 Παραθετικὴ.
390 2217 436 2244 Sic
455 2224 561 2245 omnes
576 2217 695 2245 codices
708 2226 780 2246 mss.
800 2217 875 2245 Editi

69 2251 255 2290 «apaivsrtitii.
270 2251 331 2290 ‘Se_d
347 2252 466 2290 codices
482 2256 510 2280 et.
522 2253 591 2290 editi
611 2253 727 2281 addunt
750 2256 815 2290 πρὸς
830 2263 875 2290 μο-

69 2277 195 2318 ναξοντα,
211 2287 288 2316 Harl.
305 2287 490 2327 ἀποταξαμένῳ
503 2289 538 2323 τῷ
553 2288 603 2325 βίῳ
623 2291 667 2315 καὶ
681 2277 877 2327 μονάοίξιντιῖΕἱ

71 2324 128 2360 qui
139 2324 247 2352 saeculo
261 2324 485 2360 renuntiavitet
498 2326 589 2352 vitam
602 2324 799 2353 monasticam
815 2333 875 2352 am-

68 2359 183 2395 plexus
193 2363 244 2396 est.
262 2359 320 2387 Sed
331 2359 362 2387 in
374 2359 421 2396 his
434 2360 525 2387 titulis
536 2360 723 2395 diligentiam
743 2361 872 2396 requiro.

71 2397 139 2423 Non
155 2395 236 2423 enim
261 2403 355 2423 unum
377 2395 508 2431 aliquem
529 2396 677 2431 privatim,
702 2396 754 2423 sed
779 2395 874 2423 totum

70 2431 296 2467 monachorum
317 2434 497 2467 conventum
512 2431 674 2467 alloquitur
689 2432 829 2459 Basilius.

110 2467 169 2502 (90)
188 2466 217 2492 Ὀ
233 2465 317 2493 δεῖνα.
334 2468 365 2493 In
376 2465 602 2502 interpretanda
621 2467 677 2494 hac
704 2475 788 2500 voce,
811 2474 875 2502 quae

72 2509 156 2537 saepe
168 2501 244 2530 alias
251 2504 397 2537 occurret,
405 2501 525 2530 secutus
536 2511 603 2530 sum
614 2505 744 2530 veterem
760 2501 876 2530 morem

72 2537 232 2574 Vituperat
240 2538 420 2574 Cyprianus.
431 2538 461 2565 in
468 2538 554 2574 epist.
562 2546 603 2570 x1,
610 2537 726 2566 libellos
736 2546 753 2566 a
761 2538 878 2566 confes-

73 2573 198 2601 soribus
211 2573 298 2601 datos
307 2573 389 2601 hunc
404 2573 434 2600 in
449 2573 586 2606 mbdum,
608 2574 810 2602 Cammunicet
824 2574 878 2601 ille

75 2616 144 2637 cum
151 2609 373 2637 suis.0bservat
381 2609 475 2636 Baluzi
481 2617 513 2636 us
524 2609 554 2636 in
561 2609 641 2637 Notis
648 2610 690 2637 sic
697 2609 799 2637 solitos
810 2617 877 2637 esse

77 2644 208 2672 scribere
221 2644 364 2681 antiquos
375 2652 430 2681 pro
441 2652 487 2681 eo,
499 2645 582 2680 quod
592 2645 740 2681 posterior
750 2645 877 2681 tetaslit-

71 2682 171 2709 teram
184 2682 216 2717 N.
224 2680 373 2717 adhibuit.
382 2680 565 2717 Epiphanius
572 2680 603 2708 in
610 2680 741 2717 Epistola
747 2680 877 2717 adJoan-

72 2723 145 2745 nem
157 2715 473 2752 Hierosolymitanum,
483 2724 519 2744 ex
529 2715 771 2752 interpretatione
780 2716 878 2744 Hiero-

73 2752 267 2788 nymi,negat
278 2759 310 2779 se
323 2759 378 2788 pro
387 2751 540 2779 Joannein
552 2751 698 2780 sacriﬁcio
710 2751 829 2780 solitum
835 2752 878 2779 sic

73 2787 192 2827 precari
206 2796 213 2816 :
225 2788 361 2823 Domine,
373 2790 484 2823 prmia
492 2788 606 2816 Jeanm‘
615 2790 648 2816 ut
662 2790 742 2816 recte
762 2787 876 2824 credat,

1083 1360 1336 1389 Commendatztia
1349 1361 1390 1389 ad
1400 1363 1591 1390 monachum.

958 1413 1019 1448 Ille,
1039 1415 1072 1441 ut
1087 1413 1138 1448 ait,
1152 1413 1362 1442 condemnans
1380 1414 1446 1442 vitae
1462 1414 1554 1450 hujus
1573 1415 1749 1451 vanitatem,

923 1460 1014 1495 atque
1030 1459 1220 1495 exploratum
1236 1458 1353 1486 habens
1367 1459 1525 1495 praesentis
1540 1459 1606 1487 vitae
1620 1460 1752 1489 oblecta-

922 1505 1026 1531 menta
1034 1503 1081 1531 hic
1090 1503 1182 1531 ﬁnem
1188 1502 1311 1538 habere,
1321 1503 1480 1532 materiam
1487 1503 1633 1532 duntaxat
1642 1506 1753 1534 aeterno

924 1548 987 1584 igni
997 1548 1212 1584 praeparantia,
1225 1550 1253 1576 et
1263 1547 1321 1576 cito
1333 1549 1528 1584 transeuntia,
1541 1550 1691 1585 convenit,
1704 1557 1754 1578 me

923 1592 1029 1621 volens
1045 1593 1084 1621 ab
1095 1593 1153 1621 hac
1167 1593 1278 1620 misera
1287 1592 1437 1629 valdeque
1452 1593 1593 1622 luctu05a
1623 1594 1684 1623 vita
1707 1603 1753 1623 se-

924 1638 1041 1672 cedere,
1066 1646 1102 1665 ac
1133 1638 1244 1666 relictis
1269 1637 1368 1666 carnis
1390 1637 1595 1674 voluptatibus
1609 1639 1753 1676 deinceps

924 1682 1006 1710 viam
1022 1682 1061 1710 ad
1073 1682 1191 1710 Domini
1204 1682 1380 1711 mansiones
1395 1682 1594 1711 deducentem
1625 1683 1753 1719 ingredi.

925 1727 1074 1760 Quoniam
1085 1735 1168 1762 ergo,
1183 1727 1207 1755 si
1222 1727 1349 1756 instituti
1363 1735 1432 1755 vere
1448 1727 1527 1756 beati
1543 1729 1660 1756 sincero
1676 1729 1755 1757 desi-

926 1772 1010 1800 derio
1026 1774 1152 1806 tenetur,
1166 1771 1318 1809 habetque
1334 1773 1366 1800 in
1382 1780 1439 1800 sua
1454 1773 1558 1801 anima
1583 1773 1700 1802 bonum
1720 1782 1756 1802 ac

925 1816 1111 1845 laudabilem
1126 1824 1272 1852 amorem,
1287 1817 1414 1852 diligens
1429 1817 1590 1846 Dominum
1603 1819 1697 1846 Deum
1719 1827 1757 1847 ex

926 1864 989 1890 toto
1017 1862 1119 1894 corde,
1146 1864 1176 1890 et
1201 1870 1237 1890 ex
1263 1862 1330 1890 totis
1344 1862 1459 1890 viribus
1479 1864 1506 1890 et
1521 1870 1557 1890 ex
1570 1865 1633 1891 tota
1645 1865 1755 1896 mente,

926 1914 1048 1934 necesse
1064 1908 1110 1934 est
1120 1908 1152 1934 ut
1167 1906 1208 1934 illi
1222 1906 1262 1934 ob
1274 1906 1378 1934 oculos
1393 1909 1494 1935 vestra
1509 1907 1607 1943 pietas
1620 1909 1709 1936 arctae
1721 1916 1757 1936 ac

927 1952 1132 1987 coangustatae
1146 1951 1200 1979 viae
1209 1951 1406 1980 incommoda
1418 1953 1447 1980 et
1457 1952 1635 1988 asperitates
1652 1954 1754 1989 ponat,

369 2012 380 2029 '
394 2011 508 2041 Coloss.
520 2021 561 2047 In,
579 2016 605 2042 5.
642 2014 653 2031 ὀ
668 2013 746 2042 Psal.
759 2021 857 2046 cxvm,
875 2014 925 2041 120

928 2074 1018 2102 sedin
1026 2074 1471 2111 huncmodum:Custodiittum
1479 2076 1533 2111 qui
1544 2076 1692 2110 praedicat
1707 2085 1756 2106 ve-

888 2132 910 2159 D
927 2111 1106 2159 ritatemmeLl
1118 2113 1195 2138 certe
1209 2110 1439 2159 italLTu‘prais‘tq,’
1448 2110 1618 2159 Βιξξηίηθηςῑ
1630 2113 1756 2159 custqdi,

928 2151 959 2174 ut
972 2147 1024 2184 ille
1035 2147 1156 2184 partium
1168 2146 1310 2184 pradicet
1320 2147 1463 2184 veritatis.
1474 2150 1570 2184 Atque
1583 2148 1624 2175 ita
1634 2146 1758 2184 quidem

928 2182 1053 2218 antiqui,
1067 2182 1091 2218 si
1101 2189 1192 2218 quem
1204 2181 1294 2209 tacito
1302 2182 1424 2209 nomine
1433 2181 1635 2216 designarent.
1643 2181 1698 2211 Sin
1705 2192 1758 2212 au-

929 2221 988 2245 tem
1000 2217 1160 2244 dominum
1174 2217 1285 2253 domus
1296 2225 1331 2244 ac
1345 2220 1560 2253 praepotentem
1573 2218 1682 2253 virum,
1697 2222 1758 2246 ute-

929 2225 988 2245 tem
1000 2225 1160 2244 dominum
1174 2225 1285 2244 uomus
1296 2225 1331 2244 ac
1345 2225 1560 2279 praeporentem
1573 2226 1682 2253 Virum,
1697 2225 1758 2246 ute-

928 2253 1039 2292 bantur
1053 2253 1110 2292 hac
1121 2260 1193 2292 voce
1205 2252 1353 2292 adsidve
1361 2255 1391 2280 ut
1412 2253 1588 2292 Pythagorei
1599 2254 1636 2281 de
1649 2255 1759 2289 magis-

928 2291 984 2324 tro,
999 2288 1075 2318 αὐτὸς
1090 2290 1146 2324 ἔφα,
1163 2289 1223 2323 ipse
1233 2288 1321 2316 dixit.
1335 2288 1421 2320 Quod
1432 2289 1543 2316 idcirco
1556 2292 1694 2317 notatum
1707 2288 1759 2318 vo-

928 2325 980 2357 lui,
992 2325 1064 2360 quia
1074 2323 1109 2351 ex
1123 2325 1180 2352 hac
1191 2324 1402 2351 observatione
1413 2323 1547 2352 enitescit
1560 2324 1644 2353 locus
1659 2325 1759 2354 Basilii

928 2368 990 2388 non
1002 2359 1135 2387 ditiicilis
1146 2359 1198 2396 qui
1212 2362 1312 2387 tamen
1325 2360 1408 2387 torsit
1418 2359 1605 2396 interpretes.
1623 2362 1649 2388 ls
1663 2364 1759 2391 exstat

929 2396 960 2424 in
970 2397 1135 2424 Comment.
1148 2397 1179 2423 in
1192 2396 1303 2423 Isaiam
1314 2403 1347 2431 p.
1368 2397 1430 2428 498,
1442 2395 1472 2422 in
1487 2395 1551 2424 not.
1565 2396 1620 2424 Ubi
1633 2397 1758 2425 Basilius

928 2432 1070 2459 observat
1086 2439 1137 2459 eos
1157 2431 1210 2467 qui
1231 2430 1262 2458 in
1286 2431 1406 2467 privatis
1422 2431 1566 2459 domibus
1583 2433 1758 2461 auctoritate

930 2467 1104 2504 praecellunt
1118 2466 1196 2501 ipsos
1212 2466 1315 2494 vocari
1331 2466 1435 2504 solere.

967 2505 1023 2536 (9H
1036 2504 1144 2530 Τούτου.
1161 2504 1247 2530 Deest
1261 2509 1297 2529 ea
1312 2510 1372 2530 vox
1383 2502 1412 2529 in
1424 2502 1544 2530 duobus
1559 2510 1632 2531 mss.

966 2539 1022 2574 (92)
1035 2538 1065 2564 Et
1080 2539 1165 2574 φύσει.
1177 2538 1355 2574 Designatur
1369 2537 1427 2566 hac
1437 2545 1510 2566 voce
1522 2538 1672 2567 sincerum
1683 2540 1711 2567 et
1722 2539 1759 2567 si-

930 2573 1104 2601 mulationis
1118 2581 1222 2609 expers
1235 2573 1429 2609 desiderium.
1443 2574 1489 2602 Sic
1513 2574 1596 2609 apud
1624 2575 1758 2603 Athana-

931 2609 1009 2636 sium
1020 2609 1050 2636 in
1060 2608 1191 2645 Epistula
1204 2608 1243 2636 ad
1253 2608 1427 2645 Epictetum,
1439 2617 1506 2645 quae
1517 2608 1592 2645 φύσει
1608 2617 1758 2645 peragun-

930 2646 988 2678 tur,
1005 2645 1040 2672 iis
1054 2652 1120 2680 quae
1132 2645 1210 2677 θέσει,
1224 2647 1364 2680 φαντασίᾳ,
1391 2644 1524 2678 δοκῆσειί
1536 2644 1566 2672 id
1582 2644 1626 2672 est
1646 2645 1714 2673 ﬁcte
1730 2648 1759 2674 et

932 2679 1073 2716 simulate
1081 2688 1117 2708 ac
1132 2679 1310 2716 solarspecie
1320 2679 1406 2715 ﬁunt,
1427 2682 1632 2716 opponuntur.

967 2716 976 2726 '
991 2715 1071 2743 Alias
1096 2715 1303 2752 CCCLXXXII].
1330 2715 1452 2752 Scripta
1467 2715 1585 2744 videtur
1617 2716 1758 2746 Caesareas

931 2759 1001 2781 cum
1017 2753 1095 2781 esset
1108 2751 1274 2788 presbyter.
