2009 3145
258 129 310 156 295

949 123 978 153 S.
999 123 1123 152 BASILII
1141 123 1252 151 MAGNI

1888 125 1937 152 29G

256 197 388 225 eumque
394 187 557 217 constituat
563 187 593 215 in
602 194 655 223 spe
664 186 828 221 bonorum,
836 194 905 223 quae
917 194 998 214 nunc
1009 193 1081 214 non-

1142 185 1202 216 ὃλης
1214 183 1340 218 διανοίας,
1365 182 1560 220 ὑποδειχθῆναι
1586 183 1657 220 αὐτῷ
1680 184 1731 210 ὑπὸ
1754 188 1803 216 τῆς
1816 185 1938 223 ὑμετέρας

257 233 332 261 dum
343 233 491 265 videntur,
507 231 561 260 sed
573 232 601 259 in
616 231 869 268 promissionibus
879 231 1010 267 reposita
1017 231 1088 258 sunt

256 278 304 306 his
316 278 367 314 qui
382 278 466 312 102
489 276 614 304 Domino
642 276 725 311 digni
748 275 1004 310 fuerint;idcirco
1033 282 1087 311 per

258 321 418 358 epistolam
433 321 578 349 adhortor
601 321 874 357 incomparabilem
901 323 1033 348 vestram
1054 319 1086 347 in

258 367 374 394 Christo
384 365 611 402 perfectionem,
627 368 660 392 ut
673 373 753 401 eum,
767 365 790 392 si
803 365 867 393 ﬁeri
878 367 986 401 potest,
999 364 1084 392 insti-

257 411 359 446 tuatis,
372 413 400 438 et
410 410 474 438 sine
487 418 534 438 me
546 409 797 437 renuntiationem
808 408 1023 443 illiZsecundum
1034 408 1084 437 Dei

255 454 483 490 beneplacitum
494 453 673 487 conﬁciatis,
685 461 720 481 ac
733 453 910 481 informetur
919 455 948 481 et
956 453 1084 480 elemen-

256 499 293 528 tis
306 499 462 527 imbuatur
473 498 642 526 secundum
652 506 688 525 ea
702 506 770 534 quae
785 506 804 526 a
818 498 953 526 Patribus
974 497 1085 526 sanctis

257 546 370 572 statuta
387 546 415 571 et
426 542 543 579 scriptis
553 542 700 570 mandata
709 545 780 571 sunt
793 552 800 577 ;
811 542 920 571 deinde
933 543 959 571 ei
972 550 1083 579 propo-

255 590 366 617 nantur
378 587 482 616 omnia.
495 595 681 623 quaecunque
689 587 727 615 ad
740 587 806 615 vitae
817 587 953 616 asceticae
961 595 1081 615 accura-

206 665 210 667 λ
255 635 318 661 tam
331 632 479 660 rationem
492 631 628 664 attinent,
644 634 671 660 et
684 632 727 659 sic
741 632 934 667 {admittatur,
962 631 1082 660 labores

255 677 422 713 propietate
438 679 545 712 sponte
554 677 734 712 suscipiens,
745 685 780 705 ac
791 685 855 704 sese
867 676 953 705 suavi
964 672 1083 704 Domini

253 722 329 757 jugo
345 721 544 754 submittens;
560 723 589 749 et
601 721 640 749 ad
651 721 849 749 imitationem
862 721 941 749 illius
953 721 1005 757 qui
1015 728 1083 757 pro-

255 768 322 803 pter
335 773 392 794 nos
405 773 519 801 egenus
542 766 639 794 factus
658 768 702 794 est
714 767 724 783 ⁵
736 773 922 802 carnemque
945 766 1080 801 gestavit,

255 811 347 839 vitam
360 810 530 846 instituens,
538 819 573 838 ac
585 810 755 839 secundum
763 812 952 847 propositum
959 818 1082 838 currens

256 856 295 884 ad
301 855 466 884 vocationis
477 863 615 892 superna:
625 856 921 892 praemiumJaudem
931 855 1082 884 aDomino
1096 869 1119 895 Β

256 903 473 936 consequatur.
503 902 565 936 Ego
591 900 672 928 enim
694 900 778 928 illum
805 900 854 928 hic
885 900 996 928 amoris
1011 908 1082 935 erga.

256 946 349 973 Deum
368 953 512 973 coronam
528 944 664 981 accipere
675 945 845 973 studentem
860 944 1082 981 distuli,volens

254 989 355 1026 ipsum
371 997 440 1017 cum
454 992 554 1017 vestra
583 989 692 1025 pietate
707 989 852 1024 inungere
875 989 915 1018 ad
933 989 1084 1025 ejusmodi

255 1033 430 1067 certamina,
444 1035 472 1062 et
484 1041 580 1061 unum
595 1042 633 1061 ex
645 1033 740 1067 vobis.
757 1042 849 1069 quem
864 1034 930 1070 ipse
955 1034 1082 1070 petierit,

255 1078 436 1114 magistrum
445 1078 472 1106 ei
481 1077 642 1114 praeﬁcere,
651 1080 703 1114 qui
711 1086 780 1106 eum
793 1078 936 1114 praeclare
947 1080 1084 1106 exerceat

254 1124 402 1152 etintenta
412 1131 448 1151 ac
458 1123 546 1151 beata
553 1122 751 1150 sollicitudine
763 1125 929 1159 spectatum
939 1122 1082 1151 athletam

255 1168 372 1201 efﬁciat,
389 1167 558 1204 principem
569 1167 761 1195 tenebrarum
772 1167 863 1203 hujus
876 1167 975 1195 saeculi
985 1169 1014 1195 et
1024 1167 1083 1203 spi-

254 1212 374 1241 ritualia
386 1212 536 1248 nequitiae,
544 1211 728 1248 quibuscum
739 1212 827 1240 nobis
836 1212 1003 1240 secundum
1014 1211 1082 1240 bea-

254 1260 319 1286 tum
331 1256 508 1294 Apostolum
518 1256 599 1284 lucta
610 1259 654 1284 est
664 1258 685 1292 ⁵,
700 1257 910 1285 vulnerantem
921 1259 949 1285 et
957 1259 1084 1293 proster-

254 1304 385 1333 nentem.
412 1301 499 1334 Quod
525 1309 597 1336 ergo
625 1301 766 1329 volebam
793 1301 953 1329 vobiscum
982 1309 1081 1337 agere,

254 1348 352 1375 vestra
365 1347 396 1374 in
412 1346 526 1374 Christo
547 1346 664 1374 dilectio
677 1346 767 1374 etiam
784 1346 848 1374 sine
869 1354 916 1374 me
936 1346 1081 1383 perﬁciat.

254 1393 287 1418 τὰ
305 1392 468 1427 πνευματικὰ
499 1389 528 1417 δὲ
555 1395 603 1421 τῆς
636 1393 772 1428 πονηρίας,
807 1391 905 1429 πρὸςᾶ
936 1392 998 1428 ἡμῖν
1032 1391 1089 1417 ἐστι
1117 1392 1184 1417 κατὰ
1212 1393 1255 1417 τὸν
1289 1391 1417 1428 μακάριον
1451 1390 1608 1417 ’Δπόστολον
1634 1392 1649 1420 ἠ
1684 1390 1765 1420 πάλη.
1796 1389 1830 1416 *Ο

1143 229 1287 261 θεοσεϐείας
1301 231 1334 256 τὰ
1349 228 1470 266 δυσχερῆ
1483 231 1527 255 καὶ
1543 227 1697 258 δυσάντητα
1710 233 1757 266 τῇς
1787 234 1881 261 στενῆς
1897 233 1938 257 καὶ

1139 275 1309 311 τεθλιμμένης
1321 273 1395 310 ὀδοῦ,
1412 273 1436 300 ἔν
1451 272 1539 300 ἑλπίδι
1555 272 1586 300 δὲ
1595 274 1673 300 αὐτόν
1687 279 1857 304 καταστῆσαι
1883 276 1939 311 (93)

1139 324 1190 345 τῶν
1217 324 1261 346 νῦν
1287 321 1350 350 τέως
1387 321 1423 355 μὴ
1458 318 1629 355 ϐλεπομνων,
1663 318 1687 345 ἐν
1712 318 1881 355 ἐπαγγελίαις
1911 319 1939 346 δὲ

1140 363 1312 401 ἀποκειμένων
1340 363 1444 400 ἀγαθῶν
1471 367 1526 394 τοῖς
1550 363 1634 395 ἀξίοις
1666 367 1712 390 τοῦ
1746 366 1856 401 Κυρίουο
1898 363 1939 391 διὸ

1138 409 1243 445 γράφων
1263 409 1319 444 (94)
1338 408 1480 444 παρακαλῶ
1495 410 1542 438 τὴν
1558 407 1716 445 ἀσύγκριτον
1735 409 1806 444 ὑμῶν
1827 408 1852 434 ἐν
1871 413 1939 446 Χρι-

1140 457 1193 488 στῷ
1212 453 1367 487 τελειότητα,
1384 457 1505 479 τυπῶσαι
1520 452 1542 479 εἰ
1557 453 1638 479 οἷόντε
1663 454 1714 487 εἴη,
1729 456 1774 479 καὶ
1790 451 1863 489 δίχα
1889 463 1939 490 μου

1137 502 1249 527 ποιῆσαι
1263 500 1309 527 τὴν
1323 508 1350 524 τε
1365 499 1498 534 ἁποταγὴν
1514 497 1584 533 αὐτῷ
1604 498 1662 533 (95)
1690 499 1757 524 κατὰ
1782 499 1812 523 τὸ
1828 497 1939 535 ἀρέσκον

1137 544 1202 578 Θεῷ,
1215 545 1261 569 καὶ
1272 543 1478 578 στοιχειωθῆναι
1488 544 1543 578 (96)
1553 542 1631 568 αὑτὸν
1641 543 1710 568 κατὰ
1719 543 1751 568 τὰ
1762 540 1876 574 δοξαντα
1887 547 1940 574 τοῖς

1137 587 1223 623 ἁγιοις
1250 589 1380 624 Πατράσι,
1410 589 1454 614 καὶ
1479 586 1614 624 ἐγγράφως
1627 587 1671 613 ὑπ’
1693 587 1778 613 αὐτῶν
1793 587 1939 614 ἐκτεθέντα·

1136 631 1191 661 ἤδη
1222 630 1252 658 δί
1278 632 1348 668 αὐτῷ
1373 633 1536 669 προταθῆναι
1557 632 1618 666 (97)
1633 631 1736 658 ἅπαντα
1749 633 1798 658 ὅσα
1812 636 1844 669 τῇ
1862 632 1939 669 ἰκρι-

1137 676 1193 713 ϐείᾳ
1205 675 1277 703 δοκεῖ
1288 681 1319 713 τῇ
1338 676 1482 713 ἀσκητικῇ,
1497 679 1542 703 καὶ
1568 677 1650 707 οὕτως
1677 677 1755 703 αὐτόν
1779 678 1940 713 προσαχθῆ-

1136 732 1178 747 ναι
1192 725 1228 757 τῷ
1242 720 1293 758 βίῳ
1309 722 1374 757 (98),
1401 721 1561 759 αὐθαιρέτως
1581 719 1768 757 ἰιναδεξάμινον
1786 723 1848 752 τοὺς
1874 722 1939 759 ὑπερ

1135 770 1182 797 τῆς
1215 765 1345 798 εὐσεϐείας
1376 765 1490 802 ἀγῶνας,
1517 768 1562 792 καὶ
1591 767 1760 802 ὑπαγαγόντα
1786 765 1877 792 ἑαυτὸν
1903 770 1941 802 τῷ

1136 814 1247 847 χρηστῷ
1271 814 1317 837 τοῦ
1346 813 1443 846 Κυρίου
1474 810 1558 846 ζυγῷ,
1585 813 1630 836 καὶ
1657 811 1726 836 κατὰ
1752 813 1866 847 μίμησιν
1891 814 1940 837 τοῦ

1138 854 1174 881 δι’
1188 856 1257 891 ἡμᾶς
1277 857 1479 892 πτωχεύσαντος
1503 857 1548 881 καὶ
1572 856 1659 892 σάρκα
1684 854 1841 892 φορέσαντος
1863 855 1942 881 πολι.

1136 901 1302 936 τενσιὶμενον,
1349 902 1393 926 καὶ
1427 900 1495 926 κατὰ
1531 901 1628 926 σκοπόν
1654 897 1790 937 δραμόντα
1816 902 1884 937 πρὸς
1911 901 1942 926 τὸ

1138 944 1259 982 βραϐεῖον
1287 949 1336 976 τῆς
1362 945 1415 970 ἄνω
1452 944 1578 976 κλήσεως,
1607 947 1697 980 τυχεῖν
1719 948 1765 974 τῆς
1797 945 1871 982 παρά
1894 945 1943 970 τοῦ

1137 991 1235 1025 Κυρίου
1273 987 1424 1024 ἀποδοχῆς.
1460 989 1526 1024 Ἐγὼ
1563 989 1615 1025 γὰρ
1645 986 1832 1018 σπουδάζοντα
1861 988 1942 1014 αὑτὸν

1137 1032 1247 1059 ἐνταῦθα
1261 1031 1390 1064 δέξασθαι
1407 1034 1450 1059 τὸν
1463 1038 1511 1064 τῆς
1525 1034 1593 1059 κατὰ
1621 1034 1685 1060 Θεὸν
1708 1032 1812 1069 ἀγάπης
1842 1034 1942 1069 στέφα-

1136 1088 1177 1104 νον
1199 1078 1369 1115 ὑπερεθέμην,
1393 1077 1549 1115 βουλόμενος
1574 1079 1641 1114 μετὰ
1670 1081 1720 1109 τῆς
1738 1077 1865 1115 ὑμετέρας
1882 1079 1939 1104 θεο-

1138 1122 1236 1153 σεϐείας
1265 1122 1370 1158 ἀλεῖψαι
1397 1123 1474 1149 αὐτον
1501 1124 1565 1159 πρὸς
1591 1124 1653 1153 τοὺς
1671 1124 1803 1153 τοιούτους
1833 1122 1941 1156 ἄθλους,

1136 1169 1181 1193 καὶ
1197 1168 1241 1193 ἕνα
1255 1167 1281 1193 ὃν
1294 1167 1324 1193 ἃν
1338 1168 1409 1204 ὑμῶν
1429 1167 1507 1198 αὐτὸς
1527 1167 1676 1204 ἐπιζητήσῃ
1703 1166 1847 1196 ἐπιστῆσαι
1869 1167 1942 1202 αὐτῷ

1138 1211 1271 1246 ἁλείπτῆν,
1291 1211 1375 1242 καλῶς
1389 1210 1615 1250 παιδοτριϐοῡντα
1629 1213 1674 1238 καὶ
1688 1211 1837 1240 παλαιστὴν
1868 1209 1943 1238 δόκι-

1136 1267 1184 1293 μον
1208 1256 1416 1294 ἀπεργαζόμενον
1441 1255 1488 1282 διὰ
1513 1260 1558 1287 τῆς
1586 1258 1709 1283 συντόνου
1735 1266 1780 1282 και
1803 1259 1943 1293 μακαρίας

1137 1301 1292 1338 ἐπιμελείας,
1314 1303 1494 1338 τιτρώσκοντα
1521 1303 1567 1327 καὶ
1594 1301 1790 1327 καταϐάλλοντα
1817 1303 1862 1327 τὸν
1899 1311 1945 1327 κο-

1139 1347 1307 1383 σμοκράτορα
1321 1349 1368 1372 τοῦ
1385 1348 1494 1376 σκότους
1508 1347 1569 1377 τοὺς
1584 1346 1676 1376 αἰῶνος
1689 1347 1740 1380 (99)
1769 1346 1875 1379 τούτου,
1895 1348 1944 1372 καὶ

1858 1399 1944 1416 τοινυν

255 1435 304 1472 ἐγὼ
316 1436 374 1473 μεθ’
392 1437 464 1472 ἡμων
484 1434 629 1465 ἠϐουλήθην
648 1440 770 1471 ποιῆσαι,
790 1437 805 1466 ἡ
826 1436 851 1462 ἐν
873 1438 976 1474 Κριστῷ
989 1436 1061 1473 ὑμῷν
1081 1435 1170 1472 ἀγάπη
1190 1438 1236 1462 καὶ
1255 1434 1325 1472 δίχα
1344 1445 1394 1472 μου
1414 1436 1561 1465 ποιησάτω.

528 1499 675 1527 EPITOLA
693 1499 796 1527 XXIV“.

1420 1500 1589 1525 ΕΠΙΣΤΟΛΗ
1609 1497 1668 1525 ΚΔ’.

253 1552 351 1588 Negat
363 1552 496 1581 Basilius
510 1560 541 1580 se
554 1552 716 1580 calumniis
728 1552 823 1587 facile
833 1551 995 1615 cretiidisse
1007 1559 1018 1587 ,'
1024 1551 1172 1616 thortatulr
1178 1551 1396 1616 214_§l_tantasium,
1407 1554 1441 1580 ut
1451 1551 1569 1580 nullum
1581 1551 1644 1579 illis
1661 1551 1709 1579 det
1730 1551 1828 1579 locum
1847 1557 1885 1578 ac
1908 1550 1934 1578 li

913 1595 987 1616 eros.
1002 1596 1022 1616 u
1045 1595 1141 1616 nares
1160 1609 1166 1616 .
1200 1596 1208 1615 ι
1225 1595 1275 1616 zaa
1293 1608 1300 1614 .

913 1595 987 1622 97‘08,
1002 1595 1104 1623 utpar
1113 1595 1166 1621 est,
1178 1595 1300 1623 amgat.

289 1631 645 1667 Athanasio,Athanasii
657 1632 788 1667 episcopi
805 1632 938 1667 Ancyrae
950 1632 1045 1667 patri.

293 1721 328 1748 Ut
342 1720 473 1748 hominis
485 1720 548 1749 vita
576 1720 736 1749 calumniis
761 1720 897 1757 superior
923 1720 970 1755 sit,
993 1721 1024 1749 id
1045 1729 1082 1749 ex

255 1764 346 1793 rebus
361 1764 545 1793 difficillimis
560 1773 653 1793 unam
667 1772 743 1799 esse,
757 1773 794 1792 ne
805 1765 904 1793 dicam
918 1773 953 1793 ex
966 1765 1001 1793 iis
1014 1773 1081 1802 quae

256 1809 319 1837 ﬁeri
334 1817 396 1837 non
408 1812 545 1846 possunt,
562 1812 590 1838 et
601 1809 673 1837 mihi
688 1817 868 1845 persuasum
888 1812 941 1845 est,
967 1813 995 1838 et
1023 1812 1082 1838 tua:

256 1853 399 1890 probitati
413 1854 542 1882 dubium
557 1853 686 1882 arbitror
701 1862 763 1882 non
780 1862 855 1882 esse.
884 1854 942 1883 Sed
967 1854 1082 1883 nullam

255 1907 293 1927 ex
325 1907 356 1928 se
381 1907 501 1934 ansam,
527 1907 626 1935 neque
654 1899 690 1926 iis
702 1899 753 1935 qui
773 1907 820 1927 res
830 1901 969 1928 accurate
981 1899 1081 1928 obser-

254 1944 338 1979 vant,
354 1950 453 1979 neque
466 1943 502 1971 iis
517 1943 570 1979 qui
582 1942 698 1978 injuriae
714 1950 807 1971 causa
824 1943 961 1980 lapsibus
973 1943 1083 1972 nostris

292 2032 302 2049 ⁵
318 2033 328 2060 Ι
345 2031 411 2060 Cor.
422 2039 484 2065 vm,
500 2033 531 2060 9.
571 2032 582 2049 °
598 2031 760 2068 Ephes.v1,
776 2034 818 2060 l2.

292 2121 303 2157 Ἴ
315 2120 394 2148 Alias
405 2121 471 2157 LIV.
489 2120 604 2157 Scripta
617 2123 686 2149 ante
700 2129 816 2149 annum
831 2124 893 2150 369.

291 2156 346 2192 (93)
373 2156 561 2186 Καταϐτῆσαιξ
580 2158 621 2185 lta
647 2157 866 2185 vetustissimus
882 2157 977 2186 codex
993 2157 1080 2186 Coisl.

256 2192 334 2220 Editi
346 2196 518 2221 καταστῆναι.

290 2229 347 2265 (94)
367 2229 538 2265 Διά-γράφων,
558 2229 644 2256 Deest
654 2226 696 2254 διὸ
707 2228 738 2265 in
757 2228 959 2265 vetustissimo
979 2229 1082 2257 codice

257 2264 345 2292 Coisl.
363 2266 391 2291 et
401 2263 599 2292 de'in'dustria
613 2264 643 2291 in
659 2263 736 2291 Harl.
755 2263 886 2292 deletum
899 2264 964 2292 fuit.
989 2265 1080 2293 Paulo

256 2301 327 2335 post
338 2299 448 2327 desunt
462 2299 492 2327 in
506 2299 626 2327 duobus
638 2300 792 2327 codicibus
805 2300 849 2328 hie
860 2308 961 2333 voces,
974 2299 998 2327 ἐν
1014 2305 1080 2338 Χρι-
1095 2309 1117 2336 ι)

258 2344 322 2362 στω.

292 2370 350 2405 (95)
371 2370 463 2407 Αὐτῷ.Δ
474 2371 542 2398 Haec
557 2370 668 2399 codicis
683 2371 828 2399 Harlesani
855 2371 1002 2407 scriptura
1017 2372 1080 2400 vul-

256 2408 335 2441 gata:
346 2406 426 2432 αὐτοῦ
437 2405 501 2434 visa
511 2408 557 2434 est
571 2407 768 2442 praeferenda.

292 2441 581 2479 (96)»:70Lxstweﬁuat:
594 2442 667 2479 Editi
683 2442 799 2479 addunt
814 2446 882 2477 Θεῶ,
903 2442 985 2479 quod
1003 2445 1081 2472 recte

257 2476 340 2506 deest
353 2477 384 2505 in
400 2476 451 2505 sex
467 2477 613 2506 veteribus
630 2478 726 2506 libris.

292 2513 346 2553 (97)
361 2514 535 2553 ripensem.
563 2515 606 2542 Ita
620 2516 734 2549 septem
750 2521 823 2542 mss.
841 2513 916 2542 Editi
940 2516 969 2542 et
993 2514 1080 2543 Coisl.

255 2551 372 2585 primus
387 2551 554 2585 προτεθῆναι.

293 2584 610 2622 (98λΠρνοο-αχθῆναιγτῷ
626 2584 687 2621 βίῳ.
700 2585 939 2622 μευωνιιοιωιιιιῖι
957 2585 988 2613 in
1001 2585 1081 2614 hanc

256 2620 414 2657 epistolam
430 2620 610 2656 irrepserint,
622 2620 760 2655 suspicor
774 2621 905 2658 ΠΙυᾴσῷ
921 2621 1023 2658 βίῳ,θι
1033 2630 1082 2649 eo-

255 2663 324 2684 rum
336 2664 462 2685 numero
471 2665 547 2690 esse,
561 2664 628 2692 quae
639 2664 797 2692 perperam
809 2656 911 2685 addita
921 2656 1081 2686 ‘su’nLNam

255 2692 282 2729 i_s
291 2699 383 2728 quem
393 2691 588 2729 commendat
596 2691 853 2729 Basilius,volebat
863 2693 1034 2729 renuntiare
1045 2697 1081 2729 τῷ

257 2725 319 2763 βιῷ,
333 2729 451 2761 saeculo,
465 2730 498 2756 ut
511 2730 554 2755 est
569 2727 599 2755 in
614 2727 698 2755 titulo
717 2725 784 2755 cod.
813 2728 891 2756 Harl.
922 2725 1081 2761 Quomodo

257 2769 329 2797 ergo
343 2766 430 2800 rogat
441 2763 650 2800 Basilius,eum
665 2763 776 2800 ascribi
787 2767 822 2798 τῷ
835 2763 1081 2800 βίῳἹΡθινερὶσὶιυι·

257 2800 360 2828 autem
372 2807 409 2829 ex
422 2799 481 2829 hoc
490 2799 558 2828 loco
577 2799 796 2835 professionem
807 2799 940 2828 virorum
952 2799 983 2828 in
993 2807 1030 2829 eo
1041 2799 1078 2828 si-

1097 1633 1117 1658 C
1137 1632 1276 1668 Αθανασίῳ
1307 1631 1345 1667 (1)
1383 1635 1419 1667 τῷ
1446 1633 1528 1669 πατρὶ
1564 1631 1720 1657 Ἀθανασίου
1747 1633 1793 1656 τοῦ
1836 1629 1944 1656 ἂπεσκό“

1434 1686 1485 1702 που
1501 1675 1638 1713 ’Δγκίρας,

1171 1719 1232 1746 Ὀτι
1257 1721 1302 1757 μὲν
1333 1730 1468 1757 κρειττονα
1497 1718 1563 1746 εἶναι
1579 1718 1706 1746 διαϐολῶν
1727 1719 1864 1756 ἀνθρώπου
1881 1718 1942 1755 βίον

1136 1769 1185 1791 τῶν
1200 1765 1393 1801 χαλεπωτάτων
1406 1764 1487 1800 ἔστιν,
1513 1765 1554 1791 ἵνα
1571 1767 1607 1801 μὴ
1634 1769 1684 1791 τῶν
1709 1762 1845 1790 ἀδυνάτων
1877 1764 1943 1789 εἶπεν

1138 1809 1213 1840 αὐτὸς
1225 1819 1252 1836 τε
1266 1812 1420 1846 πέπεισμαι,
1435 1812 1480 1835 καὶ
1494 1811 1542 1839 τὴν
1563 1811 1613 1838 σὴν
1633 1811 1811 1847 γρηστότητα
1838 1807 1943 1844 νομίζω

1136 1856 1172 1890 μὴ
1202 1854 1381 1891 ἀμφιϐάλλειν·
1411 1856 1440 1880 τὸ
1462 1852 1491 1880 δὲ
1518 1854 1555 1890 (2)
1583 1852 1714 1890 μηδεμίαν
1751 1854 1880 1890 παρέχειν
1913 1852 1943 1884 ἄξ

1137 1898 1233 1925 ἑαυτῶν
1268 1898 1360 1933 λαϐὴν,
1388 1901 1454 1935 μήτε
1481 1902 1536 1929 τοῖς
1565 1897 1679 1935 ἀκριϐῶς
1712 1896 1871 1934 ἄπιτηρούσι
1907 1898 1945 1924 τὰ

1135 1945 1289 1981 πράγματα,
1323 1946 1388 1981 μήτε
1415 1947 1468 1974 τοῖς
1498 1943 1554 1970 κατ’
1590 1942 1712 1980 ἄπήρειαν
1754 1940 1944 1979 ἐφεδρεύουσιν

1136 2123 1199 2150 tam
1209 2121 1347 2154 fuisse,ut
1354 2121 1480 2149 fratrum
1489 2128 1618 2157 numero
1624 2119 1942 2157 postilegitimampro-

1136 2158 1289 2186 bationem
1299 2157 1528 2184 ascriberentur.
1538 2156 1613 2184 Nihil
1620 2155 1701 2183 aliud
1711 2155 1839 2191 exigitur
1848 2155 1879 2184 in
1888 2158 1942 2184 Re-

1137 2193 1214 2227 gulis
1222 2192 1385 2220 fusioribus
1392 2193 1534 2226 interrog.
1542 2193 1572 2225 Χ,
1580 2191 1631 2219 ubi
1639 2191 1942 2227 modusrecipiendo—

1135 2236 1203 2257 rum
1210 2229 1335 2256 fratrum
1341 2228 1588 2264 praescribiturln
1595 2235 1711 2264 canone
1719 2230 1834 2264 autem]
1842 2227 1940 2256 thanc

1136 2262 1351 2301 professionem
1356 2263 1477 2301 tacitam
1483 2266 1571 2301 vocat
1577 2262 1767 2301 Basilius;sed
1774 2263 1868 2291 satius
1875 2271 1940 2291 esse

1137 2298 1440 2339 s_tatui_t,utdeinceps
1450 2299 1508 2339 ipsi
1521 2299 1612 2339 etiam
1637 2298 1694 2339 viri
1717 2299 1940 2339 interrogentur

1136 2336 1179 2371 (id
1189 2336 1268 2363 enim
1280 2343 1341 2363 non
1355 2334 1548 2363 omittebatur
1558 2335 1589 2371 in
1600 2335 1693 2371 sacris
1704 2334 1895 2371 virginibus),
1912 2338 1940 2363 et

1136 2369 1242 2400 eorum
1256 2374 1327 2399 vota
1340 2372 1493 2406 conceptis
1507 2370 1606 2406 verbis
1622 2369 1819 2406 excipiantur,

1171 2409 1228 2443 (99)
1243 2407 1294 2433 Τοῦ
1314 2406 1415 2443 αἰῶνος.
1430 2405 1494 2434 Haec
1504 2405 1655 2443 desuntﬁin
1670 2405 1773 2434 codice
1801 2405 1940 2434 Hedicaao

1136 2445 1165 2471 et
1176 2441 1306 2477 utroque
1319 2442 1409 2477 Regio
1423 2449 1458 2470 ac
1469 2443 1596 2477 utroque
1611 2441 1704 2477 Bigot.

1172 2479 1211 2513 (l)
1225 2475 1382 2513 Ἀθανασίῷ,
1398 2482 1454 2505 etc.
1471 2475 1557 2505 Edltf
1570 2475 1766 2513 postr'vocerm
1793 2475 1939 2513 ὶπισκόπου

1136 2511 1254 2542 addunt
1264 2511 1408 2550 ΪΑγκύράς,
1419 2520 1488 2550 quae
1501 2520 1558 2550 vo;
1565 2511 1593 2540 et
1604 2512 1629 2540 si
1638 2512 1670 2540 in
1677 2511 1871 2550 nullocodice
1880 2521 1939 2541 ms.

1137 2558 1155 2577 a
1165 2549 1253 2578 nobis
1262 2547 1395 2585 inventa,
1402 2547 1575 2585 probabilis
1586 2550 1687 2576 tamen
1693 2548 1873 2585 conjectura
1883 2551 1940 2583 est,

1135 2585 1334 2613 Athanasium
1344 2583 1428 2612 illum
1439 2584 1627 2620 episcopum,
1651 2583 1737 2620 cujus
1770 2583 1809 2620 ad
1820 2586 1940 2620 patrem

1136 2591 1428 2613 Atuanasxummum
1439 2592 1627 2620 episcopum,
1651 2591 1737 2646 cutus
1770 2591 1809 2611 an
1820 2591 1938 2620 pan-em

1136 2621 1239 2659 scribit
1254 2620 1388 2652 Basilius,
1399 2627 1463 2659 non
1474 2619 1642 2659 aliumesse
1653 2622 1691 2659 At.
1712 2619 1819 2659 anasio
1837 2622 1938 2659 A_ncy_-

1135 2665 1176 2684 rae
1191 2656 1343 2692 episcopo,
1354 2656 1477 2692 quicum
1490 2655 1616 2692 Basilius
1632 2654 1764 2683 amicitia
1792 2657 1822 2683 et
1851 2654 1939 2683 fami-

1135 2690 1261 2720 liaritate
1272 2690 1449 2726 conjunctus
1460 2690 1523 2718 fuit.

1172 2728 1210 2762 (2)
1225 2729 1259 2753 Τὸ
1272 2726 1311 2759 δὲ,
1328 2725 1407 2756 Multi
1423 2726 1588 2762 codicesr‘ré
1601 2726 1745 2762 pévroqet
1753 2725 1845 2761 paulo
1867 2728 1940 2762 post

1135 2760 1212 2831 τὲῡτρ
1292 2763 1407 2792 Ibidem
1419 2770 1472 2791 sex
1485 2761 1556 2791 libri
1567 2760 1683 2791 veteres
1698 2760 1724 2794 ἐξ
1734 2760 1842 2789 ἑαυτῶν.
1862 2760 1939 2791 Editi

1135 2807 1146 2826 ε
1171 2808 1268 2829 αυτων.

1135 2802 1162 2829 ἐξ
1171 2802 1268 2829 αὐτῶν.
