2009 3145
77 148 124 179 29⁸1

75 214 144 250 ᾖμῶν
158 215 214 242 τοῖς
226 211 398 248 ὀλισθήμασι,
419 214 496 238 τοῦτο
519 213 564 238 καὶ
588 209 709 246 δυνατὸν,
733 213 779 238 καὶ
805 209 875 237 ἴδιον
890 212 913 239 Α

75 262 122 284 τῶν
135 260 248 287 συνετῶς
263 256 302 292 (3)
320 258 366 282 καὶ
391 257 460 282 κατὰ
482 257 525 283 τὸν
549 260 596 288 τῆς
620 256 752 288 εὐσεϐείας
779 258 875 283 σκοπὸν

73 304 114 329 τὸν
145 301 243 328 ἑαυτῶν
268 300 326 337 βίον
355 298 545 336 διεξασγόντων.
576 300 657 338 Ἦμᾶς
687 299 716 328 δὲ
741 303 776 338 μὴ
794 301 876 332 οὕτως

76 346 194 377 εὐκόλους
222 346 277 372 οἵου
293 367 300 379 ,
333 343 402 380 μηδὲ
446 345 647 384 εὖπαραγώγους
679 345 763 379 εἶναι,
809 346 876 372 ὥστε

76 390 249 423 ἀνεξετάστως
278 390 322 420 τὰς
356 390 428 426 παρὰ
460 394 510 416 τῶν
548 392 684 426 τυχόντων
715 391 876 428 προσίεσθαι

74 435 256 473 καταῤῥήσεις.
277 435 436 470 Μιμνήμεθα
454 435 504 472 γὰρ
534 438 580 461 τοῦ
607 439 783 472 πνευματικοῦ
811 445 876 473 παρ-

75 480 245 517 αγγέλματος,
280 481 315 516 μὴ
348 483 448 516 χρῆναι
478 478 681 516 προσδέχεσθαι
713 479 794 509 ἀκοὴν
826 490 876 517 μα-

75 527 152 552 ταίαν
176 528 383 562 παρεγγυῶντος.
414 523 484 552 Πλὴν
509 523 564 550 ἀλλ’
586 523 677 554 ἔπειδὴ
702 526 776 561 ὑμεῖς
803 525 877 551 αὐτοί

74 578 147 606 φατε,
174 570 198 595 οἱ
222 571 282 606 περὶ
314 570 372 598 τοὺς
395 567 488 604 λόγους
514 567 718 601 ἕσπουδακότες,
741 570 775 596 τὰ
789 570 877 605 φαινό-

72 624 136 651 μενοι
150 618 200 640 τῶν
220 612 321 649 ἀφανῶν
342 611 407 639 εἶναι
433 616 539 650 σημεῖα,
569 616 645 640 τοῦτο
672 613 793 650 ἀξιοῦμεν
817 615 874 647 (καὶ

71 661 108 696 μή
126 658 229 696 βαρέως
244 655 318 694 δέξῃ,
334 659 391 684 εἴτι
403 656 428 683 ἂν
443 657 482 691 (4)
508 655 687 688 διδασκαλίας
702 656 766 684 εἴδει
779 658 876 694 λεχθή-

73 713 148 730 σεται
163 702 226 739 παρ’
241 703 325 738 ἡμῶν⁸
341 703 375 728 τὰ
388 703 439 740 γὰρ
460 701 555 732 ἀσθενῆ
581 706 628 729 τοῦ
649 704 751 738 κόσμου
776 704 821 729 καὶ
842 703 877 729 τὰ

71 747 258 783 ἕξουσινημένα
276 746 405 778 ἄξιλέξατο
432 747 445 772 ό
471 748 544 780 θεὸς,
574 749 619 773 καὶ
643 745 681 773 δι’
710 747 792 773 αὐτῶν
815 747 876 773 πολ-

71 791 143 822 λάκις
158 791 289 827 οἰκονομεῖ
308 792 356 820 τὴν
377 793 509 827 σωτηρίαν
535 794 585 817 τῶν
612 791 786 827 σωζομένων)·
811 791 824 817 ὅ
847 801 877 827 γε

71 839 123 873 μήν
141 835 208 872 λέγω
230 837 275 861 καὶ
297 835 476 873 παραγγελλω,
507 834 587 861 ἕκεῖνό
618 834 684 861 ἰστι·
715 836 801 862 πάντα
832 837 876 872 μὲν

71 880 157 917 λόγον,
185 883 273 906 πᾶσαν
305 877 334 906 δε
366 879 460 917 πρᾶξιν
495 880 665 909 καθήκουσαν
688 881 876 917 περιεσκεμμέ-

70 936 122 956 νως
145 924 329 952 ἐπιτελεῖσθαι·
358 926 403 951 καὶ
429 925 497 950 κατὰ
519 925 548 950 τὸ
573 923 747 950 ἀποστολικόν
776 933 876 961 παραγ-

69 970 167 1006 γελμα,
204 967 336 1006 μηδεμίαν
373 967 397 995 ἓν
435 967 531 1005 μηδενί
569 966 675 995 διδόναι
711 971 875 1005 προσκοπήν.

73 1016 177 1052 Πρέπον
203 1015 253 1051 γὰρ
279 1012 344 1040 εἶναι
379 1013 494 1049 τίθεμαι,
525 1011 619 1050 ἀνδρὸς
648 1013 730 1039 πολλὰ
761 1014 807 1049 μὲν
835 1012 877 1039 ἐπὶ

72 1059 190 1096 μαθήσει
202 1058 284 1094 λόγων
301 1056 469 1095 ἰδρώσαντος,
491 1057 568 1084 έθνων
593 1056 623 1084 δὲ
645 1060 691 1084 καὶ
712 1057 809 1084 πόλεων
833 1057 878 1094 ἁρ-

70 1104 122 1140 χὰς
151 1101 343 1136 διιυθὺναντος,
372 1105 419 1129 καὶ
445 1104 511 1138 πρὸς
534 1102 649 1139 μεγάλην
673 1104 806 1140 προγόνων
821 1101 878 1139 ἀρι-

70 1150 117 1177 τὴν
136 1149 181 1173 τὸν
202 1147 280 1178 ζῆλον
296 1148 413 1183 ἔχοντος,
435 1148 479 1174 τὸν
500 1146 557 1183 βίον
576 1147 733 1185 προκεῖσθαι
764 1147 797 1177 εἰς
817 1148 879 1173 ὑπό-

891 888 911 915 Β

72 1191 172 1229 δειγμα
196 1191 297 1229 ἀρετῆς.
329 1194 382 1221 Τήν
405 1193 493 1228 μέντοι
521 1194 580 1230 περὶ
602 1193 634 1218 τὰ
661 1194 736 1218 τέκνα
759 1189 878 1218 διάθεσιν

71 1235 136 1272 οὐχί
149 1236 219 1272 λόγῳ
236 1239 282 1262 νῦν
307 1235 412 1272 ὀφείλεις
439 1234 581 1270 δεικνύναι,
612 1236 640 1266 ὃς
663 1245 693 1271 γε
711 1234 792 1262 πάλαι
807 1233 877 1261 ἔδει·

72 1280 128 1314 ξας,
151 1279 194 1316 ἀφ’
210 1280 241 1306 οὗ
262 1282 349 1316 πατὴρ
365 1279 462 1316 ἐγένου,
478 1280 514 1316 ξού
529 1282 605 1316 μόνον
620 1284 651 1316 τῇ
680 1284 777 1316 φυσικῇ
802 1289 878 1316 στορ-

70 1329 105 1362 γῇ
122 1326 296 1361 κεχρημένος,
322 1325 352 1354 ἣν
376 1327 419 1350 καὶ
439 1326 473 1350 τὰ
493 1325 577 1360 ἄλογα
598 1326 745 1362 παρέχεται
772 1328 827 1354 τοῖς
849 1323 878 1350 ἐκ

70 1372 168 1406 τόνοις,
200 1371 235 1400 ὡς
272 1369 351 1400 αὐτὸς
378 1378 404 1395 τε
427 1368 502 1400 εἶπας
525 1372 570 1395 καὶ
599 1370 705 1406 ἠπεῖρα
733 1367 877 1402 δείκνυσιν,

71 1413 199 1440 ἀλλὰκαὶ
224 1415 356 1440 ἐπιτείνειν
371 1415 416 1443 τὴν
447 1412 561 1450 ἀγάπην,
588 1411 710 1442 δηλονότι
733 1413 760 1439 ἐκ
787 1423 879 1450 προαι-

71 1461 178 1496 ρέσεως,
207 1459 260 1494 ὅσῳ
287 1459 349 1495 ὁρᾷς
375 1462 485 1484 τοιαῦτα
511 1460 580 1493 ὄντα,
606 1459 648 1484 οἵα
670 1458 731 1489 ἄξια
751 1458 880 1484 εἶναιπα-

71 1507 169 1540 τρικῶν
185 1507 352 1538 προσευχῶν.
366 1502 446 1529 Ὠστε
467 1502 520 1538 οὐχ
542 1503 610 1538 ἡμᾶς
632 1501 674 1529 δεῖ
695 1505 755 1540 περὶ
779 1504 877 1528 τούτων

70 1548 220 1574 πείθεσθαι·
240 1546 361 1585 ἀρκοῦσα
383 1547 434 1584 γὰρ
460 1549 474 1577 ἠ
501 1547 527 1579 ἐξ
550 1547 634 1574 αὐτῶν
664 1552 712 1574 τῶν
737 1549 877 1583 γινομένων
892 1563 913 1591 c

73 1591 132 1618 ἐστὶ
162 1594 305 1629 μαρτυρία.
341 1591 437 1618 Ἐκιίνό
458 1601 488 1627 ’γε
519 1594 570 1628 μὴν
591 1591 638 1617 οὐκ
661 1592 769 1627 οῖκαιρον
796 1600 878 1628 προσ-

73 1638 155 1664 θεῖναι
170 1640 218 1667 τῆς
235 1636 355 1667 ἀληθείας
369 1637 459 1670 ἕνεκεν,
476 1637 516 1662 ὅτι
539 1636 592 1672 οὐχ
620 1636 631 1661 ὁ
657 1634 768 1672 ἁδελφὸς
795 1637 876 1672 Τιμό-

73 1682 127 1712 θεός
157 1681 227 1708 ἐστιν
262 1682 274 1707 ὁ
298 1683 512 1719 χωρεπίσκοπος,
542 1681 555 1706 ὸ
583 1681 722 1716 ἀνενεγκὼν
755 1681 818 1716 ἡμῖν
843 1681 877 1706 τὰ

72 1727 259 1764 θρυλληθέντα.
276 1728 342 1752 Οὔτε
356 1727 407 1763 γὰρ
433 1726 458 1752 ἐν
477 1728 620 1762 συντυχίᾳ,
642 1727 700 1752 οὔτε
722 1724 769 1751 διὰ
789 1726 876 1762 ’γράμ-

71 1781 153 1808 ματος
177 1773 294 1807 φαίνεται
323 1773 416 1807 μικρὸν
444 1780 471 1797 τι
496 1770 511 1799 ἣ
537 1770 626 1807 μεῖξον
642 1768 768 1800 διαϐολῆς
783 1769 876 1806 ἐχόμε-

70 1826 116 1842 νον
144 1818 204 1853 περὶ
239 1819 286 1842 σοῦ
315 1815 502 1851 φθεγξάμενος.
545 1814 625 1841 Ὥστε
659 1813 797 1843 ἀκηκοέναι
829 1816 875 1850 μέν

71 1870 98 1887 τι
113 1862 154 1896 (5)
183 1860 230 1886 οὐκ
255 1859 411 1898 ἀρνούμεθα·
439 1859 468 1885 οὗ
496 1861 546 1895 μὴν
574 1860 698 1895 Τιμόθεον
735 1858 798 1885 εἶναι
831 1861 874 1885 τὸν

69 1907 117 1936 τὰς
152 1903 277 1935 διαϐολάς
312 1914 354 1931 σοι
390 1903 630 1934 κατασκευάζοντα,
664 1903 812 1934 Ἀκούοντες
845 1901 875 1929 δι

69 1950 184 1983 πάντως,
213 1949 235 1975 εἰ
259 1951 296 1986 μή
323 1959 350 1975 τι
374 1948 444 1981 ἀλλο,
475 1950 503 1974 τὸ
531 1952 595 1984 γοῦν
627 1951 673 1974 τοῦ
703 1946 873 1984 Ἀλεξάνδρου

69 1997 228 2030 ποιήσομεν,
253 1996 300 2022 τὴν
325 1993 412 2031 ἑτέραν
439 1997 489 2019 τῶν
509 1992 591 2019 ἀκοῶν
620 1992 742 2030 ἀκεραίαν
769 2001 875 2028 ταμιευ-

70 2041 174 2077 σόμεθα
186 2039 228 2074 (6)
241 2042 278 2074 τῷ
294 2036 501 2074 διαϐαλλομένῳ.

357 2085 520 2110 ΕΡΙΣΤΟΛΗ
533 2081 590 2110 KE'.

582 149 825 178 EPISTOLARUM
844 148 986 177 CLASSIS
1005 149 1026 176 ῐ.
1040 149 1148 178 EPIST.
1163 150 1241 178 XXV.

1702 150 1756 178 298

929 210 1120 246 insidiantur,
1135 211 1286 248 praebere;
1302 211 1332 239 id
1353 213 1382 240 et
1398 211 1462 240 ﬁeri
1481 212 1588 248 potest,
1612 213 1639 240 et
1662 211 1759 240 homi-

929 263 1003 284 num
1019 258 1062 284 est
1074 256 1239 292 prudenter
1254 258 1281 285 et
1291 256 1488 285 accomodate
1502 256 1541 284 ad
1557 256 1675 292 pietatis
1687 264 1757 284 nor-

929 308 1013 328 mam
1026 301 1198 328 viventium.
1212 303 1270 329 Nos
1292 303 1393 329 autem
1409 309 1470 329 non
1486 301 1559 329 adeo
1575 301 1675 328 faciles
1692 309 1757 329 esse

931 344 1092 380 arbitreris,
1105 348 1157 373 aut
1178 345 1254 373 adeo
1270 345 1419 378 credulos,
1446 347 1477 373 ut
1497 347 1560 373 sine
1583 346 1719 373 examine
1738 354 1757 374 a

929 389 1089 426 quibusvis
1104 390 1336 418 obtrectationes
1351 391 1558 419 admittamus.
1570 391 1756 419 Meminimus

930 434 1006 462 enim
1022 435 1183 470 spiritualis
1195 435 1346 471 p‘rtecepti,
1360 443 1474 463 vanum
1485 443 1637 464 rumorem
1649 436 1756 464 admit-

930 479 1054 507 tendum
1070 488 1130 508 non
1151 488 1218 508 esse
1239 480 1460 509 admonentis’.
1479 480 1535 508 Sed
1559 482 1660 509 tamen
1683 489 1757 517 quo-

930 524 1013 552 niam
1026 531 1082 552 vos
1096 524 1164 561 ipsi,
1180 525 1232 561 qui
1247 524 1367 552 dicendi
1391 525 1447 553 arti
1469 524 1547 553 datis
1568 533 1701 561 operam,
1720 533 1756 554 ea

929 576 997 604 quae
1013 571 1161 604 apparent
1171 577 1230 597 non
1242 569 1452 606 apparentium
1465 569 1551 605 signa
1566 578 1632 598 esse
1648 570 1754 604 dicitis;

930 612 1003 640 illud
1018 620 1177 641 censemus
1196 615 1263 649 (nec
1282 614 1407 642 moleste
1426 614 1514 648 feras,
1532 614 1557 642 si
1578 615 1663 650 103
1682 615 1756 651 quid

930 664 949 685 θ.
967 657 1056 685 nobis
1079 657 1252 686 docentium
1276 666 1360 686 more
1383 658 1515 687 dicetur:
1540 667 1612 686 nam
1634 659 1756 687 inﬁrma

931 701 1038 728 mundi
1052 704 1081 729 et
1094 701 1211 737 abjecta
1224 701 1312 737 elegit
1329 703 1436 737 Deus“,
1459 710 1494 730 ac
1518 711 1598 739 saepe
1617 711 1671 739 per
1692 703 1756 731 haec

930 745 1091 773 electorum
1105 745 1232 774 salutem
1248 746 1431 783 dispensat):
1449 747 1545 783 quod,
1558 747 1695 784 inquam,
1711 748 1755 776 di-

931 797 966 817 co
980 789 1201 827 admoneoque,
1221 790 1293 818 illud
1307 794 1352 819 est
1367 800 1374 819 :
1404 793 1433 818 ut
1446 799 1617 820 sermonem
1633 800 1757 820 omnem

930 836 959 862 et
967 842 1089 862 omnem
1102 835 1244 863 decoram
1256 836 1406 864 actionem
1415 836 1602 865 considerate
1612 844 1757 874 exsequa-

931 886 1009 913 mur,
1025 880 1053 906 et
1075 879 1241 907 secundum
1262 879 1393 915 ApOStoli
1407 883 1592 916 praeceptum
1603 882 1625 915 ’,
1640 881 1756 910 nullam

930 922 1037 950 demus
1049 923 1108 950 ulla
1116 923 1146 951 in
1157 931 1188 951 re
1196 923 1403 952 offensionem.
1412 925 1519 952 Decere
1527 925 1608 953 enim
1618 926 1756 961 arbitror,

930 970 962 994 ut
975 966 1028 1003 qui
1043 967 1170 996 multum
1186 968 1216 996 in
1232 968 1368 997 doctrina
1378 969 1572 1005 percipienda
1586 970 1757 1006 exsudavit,

931 1011 1125 1047 gentiumque
1136 1014 1164 1040 et
1175 1012 1295 1040 urbium
1311 1013 1516 1048 gubernacula
1527 1014 1630 1049 tenuit,
1644 1023 1680 1042 ac
1694 1023 1758 1043 ma-

931 1062 1023 1090 gnam
1033 1056 1259 1093 progenitorum
1269 1057 1407 1086 virtutem
1418 1058 1585 1094 aemulatur,
1594 1059 1688 1095 ipsius
1698 1060 1758 1088 vita

931 1101 962 1128 in
977 1101 1093 1129 virtutis
1108 1102 1281 1138 exemplum
1296 1105 1493 1138 proponatur.
1516 1105 1606 1131 Porro
1620 1112 1757 1133 amorem

932 1153 1004 1181 erga
1017 1145 1127 1174 liberos
1142 1154 1203 1175 non
1220 1147 1317 1174 verbis
1333 1155 1414 1176 nunc
1430 1148 1638 1177 demonstrare
1653 1149 1757 1184 debes,

932 1191 983 1226 qui
997 1191 1098 1227 utique
1109 1191 1292 1228 jampridem
1307 1191 1529 1226 demonstrasti,
1547 1201 1583 1221 ex
1596 1201 1658 1229 quo
1673 1196 1760 1230 pater

931 1235 1028 1263 tactus
1047 1243 1097 1269 es;
1118 1243 1174 1263 nec
1198 1236 1327 1264 naturali
1345 1236 1443 1264 solum
1463 1245 1567 1265 amore
1588 1238 1642 1272 uti,
1667 1246 1758 1274 quem

932 1279 1021 1308 etiam
1039 1280 1128 1308 bruta
1142 1281 1307 1308 animantia
1328 1280 1436 1308 fetibus
1457 1281 1519 1309 suis
1540 1282 1692 1316 exhibent,
1717 1283 1760 1311 uti

933 1326 961 1352 et
974 1326 1005 1352 tu
1016 1324 1123 1360 dixisti,
1140 1327 1169 1352 et
1186 1325 1370 1361 experientia
1382 1325 1515 1354 declarat
1529 1335 1535 1354 :
1562 1327 1614 1354 sed
1629 1327 1760 1355 dilectio-

932 1376 1002 1396 nem
1017 1368 1106 1396 etiam
1131 1368 1224 1396 animi
1245 1368 1419 1397 inductione
1441 1372 1470 1397 et
1494 1369 1646 1398 voluntate
1664 1371 1760 1399 inten-

933 1413 1013 1448 dere,
1028 1421 1062 1441 eo
1078 1413 1175 1448 magis
1190 1413 1272 1449 quod
1286 1421 1339 1441 eos
1355 1413 1428 1441 tales
1448 1422 1514 1442 esse
1530 1415 1623 1450 vides,
1640 1415 1693 1451 qui
1707 1423 1759 1452 pa.-

932 1458 1022 1486 ternis
1036 1458 1111 1485 votis
1125 1458 1209 1493 digni
1225 1457 1295 1485 sint.
1321 1458 1419 1490 Quare
1440 1466 1501 1486 non
1526 1467 1603 1495 opus
1627 1462 1673 1487 est
1693 1460 1759 1488 haec

932 1502 1020 1530 nobis
1034 1502 1219 1538 persuaderi,
1234 1510 1303 1530 cum
1319 1503 1391 1530 satis
1407 1503 1444 1530 sit
1459 1503 1662 1532 testimonium
1675 1505 1759 1540 quod

933 1555 969 1575 ex
986 1547 1078 1575 rebus
1101 1546 1175 1582 ipsis
1199 1546 1371 1583 percipitur.
1406 1546 1479 1574 Illud
1506 1550 1607 1575 autem
1628 1549 1760 1576 veritatis

932 1599 1024 1620 causa
1039 1599 1099 1618 non
1112 1591 1356 1627 intempestivum
1372 1591 1513 1627 adjicere,
1526 1592 1649 1620 fratrem
1664 1594 1759 1621 Timo-

931 1636 1032 1664 theum
1047 1636 1298 1672 chorepisciipum
1322 1644 1383 1664 non
1404 1644 1479 1669 esse,
1499 1636 1552 1672 qui
1566 1644 1703 1664 rumores
1719 1637 1760 1665 ad

931 1689 988 1709 nos
1003 1680 1148 1708 detulerit.
1166 1682 1241 1708 Nam
1256 1689 1312 1708 nec
1331 1689 1445 1714 coram,
1465 1689 1563 1717 neque
1578 1690 1631 1718 per
1643 1682 1758 1710 litteras

930 1725 1015 1761 parvi
1028 1725 1197 1761 quidquam
1211 1727 1264 1753 aut
1274 1726 1387 1760 magni.
1400 1725 1482 1762 quod
1498 1725 1656 1754 calumniae
1669 1726 1758 1755 afﬁne

929 1773 1015 1803 esset,
1043 1770 1081 1797 de
1099 1772 1128 1797 te
1147 1770 1265 1798 locutus
1287 1770 1532 1806 deprehenditur.
1554 1771 1758 1804 Quamobrem

929 1815 1042 1851 aliquid
1058 1823 1114 1842 nos
1129 1814 1283 1842 audivisse
1294 1822 1355 1842 non
1368 1822 1533 1850 negamus:
1560 1815 1613 1843 sed
1628 1815 1759 1844 afﬁrma-

929 1868 997 1888 mus
1015 1859 1203 1888 Timotheum
1224 1867 1286 1887 non
1306 1867 1381 1891 esse,
1401 1859 1453 1895 qui
1476 1859 1528 1887 tibi
1551 1860 1690 1888 struxerit
1709 1868 1757 1889 ca-

927 1904 1069 1932 lumnias.
1084 1903 1213 1932 Omnino
1229 1905 1331 1931 autem
1351 1903 1517 1937 audientes,
1531 1903 1555 1931 si
1573 1904 1646 1932 nihil
1661 1904 1754 1938 aliud,

927 1948 1001 1976 illud
1016 1951 1094 1976 certe
1106 1947 1268 1976 Alexandri
1280 1947 1435 1982 faciemus,
1452 1951 1484 1976 ut
1503 1948 1687 1977 calumniam
1702 1957 1755 1986 pa-

927 1992 1010 2020 tienti
1024 1993 1148 2021 alteram
1163 2000 1268 2021 aurem
1283 1992 1431 2028 integram
1445 2000 1645 2022 reservemus.

1203 2081 1369 2109 EPISTOLA
1388 2082 1478 2110 XXV'.

67 2133 180 2161 Amica
195 2135 222 2160 et
239 2132 398 2160 charitati:
415 2132 506 2166 plena
521 2131 722 2166 expostulatio
742 2138 807 2158 cum
826 2130 993 2158 Athanasio
1007 2129 1183 2164 Ancyrano,
1200 2130 1252 2165 qui
1264 2130 1410 2166 Basiliam
1425 2138 1478 2158 nec
1489 2138 1545 2165 per
1564 2131 1680 2159 litteras
1700 2132 1755 2160 ad-

107 2168 267 2200 monitum.
283 2176 337 2196 nec
352 2175 407 2202 per
416 2165 609 2195 communem
621 2167 752 2202 aliquem
765 2167 906 2202 amicum,
919 2167 1024 2200 palam
1038 2169 1065 2194 et
1080 2169 1183 2199 aperte
1194 2165 1399 2202 insectabatur
1409 2169 1434 2193 et
1446 2167 1631 2201 minabatur,
1646 2174 1682 2195 ac
1696 2175 1755 2196 om-

108 2204 199 2232 nibus
218 2201 357 2232 Caesarea
370 2202 556 2232 venientibus
570 2201 687 2230 dicebat
699 2209 795 2230 noxas
807 2201 953 2237 quasdam
969 2202 1006 2230 ab
1022 2209 1053 2230 eo
1066 2202 1157 2229 scribi
1168 2203 1195 2229 et
1211 2201 1356 2234 componi.

219 2252 367 2288 ¹Αθανασίῳ
384 2253 423 2288 (7)
437 2251 571 2287 ἰπισκὸπῳ
588 2251 729 2287 Ἀγκύρας,

110 2297 137 2324 1.
165 2296 340 2333 Ἀπήγγειλάν
370 2297 416 2332 μοί
443 2305 509 2326 τινες
538 2299 588 2321 τῶν
621 2294 648 2320 ἐκ
674 2299 722 2326 τῆς
747 2294 876 2331 Ἀγκύρας

70 2343 140 2380 πρὸς
163 2342 234 2379 ἡμᾶς
260 2341 436 2378 ἀφικομένων,
452 2339 543 2366 πολλοὶ
567 2338 596 2366 δι
617 2339 689 2366 οὗτοι
703 2342 748 2366 καὶ
763 2338 824 2366 οὐδὲ
839 2340 875 2375 (8)

108 2431 119 2449 ⁷
142 2429 239 2459 Exod.
253 2437 331 2464 χχιιι,
344 2432 369 2457 l.
407 2430 418 2447 ³
438 2428 524 2458 ICor.
535 2436 554 2464 I,
565 2430 611 2457 27.
650 2429 661 2446 ³
681 2430 703 2456 ιι
717 2429 782 2457 Cor.
793 2436 834 2463 v1,
850 2430 878 2456 3.

109 2521 150 2561 (3)
170 2523 289 2561 Iuli-595.
306 2518 353 2547 Sic
363 2517 459 2561 tiarl.,
471 2517 558 2546 Coisl.
570 2519 696 2554 uterque
711 2519 739 2546 et
751 2518 877 2553 uterque

71 2555 186 2591 Regius
201 2555 277 2591 Editi
291 2558 412 2591 συνετῶν.

109 2588 149 2627 (7r)
172 2593 202 2618 Εἰ
215 2600 241 2617 τι
255 2589 291 2619 ἓν.
317 2590 363 2627 Sic
377 2588 468 2627 ttat-1.,
488 2588 559 2627 Med
582 2588 671 2627 goisl.
700 2591 826 2625 uterque
851 2589 880 2616 et

71 2624 146 2663 Reg.
164 2627 291 2663 primus.
309 2625 422 2663 Edjli_:_2
438 2626 515 2663 fit);
530 2624 565 2663 ἐν.
582 2624 672 2653 Paulo
686 2627 755 2661 post
767 2624 819 2652 sex
832 2632 880 2652 co-

71 2659 213 2692 ᾶίιῖεέδι*
233 2661 327 2688 αὐτῶν.
342 2661 420 2689 Editi
433 2659 480 2687 διὰ
493 2661 603 2688 τούτων.

108 2700 152 2734 (5)
170 2700 223 2725 Μέν
236 2707 272 2724 τι.
289 2697 335 2724 Sic
346 2705 431 2734 mss,
443 2704 505 2724 sex.
524 2695 598 2734 Editi

169 2733 383 2772 Ταμιευσόμεθα.
399 2732 452 2772 _Sic
477 2739 534 2772 ope
561 2730 647 2772 qoisl.
680 2733 692 2758 1
721 2731 749 2772 et
772 2730 843 2772 Res.
863 2732 880 2758 2

73 2767 312 2807 emendat/imus
324 2767 408 2807 quod
418 2770 486 2807 erat
498 2767 529 2807 in
545 2767 830 2807 editis.?ayt€uftc$0‘u.

111 2808 151 2838 (7)
174 2801 344 2840 Ἀθανασίῳῖ
360 2803 484 2832 Addunt
507 2802 570 2832 duo
585 2801 705 2832 codices
729 2801 819 2831 Coisl.
834 2809 881 2830 se-

231 2855 355 2883 PATROL.
375 2853 428 2882 Gn.
447 2852 539 2880 XXXII

612 2697 708 2732 μέντοι.

1096 2249 1266 2276 Athanasio
1286 2249 1422 2283 episcopo
1441 2249 1581 2285 Ancyra.

966 2296 990 2322 ί.
1011 2293 1190 2321 Nuntiarunt
1213 2293 1285 2320 mihi
1305 2293 1430 2329 quidam
1454 2302 1490 2321 ex
1512 2294 1556 2322 his
1569 2294 1622 2331 qui
1638 2297 1757 2332 Ancyra

928 2338 968 2367 ad
983 2347 1037 2367 vos
1053 2338 1187 2374 veniunt,
1203 2337 1290 2366 multi
1305 2340 1406 2367 autem
1421 2341 1492 2367 sunt
1503 2339 1545 2373 hi,
1556 2347 1592 2368 ac
1601 2347 1639 2368 ne
1654 2348 1758 2370 nume-

932 2515 1050 2544 cundus
1074 2518 1102 2544 et
1123 2517 1192 2552 Reg.
1216 2518 1278 2551 222,
1299 2525 1317 2545 a
1342 2516 1522 2546 Combeiisio
1549 2518 1676 2546 citatus:
1693 2518 1760 2544 ὥστε

932 2555 1080 2593 φανερώσει
1104 2552 1174 2593 αὐτῷ
1200 2554 1276 2579 πόθεν
1298 2552 1402 2582 ἐκινήθη
1430 2555 1495 2590 πρὸς
1515 2556 1561 2583 τὴν
1590 2554 1647 2580 κατ’
1679 2553 1760 2579 αὐτοῦ

933 2588 1028 2616 λύπην.
1052 2588 1088 2616 Ut
1107 2588 1165 2616 sibi
1178 2589 1323 2624 signiﬁcet
1340 2589 1419 2617 unde
1433 2588 1596 2618 commotus
1608 2590 1710 2624 fuerit,
1727 2591 1761 2616 ut

934 2623 1143 2667 {aegritudinem
1163 2624 1320 2652 adversum
1341 2632 1371 2652 se
1388 2627 1561 2660 susciperet.
1588 2625 1672 2652 Initio
1692 2623 1760 2652 eod.

933 2660 997 2687 Vat.
1010 2660 1160 2694 ἀνήγγελον.

970 2696 1010 2729 (8)
1031 2697 1082 2721 Καὶ
1094 2694 1167 2723 οὐδὲ.
1181 2695 1256 2722 Editi
1271 2697 1315 2721 καὶ
1331 2695 1376 2726 οὓς
1390 2693 1462 2722 οὐδε.
1485 2695 1542 2724 Sed
1565 2695 1631 2722 haec
1654 2694 1764 2723 vocula

935 2729 1019 2758 deest
1041 2730 1072 2758 in
1096 2731 1190 2758 tribus
1211 2730 1333 2767 optimis
1354 2731 1510 2759 codicibus
1536 2730 1628 2764 Harl.,
1654 2730 1762 2767 Coisl.,

1715 2774 1730 2786 θ

971 2802 983 2813 ¹
999 2801 1080 2830 Alias
1095 2802 1162 2834 Llll,
1180 2801 1291 2837 scripta
1308 2803 1377 2830 ante
1390 2809 1439 2830 an.
1455 2803 1519 2831 369.
1688 2766 1762 2795 "ad.

1501 2851 1535 2880 10
