  <div class='ocr_page' id='page_1' title='image "/cluster/home/n/w/nwhite01/storage/ocr_20150623/32/njp.32101077772539/163.png"; bbox 0 0 2009 3145; ppageno 0'>
   <div class='ocr_carea' id='block_1_1' title="bbox 259 140 312 168">
    <p class='ocr_par' dir='ltr' id='par_1_1' title="bbox 259 140 312 168">
     <span class='ocr_line' id='line_1_1' title="bbox 259 140 312 168; baseline 0.038 -2"><span class='ocrx_word' id='word_1_1' title='bbox 259 140 312 168; x_wconf 79' lang='lat'>299</span> 
     </span>
    </p>
   </div>
   <div class='ocr_carea' id='block_1_2' title="bbox 952 136 1243 166">
    <p class='ocr_par' dir='ltr' id='par_1_2' title="bbox 952 136 1243 166">
     <span class='ocr_line' id='line_1_2' title="bbox 952 136 1243 166; baseline -0.003 0"><span class='ocrx_word' id='word_1_2' title='bbox 952 137 981 166; x_wconf 91' lang='lat' dir='ltr'>S.</span> <span class='ocrx_word' id='word_1_3' title='bbox 1001 136 1114 165; x_wconf 78' lang='lat' dir='ltr'>BASlLl</span> <span class='ocrx_word' id='word_1_4' title='bbox 1133 137 1243 166; x_wconf 81' lang='lat' dir='ltr'><strong>MAGNI</strong></span> 
     </span>
    </p>
   </div>
   <div class='ocr_carea' id='block_1_3' title="bbox 1885 141 1935 169">
    <p class='ocr_par' dir='ltr' id='par_1_3' title="bbox 1885 141 1935 169">
     <span class='ocr_line' id='line_1_3' title="bbox 1885 141 1935 169; baseline -0.02 0"><span class='ocrx_word' id='word_1_5' title='bbox 1885 141 1935 169; x_wconf 87' lang='lat'>300</span> 
     </span>
    </p>
   </div>
   <div class='ocr_carea' id='block_1_4' title="bbox 258 199 1080 239">
    <p class='ocr_par' dir='ltr' id='par_1_4' title="bbox 258 200 1080 238">
     <span class='ocr_line' id='line_1_4' title="bbox 258 200 1080 238; baseline -0.001 -9"><span class='ocrx_word' id='word_1_6' title='bbox 258 209 325 229; x_wconf 87' lang='lat' dir='ltr'>rare</span> <span class='ocrx_word' id='word_1_7' title='bbox 337 201 461 238; x_wconf 83' lang='lat' dir='ltr'>quidem</span> <span class='ocrx_word' id='word_1_8' title='bbox 476 200 562 230; x_wconf 78' lang='lat' dir='ltr'>facile</span> <span class='ocrx_word' id='word_1_9' title='bbox 577 201 631 236; x_wconf 87' lang='lat' dir='ltr'>sit;</span> <span class='ocrx_word' id='word_1_10' title='bbox 651 208 713 229; x_wconf 90' lang='lat' dir='ltr'>uno</span> <span class='ocrx_word' id='word_1_11' title='bbox 733 201 835 229; x_wconf 86' lang='lat' dir='ltr'>autem</span> <span class='ocrx_word' id='word_1_12' title='bbox 850 207 901 229; x_wconf 87' lang='lat' dir='ltr'>ore</span> <span class='ocrx_word' id='word_1_13' title='bbox 916 207 1023 228; x_wconf 89' lang='lat' dir='ltr'>omnes</span> <span class='ocrx_word' id='word_1_14' title='bbox 1037 207 1080 228; x_wconf 89' lang='lat' dir='ltr'>re-</span> 
     </span>
    </p>
   </div>
   <div class='ocr_carea' id='block_1_5' title="bbox 1135 199 1933 239">
    <p class='ocr_par' dir='ltr' id='par_1_5' title="bbox 1139 199 1933 239">
     <span class='ocr_line' id='line_1_5' title="bbox 1139 199 1933 239; baseline 0.004 -12"><span class='ocrx_word' id='word_1_15' title='bbox 1139 199 1286 237; x_wconf 78' lang='grc' dir='ltr'>ἂριθμᾶσαι</span> <span class='ocrx_word' id='word_1_16' title='bbox 1304 199 1407 239; x_wconf 74' lang='grc' dir='ltr'>ῥᾴδιον,</span> <span class='ocrx_word' id='word_1_17' title='bbox 1436 201 1562 237; x_wconf 81' lang='grc' dir='ltr'>σύμφωνα</span> <span class='ocrx_word' id='word_1_18' title='bbox 1583 199 1613 227; x_wconf 71' lang='grc' dir='ltr'>δὲ</span> <span class='ocrx_word' id='word_1_19' title='bbox 1639 201 1733 233; x_wconf 72' lang='grc' dir='ltr'>πάντες</span> <span class='ocrx_word' id='word_1_20' title='bbox 1757 202 1933 239; x_wconf 72' lang='grc' dir='ltr'>φθεγγόμενοι.</span> 
     </span>
    </p>
   </div>
   <div class='ocr_carea' id='block_1_6' title="bbox 259 245 1086 282">
    <p class='ocr_par' dir='ltr' id='par_1_6' title="bbox 259 245 1086 282">
     <span class='ocr_line' id='line_1_6' title="bbox 259 245 1086 282; baseline -0.001 -8"><span class='ocrx_word' id='word_1_21' title='bbox 259 246 397 281; x_wconf 90' lang='lat' dir='ltr'>ferentes,</span> <span class='ocrx_word' id='word_1_22' title='bbox 417 249 443 274; x_wconf 90' lang='lat' dir='ltr'>te</span> <span class='ocrx_word' id='word_1_23' title='bbox 458 246 584 274; x_wconf 89' lang='lat' dir='ltr'>charum</span> <span class='ocrx_word' id='word_1_24' title='bbox 606 247 698 282; x_wconf 85' lang='lat' dir='ltr'>caput</span> <span class='ocrx_word' id='word_1_25' title='bbox 720 246 887 282; x_wconf 85' lang='lat' dir='ltr'>(quomodo</span> <span class='ocrx_word' id='word_1_26' title='bbox 907 245 1005 274; x_wconf 73' lang='lat' dir='ltr'>verbis</span> <span class='ocrx_word' id='word_1_27' title='bbox 1019 247 1086 273; x_wconf 88' lang='lat' dir='ltr'>utar</span> 
     </span>
    </p>
   </div>
   <div class='ocr_carea' id='block_1_7' title="bbox 257 289 1085 326">
    <p class='ocr_par' dir='ltr' id='par_1_7' title="bbox 257 289 1085 326">
     <span class='ocr_line' id='line_1_7' title="bbox 257 289 1085 326; baseline -0.002 -7"><span class='ocrx_word' id='word_1_28' title='bbox 257 290 445 326; x_wconf 76' lang='lat' dir='ltr'>lenissimis?)</span> <span class='ocrx_word' id='word_1_29' title='bbox 455 298 516 318; x_wconf 81' lang='lat' dir='ltr'>non</span> <span class='ocrx_word' id='word_1_30' title='bbox 529 290 707 318; x_wconf 82' lang='lat' dir='ltr'>suavissime</span> <span class='ocrx_word' id='word_1_31' title='bbox 722 290 816 318; x_wconf 83' lang='lat' dir='ltr'>nostri</span> <span class='ocrx_word' id='word_1_32' title='bbox 833 289 1018 324; x_wconf 85' lang='lat' dir='ltr'>meminisse,</span> <span class='ocrx_word' id='word_1_33' title='bbox 1035 297 1085 317; x_wconf 91' lang='lat' dir='ltr'>ne-</span> 
     </span>
    </p>
   </div>
   <div class='ocr_carea' id='block_1_8' title="bbox 258 334 1084 372">
    <p class='ocr_par' dir='ltr' id='par_1_8' title="bbox 258 334 1084 372">
     <span class='ocr_line' id='line_1_8' title="bbox 258 334 1084 372; baseline -0.001 -9"><span class='ocrx_word' id='word_1_34' title='bbox 258 343 317 372; x_wconf 87' lang='lat' dir='ltr'>que</span> <span class='ocrx_word' id='word_1_35' title='bbox 332 343 388 372; x_wconf 89' lang='lat' dir='ltr'>pro</span> <span class='ocrx_word' id='word_1_36' title='bbox 402 335 461 364; x_wconf 87' lang='lat' dir='ltr'>tuis</span> <span class='ocrx_word' id='word_1_37' title='bbox 470 335 618 363; x_wconf 89' lang='lat' dir='ltr'>moribus.</span> <span class='ocrx_word' id='word_1_38' title='bbox 634 336 675 363; x_wconf 85' lang='lat' dir='ltr'>Me</span> <span class='ocrx_word' id='word_1_39' title='bbox 691 343 759 363; x_wconf 86' lang='lat' dir='ltr'>vero</span> <span class='ocrx_word' id='word_1_40' title='bbox 775 334 848 362; x_wconf 90' lang='lat' dir='ltr'>nihil</span> <span class='ocrx_word' id='word_1_41' title='bbox 862 342 962 362; x_wconf 88' lang='lat' dir='ltr'>rerum</span> <span class='ocrx_word' id='word_1_42' title='bbox 977 334 1084 362; x_wconf 86' lang='lat' dir='ltr'>huma-</span> 
     </span>
    </p>
   </div>
   <div class='ocr_carea' id='block_1_9' title="bbox 257 379 1085 416">
    <p class='ocr_par' dir='ltr' id='par_1_9' title="bbox 257 379 1085 416">
     <span class='ocr_line' id='line_1_9' title="bbox 257 379 1085 416; baseline -0.002 -8"><span class='ocrx_word' id='word_1_43' title='bbox 257 388 377 414; x_wconf 87' lang='lat' dir='ltr'>narum,</span> <span class='ocrx_word' id='word_1_44' title='bbox 393 380 488 416; x_wconf 84' lang='lat' dir='ltr'>probe</span> <span class='ocrx_word' id='word_1_45' title='bbox 504 380 592 416; x_wconf 84' lang='lat' dir='ltr'>scias,</span> <span class='ocrx_word' id='word_1_46' title='bbox 611 379 754 416; x_wconf 85' lang='lat' dir='ltr'>percellit,</span> <span class='ocrx_word' id='word_1_47' title='bbox 776 387 831 408; x_wconf 91' lang='lat' dir='ltr'>nec</span> <span class='ocrx_word' id='word_1_48' title='bbox 853 380 1035 415; x_wconf 80' lang='lat' dir='ltr'>cujusquam</span> <span class='ocrx_word' id='word_1_49' title='bbox 1049 386 1085 407; x_wconf 87' lang='lat' dir='ltr'>ex</span> 
     </span>
    </p>
   </div>
   <div class='ocr_carea' id='block_1_10' title="bbox 258 424 1086 461">
    <p class='ocr_par' dir='ltr' id='par_1_10' title="bbox 258 424 1086 461">
     <span class='ocr_line' id='line_1_10' title="bbox 258 424 1086 461; baseline -0.002 -8"><span class='ocrx_word' id='word_1_50' title='bbox 258 425 399 453; x_wconf 89' lang='lat' dir='ltr'>omnibus</span> <span class='ocrx_word' id='word_1_51' title='bbox 411 425 615 461; x_wconf 78' lang='lat' dir='ltr'>inexspectata</span> <span class='ocrx_word' id='word_1_52' title='bbox 628 425 811 458; x_wconf 81' lang='lat' dir='ltr'>immutatio;</span> <span class='ocrx_word' id='word_1_53' title='bbox 823 432 892 452; x_wconf 91' lang='lat' dir='ltr'>cum</span> <span class='ocrx_word' id='word_1_54' title='bbox 905 424 1022 452; x_wconf 91' lang='lat' dir='ltr'>dudum</span> <span class='ocrx_word' id='word_1_55' title='bbox 1033 431 1086 452; x_wconf 85' lang='lat' dir='ltr'>na-</span> 
     </span>
    </p>
   </div>
   <div class='ocr_carea' id='block_1_11' title="bbox 258 469 1084 499">
    <p class='ocr_par' dir='ltr' id='par_1_11' title="bbox 258 469 1084 499">
     <span class='ocr_line' id='line_1_11' title="bbox 258 469 1084 499; baseline -0.002 0"><span class='ocrx_word' id='word_1_56' title='bbox 258 473 330 499; x_wconf 83' lang='lat' dir='ltr'>turae</span> <span class='ocrx_word' id='word_1_57' title='bbox 350 470 584 498; x_wconf 83' lang='lat' dir='ltr'>imbecillitatem</span> <span class='ocrx_word' id='word_1_58' title='bbox 599 472 626 498; x_wconf 92' lang='lat' dir='ltr'>et</span> <span class='ocrx_word' id='word_1_59' title='bbox 644 470 675 498; x_wconf 90' lang='lat' dir='ltr'>in</span> <span class='ocrx_word' id='word_1_60' title='bbox 691 470 838 498; x_wconf 84' lang='lat' dir='ltr'>contraria</span> <span class='ocrx_word' id='word_1_61' title='bbox 848 469 1084 498; x_wconf 85' lang='lat' dir='ltr'>mutabilitatem</span> 
     </span>
    </p>
   </div>
   <div class='ocr_carea' id='block_1_12' title="bbox 256 514 1083 552">
    <p class='ocr_par' dir='ltr' id='par_1_12' title="bbox 256 514 1083 552">
     <span class='ocr_line' id='line_1_12' title="bbox 256 514 1083 552; baseline -0.004 -8"><span class='ocrx_word' id='word_1_62' title='bbox 256 516 471 552; x_wconf 81' lang='lat' dir='ltr'>perspexerim.</span> <span class='ocrx_word' id='word_1_63' title='bbox 488 515 571 542; x_wconf 89' lang='lat' dir='ltr'>Unde</span> <span class='ocrx_word' id='word_1_64' title='bbox 586 522 694 551; x_wconf 88' lang='lat' dir='ltr'>neque,</span> <span class='ocrx_word' id='word_1_65' title='bbox 718 515 743 542; x_wconf 90' lang='lat' dir='ltr'>si</span> <span class='ocrx_word' id='word_1_66' title='bbox 757 514 831 550; x_wconf 91' lang='lat' dir='ltr'>quid</span> <span class='ocrx_word' id='word_1_67' title='bbox 852 522 952 542; x_wconf 89' lang='lat' dir='ltr'>rerum</span> <span class='ocrx_word' id='word_1_68' title='bbox 968 516 1083 542; x_wconf 91' lang='lat' dir='ltr'>nostra-</span> 
     </span>
    </p>
   </div>
   <div class='ocr_carea' id='block_1_13' title="bbox 255 558 1084 595">
    <p class='ocr_par' dir='ltr' id='par_1_13' title="bbox 255 558 1084 595">
     <span class='ocr_line' id='line_1_13' title="bbox 255 558 1084 595; baseline -0.002 -7"><span class='ocrx_word' id='word_1_69' title='bbox 255 568 323 588; x_wconf 89' lang='lat' dir='ltr'>rum</span> <span class='ocrx_word' id='word_1_70' title='bbox 345 562 424 587; x_wconf 84' lang='lat' dir='ltr'>retro</span> <span class='ocrx_word' id='word_1_71' title='bbox 447 559 626 595; x_wconf 81' lang='lat' dir='ltr'>sublapsum</span> <span class='ocrx_word' id='word_1_72' title='bbox 652 561 706 593; x_wconf 90' lang='lat' dir='ltr'>est,</span> <span class='ocrx_word' id='word_1_73' title='bbox 729 561 758 587; x_wconf 89' lang='lat' dir='ltr'>et</span> <span class='ocrx_word' id='word_1_74' title='bbox 775 567 812 587; x_wconf 81' lang='lat' dir='ltr'>ex</span> <span class='ocrx_word' id='word_1_75' title='bbox 828 558 952 595; x_wconf 90' lang='lat' dir='ltr'>pristino</span> <span class='ocrx_word' id='word_1_76' title='bbox 969 558 1084 586; x_wconf 91' lang='lat' dir='ltr'>honore</span> 
     </span>
    </p>
   </div>
   <div class='ocr_carea' id='block_1_14' title="bbox 255 602 1083 640">
    <p class='ocr_par' dir='ltr' id='par_1_14' title="bbox 255 602 1083 640">
     <span class='ocr_line' id='line_1_14' title="bbox 255 602 1083 640; baseline -0.004 -7"><span class='ocrx_word' id='word_1_77' title='bbox 255 604 392 633; x_wconf 84' lang='lat' dir='ltr'>convicia</span> <span class='ocrx_word' id='word_1_78' title='bbox 404 606 493 640; x_wconf 83' lang='lat' dir='ltr'>atque</span> <span class='ocrx_word' id='word_1_79' title='bbox 506 603 623 639; x_wconf 81' lang='lat' dir='ltr'>injuriae</span> <span class='ocrx_word' id='word_1_80' title='bbox 638 603 725 631; x_wconf 92' lang='lat' dir='ltr'>nobis</span> <span class='ocrx_word' id='word_1_81' title='bbox 739 611 820 632; x_wconf 88' lang='lat' dir='ltr'>nunc</span> <span class='ocrx_word' id='word_1_82' title='bbox 835 603 921 637; x_wconf 91' lang='lat' dir='ltr'>ﬁunt,</span> <span class='ocrx_word' id='word_1_83' title='bbox 935 603 966 630; x_wconf 94' lang='lat' dir='ltr'>id</span> <span class='ocrx_word' id='word_1_84' title='bbox 979 602 1083 637; x_wconf 84' lang='lat' dir='ltr'>magni</span> 
     </span>
    </p>
   </div>
   <div class='ocr_carea' id='block_1_15' title="bbox 255 647 1084 684">
    <p class='ocr_par' dir='ltr' id='par_1_15' title="bbox 255 647 1084 684">
     <span class='ocr_line' id='line_1_15' title="bbox 255 647 1084 684; baseline -0.004 -7"><span class='ocrx_word' id='word_1_85' title='bbox 255 649 342 677; x_wconf 80' lang='lat' dir='ltr'>facio.</span> <span class='ocrx_word' id='word_1_86' title='bbox 359 648 417 676; x_wconf 87' lang='lat' dir='ltr'>Sed</span> <span class='ocrx_word' id='word_1_87' title='bbox 431 648 505 676; x_wconf 88' lang='lat' dir='ltr'>illud</span> <span class='ocrx_word' id='word_1_88' title='bbox 526 648 599 676; x_wconf 86' lang='lat' dir='ltr'>mihi</span> <span class='ocrx_word' id='word_1_89' title='bbox 614 656 719 676; x_wconf 82' lang='lat' dir='ltr'>revera</span> <span class='ocrx_word' id='word_1_90' title='bbox 740 650 846 684; x_wconf 61' lang='lat' dir='ltr'>prater</span> <span class='ocrx_word' id='word_1_91' title='bbox 867 647 1042 684; x_wconf 85' lang='lat' dir='ltr'>opinionem</span> <span class='ocrx_word' id='word_1_92' title='bbox 1056 648 1084 675; x_wconf 89' lang='lat' dir='ltr'>et</span> 
     </span>
    </p>
   </div>
   <div class='ocr_carea' id='block_1_16' title="bbox 255 692 1083 729">
    <p class='ocr_par' dir='ltr' id='par_1_16' title="bbox 255 692 1083 729">
     <span class='ocr_line' id='line_1_16' title="bbox 255 692 1083 729; baseline -0.004 -7"><span class='ocrx_word' id='word_1_93' title='bbox 255 694 349 722; x_wconf 84' lang='lat' dir='ltr'>instar</span> <span class='ocrx_word' id='word_1_94' title='bbox 364 693 490 722; x_wconf 82' lang='lat' dir='ltr'>monstri</span> <span class='ocrx_word' id='word_1_95' title='bbox 503 693 600 720; x_wconf 89' lang='lat' dir='ltr'>visum</span> <span class='ocrx_word' id='word_1_96' title='bbox 613 695 666 728; x_wconf 89' lang='lat' dir='ltr'>est,</span> <span class='ocrx_word' id='word_1_97' title='bbox 682 701 752 721; x_wconf 89' lang='lat' dir='ltr'>eum</span> <span class='ocrx_word' id='word_1_98' title='bbox 767 695 794 720; x_wconf 90' lang='lat' dir='ltr'>te</span> <span class='ocrx_word' id='word_1_99' title='bbox 808 701 876 721; x_wconf 89' lang='lat' dir='ltr'>esse</span> <span class='ocrx_word' id='word_1_100' title='bbox 889 692 942 729; x_wconf 89' lang='lat' dir='ltr'>qui</span> <span class='ocrx_word' id='word_1_101' title='bbox 957 692 996 720; x_wconf 86' lang='lat' dir='ltr'>ita</span> <span class='ocrx_word' id='word_1_102' title='bbox 1012 699 1083 726; x_wconf 83' lang='lat' dir='ltr'>erga</span> 
     </span>
    </p>
   </div>
   <div class='ocr_carea' id='block_1_17' title="bbox 254 737 1081 772">
    <p class='ocr_par' dir='ltr' id='par_1_17' title="bbox 254 737 1081 772">
     <span class='ocr_line' id='line_1_17' title="bbox 254 737 1081 772; baseline -0.002 -6"><span class='ocrx_word' id='word_1_103' title='bbox 254 746 310 767; x_wconf 90' lang='lat' dir='ltr'>nos</span> <span class='ocrx_word' id='word_1_104' title='bbox 326 738 451 766; x_wconf 75' lang='lat' dir='ltr'>affectus</span> <span class='ocrx_word' id='word_1_105' title='bbox 467 738 519 772; x_wconf 87' lang='lat' dir='ltr'>sis,</span> <span class='ocrx_word' id='word_1_106' title='bbox 535 740 568 766; x_wconf 88' lang='lat' dir='ltr'>ut</span> <span class='ocrx_word' id='word_1_107' title='bbox 581 738 719 766; x_wconf 80' lang='lat' dir='ltr'>irascaris</span> <span class='ocrx_word' id='word_1_108' title='bbox 734 737 823 765; x_wconf 87' lang='lat' dir='ltr'>nobis</span> <span class='ocrx_word' id='word_1_109' title='bbox 840 745 875 765; x_wconf 90' lang='lat' dir='ltr'>ac</span> <span class='ocrx_word' id='word_1_110' title='bbox 890 744 1081 772; x_wconf 88' lang='lat' dir='ltr'>succenseas,</span> 
     </span>
    </p>
   </div>
   <div class='ocr_carea' id='block_1_18' title="bbox 254 781 1082 819">
    <p class='ocr_par' dir='ltr' id='par_1_18' title="bbox 254 781 1082 819">
     <span class='ocr_line' id='line_1_18' title="bbox 254 781 1082 819; baseline -0.005 -6"><span class='ocrx_word' id='word_1_111' title='bbox 254 784 316 813; x_wconf 89' lang='lat' dir='ltr'>imo</span> <span class='ocrx_word' id='word_1_112' title='bbox 331 784 421 812; x_wconf 86' lang='lat' dir='ltr'>etiam</span> <span class='ocrx_word' id='word_1_113' title='bbox 428 785 495 819; x_wconf 86' lang='lat' dir='ltr'>jam</span> <span class='ocrx_word' id='word_1_114' title='bbox 510 783 609 811; x_wconf 86' lang='lat' dir='ltr'>minas</span> <span class='ocrx_word' id='word_1_115' title='bbox 622 783 740 819; x_wconf 86' lang='lat' dir='ltr'>aliquas</span> <span class='ocrx_word' id='word_1_116' title='bbox 755 783 894 816; x_wconf 88' lang='lat' dir='ltr'>intentes,</span> <span class='ocrx_word' id='word_1_117' title='bbox 909 784 941 810; x_wconf 90' lang='lat' dir='ltr'>ut</span> <span class='ocrx_word' id='word_1_118' title='bbox 951 781 1082 810; x_wconf 88' lang='lat' dir='ltr'>referunt</span> 
     </span>
    </p>
   </div>
   <div class='ocr_carea' id='block_1_19' title="bbox 254 827 1081 866">
    <p class='ocr_par' dir='ltr' id='par_1_19' title="bbox 254 827 1081 866">
     <span class='ocr_line' id='line_1_19' title="bbox 254 827 1081 866; baseline -0.004 -9"><span class='ocrx_word' id='word_1_119' title='bbox 254 829 307 866; x_wconf 88' lang='lat' dir='ltr'>qui</span> <span class='ocrx_word' id='word_1_120' title='bbox 320 829 469 857; x_wconf 83' lang='lat' dir='ltr'>audivere.</span> <span class='ocrx_word' id='word_1_121' title='bbox 485 827 571 864; x_wconf 72' lang='grc'><strong>104</strong></span> <span class='ocrx_word' id='word_1_122' title='bbox 581 828 623 856; x_wconf 81' lang='lat' dir='ltr'>Ac</span> <span class='ocrx_word' id='word_1_123' title='bbox 635 828 735 855; x_wconf 89' lang='lat' dir='ltr'>minas</span> <span class='ocrx_word' id='word_1_124' title='bbox 746 828 869 863; x_wconf 82' lang='lat' dir='ltr'>quidem</span> <span class='ocrx_word' id='word_1_125' title='bbox 885 827 1009 855; x_wconf 85' lang='lat' dir='ltr'>omnino</span> <span class='ocrx_word' id='word_1_126' title='bbox 1020 834 1081 860; x_wconf 65' lang='lat' dir='ltr'>\ve-</span> 
     </span>
    </p>
   </div>
   <div class='ocr_carea' id='block_1_20' title="bbox 1140 245 1935 283">
    <p class='ocr_par' dir='ltr' id='par_1_20' title="bbox 1140 245 1935 283">
     <span class='ocr_line' id='line_1_20' title="bbox 1140 245 1935 283; baseline 0.005 -13"><span class='ocrx_word' id='word_1_127' title='bbox 1140 245 1168 270; x_wconf 75' lang='lat' dir='ltr'>a&quot;:</span> <span class='ocrx_word' id='word_1_128' title='bbox 1192 247 1239 274; x_wconf 78' lang='grc' dir='ltr'>τήν</span> <span class='ocrx_word' id='word_1_129' title='bbox 1268 245 1343 281; x_wconf 89' lang='grc' dir='ltr'>φίλην</span> <span class='ocrx_word' id='word_1_130' title='bbox 1367 245 1478 281; x_wconf 79' lang='grc' dir='ltr'>κεφαλὴν</span> <span class='ocrx_word' id='word_1_131' title='bbox 1508 246 1570 281; x_wconf 80' lang='grc' dir='ltr'>(πῶς</span> <span class='ocrx_word' id='word_1_132' title='bbox 1602 245 1632 271; x_wconf 84' lang='grc' dir='ltr'>ἂν</span> <span class='ocrx_word' id='word_1_133' title='bbox 1659 245 1779 282; x_wconf 70' lang='grc' dir='ltr'>εὐφήμως</span> <span class='ocrx_word' id='word_1_134' title='bbox 1808 248 1935 283; x_wconf 69' lang='grc' dir='ltr'>εἰποιμις)</span> 
     </span>
    </p>
   </div>
   <div class='ocr_carea' id='block_1_21' title="bbox 1139 289 1936 327">
    <p class='ocr_par' dir='ltr' id='par_1_21' title="bbox 1139 289 1936 327">
     <span class='ocr_line' id='line_1_21' title="bbox 1139 289 1936 327; baseline 0.004 -12"><span class='ocrx_word' id='word_1_135' title='bbox 1139 289 1192 325; x_wconf 68' lang='grc' dir='ltr'>οὐχ</span> <span class='ocrx_word' id='word_1_136' title='bbox 1206 290 1239 320; x_wconf 87' lang='grc' dir='ltr'>ὡς</span> <span class='ocrx_word' id='word_1_137' title='bbox 1254 289 1354 319; x_wconf 75' lang='grc' dir='ltr'>ἣδιστα</span> <span class='ocrx_word' id='word_1_138' title='bbox 1371 290 1520 327; x_wconf 85' lang='grc' dir='ltr'>μεμνῆσθαι</span> <span class='ocrx_word' id='word_1_139' title='bbox 1542 291 1625 326; x_wconf 84' lang='grc' dir='ltr'>ἡμῶν,</span> <span class='ocrx_word' id='word_1_140' title='bbox 1642 289 1703 317; x_wconf 71' lang='grc' dir='ltr'>οὐδε</span> <span class='ocrx_word' id='word_1_141' title='bbox 1724 292 1791 317; x_wconf 73' lang='grc' dir='ltr'>κατὰ</span> <span class='ocrx_word' id='word_1_142' title='bbox 1805 293 1849 317; x_wconf 89' lang='grc' dir='ltr'>τὸν</span> <span class='ocrx_word' id='word_1_143' title='bbox 1863 301 1936 318; x_wconf 79' lang='grc' dir='ltr'>σεαυ-</span> 
     </span>
    </p>
   </div>
   <div class='ocr_carea' id='block_1_22' title="bbox 1138 334 1936 375">
    <p class='ocr_par' dir='ltr' id='par_1_22' title="bbox 1138 334 1936 375">
     <span class='ocr_line' id='line_1_22' title="bbox 1138 334 1936 375; baseline 0.004 -14"><span class='ocrx_word' id='word_1_144' title='bbox 1138 338 1182 361; x_wconf 75' lang='grc' dir='ltr'>τοῦ</span> <span class='ocrx_word' id='word_1_145' title='bbox 1194 337 1300 372; x_wconf 87' lang='grc' dir='ltr'>τρόπον.</span> <span class='ocrx_word' id='word_1_146' title='bbox 1325 335 1385 372; x_wconf 77' lang='grc' dir='ltr'>Ἐμὲ</span> <span class='ocrx_word' id='word_1_147' title='bbox 1412 334 1442 362; x_wconf 66' lang='grc' dir='ltr'>δὲ</span> <span class='ocrx_word' id='word_1_148' title='bbox 1465 334 1540 362; x_wconf 63' lang='grc' dir='ltr'>οὐδὲν</span> <span class='ocrx_word' id='word_1_149' title='bbox 1566 335 1708 365; x_wconf 75' lang='grc' dir='ltr'>ἐκπλήσσει</span> <span class='ocrx_word' id='word_1_150' title='bbox 1731 341 1779 363; x_wconf 89' lang='grc' dir='ltr'>τῶν</span> <span class='ocrx_word' id='word_1_151' title='bbox 1804 336 1936 375; x_wconf 82' lang='grc' dir='ltr'>ἀνθρωπί-</span> 
     </span>
    </p>
   </div>
   <div class='ocr_carea' id='block_1_23' title="bbox 1138 378 1936 417">
    <p class='ocr_par' dir='ltr' id='par_1_23' title="bbox 1138 378 1936 417">
     <span class='ocr_line' id='line_1_23' title="bbox 1138 378 1936 417; baseline 0.004 -11"><span class='ocrx_word' id='word_1_152' title='bbox 1138 389 1196 413; x_wconf 88' lang='grc' dir='ltr'>νων,</span> <span class='ocrx_word' id='word_1_153' title='bbox 1211 380 1238 406; x_wconf 81' lang='grc' dir='ltr'>εὖ</span> <span class='ocrx_word' id='word_1_154' title='bbox 1255 381 1321 414; x_wconf 78' lang='grc' dir='ltr'>ἴσθι,</span> <span class='ocrx_word' id='word_1_155' title='bbox 1352 379 1413 407; x_wconf 63' lang='grc' dir='ltr'>οὐδε</span> <span class='ocrx_word' id='word_1_156' title='bbox 1432 378 1632 417; x_wconf 78' lang='grc' dir='ltr'>ἀπροσδόκητος</span> <span class='ocrx_word' id='word_1_157' title='bbox 1658 380 1728 407; x_wconf 83' lang='grc' dir='ltr'>ἐστιν</span> <span class='ocrx_word' id='word_1_158' title='bbox 1757 380 1862 413; x_wconf 76' lang='grc' dir='ltr'>οὐδενὸς</span> <span class='ocrx_word' id='word_1_159' title='bbox 1889 387 1936 409; x_wconf 81' lang='grc' dir='ltr'>τῶν</span> 
     </span>
    </p>
   </div>
   <div class='ocr_carea' id='block_1_24' title="bbox 1138 424 1938 461">
    <p class='ocr_par' dir='ltr' id='par_1_24' title="bbox 1138 424 1938 461">
     <span class='ocr_line' id='line_1_24' title="bbox 1138 424 1938 461; baseline 0.004 -11"><span class='ocrx_word' id='word_1_160' title='bbox 1138 425 1240 450; x_wconf 81' lang='grc' dir='ltr'>πάντων</span> <span class='ocrx_word' id='word_1_161' title='bbox 1259 424 1400 461; x_wconf 76' lang='grc' dir='ltr'>μεταϐολὴ,</span> <span class='ocrx_word' id='word_1_162' title='bbox 1416 425 1496 451; x_wconf 84' lang='grc' dir='ltr'>πάλαι</span> <span class='ocrx_word' id='word_1_163' title='bbox 1510 427 1540 451; x_wconf 88' lang='grc' dir='ltr'>τὸ</span> <span class='ocrx_word' id='word_1_164' title='bbox 1561 429 1607 455; x_wconf 83' lang='grc' dir='ltr'>τῆς</span> <span class='ocrx_word' id='word_1_165' title='bbox 1635 427 1734 461; x_wconf 80' lang='grc' dir='ltr'>φύσεως</span> <span class='ocrx_word' id='word_1_166' title='bbox 1764 425 1869 458; x_wconf 73' lang='grc' dir='ltr'>ἀσθενὶς</span> <span class='ocrx_word' id='word_1_167' title='bbox 1894 429 1938 453; x_wconf 72' lang='grc' dir='ltr'>καὶ</span> 
     </span>
    </p>
   </div>
   <div class='ocr_carea' id='block_1_25' title="bbox 1138 469 1936 507">
    <p class='ocr_par' dir='ltr' id='par_1_25' title="bbox 1138 469 1936 507">
     <span class='ocr_line' id='line_1_25' title="bbox 1138 469 1936 507; baseline 0.006 -13"><span class='ocrx_word' id='word_1_168' title='bbox 1138 470 1167 494; x_wconf 88' lang='grc' dir='ltr'>τὸ</span> <span class='ocrx_word' id='word_1_169' title='bbox 1187 469 1382 507; x_wconf 77' lang='grc' dir='ltr'>εὐπερίτρεπτον</span> <span class='ocrx_word' id='word_1_170' title='bbox 1410 471 1476 507; x_wconf 81' lang='grc' dir='ltr'>πρὸς</span> <span class='ocrx_word' id='word_1_171' title='bbox 1501 471 1534 495; x_wconf 83' lang='grc' dir='ltr'>τὰ</span> <span class='ocrx_word' id='word_1_172' title='bbox 1559 469 1660 496; x_wconf 81' lang='grc' dir='ltr'>ἐναντία</span> <span class='ocrx_word' id='word_1_173' title='bbox 1687 472 1876 507; x_wconf 80' lang='grc' dir='ltr'>καταμαθόντα</span> <span class='ocrx_word' id='word_1_174' title='bbox 1889 471 1936 507; x_wconf 81' lang='grc'><strong>(9).</strong></span> 
     </span>
    </p>
   </div>
   <div class='ocr_carea' id='block_1_26' title="bbox 1137 513 1937 553">
    <p class='ocr_par' dir='ltr' id='par_1_26' title="bbox 1137 513 1937 553">
     <span class='ocr_line' id='line_1_26' title="bbox 1137 513 1937 553; baseline 0.003 -12"><span class='ocrx_word' id='word_1_175' title='bbox 1137 513 1212 541; x_wconf 87' lang='grc' dir='ltr'>Ὀθεν</span> <span class='ocrx_word' id='word_1_176' title='bbox 1241 514 1294 541; x_wconf 70' lang='grc' dir='ltr'>οὔτ’</span> <span class='ocrx_word' id='word_1_177' title='bbox 1323 517 1345 541; x_wconf 81' lang='grc' dir='ltr'>εἴ</span> <span class='ocrx_word' id='word_1_178' title='bbox 1370 526 1395 541; x_wconf 88' lang='grc' dir='ltr'>τι</span> <span class='ocrx_word' id='word_1_179' title='bbox 1418 519 1467 542; x_wconf 76' lang='grc' dir='ltr'>τῶν</span> <span class='ocrx_word' id='word_1_180' title='bbox 1489 516 1617 553; x_wconf 78' lang='grc' dir='ltr'>ἡμετέρων</span> <span class='ocrx_word' id='word_1_181' title='bbox 1634 517 1829 552; x_wconf 75' lang='grc' dir='ltr'>μεταπέπτωκε,</span> <span class='ocrx_word' id='word_1_182' title='bbox 1851 519 1897 543; x_wconf 77' lang='grc' dir='ltr'>καὶ</span> <span class='ocrx_word' id='word_1_183' title='bbox 1912 516 1937 543; x_wconf 78' lang='grc' dir='ltr'>ἐκ</span> 
     </span>
    </p>
   </div>
   <div class='ocr_carea' id='block_1_27' title="bbox 1136 558 1937 597">
    <p class='ocr_par' dir='ltr' id='par_1_27' title="bbox 1136 558 1937 597">
     <span class='ocr_line' id='line_1_27' title="bbox 1136 558 1937 597; baseline 0.001 -11"><span class='ocrx_word' id='word_1_184' title='bbox 1136 563 1183 590; x_wconf 87' lang='grc' dir='ltr'>τῆς</span> <span class='ocrx_word' id='word_1_185' title='bbox 1204 561 1327 597; x_wconf 79' lang='grc' dir='ltr'>πρότερον</span> <span class='ocrx_word' id='word_1_186' title='bbox 1353 564 1433 596; x_wconf 82' lang='grc' dir='ltr'>τιμῆς</span> <span class='ocrx_word' id='word_1_187' title='bbox 1453 558 1584 596; x_wconf 78' lang='grc' dir='ltr'>λοιδορίαι</span> <span class='ocrx_word' id='word_1_188' title='bbox 1607 563 1652 586; x_wconf 85' lang='grc' dir='ltr'>καὶ</span> <span class='ocrx_word' id='word_1_189' title='bbox 1673 560 1757 597; x_wconf 80' lang='grc' dir='ltr'>ὕϐρεις</span> <span class='ocrx_word' id='word_1_190' title='bbox 1782 563 1841 597; x_wconf 87' lang='grc' dir='ltr'>περὶ</span> <span class='ocrx_word' id='word_1_191' title='bbox 1869 562 1937 597; x_wconf 81' lang='grc' dir='ltr'>ἡμᾶς</span> 
     </span>
    </p>
   </div>
   <div class='ocr_carea' id='block_1_28' title="bbox 1136 605 1937 641">
    <p class='ocr_par' dir='ltr' id='par_1_28' title="bbox 1136 605 1937 641">
     <span class='ocr_line' id='line_1_28' title="bbox 1136 605 1937 641; baseline 0.004 -12"><span class='ocrx_word' id='word_1_192' title='bbox 1136 607 1180 629; x_wconf 87' lang='grc' dir='ltr'>νῦν</span> <span class='ocrx_word' id='word_1_193' title='bbox 1204 606 1318 639; x_wconf 87' lang='grc' dir='ltr'>γίνονται</span> <span class='ocrx_word' id='word_1_194' title='bbox 1334 605 1402 637; x_wconf 86' lang='grc'>(10),</span> <span class='ocrx_word' id='word_1_195' title='bbox 1430 607 1498 641; x_wconf 81' lang='grc' dir='ltr'>μέγα</span> <span class='ocrx_word' id='word_1_196' title='bbox 1519 608 1596 631; x_wconf 74' lang='grc' dir='ltr'>τοῦτο</span> <span class='ocrx_word' id='word_1_197' title='bbox 1620 609 1757 641; x_wconf 80' lang='grc' dir='ltr'>ποιοῦμαι.</span> <span class='ocrx_word' id='word_1_198' title='bbox 1780 605 1846 631; x_wconf 83' lang='grc' dir='ltr'>Ἀλλ’</span> <span class='ocrx_word' id='word_1_199' title='bbox 1873 605 1937 632; x_wconf 73' lang='grc' dir='ltr'>ἐκεῖ·</span> 
     </span>
    </p>
   </div>
   <div class='ocr_carea' id='block_1_29' title="bbox 1136 647 1937 686">
    <p class='ocr_par' dir='ltr' id='par_1_29' title="bbox 1136 647 1937 686">
     <span class='ocr_line' id='line_1_29' title="bbox 1136 647 1937 686; baseline 0.002 -12"><span class='ocrx_word' id='word_1_200' title='bbox 1136 650 1164 674; x_wconf 86' lang='grc' dir='ltr'>νό</span> <span class='ocrx_word' id='word_1_201' title='bbox 1178 658 1224 684; x_wconf 89' lang='grc' dir='ltr'>μοι</span> <span class='ocrx_word' id='word_1_202' title='bbox 1238 649 1300 684; x_wconf 83' lang='grc'><strong>(11)</strong></span> <span class='ocrx_word' id='word_1_203' title='bbox 1314 647 1464 686; x_wconf 81' lang='grc' dir='ltr'>παράδοξον</span> <span class='ocrx_word' id='word_1_204' title='bbox 1491 650 1526 680; x_wconf 86' lang='grc' dir='ltr'>ὡς</span> <span class='ocrx_word' id='word_1_205' title='bbox 1553 649 1656 680; x_wconf 79' lang='grc' dir='ltr'>άληθῶς</span> <span class='ocrx_word' id='word_1_206' title='bbox 1671 653 1716 676; x_wconf 75' lang='grc' dir='ltr'>καὶ</span> <span class='ocrx_word' id='word_1_207' title='bbox 1735 651 1860 686; x_wconf 62' lang='grc' dir='ltr'>ὑπερφυὲς</span> <span class='ocrx_word' id='word_1_208' title='bbox 1877 649 1937 686; x_wconf 66' lang='grc' dir='ltr'>ἐφείς</span> 
     </span>
    </p>
   </div>
   <div class='ocr_carea' id='block_1_30' title="bbox 1136 694 1938 731">
    <p class='ocr_par' dir='ltr' id='par_1_30' title="bbox 1136 694 1938 731">
     <span class='ocr_line' id='line_1_30' title="bbox 1136 694 1938 731; baseline 0.004 -13"><span class='ocrx_word' id='word_1_209' title='bbox 1136 702 1177 726; x_wconf 87' lang='grc' dir='ltr'>νη,</span> <span class='ocrx_word' id='word_1_210' title='bbox 1194 694 1223 718; x_wconf 84' lang='grc' dir='ltr'>τὸ</span> <span class='ocrx_word' id='word_1_211' title='bbox 1241 694 1269 719; x_wconf 74' lang='grc' dir='ltr'>σε</span> <span class='ocrx_word' id='word_1_212' title='bbox 1295 694 1360 720; x_wconf 80' lang='grc' dir='ltr'>εἶναι</span> <span class='ocrx_word' id='word_1_213' title='bbox 1386 703 1430 719; x_wconf 85' lang='grc' dir='ltr'>τον</span> <span class='ocrx_word' id='word_1_214' title='bbox 1456 694 1524 720; x_wconf 76' lang='grc' dir='ltr'>οὕτω</span> <span class='ocrx_word' id='word_1_215' title='bbox 1546 696 1611 731; x_wconf 84' lang='grc' dir='ltr'>πρὸς</span> <span class='ocrx_word' id='word_1_216' title='bbox 1639 695 1707 730; x_wconf 81' lang='grc' dir='ltr'>ἡμᾶς</span> <span class='ocrx_word' id='word_1_217' title='bbox 1733 695 1839 730; x_wconf 72' lang='grc' dir='ltr'>ἔχοντα,</span> <span class='ocrx_word' id='word_1_218' title='bbox 1870 695 1938 722; x_wconf 78' lang='grc' dir='ltr'>ὥστε</span> 
     </span>
    </p>
   </div>
   <div class='ocr_carea' id='block_1_31' title="bbox 1136 736 1938 775">
    <p class='ocr_par' dir='ltr' id='par_1_31' title="bbox 1136 736 1938 775">
     <span class='ocr_line' id='line_1_31' title="bbox 1136 736 1938 775; baseline 0.002 -12"><span class='ocrx_word' id='word_1_219' title='bbox 1136 736 1290 774; x_wconf 81' lang='grc' dir='ltr'>ὀργίζεσθαι</span> <span class='ocrx_word' id='word_1_220' title='bbox 1313 739 1376 775; x_wconf 82' lang='grc' dir='ltr'>ἡμῖν</span> <span class='ocrx_word' id='word_1_221' title='bbox 1404 741 1449 765; x_wconf 77' lang='grc' dir='ltr'>καὶ</span> <span class='ocrx_word' id='word_1_222' title='bbox 1484 738 1661 774; x_wconf 77' lang='grc' dir='ltr'>χαλεπαίνειν,</span> <span class='ocrx_word' id='word_1_223' title='bbox 1700 737 1754 768; x_wconf 85' lang='grc' dir='ltr'>ἤδη</span> <span class='ocrx_word' id='word_1_224' title='bbox 1783 737 1814 765; x_wconf 76' lang='grc' dir='ltr'>δέ</span> <span class='ocrx_word' id='word_1_225' title='bbox 1841 749 1868 765; x_wconf 92' lang='grc' dir='ltr'>τι</span> <span class='ocrx_word' id='word_1_226' title='bbox 1892 742 1938 766; x_wconf 72' lang='grc' dir='ltr'>καὶ</span> 
     </span>
    </p>
   </div>
   <div class='ocr_carea' id='block_1_32' title="bbox 1136 781 1937 820">
    <p class='ocr_par' dir='ltr' id='par_1_32' title="bbox 1136 781 1937 820">
     <span class='ocr_line' id='line_1_32' title="bbox 1136 781 1937 820; baseline 0.002 -12"><span class='ocrx_word' id='word_1_227' title='bbox 1136 781 1259 817; x_wconf 80' lang='grc' dir='ltr'>ἀπειλεῖν,</span> <span class='ocrx_word' id='word_1_228' title='bbox 1286 783 1321 813; x_wconf 84' lang='grc' dir='ltr'>ὡς</span> <span class='ocrx_word' id='word_1_229' title='bbox 1344 783 1356 809; x_wconf 90' lang='grc' dir='ltr'>ό</span> <span class='ocrx_word' id='word_1_230' title='bbox 1378 786 1427 809; x_wconf 81' lang='grc' dir='ltr'>τῶν</span> <span class='ocrx_word' id='word_1_231' title='bbox 1452 782 1618 809; x_wconf 70' lang='grc' dir='ltr'>ἀκουσάντων</span> <span class='ocrx_word' id='word_1_232' title='bbox 1642 783 1725 819; x_wconf 84' lang='grc' dir='ltr'>λόγος.</span> <span class='ocrx_word' id='word_1_233' title='bbox 1750 787 1805 810; x_wconf 83' lang='grc' dir='ltr'>Τῶν</span> <span class='ocrx_word' id='word_1_234' title='bbox 1827 785 1873 820; x_wconf 76' lang='grc' dir='ltr'>μὲν</span> <span class='ocrx_word' id='word_1_235' title='bbox 1894 783 1937 810; x_wconf 77' lang='grc' dir='ltr'>οὖν</span> 
     </span>
    </p>
   </div>
   <div class='ocr_carea' id='block_1_33' title="bbox 1135 826 1938 865">
    <p class='ocr_par' dir='ltr' id='par_1_33' title="bbox 1135 826 1938 865">
     <span class='ocr_line' id='line_1_33' title="bbox 1135 826 1938 865; baseline 0.001 -12"><span class='ocrx_word' id='word_1_236' title='bbox 1135 826 1245 853; x_wconf 80' lang='grc' dir='ltr'>ἀπειλῶν</span> <span class='ocrx_word' id='word_1_237' title='bbox 1268 829 1314 853; x_wconf 76' lang='grc' dir='ltr'>καὶ</span> <span class='ocrx_word' id='word_1_238' title='bbox 1336 828 1403 854; x_wconf 83' lang='grc' dir='ltr'>πάνυ</span> <span class='ocrx_word' id='word_1_239' title='bbox 1431 827 1574 864; x_wconf 81' lang='grc' dir='ltr'>(εἰρήσεται</span> <span class='ocrx_word' id='word_1_240' title='bbox 1602 829 1653 865; x_wconf 81' lang='grc' dir='ltr'>γὰρ</span> <span class='ocrx_word' id='word_1_241' title='bbox 1679 827 1802 863; x_wconf 73' lang='grc' dir='ltr'>τάληθὲς)</span> <span class='ocrx_word' id='word_1_242' title='bbox 1829 830 1938 864; x_wconf 81' lang='grc' dir='ltr'>κατεγί-</span> 
     </span>
    </p>
   </div>
   <div class='ocr_carea' id='block_1_34' title="bbox 253 870 1080 910">
    <p class='ocr_par' dir='ltr' id='par_1_34' title="bbox 253 871 1080 908">
     <span class='ocr_line' id='line_1_34' title="bbox 253 871 1080 908; baseline -0.002 -6"><span class='ocrx_word' id='word_1_243' title='bbox 253 882 322 902; x_wconf 88' lang='lat' dir='ltr'>rum</span> <span class='ocrx_word' id='word_1_244' title='bbox 338 874 418 902; x_wconf 90' lang='lat' dir='ltr'>enim</span> <span class='ocrx_word' id='word_1_245' title='bbox 433 873 560 904; x_wconf 82' lang='lat' dir='ltr'>dicetur)</span> <span class='ocrx_word' id='word_1_246' title='bbox 575 872 662 900; x_wconf 81' lang='lat' dir='ltr'>irrisi.</span> <span class='ocrx_word' id='word_1_247' title='bbox 684 871 832 908; x_wconf 87' lang='lat' dir='ltr'>Equidem</span> <span class='ocrx_word' id='word_1_248' title='bbox 844 879 941 900; x_wconf 88' lang='lat' dir='ltr'>essem</span> <span class='ocrx_word' id='word_1_249' title='bbox 956 871 1080 900; x_wconf 89' lang='lat' dir='ltr'>omnino</span> 
     </span>
    </p>
   </div>
   <div class='ocr_carea' id='block_1_35' title="bbox 1135 870 1937 910">
    <p class='ocr_par' dir='ltr' id='par_1_35' title="bbox 1135 870 1937 910">
     <span class='ocr_line' id='line_1_35' title="bbox 1135 870 1937 910; baseline 0.001 -12"><span class='ocrx_word' id='word_1_250' title='bbox 1135 871 1213 898; x_wconf 84' lang='grc' dir='ltr'>λασα·</span> <span class='ocrx_word' id='word_1_251' title='bbox 1231 870 1245 900; x_wconf 83' lang='grc' dir='ltr'>ἦ</span> <span class='ocrx_word' id='word_1_252' title='bbox 1261 870 1358 908; x_wconf 78' lang='grc' dir='ltr'>κομιδῇ</span> <span class='ocrx_word' id='word_1_253' title='bbox 1372 872 1397 908; x_wconf 86' lang='grc' dir='ltr'>γ’</span> <span class='ocrx_word' id='word_1_254' title='bbox 1421 871 1451 898; x_wconf 83' lang='grc' dir='ltr'>ἂν</span> <span class='ocrx_word' id='word_1_255' title='bbox 1466 875 1528 902; x_wconf 87' lang='grc' dir='ltr'>παῖς</span> <span class='ocrx_word' id='word_1_256' title='bbox 1543 874 1607 906; x_wconf 87' lang='grc' dir='ltr'>εῖην,</span> <span class='ocrx_word' id='word_1_257' title='bbox 1623 874 1657 898; x_wconf 76' lang='grc' dir='ltr'>τὰ</span> <span class='ocrx_word' id='word_1_258' title='bbox 1670 877 1780 899; x_wconf 82' lang='grc' dir='ltr'>τοιαῦτα</span> <span class='ocrx_word' id='word_1_259' title='bbox 1801 873 1937 910; x_wconf 74' lang='grc' dir='ltr'>μορμολύ-</span> 
     </span>
    </p>
   </div>
   <div class='ocr_carea' id='block_1_36' title="bbox 253 915 1080 954">
    <p class='ocr_par' dir='ltr' id='par_1_36' title="bbox 253 915 1080 954">
     <span class='ocr_line' id='line_1_36' title="bbox 253 915 1080 954; baseline -0.004 -8"><span class='ocrx_word' id='word_1_260' title='bbox 253 926 338 954; x_wconf 88' lang='lat' dir='ltr'>puer,</span> <span class='ocrx_word' id='word_1_261' title='bbox 355 918 381 946; x_wconf 88' lang='lat' dir='ltr'>si</span> <span class='ocrx_word' id='word_1_262' title='bbox 395 917 545 953; x_wconf 84' lang='lat' dir='ltr'>ejusmodi</span> <span class='ocrx_word' id='word_1_263' title='bbox 560 916 754 945; x_wconf 84' lang='lat' dir='ltr'>formidarem</span> <span class='ocrx_word' id='word_1_264' title='bbox 769 915 919 944; x_wconf 88' lang='lat' dir='ltr'>terricula.</span> <span class='ocrx_word' id='word_1_265' title='bbox 936 917 995 943; x_wconf 86' lang='lat' dir='ltr'>Hoc</span> <span class='ocrx_word' id='word_1_266' title='bbox 1010 923 1080 944; x_wconf 91' lang='lat' dir='ltr'>vero</span> 
     </span>
    </p>
   </div>
   <div class='ocr_carea' id='block_1_37' title="bbox 253 961 1080 997">
    <p class='ocr_par' dir='ltr' id='par_1_37' title="bbox 253 961 1080 997">
     <span class='ocr_line' id='line_1_37' title="bbox 253 961 1080 997; baseline -0.005 -5"><span class='ocrx_word' id='word_1_267' title='bbox 253 963 327 992; x_wconf 89' lang='lat' dir='ltr'>mihi</span> <span class='ocrx_word' id='word_1_268' title='bbox 342 965 369 992; x_wconf 88' lang='lat' dir='ltr'>et</span> <span class='ocrx_word' id='word_1_269' title='bbox 383 962 511 991; x_wconf 84' lang='lat' dir='ltr'>terribile</span> <span class='ocrx_word' id='word_1_270' title='bbox 527 964 556 990; x_wconf 88' lang='lat' dir='ltr'>et</span> <span class='ocrx_word' id='word_1_271' title='bbox 570 962 665 990; x_wconf 90' lang='lat' dir='ltr'>multa</span> <span class='ocrx_word' id='word_1_272' title='bbox 680 962 807 997; x_wconf 88' lang='lat' dir='ltr'>dignum</span> <span class='ocrx_word' id='word_1_273' title='bbox 823 961 1022 990; x_wconf 85' lang='lat' dir='ltr'>sollicitudine</span> <span class='ocrx_word' id='word_1_274' title='bbox 1037 961 1080 988; x_wconf 92' lang='lat' dir='ltr'>vi-</span> 
     </span>
    </p>
   </div>
   <div class='ocr_carea' id='block_1_38' title="bbox 252 1007 1080 1044">
    <p class='ocr_par' dir='ltr' id='par_1_38' title="bbox 252 1007 1080 1044">
     <span class='ocr_line' id='line_1_38' title="bbox 252 1007 1080 1044; baseline -0.004 -7"><span class='ocrx_word' id='word_1_275' title='bbox 252 1017 321 1037; x_wconf 86' lang='lat' dir='ltr'>sum</span> <span class='ocrx_word' id='word_1_276' title='bbox 336 1010 391 1043; x_wconf 86' lang='lat' dir='ltr'>est,</span> <span class='ocrx_word' id='word_1_277' title='bbox 407 1007 490 1044; x_wconf 89' lang='lat' dir='ltr'>quod</span> <span class='ocrx_word' id='word_1_278' title='bbox 504 1007 659 1042; x_wconf 79' lang='lat' dir='ltr'>integritas</span> <span class='ocrx_word' id='word_1_279' title='bbox 679 1009 740 1042; x_wconf 89' lang='lat' dir='ltr'>tua,</span> <span class='ocrx_word' id='word_1_280' title='bbox 757 1015 851 1043; x_wconf 88' lang='lat' dir='ltr'>quam</span> <span class='ocrx_word' id='word_1_281' title='bbox 870 1007 946 1034; x_wconf 92' lang='lat' dir='ltr'>inter</span> <span class='ocrx_word' id='word_1_282' title='bbox 965 1013 1080 1042; x_wconf 85' lang='lat' dir='ltr'>paucos</span> 
     </span>
    </p>
   </div>
   <div class='ocr_carea' id='block_1_39' title="bbox 251 1051 1079 1085">
    <p class='ocr_par' dir='ltr' id='par_1_39' title="bbox 251 1051 1079 1085">
     <span class='ocr_line' id='line_1_39' title="bbox 251 1051 1079 1085; baseline -0.004 -4"><span class='ocrx_word' id='word_1_283' title='bbox 251 1056 316 1082; x_wconf 87' lang='lat' dir='ltr'>tum</span> <span class='ocrx_word' id='word_1_284' title='bbox 328 1055 414 1080; x_wconf 76' lang='lat' dir='ltr'>rectae</span> <span class='ocrx_word' id='word_1_285' title='bbox 424 1051 494 1080; x_wconf 90' lang='lat' dir='ltr'>ﬁdei</span> <span class='ocrx_word' id='word_1_286' title='bbox 504 1051 741 1085; x_wconf 83' lang='lat' dir='ltr'>ﬁrmamentum,</span> <span class='ocrx_word' id='word_1_287' title='bbox 754 1054 818 1079; x_wconf 91' lang='lat' dir='ltr'>tum</span> <span class='ocrx_word' id='word_1_288' title='bbox 833 1051 940 1079; x_wconf 84' lang='lat' dir='ltr'>veteris</span> <span class='ocrx_word' id='word_1_289' title='bbox 951 1058 986 1078; x_wconf 82' lang='lat' dir='ltr'>ac</span> <span class='ocrx_word' id='word_1_290' title='bbox 1001 1058 1079 1078; x_wconf 63' lang='lat' dir='ltr'>verae</span> 
     </span>
    </p>
   </div>
   <div class='ocr_carea' id='block_1_40' title="bbox 251 1094 1079 1126">
    <p class='ocr_par' dir='ltr' id='par_1_40' title="bbox 251 1094 1079 1126">
     <span class='ocr_line' id='line_1_40' title="bbox 251 1094 1079 1126; baseline -0.005 0"><span class='ocrx_word' id='word_1_291' title='bbox 251 1097 418 1126; x_wconf 87' lang='lat' dir='ltr'>dilectionis</span> <span class='ocrx_word' id='word_1_292' title='bbox 431 1104 536 1124; x_wconf 87' lang='lat' dir='ltr'>semen</span> <span class='ocrx_word' id='word_1_293' title='bbox 550 1096 581 1123; x_wconf 89' lang='lat' dir='ltr'>in</span> <span class='ocrx_word' id='word_1_294' title='bbox 595 1095 738 1123; x_wconf 81' lang='lat' dir='ltr'>solatium</span> <span class='ocrx_word' id='word_1_295' title='bbox 752 1095 888 1123; x_wconf 87' lang='lat' dir='ltr'>Ecclesiis</span> <span class='ocrx_word' id='word_1_296' title='bbox 899 1094 1010 1122; x_wconf 89' lang='lat' dir='ltr'>servari</span> <span class='ocrx_word' id='word_1_297' title='bbox 1020 1103 1079 1122; x_wconf 90' lang='lat' dir='ltr'>cre-</span> 
     </span>
    </p>
   </div>
   <div class='ocr_carea' id='block_1_41' title="bbox 250 1138 1079 1177">
    <p class='ocr_par' dir='ltr' id='par_1_41' title="bbox 250 1138 1079 1177">
     <span class='ocr_line' id='line_1_41' title="bbox 250 1138 1079 1177; baseline -0.005 -7"><span class='ocrx_word' id='word_1_298' title='bbox 250 1142 362 1176; x_wconf 89' lang='lat' dir='ltr'>dimus,</span> <span class='ocrx_word' id='word_1_299' title='bbox 378 1149 476 1177; x_wconf 84' lang='lat' dir='ltr'>usque</span> <span class='ocrx_word' id='word_1_300' title='bbox 492 1140 569 1168; x_wconf 87' lang='lat' dir='ltr'>adeo</span> <span class='ocrx_word' id='word_1_301' title='bbox 588 1139 744 1176; x_wconf 74' lang='lat' dir='ltr'>praesentis</span> <span class='ocrx_word' id='word_1_302' title='bbox 759 1147 860 1168; x_wconf 90' lang='lat' dir='ltr'>rerum</span> <span class='ocrx_word' id='word_1_303' title='bbox 880 1141 974 1167; x_wconf 84' lang='lat' dir='ltr'>status</span> <span class='ocrx_word' id='word_1_304' title='bbox 990 1138 1079 1175; x_wconf 84' lang='lat' dir='ltr'>parti-</span> 
     </span>
    </p>
   </div>
   <div class='ocr_carea' id='block_1_42' title="bbox 249 1183 1079 1222">
    <p class='ocr_par' dir='ltr' id='par_1_42' title="bbox 249 1183 1079 1222">
     <span class='ocr_line' id='line_1_42' title="bbox 249 1183 1079 1222; baseline -0.004 -8"><span class='ocrx_word' id='word_1_305' title='bbox 249 1194 323 1222; x_wconf 79' lang='lat' dir='ltr'>ceps</span> <span class='ocrx_word' id='word_1_306' title='bbox 338 1185 384 1221; x_wconf 87' lang='lat' dir='ltr'>sit,</span> <span class='ocrx_word' id='word_1_307' title='bbox 402 1187 432 1213; x_wconf 88' lang='lat' dir='ltr'>ut</span> <span class='ocrx_word' id='word_1_308' title='bbox 444 1184 649 1221; x_wconf 89' lang='lat' dir='ltr'>quorumlibet</span> <span class='ocrx_word' id='word_1_309' title='bbox 661 1184 821 1212; x_wconf 89' lang='lat' dir='ltr'>hominum</span> <span class='ocrx_word' id='word_1_310' title='bbox 837 1183 994 1212; x_wconf 78' lang='lat' dir='ltr'>calumniae</span> <span class='ocrx_word' id='word_1_311' title='bbox 1011 1183 1079 1219; x_wconf 91' lang='lat' dir='ltr'>plus</span> 
     </span>
    </p>
   </div>
   <div class='ocr_carea' id='block_1_43' title="bbox 250 1228 1077 1267">
    <p class='ocr_par' dir='ltr' id='par_1_43' title="bbox 250 1228 1077 1267">
     <span class='ocr_line' id='line_1_43' title="bbox 250 1228 1077 1267; baseline -0.005 -8"><span class='ocrx_word' id='word_1_312' title='bbox 250 1230 333 1267; x_wconf 78' lang='lat' dir='ltr'>apud</span> <span class='ocrx_word' id='word_1_313' title='bbox 356 1232 383 1258; x_wconf 92' lang='lat' dir='ltr'>te</span> <span class='ocrx_word' id='word_1_314' title='bbox 407 1229 536 1260; x_wconf 83' lang='lat' dir='ltr'>valeant,</span> <span class='ocrx_word' id='word_1_315' title='bbox 562 1236 657 1265; x_wconf 85' lang='lat' dir='ltr'>quam</span> <span class='ocrx_word' id='word_1_316' title='bbox 671 1228 763 1264; x_wconf 83' lang='lat' dir='ltr'>longa</span> <span class='ocrx_word' id='word_1_317' title='bbox 776 1228 869 1256; x_wconf 86' lang='lat' dir='ltr'>nostri</span> <span class='ocrx_word' id='word_1_318' title='bbox 883 1228 1077 1264; x_wconf 82' lang='lat' dir='ltr'>experientia,</span> 
     </span>
    </p>
   </div>
   <div class='ocr_carea' id='block_1_44' title="bbox 249 1272 1078 1308">
    <p class='ocr_par' dir='ltr' id='par_1_44' title="bbox 249 1272 1078 1308">
     <span class='ocr_line' id='line_1_44' title="bbox 249 1272 1078 1308; baseline -0.004 -5"><span class='ocrx_word' id='word_1_319' title='bbox 249 1277 278 1303; x_wconf 88' lang='lat' dir='ltr'>et</span> <span class='ocrx_word' id='word_1_320' title='bbox 292 1275 332 1303; x_wconf 89' lang='lat' dir='ltr'>ad</span> <span class='ocrx_word' id='word_1_321' title='bbox 347 1281 448 1302; x_wconf 88' lang='lat' dir='ltr'>rerum</span> <span class='ocrx_word' id='word_1_322' title='bbox 465 1273 667 1301; x_wconf 84' lang='lat' dir='ltr'>absurdarum</span> <span class='ocrx_word' id='word_1_323' title='bbox 689 1272 893 1308; x_wconf 87' lang='lat' dir='ltr'>suspicionem</span> <span class='ocrx_word' id='word_1_324' title='bbox 909 1272 971 1300; x_wconf 88' lang='lat' dir='ltr'>sine</span> <span class='ocrx_word' id='word_1_325' title='bbox 987 1280 1078 1307; x_wconf 85' lang='lat' dir='ltr'>argu-</span> 
     </span>
    </p>
   </div>
   <div class='ocr_carea' id='block_1_45' title="bbox 248 1317 1077 1354">
    <p class='ocr_par' dir='ltr' id='par_1_45' title="bbox 248 1317 1077 1354">
     <span class='ocr_line' id='line_1_45' title="bbox 248 1317 1077 1354; baseline -0.004 -6"><span class='ocrx_word' id='word_1_326' title='bbox 248 1320 358 1349; x_wconf 86' lang='lat' dir='ltr'>mentis</span> <span class='ocrx_word' id='word_1_327' title='bbox 374 1318 545 1347; x_wconf 79' lang='lat' dir='ltr'>abducaris.</span> <span class='ocrx_word' id='word_1_328' title='bbox 558 1318 751 1354; x_wconf 86' lang='lat' dir='ltr'>Quanquam,</span> <span class='ocrx_word' id='word_1_329' title='bbox 765 1317 839 1354; x_wconf 91' lang='lat' dir='ltr'>quid</span> <span class='ocrx_word' id='word_1_330' title='bbox 849 1317 918 1346; x_wconf 90' lang='lat' dir='ltr'>dico</span> <span class='ocrx_word' id='word_1_331' title='bbox 932 1317 1077 1354; x_wconf 91' lang='lat' dir='ltr'>suspicio-</span> 
     </span>
    </p>
   </div>
   <div class='ocr_carea' id='block_1_46' title="bbox 248 1362 1077 1397">
    <p class='ocr_par' dir='ltr' id='par_1_46' title="bbox 248 1362 1077 1397">
     <span class='ocr_line' id='line_1_46' title="bbox 248 1362 1077 1397; baseline -0.005 -3"><span class='ocrx_word' id='word_1_332' title='bbox 248 1365 340 1394; x_wconf 84' lang='lat' dir='ltr'>nem?</span> <span class='ocrx_word' id='word_1_333' title='bbox 364 1364 418 1397; x_wconf 88' lang='lat' dir='ltr'>Qui</span> <span class='ocrx_word' id='word_1_334' title='bbox 441 1363 521 1391; x_wconf 84' lang='lat' dir='ltr'>enim</span> <span class='ocrx_word' id='word_1_335' title='bbox 537 1362 711 1397; x_wconf 82' lang='lat' dir='ltr'>indignatus</span> <span class='ocrx_word' id='word_1_336' title='bbox 725 1365 771 1390; x_wconf 91' lang='lat' dir='ltr'>est</span> <span class='ocrx_word' id='word_1_337' title='bbox 786 1371 822 1390; x_wconf 87' lang='lat' dir='ltr'>ac</span> <span class='ocrx_word' id='word_1_338' title='bbox 837 1362 979 1397; x_wconf 85' lang='lat' dir='ltr'>minatus,</span> <span class='ocrx_word' id='word_1_339' title='bbox 993 1365 1026 1390; x_wconf 85' lang='lat' dir='ltr'>ut</span> <span class='ocrx_word' id='word_1_340' title='bbox 1040 1362 1077 1390; x_wconf 89' lang='lat' dir='ltr'>de</span> 
     </span>
    </p>
   </div>
   <div class='ocr_carea' id='block_1_47' title="bbox 249 1407 1076 1443">
    <p class='ocr_par' dir='ltr' id='par_1_47' title="bbox 249 1407 1076 1443">
     <span class='ocr_line' id='line_1_47' title="bbox 249 1407 1076 1443; baseline -0.005 -5"><span class='ocrx_word' id='word_1_341' title='bbox 249 1412 276 1438; x_wconf 85' lang='lat' dir='ltr'>te</span> <span class='ocrx_word' id='word_1_342' title='bbox 290 1409 432 1442; x_wconf 87' lang='lat' dir='ltr'>referunt,</span> <span class='ocrx_word' id='word_1_343' title='bbox 448 1416 509 1436; x_wconf 91' lang='lat' dir='ltr'>non</span> <span class='ocrx_word' id='word_1_344' title='bbox 532 1407 724 1443; x_wconf 84' lang='lat' dir='ltr'>suspicantis,</span> <span class='ocrx_word' id='word_1_345' title='bbox 747 1407 800 1435; x_wconf 90' lang='lat' dir='ltr'>sed</span> <span class='ocrx_word' id='word_1_346' title='bbox 810 1407 876 1443; x_wconf 87' lang='lat' dir='ltr'>jam</span> <span class='ocrx_word' id='word_1_347' title='bbox 890 1407 970 1435; x_wconf 83' lang='lat' dir='ltr'>clare</span> <span class='ocrx_word' id='word_1_348' title='bbox 985 1409 1014 1435; x_wconf 88' lang='lat' dir='ltr'>et</span> <span class='ocrx_word' id='word_1_349' title='bbox 1026 1415 1076 1435; x_wconf 86' lang='lat' dir='ltr'>ex-</span> 
     </span>
    </p>
   </div>
   <div class='ocr_carea' id='block_1_48' title="bbox 247 1452 1078 1492">
    <p class='ocr_par' dir='ltr' id='par_1_48' title="bbox 247 1452 1078 1492">
     <span class='ocr_line' id='line_1_48' title="bbox 247 1452 1078 1492; baseline -0.004 -9"><span class='ocrx_word' id='word_1_350' title='bbox 247 1455 363 1492; x_wconf 90' lang='lat' dir='ltr'>plorate</span> <span class='ocrx_word' id='word_1_351' title='bbox 383 1453 520 1490; x_wconf 85' lang='lat' dir='ltr'>persuasi</span> <span class='ocrx_word' id='word_1_352' title='bbox 543 1452 659 1480; x_wconf 89' lang='lat' dir='ltr'>videtur</span> <span class='ocrx_word' id='word_1_353' title='bbox 675 1452 813 1488; x_wconf 88' lang='lat' dir='ltr'>quodam</span> <span class='ocrx_word' id='word_1_354' title='bbox 839 1452 933 1481; x_wconf 91' lang='lat' dir='ltr'>modo</span> <span class='ocrx_word' id='word_1_355' title='bbox 955 1452 1078 1481; x_wconf 87' lang='lat' dir='ltr'>iracun-</span> 
     </span>
    </p>
   </div>
   <div class='ocr_carea' id='block_1_49' title="bbox 248 1498 529 1528">
    <p class='ocr_par' dir='ltr' id='par_1_49' title="bbox 248 1498 529 1528">
     <span class='ocr_line' id='line_1_49' title="bbox 248 1498 529 1528; baseline -0.007 0"><span class='ocrx_word' id='word_1_356' title='bbox 248 1500 331 1528; x_wconf 83' lang='lat' dir='ltr'>diam</span> <span class='ocrx_word' id='word_1_357' title='bbox 346 1498 529 1527; x_wconf 84' lang='lat' dir='ltr'>declarasse.</span> 
     </span>
    </p>
   </div>
   <div class='ocr_carea' id='block_1_50' title="bbox 284 1541 1113 1585">
    <p class='ocr_par' dir='ltr' id='par_1_50' title="bbox 284 1541 1113 1585">
     <span class='ocr_line' id='line_1_50' title="bbox 284 1541 1113 1585; baseline -0.004 -13"><span class='ocrx_word' id='word_1_358' title='bbox 284 1547 310 1572; x_wconf 84' lang='lat'>2.</span> <span class='ocrx_word' id='word_1_359' title='bbox 333 1543 400 1577; x_wconf 87' lang='lat' dir='ltr'>Sed,</span> <span class='ocrx_word' id='word_1_360' title='bbox 421 1546 454 1571; x_wconf 94' lang='lat' dir='ltr'>ut</span> <span class='ocrx_word' id='word_1_361' title='bbox 468 1543 539 1577; x_wconf 84' lang='lat' dir='ltr'>dixi,</span> <span class='ocrx_word' id='word_1_362' title='bbox 567 1542 598 1570; x_wconf 91' lang='lat' dir='ltr'>in</span> <span class='ocrx_word' id='word_1_363' title='bbox 616 1542 674 1570; x_wconf 90' lang='lat' dir='ltr'>hoc</span> <span class='ocrx_word' id='word_1_364' title='bbox 697 1544 815 1577; x_wconf 83' lang='lat' dir='ltr'>tempus</span> <span class='ocrx_word' id='word_1_365' title='bbox 837 1549 962 1570; x_wconf 85' lang='lat' dir='ltr'>causam</span> <span class='ocrx_word' id='word_1_366' title='bbox 983 1541 1077 1578; x_wconf 91' lang='lat' dir='ltr'>rejici-</span> <span class='ocrx_word' id='word_1_367' title='bbox 1092 1556 1113 1585; x_wconf 65' lang='grc' dir='ltr'>ο</span> 
     </span>
    </p>
   </div>
   <div class='ocr_carea' id='block_1_51' title="bbox 249 1586 1077 1623">
    <p class='ocr_par' dir='ltr' id='par_1_51' title="bbox 249 1586 1077 1623">
     <span class='ocr_line' id='line_1_51' title="bbox 249 1586 1077 1623; baseline -0.005 -5"><span class='ocrx_word' id='word_1_368' title='bbox 249 1597 329 1618; x_wconf 77' lang='lat' dir='ltr'>mus.</span> <span class='ocrx_word' id='word_1_369' title='bbox 357 1590 431 1617; x_wconf 86' lang='lat' dir='ltr'>Nam</span> <span class='ocrx_word' id='word_1_370' title='bbox 455 1587 561 1623; x_wconf 84' lang='lat' dir='ltr'>quanti</span> <span class='ocrx_word' id='word_1_371' title='bbox 583 1587 695 1615; x_wconf 89' lang='lat' dir='ltr'>laboris</span> <span class='ocrx_word' id='word_1_372' title='bbox 717 1589 791 1620; x_wconf 85' lang='lat' dir='ltr'>erat,</span> <span class='ocrx_word' id='word_1_373' title='bbox 812 1595 830 1614; x_wconf 93' lang='lat'>0</span> <span class='ocrx_word' id='word_1_374' title='bbox 845 1586 1034 1621; x_wconf 81' lang='lat' dir='ltr'>admirande,</span> <span class='ocrx_word' id='word_1_375' title='bbox 1046 1587 1077 1615; x_wconf 89' lang='lat' dir='ltr'>in</span> 
     </span>
    </p>
   </div>
   <div class='ocr_carea' id='block_1_52' title="bbox 248 1631 1078 1669">
    <p class='ocr_par' dir='ltr' id='par_1_52' title="bbox 248 1631 1078 1669">
     <span class='ocr_line' id='line_1_52' title="bbox 248 1631 1078 1669; baseline -0.004 -7"><span class='ocrx_word' id='word_1_376' title='bbox 248 1633 333 1662; x_wconf 87' lang='lat' dir='ltr'>brevi</span> <span class='ocrx_word' id='word_1_377' title='bbox 355 1631 492 1669; x_wconf 86' lang='lat' dir='ltr'>epistola,</span> <span class='ocrx_word' id='word_1_378' title='bbox 513 1631 624 1668; x_wconf 89' lang='lat' dir='ltr'>quibus</span> <span class='ocrx_word' id='word_1_379' title='bbox 645 1631 683 1659; x_wconf 85' lang='lat' dir='ltr'>de</span> <span class='ocrx_word' id='word_1_380' title='bbox 703 1631 794 1659; x_wconf 87' lang='lat' dir='ltr'>rebus</span> <span class='ocrx_word' id='word_1_381' title='bbox 809 1631 911 1667; x_wconf 83' lang='lat' dir='ltr'>velles,</span> <span class='ocrx_word' id='word_1_382' title='bbox 932 1631 1012 1660; x_wconf 92' lang='lat' dir='ltr'>velut</span> <span class='ocrx_word' id='word_1_383' title='bbox 1033 1640 1078 1659; x_wconf 92' lang='lat' dir='ltr'>so-</span> 
     </span>
    </p>
   </div>
   <div class='ocr_carea' id='block_1_53' title="bbox 249 1676 1080 1712">
    <p class='ocr_par' dir='ltr' id='par_1_53' title="bbox 249 1676 1080 1712">
     <span class='ocr_line' id='line_1_53' title="bbox 249 1676 1080 1712; baseline -0.004 -5"><span class='ocrx_word' id='word_1_384' title='bbox 249 1678 313 1707; x_wconf 92' lang='lat' dir='ltr'>lum</span> <span class='ocrx_word' id='word_1_385' title='bbox 326 1686 396 1706; x_wconf 90' lang='lat' dir='ltr'>cum</span> <span class='ocrx_word' id='word_1_386' title='bbox 411 1676 476 1705; x_wconf 91' lang='lat' dir='ltr'>solo</span> <span class='ocrx_word' id='word_1_387' title='bbox 489 1676 618 1712; x_wconf 87' lang='lat' dir='ltr'>colloqui</span> <span class='ocrx_word' id='word_1_388' title='bbox 631 1685 637 1704; x_wconf 89' lang='lat'><strong>:</strong></span> <span class='ocrx_word' id='word_1_389' title='bbox 654 1678 706 1704; x_wconf 86' lang='lat' dir='ltr'>aut</span> <span class='ocrx_word' id='word_1_390' title='bbox 719 1676 743 1704; x_wconf 90' lang='lat' dir='ltr'>si</span> <span class='ocrx_word' id='word_1_391' title='bbox 758 1676 861 1704; x_wconf 85' lang='lat' dir='ltr'>litteris</span> <span class='ocrx_word' id='word_1_392' title='bbox 871 1684 919 1704; x_wconf 86' lang='lat' dir='ltr'>res</span> <span class='ocrx_word' id='word_1_393' title='bbox 929 1676 1080 1712; x_wconf 87' lang='lat' dir='ltr'>ejusmodi</span> 
     </span>
    </p>
   </div>
   <div class='ocr_carea' id='block_1_54' title="bbox 250 1721 1080 1756">
    <p class='ocr_par' dir='ltr' id='par_1_54' title="bbox 250 1721 1080 1756">
     <span class='ocr_line' id='line_1_54' title="bbox 250 1721 1080 1756; baseline -0.002 -4"><span class='ocrx_word' id='word_1_394' title='bbox 250 1731 313 1752; x_wconf 91' lang='lat' dir='ltr'>non</span> <span class='ocrx_word' id='word_1_395' title='bbox 328 1722 474 1756; x_wconf 86' lang='lat' dir='ltr'>crederes,</span> <span class='ocrx_word' id='word_1_396' title='bbox 488 1729 545 1749; x_wconf 90' lang='lat' dir='ltr'>nos</span> <span class='ocrx_word' id='word_1_397' title='bbox 566 1721 605 1749; x_wconf 90' lang='lat' dir='ltr'>ad</span> <span class='ocrx_word' id='word_1_398' title='bbox 626 1723 654 1749; x_wconf 91' lang='lat' dir='ltr'>te</span> <span class='ocrx_word' id='word_1_399' title='bbox 673 1729 827 1749; x_wconf 86' lang='lat' dir='ltr'>accersere</span> <span class='ocrx_word' id='word_1_400' title='bbox 837 1721 851 1748; x_wconf 86' lang='lat'><strong>?</strong></span> <span class='ocrx_word' id='word_1_401' title='bbox 875 1721 961 1754; x_wconf 90' lang='lat' dir='ltr'>Quod</span> <span class='ocrx_word' id='word_1_402' title='bbox 975 1721 998 1749; x_wconf 93' lang='lat' dir='ltr'>si</span> <span class='ocrx_word' id='word_1_403' title='bbox 1013 1721 1080 1750; x_wconf 66' lang='lat' dir='ltr'>hinc</span> 
     </span>
    </p>
   </div>
   <div class='ocr_carea' id='block_1_55' title="bbox 251 1765 1080 1802">
    <p class='ocr_par' dir='ltr' id='par_1_55' title="bbox 251 1765 1080 1802">
     <span class='ocr_line' id='line_1_55' title="bbox 251 1765 1080 1802; baseline -0.002 -6"><span class='ocrx_word' id='word_1_404' title='bbox 251 1767 376 1796; x_wconf 91' lang='lat' dir='ltr'>omnino</span> <span class='ocrx_word' id='word_1_405' title='bbox 398 1766 569 1794; x_wconf 83' lang='lat' dir='ltr'>renuntiare</span> <span class='ocrx_word' id='word_1_406' title='bbox 595 1765 763 1802; x_wconf 83' lang='lat' dir='ltr'>oportebat,</span> <span class='ocrx_word' id='word_1_407' title='bbox 792 1773 827 1793; x_wconf 90' lang='lat' dir='ltr'>ac</span> <span class='ocrx_word' id='word_1_408' title='bbox 854 1765 990 1794; x_wconf 86' lang='lat' dir='ltr'>dilationi</span> <span class='ocrx_word' id='word_1_409' title='bbox 1013 1774 1080 1802; x_wconf 88' lang='lat' dir='ltr'>spa-</span> 
     </span>
    </p>
   </div>
   <div class='ocr_carea' id='block_1_56' title="bbox 251 1810 1079 1841">
    <p class='ocr_par' dir='ltr' id='par_1_56' title="bbox 251 1810 1079 1841">
     <span class='ocr_line' id='line_1_56' title="bbox 251 1810 1079 1841; baseline -0.004 0"><span class='ocrx_word' id='word_1_410' title='bbox 251 1813 326 1841; x_wconf 87' lang='lat' dir='ltr'>tium</span> <span class='ocrx_word' id='word_1_411' title='bbox 346 1820 407 1840; x_wconf 92' lang='lat' dir='ltr'>non</span> <span class='ocrx_word' id='word_1_412' title='bbox 423 1811 516 1839; x_wconf 87' lang='lat' dir='ltr'>dabat</span> <span class='ocrx_word' id='word_1_413' title='bbox 530 1810 659 1839; x_wconf 86' lang='lat' dir='ltr'>difﬁcilis</span> <span class='ocrx_word' id='word_1_414' title='bbox 674 1810 713 1839; x_wconf 86' lang='lat' dir='ltr'>ad</span> <span class='ocrx_word' id='word_1_415' title='bbox 735 1810 937 1838; x_wconf 86' lang='lat' dir='ltr'>coercendum</span> <span class='ocrx_word' id='word_1_416' title='bbox 957 1811 1079 1839; x_wconf 87' lang='lat' dir='ltr'>iracun—</span> 
     </span>
    </p>
   </div>
   <div class='ocr_carea' id='block_1_57' title="bbox 252 1854 1079 1892">
    <p class='ocr_par' dir='ltr' id='par_1_57' title="bbox 252 1854 1079 1892">
     <span class='ocr_line' id='line_1_57' title="bbox 252 1854 1079 1892; baseline -0.002 -6"><span class='ocrx_word' id='word_1_417' title='bbox 252 1858 323 1891; x_wconf 85' lang='lat' dir='ltr'>dia;</span> <span class='ocrx_word' id='word_1_418' title='bbox 340 1859 370 1885; x_wconf 89' lang='lat' dir='ltr'>at</span> <span class='ocrx_word' id='word_1_419' title='bbox 381 1859 459 1884; x_wconf 90' lang='lat' dir='ltr'>certe</span> <span class='ocrx_word' id='word_1_420' title='bbox 470 1864 565 1884; x_wconf 91' lang='lat' dir='ltr'>unum</span> <span class='ocrx_word' id='word_1_421' title='bbox 580 1855 713 1892; x_wconf 85' lang='lat' dir='ltr'>aliquem</span> <span class='ocrx_word' id='word_1_422' title='bbox 725 1863 761 1883; x_wconf 83' lang='lat' dir='ltr'>ex</span> <span class='ocrx_word' id='word_1_423' title='bbox 776 1854 985 1889; x_wconf 86' lang='lat' dir='ltr'>familiaribus,</span> <span class='ocrx_word' id='word_1_424' title='bbox 1001 1858 1029 1884; x_wconf 91' lang='lat' dir='ltr'>et</span> <span class='ocrx_word' id='word_1_425' title='bbox 1042 1855 1079 1884; x_wconf 82' lang='lat' dir='ltr'>ad</span> 
     </span>
    </p>
   </div>
   <div class='ocr_carea' id='block_1_58' title="bbox 253 1900 1080 1938">
    <p class='ocr_par' dir='ltr' id='par_1_58' title="bbox 253 1900 1080 1938">
     <span class='ocr_line' id='line_1_58' title="bbox 253 1900 1080 1938; baseline -0.004 -7"><span class='ocrx_word' id='word_1_426' title='bbox 253 1902 383 1938; x_wconf 81' lang='lat' dir='ltr'>tegenda.</span> <span class='ocrx_word' id='word_1_427' title='bbox 397 1909 511 1930; x_wconf 85' lang='lat' dir='ltr'>arcana.</span> <span class='ocrx_word' id='word_1_428' title='bbox 533 1900 651 1928; x_wconf 77' lang='lat' dir='ltr'>idoneis</span> <span class='ocrx_word' id='word_1_429' title='bbox 672 1900 782 1928; x_wconf 84' lang='lat' dir='ltr'>licebat</span> <span class='ocrx_word' id='word_1_430' title='bbox 807 1901 955 1928; x_wconf 86' lang='lat' dir='ltr'>sermonis</span> <span class='ocrx_word' id='word_1_431' title='bbox 971 1900 1011 1929; x_wconf 84' lang='lat' dir='ltr'>ad</span> <span class='ocrx_word' id='word_1_432' title='bbox 1024 1908 1080 1929; x_wconf 90' lang='lat' dir='ltr'>nos</span> 
     </span>
    </p>
   </div>
   <div class='ocr_carea' id='block_1_59' title="bbox 253 1944 1080 1984">
    <p class='ocr_par' dir='ltr' id='par_1_59' title="bbox 253 1944 1080 1984">
     <span class='ocr_line' id='line_1_59' title="bbox 253 1944 1080 1984; baseline -0.002 -9"><span class='ocrx_word' id='word_1_433' title='bbox 253 1946 424 1984; x_wconf 83' lang='lat' dir='ltr'>perferendi</span> <span class='ocrx_word' id='word_1_434' title='bbox 445 1945 616 1973; x_wconf 87' lang='lat' dir='ltr'>ministrum</span> <span class='ocrx_word' id='word_1_435' title='bbox 643 1944 797 1972; x_wconf 83' lang='lat' dir='ltr'>adhibere.</span> <span class='ocrx_word' id='word_1_436' title='bbox 815 1946 898 1973; x_wconf 83' lang='lat' dir='ltr'>Nunc</span> <span class='ocrx_word' id='word_1_437' title='bbox 921 1953 991 1973; x_wconf 89' lang='lat' dir='ltr'>vero</span> <span class='ocrx_word' id='word_1_438' title='bbox 1012 1945 1080 1982; x_wconf 88' lang='lat' dir='ltr'>quis</span> 
     </span>
    </p>
   </div>
   <div class='ocr_carea' id='block_1_60' title="bbox 254 1989 1080 2026">
    <p class='ocr_par' dir='ltr' id='par_1_60' title="bbox 254 1989 1080 2026">
     <span class='ocr_line' id='line_1_60' title="bbox 254 1989 1080 2026; baseline -0.002 -6"><span class='ocrx_word' id='word_1_439' title='bbox 254 1994 300 2020; x_wconf 90' lang='lat' dir='ltr'>est</span> <span class='ocrx_word' id='word_1_440' title='bbox 311 1999 348 2019; x_wconf 77' lang='lat' dir='ltr'>ex</span> <span class='ocrx_word' id='word_1_441' title='bbox 362 1991 408 2024; x_wconf 91' lang='lat' dir='ltr'>iis,</span> <span class='ocrx_word' id='word_1_442' title='bbox 424 1990 477 2026; x_wconf 89' lang='lat' dir='ltr'>qui</span> <span class='ocrx_word' id='word_1_443' title='bbox 491 1989 531 2017; x_wconf 91' lang='lat' dir='ltr'>ad</span> <span class='ocrx_word' id='word_1_444' title='bbox 545 1997 599 2017; x_wconf 87' lang='lat' dir='ltr'>vos</span> <span class='ocrx_word' id='word_1_445' title='bbox 614 1989 872 2025; x_wconf 83' lang='lat' dir='ltr'>qualiumcunque</span> <span class='ocrx_word' id='word_1_446' title='bbox 889 1990 1080 2025; x_wconf 83' lang='lat' dir='ltr'>negotiorum</span> 
     </span>
    </p>
   </div>
   <div class='ocr_carea' id='block_1_61' title="bbox 253 2034 1079 2072">
    <p class='ocr_par' dir='ltr' id='par_1_61' title="bbox 253 2034 1079 2072">
     <span class='ocr_line' id='line_1_61' title="bbox 253 2034 1079 2072; baseline -0.001 -8"><span class='ocrx_word' id='word_1_447' title='bbox 253 2043 346 2065; x_wconf 84' lang='lat' dir='ltr'>causa</span> <span class='ocrx_word' id='word_1_448' title='bbox 353 2034 592 2072; x_wconf 87' lang='lat' dir='ltr'>proﬁciscuntur,</span> <span class='ocrx_word' id='word_1_449' title='bbox 601 2034 686 2070; x_wconf 90' lang='lat' dir='ltr'>cujus</span> <span class='ocrx_word' id='word_1_450' title='bbox 701 2042 789 2062; x_wconf 84' lang='lat' dir='ltr'>aures</span> <span class='ocrx_word' id='word_1_451' title='bbox 799 2035 857 2063; x_wconf 90' lang='lat' dir='ltr'>hoc</span> <span class='ocrx_word' id='word_1_452' title='bbox 870 2043 1009 2063; x_wconf 91' lang='lat' dir='ltr'>sermone</span> <span class='ocrx_word' id='word_1_453' title='bbox 1018 2042 1079 2063; x_wconf 92' lang='lat' dir='ltr'>non</span> 
     </span>
    </p>
   </div>
   <div class='ocr_carea' id='block_1_62' title="bbox 253 2078 1080 2115">
    <p class='ocr_par' dir='ltr' id='par_1_62' title="bbox 253 2078 1080 2115">
     <span class='ocr_line' id='line_1_62' title="bbox 253 2078 1080 2115; baseline -0.002 -5"><span class='ocrx_word' id='word_1_454' title='bbox 253 2079 534 2115; x_wconf 85' lang='lat' dir='ltr'>circumsonuerint,</span> <span class='ocrx_word' id='word_1_455' title='bbox 556 2086 652 2108; x_wconf 82' lang='lat' dir='ltr'>noxas</span> <span class='ocrx_word' id='word_1_456' title='bbox 673 2078 824 2115; x_wconf 85' lang='lat' dir='ltr'>quasdam</span> <span class='ocrx_word' id='word_1_457' title='bbox 845 2087 863 2108; x_wconf 87' lang='lat' dir='ltr'>a</span> <span class='ocrx_word' id='word_1_458' title='bbox 876 2079 966 2108; x_wconf 88' lang='lat' dir='ltr'>nobis</span> <span class='ocrx_word' id='word_1_459' title='bbox 989 2079 1080 2108; x_wconf 87' lang='lat' dir='ltr'>scribi</span> 
     </span>
    </p>
   </div>
   <div class='ocr_carea' id='block_1_63' title="bbox 254 2168 1078 2206">
    <p class='ocr_par' dir='ltr' id='par_1_63' title="bbox 254 2168 1078 2206">
     <span class='ocr_line' id='line_1_63' title="bbox 254 2168 1078 2206; baseline -0.004 -7"><span class='ocrx_word' id='word_1_460' title='bbox 254 2169 328 2199; x_wconf 80' lang='lat' dir='ltr'>Med.</span> <span class='ocrx_word' id='word_1_461' title='bbox 332 2190 341 2205; x_wconf 91' lang='lat'>,</span> <span class='ocrx_word' id='word_1_462' title='bbox 354 2176 532 2206; x_wconf 87' lang='lat' dir='ltr'>quanquam</span> <span class='ocrx_word' id='word_1_463' title='bbox 543 2168 989 2206; x_wconf 9' lang='lat' dir='ltr'>additagestisecundamanuin</span> <span class='ocrx_word' id='word_1_464' title='bbox 1001 2168 1078 2196; x_wconf 86' lang='lat' dir='ltr'>Harl.</span> 
     </span>
    </p>
   </div>
   <div class='ocr_carea' id='block_1_64' title="bbox 254 2203 1081 2241">
    <p class='ocr_par' dir='ltr' id='par_1_64' title="bbox 254 2203 1081 2241">
     <span class='ocr_line' id='line_1_64' title="bbox 254 2203 1081 2241; baseline -0.002 -7"><span class='ocrx_word' id='word_1_465' title='bbox 254 2203 374 2234; x_wconf 64' lang='lat' dir='ltr'>Ibidem&quot;</span> <span class='ocrx_word' id='word_1_466' title='bbox 385 2203 528 2241; x_wconf 67' lang='grc' dir='ltr'>συμῷώνως</span> <span class='ocrx_word' id='word_1_467' title='bbox 542 2204 573 2232; x_wconf 91' lang='lat' dir='ltr'>in</span> <span class='ocrx_word' id='word_1_468' title='bbox 587 2204 683 2232; x_wconf 89' lang='lat' dir='ltr'>editis.</span> <span class='ocrx_word' id='word_1_469' title='bbox 700 2203 790 2238; x_wconf 83' lang='lat' dir='ltr'>Harl.,</span> <span class='ocrx_word' id='word_1_470' title='bbox 806 2203 892 2232; x_wconf 88' lang='lat' dir='ltr'>Coisl.</span> <span class='ocrx_word' id='word_1_471' title='bbox 913 2206 1038 2240; x_wconf 84' lang='lat' dir='ltr'>uterque</span> <span class='ocrx_word' id='word_1_472' title='bbox 1053 2206 1081 2232; x_wconf 89' lang='lat' dir='ltr'>et</span> 
     </span>
    </p>
   </div>
   <div class='ocr_carea' id='block_1_65' title="bbox 253 2241 657 2277">
    <p class='ocr_par' dir='ltr' id='par_1_65' title="bbox 253 2241 657 2277">
     <span class='ocr_line' id='line_1_65' title="bbox 253 2241 657 2277; baseline -0.007 -7"><span class='ocrx_word' id='word_1_473' title='bbox 253 2245 379 2277; x_wconf 86' lang='lat' dir='ltr'>uterque</span> <span class='ocrx_word' id='word_1_474' title='bbox 390 2242 460 2275; x_wconf 82' lang='lat' dir='ltr'>Reg.</span> <span class='ocrx_word' id='word_1_475' title='bbox 476 2243 509 2268; x_wconf 89' lang='lat' dir='ltr'>ut</span> <span class='ocrx_word' id='word_1_476' title='bbox 522 2241 552 2268; x_wconf 90' lang='lat' dir='ltr'>in</span> <span class='ocrx_word' id='word_1_477' title='bbox 566 2242 657 2277; x_wconf 58' lang='lat' dir='ltr'>textu.</span> 
     </span>
    </p>
   </div>
   <div class='ocr_carea' id='block_1_66' title="bbox 290 2275 1081 2313">
    <p class='ocr_par' dir='ltr' id='par_1_66' title="bbox 290 2275 1081 2313">
     <span class='ocr_line' id='line_1_66' title="bbox 290 2275 1081 2313; baseline -0.001 -8"><span class='ocrx_word' id='word_1_478' title='bbox 290 2275 550 2313; x_wconf 27' lang='grc' dir='ltr'>(9)-ΔΚαταμαθὸντα.</span> <span class='ocrx_word' id='word_1_479' title='bbox 566 2275 694 2313; x_wconf 75' lang='lat' dir='ltr'>Sicedit.</span> <span class='ocrx_word' id='word_1_480' title='bbox 712 2276 825 2313; x_wconf 70' lang='lat' dir='ltr'>Hagen.</span> <span class='ocrx_word' id='word_1_481' title='bbox 846 2278 875 2313; x_wconf 82' lang='lat' dir='ltr'>et</span> <span class='ocrx_word' id='word_1_482' title='bbox 889 2275 987 2313; x_wconf 74' lang='lat' dir='ltr'>prima</span> <span class='ocrx_word' id='word_1_483' title='bbox 1002 2276 1081 2304; x_wconf 86' lang='lat' dir='ltr'>Basi-</span> 
     </span>
    </p>
   </div>
   <div class='ocr_carea' id='block_1_67' title="bbox 254 2311 1081 2351">
    <p class='ocr_par' dir='ltr' id='par_1_67' title="bbox 254 2311 1081 2351">
     <span class='ocr_line' id='line_1_67' title="bbox 254 2311 1081 2351; baseline -0.002 -11"><span class='ocrx_word' id='word_1_484' title='bbox 254 2311 363 2351; x_wconf 73' lang='lat' dir='ltr'>leensis</span> <span class='ocrx_word' id='word_1_485' title='bbox 378 2311 447 2351; x_wconf 68' lang='lat' dir='ltr'>cum</span> <span class='ocrx_word' id='word_1_486' title='bbox 464 2311 553 2351; x_wconf 55' lang='lat' dir='ltr'>Har-1.,</span> <span class='ocrx_word' id='word_1_487' title='bbox 570 2311 657 2351; x_wconf 75' lang='lat' dir='ltr'>Coisl.</span> <span class='ocrx_word' id='word_1_488' title='bbox 673 2311 772 2351; x_wconf 77' lang='lat' dir='ltr'>primo</span> <span class='ocrx_word' id='word_1_489' title='bbox 787 2313 817 2351; x_wconf 70' lang='lat' dir='ltr'>et</span> <span class='ocrx_word' id='word_1_490' title='bbox 829 2311 925 2351; x_wconf 75' lang='lat' dir='ltr'>tribus</span> <span class='ocrx_word' id='word_1_491' title='bbox 938 2311 1012 2351; x_wconf 75' lang='lat' dir='ltr'>aliis.</span> <span class='ocrx_word' id='word_1_492' title='bbox 1030 2313 1081 2351; x_wconf 71' lang='lat' dir='ltr'>Re-</span> 
     </span>
    </p>
   </div>
   <div class='ocr_carea' id='block_1_68' title="bbox 255 2345 1080 2387">
    <p class='ocr_par' dir='ltr' id='par_1_68' title="bbox 255 2345 1080 2387">
     <span class='ocr_line' id='line_1_68' title="bbox 255 2345 1080 2387; baseline 0 -12"><span class='ocrx_word' id='word_1_493' title='bbox 255 2348 347 2387; x_wconf 82' lang='lat' dir='ltr'>fertur</span> <span class='ocrx_word' id='word_1_494' title='bbox 360 2347 495 2387; x_wconf 79' lang='lat' dir='ltr'>videlicet</span> <span class='ocrx_word' id='word_1_495' title='bbox 507 2345 765 2387; x_wconf 45' lang='lat' dir='ltr'>hoc‘participium</span> <span class='ocrx_word' id='word_1_496' title='bbox 781 2346 820 2387; x_wconf 68' lang='lat' dir='ltr'>ad</span> <span class='ocrx_word' id='word_1_497' title='bbox 831 2345 882 2387; x_wconf 63' lang='grc' dir='ltr'>ἐμέ,</span> <span class='ocrx_word' id='word_1_498' title='bbox 895 2347 979 2387; x_wconf 80' lang='lat' dir='ltr'>quod</span> <span class='ocrx_word' id='word_1_499' title='bbox 989 2347 1080 2387; x_wconf 79' lang='lat' dir='ltr'>paulo</span> 
     </span>
    </p>
   </div>
   <div class='ocr_carea' id='block_1_69' title="bbox 255 2382 1081 2419">
    <p class='ocr_par' dir='ltr' id='par_1_69' title="bbox 255 2382 1081 2419">
     <span class='ocr_line' id='line_1_69' title="bbox 255 2382 1081 2419; baseline -0.001 -7"><span class='ocrx_word' id='word_1_500' title='bbox 255 2386 324 2412; x_wconf 86' lang='lat' dir='ltr'>ante</span> <span class='ocrx_word' id='word_1_501' title='bbox 343 2382 502 2419; x_wconf 67' lang='lat' dir='ltr'>prmcessit.</span> <span class='ocrx_word' id='word_1_502' title='bbox 533 2382 607 2410; x_wconf 88' lang='lat' dir='ltr'>Edit.</span> <span class='ocrx_word' id='word_1_503' title='bbox 628 2383 721 2410; x_wconf 85' lang='lat' dir='ltr'>Paris.</span> <span class='ocrx_word' id='word_1_504' title='bbox 741 2386 769 2410; x_wconf 89' lang='lat' dir='ltr'>et</span> <span class='ocrx_word' id='word_1_505' title='bbox 793 2382 1081 2417; x_wconf 39' lang='lat' dir='ltr'>Basileensis,’anni</span> 
     </span>
    </p>
   </div>
   <div class='ocr_carea' id='block_1_70' title="bbox 257 2419 538 2454">
    <p class='ocr_par' dir='ltr' id='par_1_70' title="bbox 257 2419 538 2454">
     <span class='ocr_line' id='line_1_70' title="bbox 257 2419 538 2454; baseline -0.007 -7"><span class='ocrx_word' id='word_1_506' title='bbox 257 2421 335 2453; x_wconf 75' lang='grc'><strong>1551,</strong></span> <span class='ocrx_word' id='word_1_507' title='bbox 350 2419 538 2454; x_wconf 75' lang='grc' dir='ltr'>χαταμαθόντι.</span> 
     </span>
    </p>
   </div>
   <div class='ocr_carea' id='block_1_71' title="bbox 304 2452 899 2489">
    <p class='ocr_par' dir='ltr' id='par_1_71' title="bbox 304 2452 899 2489">
     <span class='ocr_line' id='line_1_71' title="bbox 304 2452 899 2489; baseline -0.003 -9"><span class='ocrx_word' id='word_1_508' title='bbox 304 2452 346 2489; x_wconf 81' lang='grc'>10)</span> <span class='ocrx_word' id='word_1_509' title='bbox 368 2452 493 2481; x_wconf 78' lang='grc' dir='ltr'>Γίνονται.</span> <span class='ocrx_word' id='word_1_510' title='bbox 515 2453 600 2482; x_wconf 86' lang='lat' dir='ltr'>Cois].</span> <span class='ocrx_word' id='word_1_511' title='bbox 614 2453 730 2489; x_wconf 88' lang='lat' dir='ltr'>primus</span> <span class='ocrx_word' id='word_1_512' title='bbox 745 2452 899 2489; x_wconf 72' lang='grc' dir='ltr'>ἐγγίνονται.</span> 
     </span>
    </p>
   </div>
   <div class='ocr_carea' id='block_1_72' title="bbox 289 2455 1080 2526">
    <p class='ocr_par' dir='ltr' id='par_1_72' title="bbox 289 2455 1080 2526">
     <span class='ocr_line' id='line_1_72' title="bbox 304 2455 899 2489; baseline -0.003 -9"><span class='ocrx_word' id='word_1_513' title='bbox 304 2457 346 2489; x_wconf 81' lang='grc'>10)</span> <span class='ocrx_word' id='word_1_514' title='bbox 368 2457 493 2481; x_wconf 85' lang='grc' dir='ltr'>Γίνονται.</span> <span class='ocrx_word' id='word_1_515' title='bbox 515 2455 600 2482; x_wconf 88' lang='lat' dir='ltr'>Coisl.</span> <span class='ocrx_word' id='word_1_516' title='bbox 614 2455 730 2489; x_wconf 88' lang='lat' dir='ltr'>primus</span> <span class='ocrx_word' id='word_1_517' title='bbox 745 2455 899 2489; x_wconf 72' lang='grc' dir='ltr'>ἐγγίνονται.</span> 
     </span>
     <span class='ocr_line' id='line_1_73' title="bbox 289 2455 1080 2526; baseline 0 -8"><span class='ocrx_word' id='word_1_518' title='bbox 289 2455 349 2525; x_wconf 67' lang='grc' dir='ltr'>(Η)</span> <span class='ocrx_word' id='word_1_519' title='bbox 371 2490 465 2516; x_wconf 79' lang='grc' dir='ltr'>Ἐκεῖνο</span> <span class='ocrx_word' id='word_1_520' title='bbox 481 2500 534 2526; x_wconf 76' lang='grc' dir='ltr'>μοι.</span> <span class='ocrx_word' id='word_1_521' title='bbox 554 2489 673 2516; x_wconf 80' lang='lat' dir='ltr'>Addunt</span> <span class='ocrx_word' id='word_1_522' title='bbox 693 2492 824 2526; x_wconf 83' lang='lat' dir='ltr'>quatuor</span> <span class='ocrx_word' id='word_1_523' title='bbox 845 2497 920 2518; x_wconf 87' lang='lat' dir='ltr'>mss.</span> <span class='ocrx_word' id='word_1_524' title='bbox 943 2490 990 2518; x_wconf 82' lang='grc' dir='ltr'>τήν</span> <span class='ocrx_word' id='word_1_525' title='bbox 1011 2491 1080 2526; x_wconf 83' lang='grc' dir='ltr'>πρώ-</span> 
     </span>
    </p>
   </div>
   <div class='ocr_carea' id='block_1_73' title="bbox 253 2524 1080 2589">
    <p class='ocr_par' dir='ltr' id='par_1_73' title="bbox 253 2524 1080 2589">
     <span class='ocr_line' id='line_1_74' title="bbox 253 2524 1080 2589; baseline -0.001 -36"><span class='ocrx_word' id='word_1_526' title='bbox 253 2533 438 2589; x_wconf 66' lang='lat' dir='ltr'>rnv,dnempe</span> <span class='ocrx_word' id='word_1_527' title='bbox 453 2524 521 2554; x_wconf 79' lang='lat' dir='ltr'>Harl</span> <span class='ocrx_word' id='word_1_528' title='bbox 536 2546 542 2559; x_wconf 89' lang='lat'>,</span> <span class='ocrx_word' id='word_1_529' title='bbox 559 2526 633 2557; x_wconf 86' lang='lat' dir='ltr'>Vat.,</span> <span class='ocrx_word' id='word_1_530' title='bbox 656 2524 745 2553; x_wconf 87' lang='lat' dir='ltr'>Cois].</span> <span class='ocrx_word' id='word_1_531' title='bbox 761 2525 875 2560; x_wconf 86' lang='lat' dir='ltr'>primus</span> <span class='ocrx_word' id='word_1_532' title='bbox 895 2528 923 2553; x_wconf 89' lang='lat' dir='ltr'>et</span> <span class='ocrx_word' id='word_1_533' title='bbox 942 2526 1015 2559; x_wconf 81' lang='lat' dir='ltr'>Reg.</span> <span class='ocrx_word' id='word_1_534' title='bbox 1031 2524 1080 2553; x_wconf 82' lang='lat' dir='ltr'>se—</span> 
     </span>
     <span class='ocr_line' id='line_1_75' title="bbox 254 2570 383 2589; baseline 0 0"><span class='ocrx_word' id='word_1_535' title='bbox 254 2571 312 2589; x_wconf 89' lang='lat' dir='ltr'>cun</span> <span class='ocrx_word' id='word_1_536' title='bbox 339 2570 383 2589; x_wconf 79' lang='lat' dir='ltr'>US.</span> 
     </span>
    </p>
   </div>
   <div class='ocr_carea' id='block_1_74' title="bbox 254 2570 383 2590">
    <p class='ocr_par' dir='ltr' id='par_1_74' title="bbox 254 2570 383 2590">
     <span class='ocr_line' id='line_1_76' title="bbox 254 2570 383 2590; baseline -0.008 0"><span class='ocrx_word' id='word_1_537' title='bbox 254 2570 383 2590; x_wconf 77' lang='lat' dir='ltr'>cunnus.</span> 
     </span>
    </p>
   </div>
   <div class='ocr_carea' id='block_1_75' title="bbox 289 2597 1077 2633">
    <p class='ocr_par' dir='ltr' id='par_1_75' title="bbox 289 2597 1077 2633">
     <span class='ocr_line' id='line_1_77' title="bbox 289 2597 1077 2633; baseline -0.004 -8"><span class='ocrx_word' id='word_1_538' title='bbox 289 2599 346 2633; x_wconf 79' lang='grc'><strong>(12)</strong></span> <span class='ocrx_word' id='word_1_539' title='bbox 383 2598 608 2633; x_wconf 20' lang='grc' dir='ltr'>Πεπγιστεύκαμεν.</span> <span class='ocrx_word' id='word_1_540' title='bbox 641 2597 711 2633; x_wconf 80' lang='lat' dir='ltr'>Tres</span> <span class='ocrx_word' id='word_1_541' title='bbox 744 2604 816 2623; x_wconf 85' lang='lat' dir='ltr'>mss.</span> <span class='ocrx_word' id='word_1_542' title='bbox 855 2597 1077 2633; x_wconf 52' lang='grc' dir='ltr'>πεπιστεύξιειμεν,</span> 
     </span>
    </p>
   </div>
   <div class='ocr_carea' id='block_1_76' title="bbox 253 2631 1042 2669">
    <p class='ocr_par' dir='ltr' id='par_1_76' title="bbox 253 2631 1042 2669">
     <span class='ocr_line' id='line_1_78' title="bbox 253 2631 1042 2669; baseline -0.003 -7"><span class='ocrx_word' id='word_1_543' title='bbox 253 2631 362 2669; x_wconf 83' lang='lat' dir='ltr'>nempe</span> <span class='ocrx_word' id='word_1_544' title='bbox 378 2632 468 2667; x_wconf 88' lang='lat' dir='ltr'>Harl.,</span> <span class='ocrx_word' id='word_1_545' title='bbox 482 2631 571 2660; x_wconf 80' lang='lat' dir='ltr'>Cois].</span> <span class='ocrx_word' id='word_1_546' title='bbox 588 2631 740 2669; x_wconf 75' lang='lat' dir='ltr'>secundus</span> <span class='ocrx_word' id='word_1_547' title='bbox 751 2633 780 2659; x_wconf 90' lang='lat' dir='ltr'>et</span> <span class='ocrx_word' id='word_1_548' title='bbox 794 2633 864 2666; x_wconf 87' lang='lat' dir='ltr'>Reg.</span> <span class='ocrx_word' id='word_1_549' title='bbox 877 2631 1042 2669; x_wconf 75' lang='lat' dir='ltr'>secundus.</span> 
     </span>
    </p>
   </div>
   <div class='ocr_carea' id='block_1_77' title="bbox 290 2666 1079 2704">
    <p class='ocr_par' dir='ltr' id='par_1_77' title="bbox 290 2666 1079 2704">
     <span class='ocr_line' id='line_1_79' title="bbox 290 2666 1079 2704; baseline -0.004 -8"><span class='ocrx_word' id='word_1_550' title='bbox 290 2666 347 2704; x_wconf 73' lang='lat' dir='ltr'>(l3)</span> <span class='ocrx_word' id='word_1_551' title='bbox 367 2666 676 2704; x_wconf 20' lang='lat' dir='ltr'>&#39;Enirrcaooi-ov,icoisl.</span> <span class='ocrx_word' id='word_1_552' title='bbox 689 2667 812 2704; x_wconf 80' lang='lat' dir='ltr'>primus</span> <span class='ocrx_word' id='word_1_553' title='bbox 834 2669 862 2704; x_wconf 81' lang='lat' dir='ltr'>et</span> <span class='ocrx_word' id='word_1_554' title='bbox 876 2667 953 2704; x_wconf 54' lang='lat' dir='ltr'>med.</span> <span class='ocrx_word' id='word_1_555' title='bbox 973 2666 1014 2693; x_wconf 80' lang='grc' dir='ltr'>ἐπὶ</span> <span class='ocrx_word' id='word_1_556' title='bbox 1035 2677 1079 2704; x_wconf 65' lang='grc' dir='ltr'>τοι</span> 
     </span>
    </p>
   </div>
   <div class='ocr_carea' id='block_1_78' title="bbox 254 2701 1079 2740">
    <p class='ocr_par' dir='ltr' id='par_1_78' title="bbox 254 2701 1079 2740">
     <span class='ocr_line' id='line_1_80' title="bbox 254 2701 1079 2740; baseline 0 -10"><span class='ocrx_word' id='word_1_557' title='bbox 254 2701 350 2740; x_wconf 44' lang='lat' dir='ltr'>eod-rce.</span> <span class='ocrx_word' id='word_1_558' title='bbox 367 2703 458 2732; x_wconf 82' lang='lat' dir='ltr'>Paulo</span> <span class='ocrx_word' id='word_1_559' title='bbox 473 2705 541 2740; x_wconf 79' lang='lat' dir='ltr'>post</span> <span class='ocrx_word' id='word_1_560' title='bbox 552 2703 632 2730; x_wconf 87' lang='lat' dir='ltr'>idem</span> <span class='ocrx_word' id='word_1_561' title='bbox 644 2701 734 2732; x_wconf 59' lang='lat' dir='ltr'>Cois].</span> <span class='ocrx_word' id='word_1_562' title='bbox 744 2705 830 2740; x_wconf 83' lang='grc' dir='ltr'>χωρὶς</span> <span class='ocrx_word' id='word_1_563' title='bbox 845 2701 1010 2735; x_wconf 76' lang='grc' dir='ltr'>ἀποδείξεως.</span> <span class='ocrx_word' id='word_1_564' title='bbox 1024 2703 1079 2731; x_wconf 87' lang='lat' dir='ltr'>lbi-</span> 
     </span>
    </p>
   </div>
   <div class='ocr_carea' id='block_1_79' title="bbox 252 2738 608 2774">
    <p class='ocr_par' dir='ltr' id='par_1_79' title="bbox 252 2738 608 2774">
     <span class='ocr_line' id='line_1_81' title="bbox 252 2738 608 2774; baseline -0.006 -6"><span class='ocrx_word' id='word_1_565' title='bbox 252 2738 411 2768; x_wconf 41' lang='lat' dir='ltr'>dem&#39;Med.</span> <span class='ocrx_word' id='word_1_566' title='bbox 426 2738 483 2766; x_wconf 30' lang='grc' dir='ltr'>Καὶγ</span> <span class='ocrx_word' id='word_1_567' title='bbox 491 2741 517 2764; x_wconf 88' lang='grc' dir='ltr'>τί</span> <span class='ocrx_word' id='word_1_568' title='bbox 531 2738 608 2774; x_wconf 80' lang='grc' dir='ltr'>λέγω.</span> 
     </span>
    </p>
   </div>
   <div class='ocr_carea' id='block_1_80' title="bbox 286 2772 1079 2813">
    <p class='ocr_par' dir='ltr' id='par_1_80' title="bbox 286 2772 1079 2813">
     <span class='ocr_line' id='line_1_82' title="bbox 286 2772 1079 2813; baseline 0 -11"><span class='ocrx_word' id='word_1_569' title='bbox 286 2775 343 2813; x_wconf 57' lang='lat' dir='ltr'>(lli)</span> <span class='ocrx_word' id='word_1_570' title='bbox 362 2778 486 2813; x_wconf 56' lang='grc' dir='ltr'>Γραφῇε..</span> <span class='ocrx_word' id='word_1_571' title='bbox 506 2772 611 2806; x_wconf 63' lang='grc' dir='ltr'>ἐξειπεῖν</span> <span class='ocrx_word' id='word_1_572' title='bbox 631 2772 749 2813; x_wconf 39' lang='grc' dir='ltr'>ᾕδεις-ηδ.</span> <span class='ocrx_word' id='word_1_573' title='bbox 773 2776 887 2813; x_wconf 76' lang='lat' dir='ltr'>septem</span> <span class='ocrx_word' id='word_1_574' title='bbox 909 2782 996 2813; x_wconf 89' lang='lat' dir='ltr'>mss.,</span> <span class='ocrx_word' id='word_1_575' title='bbox 1021 2773 1079 2802; x_wconf 85' lang='lat' dir='ltr'>nisi</span> 
     </span>
    </p>
   </div>
   <div class='ocr_carea' id='block_1_81' title="bbox 251 2809 1078 2850">
    <p class='ocr_par' dir='ltr' id='par_1_81' title="bbox 251 2809 1078 2850">
     <span class='ocr_line' id='line_1_83' title="bbox 251 2809 1078 2850; baseline -0.004 -10"><span class='ocrx_word' id='word_1_576' title='bbox 251 2809 335 2850; x_wconf 81' lang='lat' dir='ltr'>quod</span> <span class='ocrx_word' id='word_1_577' title='bbox 360 2809 392 2840; x_wconf 82' lang='lat' dir='ltr'>iri</span> <span class='ocrx_word' id='word_1_578' title='bbox 417 2809 513 2840; x_wconf 82' lang='lat' dir='ltr'>tribus</span> <span class='ocrx_word' id='word_1_579' title='bbox 536 2809 752 2840; x_wconf 83' lang='lat' dir='ltr'>recentioribus</span> <span class='ocrx_word' id='word_1_580' title='bbox 776 2809 886 2847; x_wconf 68' lang='lat' dir='ltr'>legitur</span> <span class='ocrx_word' id='word_1_581' title='bbox 908 2811 974 2849; x_wconf 82' lang='grc' dir='ltr'>πρὸς</span> <span class='ocrx_word' id='word_1_582' title='bbox 998 2819 1078 2838; x_wconf 78' lang='lat' dir='ltr'>mw-</span> 
     </span>
    </p>
   </div>
   <div class='ocr_carea' id='block_1_82' title="bbox 1095 2233 1117 2260">
    <p class='ocr_par' dir='ltr' id='par_1_82' title="bbox 1095 2233 1117 2260">
     <span class='ocr_line' id='line_1_84' title="bbox 1095 2233 1117 2260; baseline 0 0"><span class='ocrx_word' id='word_1_583' title='bbox 1095 2233 1117 2260; x_wconf 86' lang='grc' dir='ltr'>ι)</span> 
     </span>
    </p>
   </div>
   <div class='ocr_carea' id='block_1_83' title="bbox 1135 915 1938 955">
    <p class='ocr_par' dir='ltr' id='par_1_83' title="bbox 1135 915 1938 955">
     <span class='ocr_line' id='line_1_85' title="bbox 1135 915 1938 955; baseline 0.001 -11"><span class='ocrx_word' id='word_1_584' title='bbox 1135 927 1192 944; x_wconf 75' lang='lat' dir='ltr'>amat</span> <span class='ocrx_word' id='word_1_585' title='bbox 1218 915 1355 947; x_wconf 77' lang='grc' dir='ltr'>δεδοικώς·</span> <span class='ocrx_word' id='word_1_586' title='bbox 1381 916 1461 943; x_wconf 80' lang='grc' dir='ltr'>ἐκεῖνο</span> <span class='ocrx_word' id='word_1_587' title='bbox 1477 916 1506 944; x_wconf 85' lang='grc' dir='ltr'>δέ</span> <span class='ocrx_word' id='word_1_588' title='bbox 1525 927 1570 954; x_wconf 87' lang='grc' dir='ltr'>μοι</span> <span class='ocrx_word' id='word_1_589' title='bbox 1589 921 1634 944; x_wconf 79' lang='grc' dir='ltr'>καὶ</span> <span class='ocrx_word' id='word_1_590' title='bbox 1658 917 1764 955; x_wconf 79' lang='grc' dir='ltr'>φοϐερόν</span> <span class='ocrx_word' id='word_1_591' title='bbox 1782 921 1828 944; x_wconf 77' lang='grc' dir='ltr'>καὶ</span> <span class='ocrx_word' id='word_1_592' title='bbox 1842 918 1938 949; x_wconf 83' lang='grc' dir='ltr'>πολλῆς</span> 
     </span>
    </p>
   </div>
   <div class='ocr_carea' id='block_1_84' title="bbox 1135 960 1938 1000">
    <p class='ocr_par' dir='ltr' id='par_1_84' title="bbox 1135 960 1938 1000">
     <span class='ocr_line' id='line_1_86' title="bbox 1135 960 1938 1000; baseline 0.001 -12"><span class='ocrx_word' id='word_1_593' title='bbox 1135 961 1270 999; x_wconf 73' lang='grc' dir='ltr'>φροντίδος</span> <span class='ocrx_word' id='word_1_594' title='bbox 1284 962 1356 994; x_wconf 79' lang='grc' dir='ltr'>ἄξιον</span> <span class='ocrx_word' id='word_1_595' title='bbox 1372 960 1453 996; x_wconf 73' lang='grc' dir='ltr'>ἔδοξε,</span> <span class='ocrx_word' id='word_1_596' title='bbox 1475 964 1504 988; x_wconf 85' lang='grc' dir='ltr'>τὸ</span> <span class='ocrx_word' id='word_1_597' title='bbox 1531 965 1577 992; x_wconf 80' lang='grc' dir='ltr'>τὴν</span> <span class='ocrx_word' id='word_1_598' title='bbox 1607 965 1656 992; x_wconf 82' lang='grc' dir='ltr'>σήν</span> <span class='ocrx_word' id='word_1_599' title='bbox 1680 962 1823 1000; x_wconf 71' lang='grc' dir='ltr'>ἀκρίϐειαν,</span> <span class='ocrx_word' id='word_1_600' title='bbox 1854 963 1886 993; x_wconf 76' lang='grc' dir='ltr'>ἦν</span> <span class='ocrx_word' id='word_1_601' title='bbox 1911 963 1938 989; x_wconf 68' lang='grc' dir='ltr'>ἂν</span> 
     </span>
    </p>
   </div>
   <div class='ocr_carea' id='block_1_85' title="bbox 1134 1007 1939 1044">
    <p class='ocr_par' dir='ltr' id='par_1_85' title="bbox 1134 1007 1939 1044">
     <span class='ocr_line' id='line_1_87' title="bbox 1134 1007 1939 1044; baseline 0.001 -11"><span class='ocrx_word' id='word_1_602' title='bbox 1134 1007 1230 1043; x_wconf 81' lang='grc' dir='ltr'>ὀλίγοις</span> <span class='ocrx_word' id='word_1_603' title='bbox 1249 1008 1356 1044; x_wconf 74' lang='grc' dir='ltr'>ἔρεισμα</span> <span class='ocrx_word' id='word_1_604' title='bbox 1378 1017 1405 1033; x_wconf 81' lang='grc' dir='ltr'>τε</span> <span class='ocrx_word' id='word_1_605' title='bbox 1431 1007 1579 1044; x_wconf 80' lang='grc' dir='ltr'>ὀρθότητος,</span> <span class='ocrx_word' id='word_1_606' title='bbox 1606 1010 1651 1034; x_wconf 76' lang='grc' dir='ltr'>καὶ</span> <span class='ocrx_word' id='word_1_607' title='bbox 1676 1012 1725 1038; x_wconf 83' lang='grc' dir='ltr'>τῆς</span> <span class='ocrx_word' id='word_1_608' title='bbox 1750 1007 1866 1044; x_wconf 78' lang='grc' dir='ltr'>ἀρχαίας</span> <span class='ocrx_word' id='word_1_609' title='bbox 1891 1011 1939 1035; x_wconf 78' lang='grc' dir='ltr'>καὶ</span> 
     </span>
    </p>
   </div>
   <div class='ocr_carea' id='block_1_86' title="bbox 1134 1051 1937 1090">
    <p class='ocr_par' dir='ltr' id='par_1_86' title="bbox 1134 1051 1937 1090">
     <span class='ocr_line' id='line_1_88' title="bbox 1134 1051 1937 1090; baseline 0.002 -12"><span class='ocrx_word' id='word_1_610' title='bbox 1134 1051 1259 1083; x_wconf 70' lang='grc' dir='ltr'>ἀληθινῆς</span> <span class='ocrx_word' id='word_1_611' title='bbox 1282 1051 1388 1088; x_wconf 78' lang='grc' dir='ltr'>ἀγάπης</span> <span class='ocrx_word' id='word_1_612' title='bbox 1410 1054 1514 1089; x_wconf 79' lang='grc' dir='ltr'>σπέρμα</span> <span class='ocrx_word' id='word_1_613' title='bbox 1542 1052 1575 1083; x_wconf 79' lang='grc' dir='ltr'>εἰς</span> <span class='ocrx_word' id='word_1_614' title='bbox 1603 1053 1772 1090; x_wconf 77' lang='grc' dir='ltr'>παραμυθίαν</span> <span class='ocrx_word' id='word_1_615' title='bbox 1793 1057 1852 1084; x_wconf 86' lang='grc' dir='ltr'>ταῖς</span> <span class='ocrx_word' id='word_1_616' title='bbox 1878 1053 1937 1080; x_wconf 72' lang='grc' dir='ltr'>Ἐκ-</span> 
     </span>
    </p>
   </div>
   <div class='ocr_carea' id='block_1_87' title="bbox 1133 1096 1938 1133">
    <p class='ocr_par' dir='ltr' id='par_1_87' title="bbox 1133 1096 1938 1133">
     <span class='ocr_line' id='line_1_89' title="bbox 1133 1096 1938 1133; baseline 0.002 -11"><span class='ocrx_word' id='word_1_617' title='bbox 1133 1097 1256 1128; x_wconf 79' lang='grc' dir='ltr'>κλησίαις</span> <span class='ocrx_word' id='word_1_618' title='bbox 1282 1097 1416 1127; x_wconf 76' lang='grc' dir='ltr'>σώζεσθαι</span> <span class='ocrx_word' id='word_1_619' title='bbox 1437 1098 1643 1133; x_wconf 72' lang='grc' dir='ltr'>πεπιστεύκαμεν</span> <span class='ocrx_word' id='word_1_620' title='bbox 1671 1097 1738 1133; x_wconf 79' lang='grc'><strong>(12),</strong></span> <span class='ocrx_word' id='word_1_621' title='bbox 1769 1096 1811 1123; x_wconf 79' lang='grc' dir='ltr'>ἐπὶ</span> <span class='ocrx_word' id='word_1_622' title='bbox 1840 1102 1938 1124; x_wconf 76' lang='grc' dir='ltr'>τοσοῦ-</span> 
     </span>
    </p>
   </div>
   <div class='ocr_carea' id='block_1_88' title="bbox 1132 1142 1935 1179">
    <p class='ocr_par' dir='ltr' id='par_1_88' title="bbox 1132 1142 1935 1179">
     <span class='ocr_line' id='line_1_90' title="bbox 1132 1142 1935 1179; baseline 0.001 -11"><span class='ocrx_word' id='word_1_623' title='bbox 1132 1152 1175 1168; x_wconf 86' lang='grc' dir='ltr'>τον</span> <span class='ocrx_word' id='word_1_624' title='bbox 1201 1142 1256 1177; x_wconf 87' lang='grc'><strong>(13)</strong></span> <span class='ocrx_word' id='word_1_625' title='bbox 1293 1146 1338 1171; x_wconf 84' lang='grc' dir='ltr'>τῆς</span> <span class='ocrx_word' id='word_1_626' title='bbox 1373 1143 1510 1179; x_wconf 78' lang='grc' dir='ltr'>παρούσης</span> <span class='ocrx_word' id='word_1_627' title='bbox 1551 1143 1738 1172; x_wconf 74' lang='grc' dir='ltr'>καταστάσεως</span> <span class='ocrx_word' id='word_1_628' title='bbox 1776 1147 1935 1178; x_wconf 75' lang='grc' dir='ltr'>μετασχεῖν,</span> 
     </span>
    </p>
   </div>
   <div class='ocr_carea' id='block_1_89' title="bbox 1132 1185 1937 1224">
    <p class='ocr_par' dir='ltr' id='par_1_89' title="bbox 1132 1185 1937 1224">
     <span class='ocr_line' id='line_1_91' title="bbox 1132 1185 1937 1224; baseline 0.001 -12"><span class='ocrx_word' id='word_1_629' title='bbox 1132 1187 1200 1212; x_wconf 81' lang='grc' dir='ltr'>ὥστε</span> <span class='ocrx_word' id='word_1_630' title='bbox 1228 1187 1276 1217; x_wconf 83' lang='grc' dir='ltr'>τὰς</span> <span class='ocrx_word' id='word_1_631' title='bbox 1304 1187 1377 1223; x_wconf 79' lang='grc' dir='ltr'>παρὰ</span> <span class='ocrx_word' id='word_1_632' title='bbox 1403 1190 1452 1212; x_wconf 84' lang='grc' dir='ltr'>τῶν</span> <span class='ocrx_word' id='word_1_633' title='bbox 1487 1189 1620 1222; x_wconf 81' lang='grc' dir='ltr'>τυχόντων</span> <span class='ocrx_word' id='word_1_634' title='bbox 1659 1185 1810 1223; x_wconf 83' lang='grc' dir='ltr'>βλαφημίας</span> <span class='ocrx_word' id='word_1_635' title='bbox 1840 1197 1937 1224; x_wconf 77' lang='grc' dir='ltr'>κυριω-</span> 
     </span>
    </p>
   </div>
   <div class='ocr_carea' id='block_1_90' title="bbox 1131 1231 1936 1268">
    <p class='ocr_par' dir='ltr' id='par_1_90' title="bbox 1131 1231 1936 1268">
     <span class='ocr_line' id='line_1_92' title="bbox 1131 1231 1936 1268; baseline 0.001 -12"><span class='ocrx_word' id='word_1_636' title='bbox 1131 1232 1208 1268; x_wconf 78' lang='grc' dir='ltr'>τέρας</span> <span class='ocrx_word' id='word_1_637' title='bbox 1235 1231 1397 1260; x_wconf 80' lang='grc' dir='ltr'>ποιήσασθαι</span> <span class='ocrx_word' id='word_1_638' title='bbox 1433 1235 1481 1262; x_wconf 83' lang='grc' dir='ltr'>τῆς</span> <span class='ocrx_word' id='word_1_639' title='bbox 1517 1234 1619 1267; x_wconf 75' lang='grc' dir='ltr'>μακρᾶς</span> <span class='ocrx_word' id='word_1_640' title='bbox 1646 1232 1719 1267; x_wconf 79' lang='grc' dir='ltr'>ἡμῶν</span> <span class='ocrx_word' id='word_1_641' title='bbox 1760 1234 1863 1268; x_wconf 82' lang='grc' dir='ltr'>πείρας,</span> <span class='ocrx_word' id='word_1_642' title='bbox 1889 1234 1936 1257; x_wconf 74' lang='grc' dir='ltr'>καὶ</span> 
     </span>
    </p>
   </div>
   <div class='ocr_carea' id='block_1_91' title="bbox 1131 1273 1934 1312">
    <p class='ocr_par' dir='ltr' id='par_1_91' title="bbox 1131 1273 1934 1312">
     <span class='ocr_line' id='line_1_93' title="bbox 1131 1273 1934 1312; baseline 0 -10"><span class='ocrx_word' id='word_1_643' title='bbox 1131 1277 1197 1312; x_wconf 87' lang='grc' dir='ltr'>πρὸς</span> <span class='ocrx_word' id='word_1_644' title='bbox 1224 1278 1271 1305; x_wconf 79' lang='grc' dir='ltr'>τὴν</span> <span class='ocrx_word' id='word_1_645' title='bbox 1294 1280 1343 1302; x_wconf 86' lang='grc' dir='ltr'>τῶν</span> <span class='ocrx_word' id='word_1_646' title='bbox 1371 1274 1472 1302; x_wconf 82' lang='grc' dir='ltr'>ἀτόπων</span> <span class='ocrx_word' id='word_1_647' title='bbox 1504 1276 1626 1302; x_wconf 76' lang='grc' dir='ltr'>ὑπόνοιαν</span> <span class='ocrx_word' id='word_1_648' title='bbox 1660 1278 1743 1312; x_wconf 79' lang='grc' dir='ltr'>χωρὶς</span> <span class='ocrx_word' id='word_1_649' title='bbox 1775 1273 1934 1307; x_wconf 76' lang='grc' dir='ltr'>ἀποδείξεων</span> 
     </span>
    </p>
   </div>
   <div class='ocr_carea' id='block_1_92' title="bbox 1131 1319 1935 1357">
    <p class='ocr_par' dir='ltr' id='par_1_92' title="bbox 1131 1319 1935 1357">
     <span class='ocr_line' id='line_1_94' title="bbox 1131 1319 1935 1357; baseline 0 -10"><span class='ocrx_word' id='word_1_650' title='bbox 1131 1321 1297 1356; x_wconf 75' lang='grc' dir='ltr'>ὑπαχθῆναι.</span> <span class='ocrx_word' id='word_1_651' title='bbox 1317 1322 1408 1346; x_wconf 76' lang='grc' dir='ltr'>Καίτοι</span> <span class='ocrx_word' id='word_1_652' title='bbox 1427 1323 1453 1346; x_wconf 86' lang='grc' dir='ltr'>τί</span> <span class='ocrx_word' id='word_1_653' title='bbox 1473 1320 1537 1357; x_wconf 75' lang='grc' dir='ltr'>λέγω</span> <span class='ocrx_word' id='word_1_654' title='bbox 1563 1321 1700 1354; x_wconf 83' lang='grc' dir='ltr'>ὑπόνοιαν;</span> <span class='ocrx_word' id='word_1_655' title='bbox 1725 1319 1754 1346; x_wconf 87' lang='grc' dir='ltr'>Ὁ</span> <span class='ocrx_word' id='word_1_656' title='bbox 1779 1321 1829 1357; x_wconf 85' lang='grc' dir='ltr'>γὰρ</span> <span class='ocrx_word' id='word_1_657' title='bbox 1855 1320 1935 1357; x_wconf 77' lang='grc' dir='ltr'>ἀγαν-</span> 
     </span>
    </p>
   </div>
   <div class='ocr_carea' id='block_1_93' title="bbox 1132 1363 1934 1400">
    <p class='ocr_par' dir='ltr' id='par_1_93' title="bbox 1132 1363 1934 1400">
     <span class='ocr_line' id='line_1_95' title="bbox 1132 1363 1934 1400; baseline 0 -9"><span class='ocrx_word' id='word_1_658' title='bbox 1132 1368 1249 1395; x_wconf 75' lang='grc' dir='ltr'>ακτήσας</span> <span class='ocrx_word' id='word_1_659' title='bbox 1263 1367 1308 1391; x_wconf 80' lang='grc' dir='ltr'>καὶ</span> <span class='ocrx_word' id='word_1_660' title='bbox 1325 1363 1513 1400; x_wconf 72' lang='grc' dir='ltr'>διαπειληθεὶς,</span> <span class='ocrx_word' id='word_1_661' title='bbox 1537 1365 1572 1396; x_wconf 85' lang='grc' dir='ltr'>ὦς</span> <span class='ocrx_word' id='word_1_662' title='bbox 1592 1375 1681 1400; x_wconf 78' lang='grc' dir='ltr'>φασιν,</span> <span class='ocrx_word' id='word_1_663' title='bbox 1711 1364 1763 1400; x_wconf 75' lang='grc' dir='ltr'>οὐχ</span> <span class='ocrx_word' id='word_1_664' title='bbox 1789 1365 1934 1391; x_wconf 77' lang='grc' dir='ltr'>ὑπονοοῦν-</span> 
     </span>
    </p>
   </div>
   <div class='ocr_carea' id='block_1_94' title="bbox 1131 1407 1934 1448">
    <p class='ocr_par' dir='ltr' id='par_1_94' title="bbox 1131 1407 1934 1448">
     <span class='ocr_line' id='line_1_96' title="bbox 1131 1407 1934 1448; baseline 0 -13"><span class='ocrx_word' id='word_1_665' title='bbox 1131 1419 1185 1443; x_wconf 77' lang='grc' dir='ltr'>τος,</span> <span class='ocrx_word' id='word_1_666' title='bbox 1202 1409 1266 1436; x_wconf 78' lang='grc' dir='ltr'>ἀλλά</span> <span class='ocrx_word' id='word_1_667' title='bbox 1283 1413 1328 1436; x_wconf 80' lang='grc' dir='ltr'>τοῦ</span> <span class='ocrx_word' id='word_1_668' title='bbox 1343 1407 1397 1438; x_wconf 80' lang='grc' dir='ltr'>ἤδη</span> <span class='ocrx_word' id='word_1_669' title='bbox 1415 1413 1501 1445; x_wconf 86' lang='grc' dir='ltr'>σαφῶς</span> <span class='ocrx_word' id='word_1_670' title='bbox 1528 1412 1573 1435; x_wconf 80' lang='grc' dir='ltr'>καὶ</span> <span class='ocrx_word' id='word_1_671' title='bbox 1594 1409 1784 1448; x_wconf 74' lang='grc' dir='ltr'>ἁναντιῤῥήτως</span> <span class='ocrx_word' id='word_1_672' title='bbox 1809 1411 1934 1437; x_wconf 72' lang='grc' dir='ltr'>πεισθέν-</span> 
     </span>
    </p>
   </div>
   <div class='ocr_carea' id='block_1_95' title="bbox 1130 1452 1615 1490">
    <p class='ocr_par' dir='ltr' id='par_1_95' title="bbox 1130 1452 1615 1490">
     <span class='ocr_line' id='line_1_97' title="bbox 1130 1452 1615 1490; baseline 0 -10"><span class='ocrx_word' id='word_1_673' title='bbox 1130 1463 1174 1485; x_wconf 80' lang='grc' dir='ltr'>τος</span> <span class='ocrx_word' id='word_1_674' title='bbox 1190 1452 1263 1480; x_wconf 76' lang='grc' dir='ltr'>δοκεῖ</span> <span class='ocrx_word' id='word_1_675' title='bbox 1276 1464 1328 1484; x_wconf 89' lang='grc' dir='ltr'>πως</span> <span class='ocrx_word' id='word_1_676' title='bbox 1342 1453 1421 1490; x_wconf 83' lang='grc' dir='ltr'>ὀργὴν</span> <span class='ocrx_word' id='word_1_677' title='bbox 1437 1452 1615 1490; x_wconf 83' lang='grc' dir='ltr'>ἐνδεδεῖχθαι.</span> 
     </span>
    </p>
   </div>
   <div class='ocr_carea' id='block_1_96' title="bbox 1168 1541 1934 1580">
    <p class='ocr_par' dir='ltr' id='par_1_96' title="bbox 1168 1541 1934 1580">
     <span class='ocr_line' id='line_1_98' title="bbox 1168 1541 1934 1580; baseline 0 -11"><span class='ocrx_word' id='word_1_678' title='bbox 1168 1545 1194 1570; x_wconf 84' lang='lat'>2.</span> <span class='ocrx_word' id='word_1_679' title='bbox 1215 1541 1295 1575; x_wconf 80' lang='grc' dir='ltr'>Ἀλλ’,</span> <span class='ocrx_word' id='word_1_680' title='bbox 1316 1543 1376 1578; x_wconf 87' lang='grc' dir='ltr'>ὅπερ</span> <span class='ocrx_word' id='word_1_681' title='bbox 1392 1543 1464 1578; x_wconf 77' lang='grc' dir='ltr'>ἰφην,</span> <span class='ocrx_word' id='word_1_682' title='bbox 1487 1541 1528 1568; x_wconf 74' lang='grc' dir='ltr'>ἐπὶ</span> <span class='ocrx_word' id='word_1_683' title='bbox 1547 1543 1590 1568; x_wconf 88' lang='grc' dir='ltr'>τὸν</span> <span class='ocrx_word' id='word_1_684' title='bbox 1612 1543 1702 1579; x_wconf 78' lang='grc' dir='ltr'>καιρὸν</span> <span class='ocrx_word' id='word_1_685' title='bbox 1722 1546 1812 1568; x_wconf 82' lang='grc' dir='ltr'>τοῦτον</span> <span class='ocrx_word' id='word_1_686' title='bbox 1843 1542 1934 1580; x_wconf 67' lang='grc' dir='ltr'>ἀναφὲ</span> 
     </span>
    </p>
   </div>
   <div class='ocr_carea' id='block_1_97' title="bbox 1132 1585 1935 1624">
    <p class='ocr_par' dir='ltr' id='par_1_97' title="bbox 1132 1585 1935 1624">
     <span class='ocr_line' id='line_1_99' title="bbox 1132 1585 1935 1624; baseline 0.001 -11"><span class='ocrx_word' id='word_1_687' title='bbox 1132 1596 1207 1623; x_wconf 83' lang='grc' dir='ltr'>ρομεν</span> <span class='ocrx_word' id='word_1_688' title='bbox 1231 1589 1278 1616; x_wconf 81' lang='grc' dir='ltr'>τὴν</span> <span class='ocrx_word' id='word_1_689' title='bbox 1305 1586 1401 1614; x_wconf 83' lang='grc' dir='ltr'>αἰτίαν.</span> <span class='ocrx_word' id='word_1_690' title='bbox 1432 1586 1503 1613; x_wconf 79' lang='grc' dir='ltr'>Ἐπεὶ</span> <span class='ocrx_word' id='word_1_691' title='bbox 1526 1589 1607 1613; x_wconf 84' lang='grc' dir='ltr'>πόσον</span> <span class='ocrx_word' id='word_1_692' title='bbox 1633 1589 1712 1613; x_wconf 83' lang='grc' dir='ltr'>πόνου</span> <span class='ocrx_word' id='word_1_693' title='bbox 1735 1585 1776 1620; x_wconf 79' lang='grc' dir='ltr'>ἦν,</span> <span class='ocrx_word' id='word_1_694' title='bbox 1797 1587 1817 1612; x_wconf 84' lang='grc' dir='ltr'><strong><em>ὦ</em></strong></span> <span class='ocrx_word' id='word_1_695' title='bbox 1834 1588 1935 1624; x_wconf 75' lang='grc' dir='ltr'>θαυμαί-</span> 
     </span>
    </p>
   </div>
   <div class='ocr_carea' id='block_1_98' title="bbox 1133 1630 1933 1668">
    <p class='ocr_par' dir='ltr' id='par_1_98' title="bbox 1133 1630 1933 1668">
     <span class='ocr_line' id='line_1_100' title="bbox 1133 1630 1933 1668; baseline 0.001 -11"><span class='ocrx_word' id='word_1_696' title='bbox 1133 1640 1183 1665; x_wconf 84' lang='grc' dir='ltr'>σιε,</span> <span class='ocrx_word' id='word_1_697' title='bbox 1211 1630 1235 1657; x_wconf 78' lang='grc' dir='ltr'>ἐν</span> <span class='ocrx_word' id='word_1_698' title='bbox 1259 1631 1379 1667; x_wconf 81' lang='grc' dir='ltr'>ἐπιστολῇ</span> <span class='ocrx_word' id='word_1_699' title='bbox 1409 1630 1537 1668; x_wconf 81' lang='grc' dir='ltr'>βραχείᾳ,</span> <span class='ocrx_word' id='word_1_700' title='bbox 1561 1633 1621 1668; x_wconf 79' lang='grc' dir='ltr'>περὶ</span> <span class='ocrx_word' id='word_1_701' title='bbox 1649 1631 1682 1657; x_wconf 84' lang='grc' dir='ltr'>ὧν</span> <span class='ocrx_word' id='word_1_702' title='bbox 1709 1631 1825 1665; x_wconf 74' lang='grc' dir='ltr'>ἐϐούλου,</span> <span class='ocrx_word' id='word_1_703' title='bbox 1856 1633 1933 1659; x_wconf 82' lang='grc' dir='ltr'>οἱονεὶ</span> 
     </span>
    </p>
   </div>
   <div class='ocr_carea' id='block_1_99' title="bbox 1132 1674 1933 1714">
    <p class='ocr_par' dir='ltr' id='par_1_99' title="bbox 1132 1674 1933 1714">
     <span class='ocr_line' id='line_1_101' title="bbox 1132 1674 1933 1714; baseline 0.001 -12"><span class='ocrx_word' id='word_1_704' title='bbox 1132 1678 1208 1712; x_wconf 87' lang='grc' dir='ltr'>μόνον</span> <span class='ocrx_word' id='word_1_705' title='bbox 1234 1678 1303 1712; x_wconf 80' lang='grc' dir='ltr'>μόνῳ</span> <span class='ocrx_word' id='word_1_706' title='bbox 1330 1674 1512 1712; x_wconf 71' lang='grc' dir='ltr'>διαλεχθῆναι*</span> <span class='ocrx_word' id='word_1_707' title='bbox 1540 1676 1567 1711; x_wconf 79' lang='grc' dir='ltr'>ἢ,</span> <span class='ocrx_word' id='word_1_708' title='bbox 1592 1676 1614 1702; x_wconf 81' lang='grc' dir='ltr'>εἰ</span> <span class='ocrx_word' id='word_1_709' title='bbox 1644 1678 1680 1713; x_wconf 83' lang='grc' dir='ltr'>μὴ</span> <span class='ocrx_word' id='word_1_710' title='bbox 1708 1675 1842 1707; x_wconf 76' lang='grc' dir='ltr'>ἐπίστευες</span> <span class='ocrx_word' id='word_1_711' title='bbox 1865 1687 1933 1714; x_wconf 84' lang='grc' dir='ltr'>γρα-</span> 
     </span>
    </p>
   </div>
   <div class='ocr_carea' id='block_1_100' title="bbox 1133 1720 1935 1758">
    <p class='ocr_par' dir='ltr' id='par_1_100' title="bbox 1133 1720 1935 1758">
     <span class='ocr_line' id='line_1_102' title="bbox 1133 1720 1935 1758; baseline 0 -10"><span class='ocrx_word' id='word_1_712' title='bbox 1133 1725 1165 1757; x_wconf 75' lang='grc' dir='ltr'>φῇ</span> <span class='ocrx_word' id='word_1_713' title='bbox 1181 1721 1237 1756; x_wconf 73' lang='grc'><strong>(14)</strong></span> <span class='ocrx_word' id='word_1_714' title='bbox 1255 1722 1288 1746; x_wconf 82' lang='grc' dir='ltr'>τὰ</span> <span class='ocrx_word' id='word_1_715' title='bbox 1302 1724 1420 1754; x_wconf 77' lang='grc' dir='ltr'>τοιαῦτα,</span> <span class='ocrx_word' id='word_1_716' title='bbox 1436 1722 1502 1758; x_wconf 88' lang='grc' dir='ltr'>πρὸς</span> <span class='ocrx_word' id='word_1_717' title='bbox 1525 1720 1614 1747; x_wconf 85' lang='grc' dir='ltr'>ἑαυτὸν</span> <span class='ocrx_word' id='word_1_718' title='bbox 1634 1721 1876 1757; x_wconf 73' lang='grc' dir='ltr'>μεταπέμψασθαις</span> <span class='ocrx_word' id='word_1_719' title='bbox 1904 1721 1935 1748; x_wconf 83' lang='grc' dir='ltr'>Εἰ</span> 
     </span>
    </p>
   </div>
   <div class='ocr_carea' id='block_1_101' title="bbox 1133 1763 1934 1803">
    <p class='ocr_par' dir='ltr' id='par_1_101' title="bbox 1133 1763 1934 1803">
     <span class='ocr_line' id='line_1_103' title="bbox 1133 1763 1934 1803; baseline 0.001 -11"><span class='ocrx_word' id='word_1_720' title='bbox 1133 1763 1163 1792; x_wconf 67' lang='grc' dir='ltr'>δε</span> <span class='ocrx_word' id='word_1_721' title='bbox 1188 1766 1289 1795; x_wconf 82' lang='grc' dir='ltr'>πάντως</span> <span class='ocrx_word' id='word_1_722' title='bbox 1311 1765 1417 1797; x_wconf 80' lang='grc' dir='ltr'>ἐξειπεῖν</span> <span class='ocrx_word' id='word_1_723' title='bbox 1450 1763 1514 1798; x_wconf 83' lang='grc' dir='ltr'>ἔδει,</span> <span class='ocrx_word' id='word_1_724' title='bbox 1545 1768 1590 1791; x_wconf 83' lang='grc' dir='ltr'>καὶ</span> <span class='ocrx_word' id='word_1_725' title='bbox 1621 1765 1731 1802; x_wconf 75' lang='grc' dir='ltr'>ἀναϐολῇ</span> <span class='ocrx_word' id='word_1_726' title='bbox 1761 1767 1853 1803; x_wconf 81' lang='grc' dir='ltr'>καιρὸν</span> <span class='ocrx_word' id='word_1_727' title='bbox 1887 1767 1934 1793; x_wconf 72' lang='grc' dir='ltr'>οὐχ</span> 
     </span>
    </p>
   </div>
   <div class='ocr_carea' id='block_1_102' title="bbox 1132 1807 1935 1846">
    <p class='ocr_par' dir='ltr' id='par_1_102' title="bbox 1132 1807 1935 1846">
     <span class='ocr_line' id='line_1_104' title="bbox 1132 1807 1935 1846; baseline 0.001 -10"><span class='ocrx_word' id='word_1_728' title='bbox 1132 1807 1224 1836; x_wconf 75' lang='grc' dir='ltr'>ἐδίδου</span> <span class='ocrx_word' id='word_1_729' title='bbox 1253 1811 1286 1835; x_wconf 84' lang='grc' dir='ltr'>τὰ</span> <span class='ocrx_word' id='word_1_730' title='bbox 1310 1808 1489 1836; x_wconf 78' lang='grc' dir='ltr'>δυσκάθεκτον</span> <span class='ocrx_word' id='word_1_731' title='bbox 1515 1819 1564 1841; x_wconf 86' lang='grc' dir='ltr'>της</span> <span class='ocrx_word' id='word_1_732' title='bbox 1589 1809 1679 1846; x_wconf 85' lang='grc' dir='ltr'>ὀργῆς-</span> <span class='ocrx_word' id='word_1_733' title='bbox 1709 1809 1765 1836; x_wconf 80' lang='grc' dir='ltr'>ἀλλ’</span> <span class='ocrx_word' id='word_1_734' title='bbox 1788 1810 1824 1836; x_wconf 74' lang='grc' dir='ltr'>ἑνί</span> <span class='ocrx_word' id='word_1_735' title='bbox 1837 1812 1868 1846; x_wconf 71' lang='grc' dir='ltr'>γέ</span> <span class='ocrx_word' id='word_1_736' title='bbox 1881 1820 1935 1837; x_wconf 79' lang='grc' dir='ltr'>τινι</span> 
     </span>
    </p>
   </div>
   <div class='ocr_carea' id='block_1_103' title="bbox 1132 1852 1934 1892">
    <p class='ocr_par' dir='ltr' id='par_1_103' title="bbox 1132 1852 1934 1892">
     <span class='ocr_line' id='line_1_105' title="bbox 1132 1852 1934 1892; baseline 0.001 -12"><span class='ocrx_word' id='word_1_737' title='bbox 1132 1858 1182 1881; x_wconf 81' lang='grc' dir='ltr'>τῶν</span> <span class='ocrx_word' id='word_1_738' title='bbox 1213 1852 1376 1888; x_wconf 76' lang='grc' dir='ltr'>ἐπιτηδείων,</span> <span class='ocrx_word' id='word_1_739' title='bbox 1401 1856 1446 1880; x_wconf 76' lang='grc' dir='ltr'>καὶ</span> <span class='ocrx_word' id='word_1_740' title='bbox 1473 1856 1572 1890; x_wconf 82' lang='grc' dir='ltr'>στέγειν</span> <span class='ocrx_word' id='word_1_741' title='bbox 1606 1854 1742 1892; x_wconf 76' lang='grc' dir='ltr'>ἁπόρῥητα</span> <span class='ocrx_word' id='word_1_742' title='bbox 1771 1857 1934 1891; x_wconf 70' lang='grc' dir='ltr'>πεφυκότων,</span> 
     </span>
    </p>
   </div>
   <div class='ocr_carea' id='block_1_104' title="bbox 1133 1897 1937 1936">
    <p class='ocr_par' dir='ltr' id='par_1_104' title="bbox 1133 1897 1937 1936">
     <span class='ocr_line' id='line_1_106' title="bbox 1133 1897 1937 1936; baseline 0.001 -11"><span class='ocrx_word' id='word_1_743' title='bbox 1133 1897 1191 1930; x_wconf 74' lang='grc' dir='ltr'>ἐξῆν</span> <span class='ocrx_word' id='word_1_744' title='bbox 1208 1897 1241 1928; x_wconf 80' lang='grc' dir='ltr'>δή</span> <span class='ocrx_word' id='word_1_745' title='bbox 1257 1908 1307 1925; x_wconf 89' lang='grc' dir='ltr'>που</span> <span class='ocrx_word' id='word_1_746' title='bbox 1328 1903 1377 1925; x_wconf 86' lang='grc' dir='ltr'>τῶν</span> <span class='ocrx_word' id='word_1_747' title='bbox 1397 1900 1462 1935; x_wconf 86' lang='grc' dir='ltr'>πρὸς</span> <span class='ocrx_word' id='word_1_748' title='bbox 1489 1899 1560 1935; x_wconf 79' lang='grc' dir='ltr'>ἡμᾶς</span> <span class='ocrx_word' id='word_1_749' title='bbox 1586 1898 1668 1934; x_wconf 88' lang='grc' dir='ltr'>λόγων</span> <span class='ocrx_word' id='word_1_750' title='bbox 1687 1900 1847 1936; x_wconf 81' lang='grc' dir='ltr'>χρήσασθαι</span> <span class='ocrx_word' id='word_1_751' title='bbox 1873 1897 1937 1926; x_wconf 74' lang='grc' dir='ltr'>δια-</span> 
     </span>
    </p>
   </div>
   <div class='ocr_carea' id='block_1_105' title="bbox 1133 1941 1937 1981">
    <p class='ocr_par' dir='ltr' id='par_1_105' title="bbox 1133 1941 1937 1981">
     <span class='ocr_line' id='line_1_107' title="bbox 1133 1941 1937 1981; baseline 0.001 -11"><span class='ocrx_word' id='word_1_752' title='bbox 1133 1946 1211 1980; x_wconf 78' lang='grc' dir='ltr'>κόνῳ.</span> <span class='ocrx_word' id='word_1_753' title='bbox 1224 1946 1289 1970; x_wconf 86' lang='grc' dir='ltr'>Νυνὶ</span> <span class='ocrx_word' id='word_1_754' title='bbox 1317 1941 1346 1970; x_wconf 63' lang='grc' dir='ltr'>δι</span> <span class='ocrx_word' id='word_1_755' title='bbox 1372 1946 1440 1975; x_wconf 88' lang='grc' dir='ltr'>τίνος</span> <span class='ocrx_word' id='word_1_756' title='bbox 1469 1943 1533 1980; x_wconf 69' lang='grc' dir='ltr'>οὐχὶ</span> <span class='ocrx_word' id='word_1_757' title='bbox 1560 1943 1790 1981; x_wconf 80' lang='grc' dir='ltr'>περιτεθρύλληται</span> <span class='ocrx_word' id='word_1_758' title='bbox 1819 1946 1852 1970; x_wconf 77' lang='grc' dir='ltr'>τὰ</span> <span class='ocrx_word' id='word_1_759' title='bbox 1880 1945 1937 1971; x_wconf 80' lang='grc' dir='ltr'>ὦτα</span> 
     </span>
    </p>
   </div>
   <div class='ocr_carea' id='block_1_106' title="bbox 1134 1986 1935 2025">
    <p class='ocr_par' dir='ltr' id='par_1_106' title="bbox 1134 1986 1935 2025">
     <span class='ocr_line' id='line_1_108' title="bbox 1134 1986 1935 2025; baseline 0.001 -11"><span class='ocrx_word' id='word_1_760' title='bbox 1134 1992 1183 2015; x_wconf 86' lang='grc' dir='ltr'>τῶν</span> <span class='ocrx_word' id='word_1_761' title='bbox 1214 1988 1271 2014; x_wconf 77' lang='grc' dir='ltr'>κατ’</span> <span class='ocrx_word' id='word_1_762' title='bbox 1305 1986 1496 2018; x_wconf 65' lang='grc' dir='ltr'>ὁποιουδήποτε</span> <span class='ocrx_word' id='word_1_763' title='bbox 1528 1990 1621 2025; x_wconf 85' lang='grc' dir='ltr'>χρείαν</span> <span class='ocrx_word' id='word_1_764' title='bbox 1645 1988 1704 2024; x_wconf 81' lang='grc' dir='ltr'>ὑμῖν</span> <span class='ocrx_word' id='word_1_765' title='bbox 1732 1988 1935 2025; x_wconf 75' lang='grc' dir='ltr'>ἐπιφοιτώντων,</span> 
     </span>
    </p>
   </div>
   <div class='ocr_carea' id='block_1_107' title="bbox 1135 2033 1937 2071">
    <p class='ocr_par' dir='ltr' id='par_1_107' title="bbox 1135 2033 1937 2071">
     <span class='ocr_line' id='line_1_109' title="bbox 1135 2033 1937 2071; baseline 0.004 -13"><span class='ocrx_word' id='word_1_766' title='bbox 1135 2034 1167 2063; x_wconf 84' lang='grc' dir='ltr'>ὡς</span> <span class='ocrx_word' id='word_1_767' title='bbox 1190 2034 1262 2070; x_wconf 81' lang='grc' dir='ltr'>ἡμῶν</span> <span class='ocrx_word' id='word_1_768' title='bbox 1295 2033 1359 2064; x_wconf 86' lang='grc' dir='ltr'>ἆτας</span> <span class='ocrx_word' id='word_1_769' title='bbox 1398 2034 1469 2064; x_wconf 82' lang='grc' dir='ltr'>τινὰς</span> <span class='ocrx_word' id='word_1_770' title='bbox 1506 2035 1655 2070; x_wconf 80' lang='grc' dir='ltr'>γραφόντων</span> <span class='ocrx_word' id='word_1_771' title='bbox 1692 2036 1737 2060; x_wconf 79' lang='grc' dir='ltr'>καὶ</span> <span class='ocrx_word' id='word_1_772' title='bbox 1771 2036 1937 2071; x_wconf 81' lang='grc' dir='ltr'>συγγραφόν-</span> 
     </span>
    </p>
   </div>
   <div class='ocr_carea' id='block_1_108' title="bbox 1135 2078 1937 2117">
    <p class='ocr_par' dir='ltr' id='par_1_108' title="bbox 1135 2078 1937 2117">
     <span class='ocr_line' id='line_1_110' title="bbox 1135 2078 1937 2117; baseline 0.002 -13"><span class='ocrx_word' id='word_1_773' title='bbox 1135 2087 1184 2104; x_wconf 83' lang='grc' dir='ltr'>των</span> <span class='ocrx_word' id='word_1_774' title='bbox 1201 2078 1266 2114; x_wconf 85' lang='grc'><strong>(15);</strong></span> <span class='ocrx_word' id='word_1_775' title='bbox 1281 2079 1368 2114; x_wconf 83' lang='grc' dir='ltr'>Τούτῳ</span> <span class='ocrx_word' id='word_1_776' title='bbox 1383 2079 1433 2114; x_wconf 79' lang='grc' dir='ltr'>γὰρ</span> <span class='ocrx_word' id='word_1_777' title='bbox 1458 2079 1486 2104; x_wconf 75' lang='grc' dir='ltr'>σέ</span> <span class='ocrx_word' id='word_1_778' title='bbox 1512 2087 1577 2114; x_wconf 83' lang='grc' dir='ltr'>φασι</span> <span class='ocrx_word' id='word_1_779' title='bbox 1604 2079 1756 2115; x_wconf 81' lang='grc' dir='ltr'>κεχρῆσθαι</span> <span class='ocrx_word' id='word_1_780' title='bbox 1771 2082 1807 2114; x_wconf 85' lang='grc' dir='ltr'>τῷ</span> <span class='ocrx_word' id='word_1_781' title='bbox 1835 2079 1937 2117; x_wconf 77' lang='grc' dir='ltr'>ῥήματι</span> 
     </span>
    </p>
   </div>
   <div class='ocr_carea' id='block_1_109' title="bbox 1135 2166 1935 2212">
    <p class='ocr_par' dir='ltr' id='par_1_109' title="bbox 1135 2166 1935 2212">
     <span class='ocr_line' id='line_1_111' title="bbox 1135 2166 1935 2212; baseline 0.003 -19"><span class='ocrx_word' id='word_1_782' title='bbox 1135 2166 1290 2212; x_wconf 40' lang='grc' dir='ltr'>τόν.1βᾶὶι(“</span> <span class='ocrx_word' id='word_1_783' title='bbox 1291 2168 1431 2212; x_wconf 42' lang='grc' dir='ltr'>γηαμμμσι</span> <span class='ocrx_word' id='word_1_784' title='bbox 1443 2168 1597 2212; x_wconf 63' lang='grc' dir='ltr'>πράγματα,</span> <span class='ocrx_word' id='word_1_785' title='bbox 1616 2167 1786 2212; x_wconf 61' lang='grc' dir='ltr'>πρὸςέαυτόν</span> <span class='ocrx_word' id='word_1_786' title='bbox 1800 2170 1935 2206; x_wconf 75' lang='grc' dir='ltr'>μεταπέμ-</span> 
     </span>
    </p>
   </div>
   <div class='ocr_carea' id='block_1_110' title="bbox 1135 2201 1736 2238">
    <p class='ocr_par' dir='ltr' id='par_1_110' title="bbox 1135 2201 1736 2238">
     <span class='ocr_line' id='line_1_112' title="bbox 1135 2201 1736 2238; baseline 0.005 -10"><span class='ocrx_word' id='word_1_787' title='bbox 1135 2203 1250 2238; x_wconf 81' lang='grc' dir='ltr'>ψασθαι.</span> <span class='ocrx_word' id='word_1_788' title='bbox 1272 2201 1453 2234; x_wconf 57' lang='grc' dir='ltr'>Εἶδεπάντως</span> <span class='ocrx_word' id='word_1_789' title='bbox 1463 2201 1599 2230; x_wconf 53' lang='lat' dir='ltr'>imit-oua</span> <span class='ocrx_word' id='word_1_790' title='bbox 1611 2201 1658 2230; x_wconf 68' lang='grc' dir='ltr'>οὖα</span> <span class='ocrx_word' id='word_1_791' title='bbox 1673 2202 1736 2232; x_wconf 81' lang='grc' dir='ltr'>ἔδει.</span> 
     </span>
    </p>
   </div>
   <div class='ocr_carea' id='block_1_111' title="bbox 1172 2239 1934 2276">
    <p class='ocr_par' dir='ltr' id='par_1_111' title="bbox 1172 2239 1934 2276">
     <span class='ocr_line' id='line_1_113' title="bbox 1172 2239 1934 2276; baseline 0.001 -10"><span class='ocrx_word' id='word_1_792' title='bbox 1172 2239 1226 2274; x_wconf 83' lang='grc'><strong>(15)</strong></span> <span class='ocrx_word' id='word_1_793' title='bbox 1242 2240 1301 2276; x_wconf 37' lang='grc' dir='ltr'>’Καὶ</span> <span class='ocrx_word' id='word_1_794' title='bbox 1316 2241 1528 2276; x_wconf 53' lang='grc' dir='ltr'>συγγραφόντων,</span> <span class='ocrx_word' id='word_1_795' title='bbox 1553 2239 1602 2276; x_wconf 47' lang='grc' dir='ltr'>Ιίδη</span> <span class='ocrx_word' id='word_1_796' title='bbox 1624 2239 1716 2274; x_wconf 86' lang='lat' dir='ltr'>Harl.,</span> <span class='ocrx_word' id='word_1_797' title='bbox 1744 2241 1819 2276; x_wconf 53' lang='lat' dir='ltr'>Vat,</span> <span class='ocrx_word' id='word_1_798' title='bbox 1845 2239 1934 2268; x_wconf 86' lang='lat' dir='ltr'>Coisl.</span> 
     </span>
    </p>
   </div>
   <div class='ocr_carea' id='block_1_112' title="bbox 1136 2274 1934 2304">
    <p class='ocr_par' dir='ltr' id='par_1_112' title="bbox 1136 2274 1934 2304">
     <span class='ocr_line' id='line_1_114' title="bbox 1136 2274 1934 2304; baseline 0.001 -2"><span class='ocrx_word' id='word_1_799' title='bbox 1136 2274 1288 2302; x_wconf 86' lang='lat' dir='ltr'>secundus</span> <span class='ocrx_word' id='word_1_800' title='bbox 1297 2277 1324 2303; x_wconf 86' lang='lat' dir='ltr'>et</span> <span class='ocrx_word' id='word_1_801' title='bbox 1333 2274 1410 2303; x_wconf 85' lang='lat' dir='ltr'>alius</span> <span class='ocrx_word' id='word_1_802' title='bbox 1417 2274 1435 2303; x_wconf 85' lang='lat' dir='ltr'>a</span> <span class='ocrx_word' id='word_1_803' title='bbox 1444 2275 1624 2303; x_wconf 86' lang='lat' dir='ltr'>Combeﬁsio</span> <span class='ocrx_word' id='word_1_804' title='bbox 1631 2276 1746 2303; x_wconf 87' lang='lat' dir='ltr'>citatus.</span> <span class='ocrx_word' id='word_1_805' title='bbox 1757 2275 1859 2303; x_wconf 83' lang='lat' dir='ltr'>Deleta</span> <span class='ocrx_word' id='word_1_806' title='bbox 1864 2278 1934 2304; x_wconf 89' lang='lat' dir='ltr'>sunt</span> 
     </span>
    </p>
   </div>
   <div class='ocr_carea' id='block_1_113' title="bbox 1135 2310 1934 2348">
    <p class='ocr_par' dir='ltr' id='par_1_113' title="bbox 1135 2310 1934 2348">
     <span class='ocr_line' id='line_1_115' title="bbox 1135 2310 1934 2348; baseline 0 -11"><span class='ocrx_word' id='word_1_807' title='bbox 1135 2310 1198 2337; x_wconf 76' lang='lat' dir='ltr'>htec</span> <span class='ocrx_word' id='word_1_808' title='bbox 1213 2310 1306 2348; x_wconf 80' lang='lat' dir='ltr'>verba</span> <span class='ocrx_word' id='word_1_809' title='bbox 1324 2310 1355 2338; x_wconf 90' lang='lat' dir='ltr'>in</span> <span class='ocrx_word' id='word_1_810' title='bbox 1368 2310 1554 2348; x_wconf 63' lang='lat' dir='ltr'>poisliniano</span> <span class='ocrx_word' id='word_1_811' title='bbox 1569 2311 1679 2348; x_wconf 74' lang='lat' dir='ltr'>primo.</span> <span class='ocrx_word' id='word_1_812' title='bbox 1695 2310 1772 2348; x_wconf 73' lang='lat' dir='ltr'>Editi</span> <span class='ocrx_word' id='word_1_813' title='bbox 1787 2310 1802 2339; x_wconf 86' lang='grc' dir='ltr'><strong>ἣ</strong></span> <span class='ocrx_word' id='word_1_814' title='bbox 1815 2321 1934 2348; x_wconf 78' lang='grc' dir='ltr'>συγγρα-</span> 
     </span>
    </p>
   </div>
   <div class='ocr_carea' id='block_1_114' title="bbox 1135 2345 1934 2382">
    <p class='ocr_par' dir='ltr' id='par_1_114' title="bbox 1135 2345 1934 2382">
     <span class='ocr_line' id='line_1_116' title="bbox 1135 2345 1934 2382; baseline 0.004 -11"><span class='ocrx_word' id='word_1_815' title='bbox 1135 2348 1240 2382; x_wconf 80' lang='grc' dir='ltr'>φόντων,</span> <span class='ocrx_word' id='word_1_816' title='bbox 1252 2345 1432 2374; x_wconf 75' lang='lat' dir='ltr'>Ver-tendum</span> <span class='ocrx_word' id='word_1_817' title='bbox 1443 2348 1527 2382; x_wconf 86' lang='lat' dir='ltr'>putat</span> <span class='ocrx_word' id='word_1_818' title='bbox 1540 2345 1749 2379; x_wconf 76' lang='lat' dir='ltr'>Cdmbeﬁsius,</span> <span class='ocrx_word' id='word_1_819' title='bbox 1761 2354 1795 2374; x_wconf 81' lang='lat' dir='ltr'>ac</span> <span class='ocrx_word' id='word_1_820' title='bbox 1804 2345 1934 2375; x_wconf 60' lang='lat' dir='ltr'>conscri-</span> 
     </span>
    </p>
   </div>
   <div class='ocr_carea' id='block_1_115' title="bbox 1135 2381 1932 2416">
    <p class='ocr_par' dir='ltr' id='par_1_115' title="bbox 1135 2381 1932 2416">
     <span class='ocr_line' id='line_1_117' title="bbox 1135 2381 1932 2416; baseline 0 -8"><span class='ocrx_word' id='word_1_821' title='bbox 1135 2381 1249 2415; x_wconf 83' lang='lat' dir='ltr'>bamus,</span> <span class='ocrx_word' id='word_1_822' title='bbox 1261 2381 1292 2409; x_wconf 90' lang='lat' dir='ltr'>id</span> <span class='ocrx_word' id='word_1_823' title='bbox 1305 2384 1358 2415; x_wconf 91' lang='lat' dir='ltr'>est,</span> <span class='ocrx_word' id='word_1_824' title='bbox 1372 2389 1408 2410; x_wconf 88' lang='lat' dir='ltr'>ac</span> <span class='ocrx_word' id='word_1_825' title='bbox 1418 2381 1523 2410; x_wconf 50' lang='lat' dir='ltr'>si&#39;atiis</span> <span class='ocrx_word' id='word_1_826' title='bbox 1537 2383 1610 2410; x_wconf 80' lang='lat' dir='ltr'>socii</span> <span class='ocrx_word' id='word_1_827' title='bbox 1623 2385 1651 2410; x_wconf 84' lang='lat' dir='ltr'>et</span> <span class='ocrx_word' id='word_1_828' title='bbox 1664 2383 1819 2416; x_wconf 77' lang='lat' dir='ltr'>adjutores</span> <span class='ocrx_word' id='word_1_829' title='bbox 1829 2383 1932 2410; x_wconf 78' lang='lat' dir='ltr'>simus.</span> 
     </span>
    </p>
   </div>
   <div class='ocr_carea' id='block_1_116' title="bbox 1135 2416 1932 2453">
    <p class='ocr_par' dir='ltr' id='par_1_116' title="bbox 1135 2416 1932 2453">
     <span class='ocr_line' id='line_1_118' title="bbox 1135 2416 1932 2453; baseline 0 -8"><span class='ocrx_word' id='word_1_830' title='bbox 1135 2416 1240 2445; x_wconf 82' lang='lat' dir='ltr'>Fateor</span> <span class='ocrx_word' id='word_1_831' title='bbox 1252 2417 1326 2445; x_wconf 86' lang='lat' dir='ltr'>mihi</span> <span class='ocrx_word' id='word_1_832' title='bbox 1338 2425 1399 2445; x_wconf 89' lang='lat' dir='ltr'>non</span> <span class='ocrx_word' id='word_1_833' title='bbox 1414 2417 1537 2453; x_wconf 87' lang='lat' dir='ltr'>probari</span> <span class='ocrx_word' id='word_1_834' title='bbox 1550 2417 1630 2445; x_wconf 89' lang='lat' dir='ltr'>hanc</span> <span class='ocrx_word' id='word_1_835' title='bbox 1644 2417 1932 2453; x_wconf 83' lang='lat' dir='ltr'>interpretationem.</span> 
     </span>
    </p>
   </div>
   <div class='ocr_carea' id='block_1_117' title="bbox 1134 2453 1934 2489">
    <p class='ocr_par' dir='ltr' id='par_1_117' title="bbox 1134 2453 1934 2489">
     <span class='ocr_line' id='line_1_119' title="bbox 1134 2453 1934 2489; baseline 0.001 -9"><span class='ocrx_word' id='word_1_836' title='bbox 1134 2453 1209 2480; x_wconf 86' lang='lat' dir='ltr'>Illud</span> <span class='ocrx_word' id='word_1_837' title='bbox 1221 2453 1303 2489; x_wconf 88' lang='lat' dir='ltr'>enim</span> <span class='ocrx_word' id='word_1_838' title='bbox 1315 2455 1517 2489; x_wconf 80' lang='grc' dir='ltr'>συγγραφόντων</span> <span class='ocrx_word' id='word_1_839' title='bbox 1530 2453 1604 2481; x_wconf 83' lang='lat' dir='ltr'>nihil</span> <span class='ocrx_word' id='word_1_840' title='bbox 1617 2453 1699 2481; x_wconf 88' lang='lat' dir='ltr'>aliud</span> <span class='ocrx_word' id='word_1_841' title='bbox 1708 2454 1766 2481; x_wconf 85' lang='lat' dir='ltr'>hoc</span> <span class='ocrx_word' id='word_1_842' title='bbox 1779 2453 1846 2482; x_wconf 87' lang='lat' dir='ltr'>loco</span> <span class='ocrx_word' id='word_1_843' title='bbox 1859 2453 1934 2482; x_wconf 89' lang='lat' dir='ltr'>desi-</span> 
     </span>
    </p>
   </div>
   <div class='ocr_carea' id='block_1_118' title="bbox 1134 2488 1934 2525">
    <p class='ocr_par' dir='ltr' id='par_1_118' title="bbox 1134 2488 1934 2525">
     <span class='ocr_line' id='line_1_120' title="bbox 1134 2488 1934 2525; baseline 0.001 -9"><span class='ocrx_word' id='word_1_844' title='bbox 1134 2491 1217 2524; x_wconf 89' lang='lat' dir='ltr'>gnat,</span> <span class='ocrx_word' id='word_1_845' title='bbox 1225 2489 1281 2516; x_wconf 88' lang='lat' dir='ltr'>uisi</span> <span class='ocrx_word' id='word_1_846' title='bbox 1292 2488 1691 2525; x_wconf 71' lang='lat' dir='ltr'>librosetpertractationes,</span> <span class='ocrx_word' id='word_1_847' title='bbox 1703 2491 1732 2517; x_wconf 91' lang='lat' dir='ltr'>et</span> <span class='ocrx_word' id='word_1_848' title='bbox 1745 2489 1885 2525; x_wconf 84' lang='lat' dir='ltr'>additum</span> <span class='ocrx_word' id='word_1_849' title='bbox 1893 2489 1934 2517; x_wconf 88' lang='lat' dir='ltr'>vi-</span> 
     </span>
    </p>
   </div>
   <div class='ocr_carea' id='block_1_119' title="bbox 1133 2524 1934 2561">
    <p class='ocr_par' dir='ltr' id='par_1_119' title="bbox 1133 2524 1934 2561">
     <span class='ocr_line' id='line_1_121' title="bbox 1133 2524 1934 2561; baseline -0.001 -9"><span class='ocrx_word' id='word_1_850' title='bbox 1133 2525 1221 2552; x_wconf 89' lang='lat' dir='ltr'>detur</span> <span class='ocrx_word' id='word_1_851' title='bbox 1230 2525 1268 2552; x_wconf 86' lang='lat' dir='ltr'>ad</span> <span class='ocrx_word' id='word_1_852' title='bbox 1280 2524 1523 2561; x_wconf 83' lang='lat' dir='ltr'>explanationem</span> <span class='ocrx_word' id='word_1_853' title='bbox 1529 2524 1722 2561; x_wconf 68' lang='lat' dir='ltr'>praecedentis</span> <span class='ocrx_word' id='word_1_854' title='bbox 1733 2524 1813 2561; x_wconf 84' lang='lat' dir='ltr'>vocis</span> <span class='ocrx_word' id='word_1_855' title='bbox 1823 2527 1934 2561; x_wconf 84' lang='grc' dir='ltr'>γραφόν-</span> 
     </span>
    </p>
   </div>
   <div class='ocr_carea' id='block_1_120' title="bbox 1133 2560 1934 2601">
    <p class='ocr_par' dir='ltr' id='par_1_120' title="bbox 1133 2560 1934 2601">
     <span class='ocr_line' id='line_1_122' title="bbox 1133 2560 1934 2601; baseline 0.004 -16"><span class='ocrx_word' id='word_1_856' title='bbox 1133 2569 1194 2600; x_wconf 71' lang='grc' dir='ltr'>των,</span> <span class='ocrx_word' id='word_1_857' title='bbox 1205 2567 1274 2601; x_wconf 72' lang='lat' dir='ltr'>quae</span> <span class='ocrx_word' id='word_1_858' title='bbox 1284 2567 1354 2601; x_wconf 72' lang='lat' dir='ltr'>cum</span> <span class='ocrx_word' id='word_1_859' title='bbox 1365 2560 1461 2601; x_wconf 69' lang='lat' dir='ltr'>accipi</span> <span class='ocrx_word' id='word_1_860' title='bbox 1474 2563 1582 2601; x_wconf 72' lang='lat' dir='ltr'>posset</span> <span class='ocrx_word' id='word_1_861' title='bbox 1588 2560 1630 2601; x_wconf 47' lang='lat' dir='ltr'>Ide</span> <span class='ocrx_word' id='word_1_862' title='bbox 1643 2560 1745 2601; x_wconf 79' lang='lat' dir='ltr'>litteris</span> <span class='ocrx_word' id='word_1_863' title='bbox 1758 2560 1808 2601; x_wconf 77' lang='lat' dir='ltr'>ad_</span> <span class='ocrx_word' id='word_1_864' title='bbox 1817 2560 1934 2601; x_wconf 67' lang='lat' dir='ltr'>amicos</span> 
     </span>
    </p>
   </div>
   <div class='ocr_carea' id='block_1_121' title="bbox 1134 2595 1934 2631">
    <p class='ocr_par' dir='ltr' id='par_1_121' title="bbox 1134 2595 1934 2631">
     <span class='ocr_line' id='line_1_123' title="bbox 1134 2595 1934 2631; baseline 0.001 -8"><span class='ocrx_word' id='word_1_865' title='bbox 1134 2595 1358 2631; x_wconf 88' lang='lat' dir='ltr'>scriptis,aliam</span> <span class='ocrx_word' id='word_1_866' title='bbox 1375 2595 1539 2624; x_wconf 83' lang='lat' dir='ltr'>adhibebat</span> <span class='ocrx_word' id='word_1_867' title='bbox 1550 2595 1741 2629; x_wconf 81' lang='lat' dir='ltr'>Athanasius,</span> <span class='ocrx_word' id='word_1_868' title='bbox 1749 2598 1780 2623; x_wconf 86' lang='lat' dir='ltr'>ut</span> <span class='ocrx_word' id='word_1_869' title='bbox 1791 2596 1934 2624; x_wconf 85' lang='lat' dir='ltr'>Basilium</span> 
     </span>
    </p>
   </div>
   <div class='ocr_carea' id='block_1_122' title="bbox 1132 2630 1935 2667">
    <p class='ocr_par' dir='ltr' id='par_1_122' title="bbox 1132 2630 1935 2667">
     <span class='ocr_line' id='line_1_124' title="bbox 1132 2630 1935 2667; baseline 0.001 -9"><span class='ocrx_word' id='word_1_870' title='bbox 1132 2630 1248 2667; x_wconf 79' lang='lat' dir='ltr'>pateret</span> <span class='ocrx_word' id='word_1_871' title='bbox 1263 2638 1325 2658; x_wconf 92' lang='lat' dir='ltr'>non</span> <span class='ocrx_word' id='word_1_872' title='bbox 1339 2630 1553 2666; x_wconf 83' lang='lat' dir='ltr'>incogitantem</span> <span class='ocrx_word' id='word_1_873' title='bbox 1564 2634 1593 2659; x_wconf 91' lang='lat' dir='ltr'>et</span> <span class='ocrx_word' id='word_1_874' title='bbox 1605 2632 1828 2667; x_wconf 86' lang='lat' dir='ltr'>imprudentem</span> <span class='ocrx_word' id='word_1_875' title='bbox 1836 2639 1935 2660; x_wconf 84' lang='lat' dir='ltr'>noxas</span> 
     </span>
    </p>
   </div>
   <div class='ocr_carea' id='block_1_123' title="bbox 1133 2666 1934 2703">
    <p class='ocr_par' dir='ltr' id='par_1_123' title="bbox 1133 2666 1934 2703">
     <span class='ocr_line' id='line_1_125' title="bbox 1133 2666 1934 2703; baseline 0.002 -9"><span class='ocrx_word' id='word_1_876' title='bbox 1133 2666 1263 2703; x_wconf 66' lang='lat' dir='ltr'>scribere</span> <span class='ocrx_word' id='word_1_877' title='bbox 1270 2669 1301 2694; x_wconf 88' lang='lat' dir='ltr'>ut</span> <span class='ocrx_word' id='word_1_878' title='bbox 1310 2667 1462 2695; x_wconf 87' lang='lat' dir='ltr'>interdum</span> <span class='ocrx_word' id='word_1_879' title='bbox 1472 2667 1504 2695; x_wconf 88' lang='lat' dir='ltr'>ﬁt</span> <span class='ocrx_word' id='word_1_880' title='bbox 1511 2667 1541 2694; x_wconf 91' lang='lat' dir='ltr'>in</span> <span class='ocrx_word' id='word_1_881' title='bbox 1548 2666 1690 2703; x_wconf 88' lang='lat' dir='ltr'>epistolis,</span> <span class='ocrx_word' id='word_1_882' title='bbox 1699 2667 1754 2703; x_wconf 77' lang='lat' dir='ltr'>sed</span> <span class='ocrx_word' id='word_1_883' title='bbox 1758 2666 1831 2695; x_wconf 85' lang='lat' dir='ltr'>data</span> <span class='ocrx_word' id='word_1_884' title='bbox 1839 2675 1934 2703; x_wconf 82' lang='lat' dir='ltr'>opera</span> 
     </span>
    </p>
   </div>
   <div class='ocr_carea' id='block_1_124' title="bbox 1131 2701 1934 2739">
    <p class='ocr_par' dir='ltr' id='par_1_124' title="bbox 1131 2701 1934 2739">
     <span class='ocr_line' id='line_1_126' title="bbox 1131 2701 1934 2739; baseline 0.001 -9"><span class='ocrx_word' id='word_1_885' title='bbox 1131 2701 1224 2739; x_wconf 72' lang='lat' dir='ltr'>libros</span> <span class='ocrx_word' id='word_1_886' title='bbox 1236 2702 1267 2739; x_wconf 84' lang='lat' dir='ltr'>in</span> <span class='ocrx_word' id='word_1_887' title='bbox 1277 2702 1336 2739; x_wconf 84' lang='lat' dir='ltr'>hoc</span> <span class='ocrx_word' id='word_1_888' title='bbox 1347 2709 1456 2737; x_wconf 86' lang='lat' dir='ltr'>genere</span> <span class='ocrx_word' id='word_1_889' title='bbox 1464 2701 1656 2739; x_wconf 73' lang='lat' dir='ltr'>componere.</span> <span class='ocrx_word' id='word_1_890' title='bbox 1664 2703 1735 2739; x_wconf 82' lang='lat' dir='ltr'>Hinc</span> <span class='ocrx_word' id='word_1_891' title='bbox 1746 2701 1934 2731; x_wconf 59' lang='lat' dir='ltr'>Basilioliaac</span> 
     </span>
    </p>
   </div>
   <div class='ocr_carea' id='block_1_125' title="bbox 1132 2737 1935 2774">
    <p class='ocr_par' dir='ltr' id='par_1_125' title="bbox 1132 2737 1935 2774">
     <span class='ocr_line' id='line_1_127' title="bbox 1132 2737 1935 2774; baseline 0.002 -9"><span class='ocrx_word' id='word_1_892' title='bbox 1132 2737 1265 2774; x_wconf 83' lang='lat' dir='ltr'>audienti</span> <span class='ocrx_word' id='word_1_893' title='bbox 1272 2738 1362 2774; x_wconf 82' lang='lat' dir='ltr'>subiit</span> <span class='ocrx_word' id='word_1_894' title='bbox 1371 2739 1476 2772; x_wconf 88' lang='lat' dir='ltr'>vereri,</span> <span class='ocrx_word' id='word_1_895' title='bbox 1483 2737 1566 2774; x_wconf 79' lang='lat' dir='ltr'>quod</span> <span class='ocrx_word' id='word_1_896' title='bbox 1572 2746 1609 2766; x_wconf 87' lang='lat' dir='ltr'>ne</span> <span class='ocrx_word' id='word_1_897' title='bbox 1616 2746 1694 2774; x_wconf 87' lang='lat' dir='ltr'>opus</span> <span class='ocrx_word' id='word_1_898' title='bbox 1700 2738 1875 2766; x_wconf 79' lang='lat' dir='ltr'>haereticum</span> <span class='ocrx_word' id='word_1_899' title='bbox 1882 2746 1935 2767; x_wconf 28' lang='lat' dir='ltr'>nos</span> 
     </span>
    </p>
   </div>
   <div class='ocr_carea' id='block_1_126' title="bbox 1131 2773 1933 2810">
    <p class='ocr_par' dir='ltr' id='par_1_126' title="bbox 1131 2773 1933 2810">
     <span class='ocr_line' id='line_1_128' title="bbox 1131 2773 1933 2810; baseline 0.001 -9"><span class='ocrx_word' id='word_1_900' title='bbox 1131 2773 1206 2810; x_wconf 86' lang='lat' dir='ltr'>mini</span> <span class='ocrx_word' id='word_1_901' title='bbox 1213 2782 1267 2801; x_wconf 93' lang='lat' dir='ltr'>suo</span> <span class='ocrx_word' id='word_1_902' title='bbox 1274 2773 1406 2810; x_wconf 72' lang='lat' dir='ltr'>afﬂatum</span> <span class='ocrx_word' id='word_1_903' title='bbox 1413 2773 1779 2810; x_wconf 79' lang='lat' dir='ltr'>fuisset.Contirmathanc</span> <span class='ocrx_word' id='word_1_904' title='bbox 1785 2773 1933 2810; x_wconf 83' lang='lat' dir='ltr'>interpre-</span> 
     </span>
    </p>
   </div>
   <div class='ocr_carea' id='block_1_127' title="bbox 1131 2809 1932 2848">
    <p class='ocr_par' dir='ltr' id='par_1_127' title="bbox 1131 2809 1932 2848">
     <span class='ocr_line' id='line_1_129' title="bbox 1131 2809 1932 2848; baseline 0 -9"><span class='ocrx_word' id='word_1_905' title='bbox 1131 2809 1275 2840; x_wconf 75' lang='lat' dir='ltr'>tationem</span> <span class='ocrx_word' id='word_1_906' title='bbox 1284 2809 1359 2839; x_wconf 88' lang='lat' dir='ltr'>illud</span> <span class='ocrx_word' id='word_1_907' title='bbox 1366 2809 1464 2839; x_wconf 81' lang='lat' dir='ltr'>Basilii</span> <span class='ocrx_word' id='word_1_908' title='bbox 1472 2809 1510 2839; x_wconf 85' lang='lat' dir='ltr'>de</span> <span class='ocrx_word' id='word_1_909' title='bbox 1519 2809 1674 2839; x_wconf 83' lang='lat' dir='ltr'>Eustathio</span> <span class='ocrx_word' id='word_1_910' title='bbox 1683 2809 1798 2838; x_wconf 89' lang='lat' dir='ltr'>dictum</span> <span class='ocrx_word' id='word_1_911' title='bbox 1804 2809 1836 2839; x_wconf 90' lang='lat' dir='ltr'>in</span> <span class='ocrx_word' id='word_1_912' title='bbox 1842 2809 1932 2848; x_wconf 77' lang='lat' dir='ltr'>epist.</span> 
     </span>
    </p>
   </div>
  </div>
