2009 3145
89 134 136 162 301

579 130 822 159 EPISTOLARUM
842 130 1022 160 CLASSlS‘l.
1043 132 1150 161 EPIST.
1172 133 1274 163 XXVl'.

1714 140 1769 167 302

89 195 112 222 οἱ
131 194 173 221 ἐπὶ
196 193 287 226 λέξεως
308 193 341 220 τὰ
357 193 392 219 σὰ
407 191 585 230 διηγούμενοί.
603 192 662 229 Ἐμὶ
680 191 719 227 δὲ,
740 193 783 220 ἐπὶ
804 192 886 220 πολλὰ

943 195 972 221 et
991 195 1158 231 componi?
1178 197 1253 225 Nam
1278 196 1335 225 isto
1363 198 1390 225 te
1414 197 1564 227 vocabulo
1590 207 1680 228 usum
1704 208 1770 228 esse

87 241 133 269 τὴν
150 237 270 266 διάνοιαν
291 237 423 274 ἀγαγόντα
441 240 488 267 τὴν
513 237 636 274 ὶμαυτοῡ,
651 236 727 264 οὐδέν
746 247 773 264 τι
793 238 888 274 μᾶλλον

87 288 132 315 τῆς
162 284 314 320 ἀμηχανίας
340 282 460 320 ἀφίησιν.
484 283 565 309 Ὠστε
590 293 622 316 με
647 285 692 309 καὶ
720 285 837 309 τοιοῦτόν
863 293 889 309 τι

87 329 191 359 ιὶσῆλθε
207 337 213 343 ·
249 330 284 364 μή
319 338 357 358 τις
388 332 439 353 τῶν
477 328 613 364 αὶριτικῶν
645 329 796 364 κακούργως
834 330 888 358 τοῖς

88 373 181 400 έαυτοῦ
210 373 404 410 συγγράμμασι
434 373 462 399 τὸ
495 371 554 408 ἐμὸν
590 373 670 408 ὄνομα
700 371 888 410 παραγράψας,

87 416 200 448 ἰλύτῖησί
223 428 271 444 σου
297 419 344 447 τὴν
369 417 509 455 ὀρθότητα,
532 419 577 443 καὶ
599 416 697 446 ἐκείνην
722 417 823 453 ἀφεῖναι
845 419 888 446 τὴν

89 465 174 499 φωνὴν
202 463 378 500 προηγάγετο.
407 461 445 488 Οὐ
476 462 527 499 γὰρ
557 460 590 491 δὴ
623 465 677 493 τοῖς
701 463 889 498 γεγραμμένοις

89 507 130 543 ὑφ’
147 508 218 543 ἡμῶν
243 508 306 544 πρὸς
320 508 380 537 τοὺς
403 506 524 543 ἀνόμοιον
546 506 603 532 κατ’
627 506 718 532 οὐσίαν
738 506 888 542 τολμήσαν-

86 562 132 582 τας
155 552 233 578 εῐπεῖν
255 554 298 578 τὸν
318 553 377 578 Υἱὸν
401 554 446 578 καὶ
469 553 533 578 Θεὸν
553 555 589 587 τῷ
609 553 662 587 Θεῷ
687 553 732 577 καὶ
757 553 849 588 Πατρὶ,
872 551 887 580 ἣ

85 599 152 634 πρὸς
175 599 238 628 τοὺς
264 600 365 633 κτίσμα
395 599 441 623 καὶ
467 598 569 633 ποίημα
591 595 654 622 εἶναι
678 597 707 622 τὸ
729 599 834 632 Πνεῦμα
859 597 887 622 τὸ

86 642 161 678 ἅγιον
190 641 447 678 ϐλασφημήσαντας,
479 642 577 670 ταύτην
609 640 639 667 ἃν
668 640 809 676 ἐπενεγκεῖν
841 642 888 670 τὴν

84 685 220 723 λοιδορίαν
243 687 371 723 ἠνέσχου,
393 687 406 713 ὁ
431 688 492 717 τοὺς
514 686 639 723 μιγάλονς
659 685 754 717 ἄθλους
778 685 888 717 ἐκείνους

85 734 130 758 καὶ
162 731 334 768 περιϐοήτους
370 733 434 768 {mila
467 735 512 762 τῆς
542 729 697 768 όρθοδοξίας
734 729 882 766 dun-rubii.

85 778 187 807 Λύσαις
201 777 256 812 (16)
274 774 299 802 δ’
315 775 345 802 ἂν
367 777 430 813 ἠμῖς
450 778 498 806 τὴν
514 775 664 812 ἀμηχανίαν
688 775 776 810 αὐτὸς,
794 775 815 801 εἰ
836 774 888 801 ἐθε-

83 820 190 851 λήσειας
211 822 244 847 τὰ
261 822 406 850 κινήσαντά
427 831 456 848 σε
479 822 542 858 πρὸς
565 823 612 850 τήν
632 821 693 846 καθ’
707 821 780 856 ἡμῶν
803 819 886 849 λύπην

84 869 200 902 φανερῶς
215 865 371 902 ἐξαγγεῖλαι.

365 975 534 999 ΕΠΙΣΤΟΛΗ
553 971 610 1005 Τς’.

943 238 1036 273 aiunt,
1050 240 1102 275 qui
1123 241 1249 269 totidem
1264 241 1363 270 verbis
1378 245 1430 271 tua
1452 243 1592 272 referunt.
1614 245 1655 272 Me
1669 248 1769 274 autem

943 283 1038 312 multa
1051 285 1153 313 animo
1168 288 1197 314 et
1209 287 1388 322 cogitatione
1401 291 1582 324 versantem,
1596 289 1670 317 nihil
1682 290 1770 326 quid-

942 336 1036 364 quam
1052 329 1089 357 de
1110 330 1225 358 consilii
1238 331 1342 368 inopia
1363 332 1474 361 eximit.
1492 334 1587 366 Quare
1603 336 1632 362 et
1655 334 1770 371 aliquid

942 372 999 400 tale
1022 373 1095 401 mihi
1116 374 1147 402 in
1171 378 1302 404 mentem
1322 377 1412 411 venit,
1426 385 1500 405 num
1516 378 1584 414 quis
1609 378 1768 407 haereticus

942 416 1045 445 dolose
1056 418 1119 446 suis
1131 418 1227 456 ipsius
1238 420 1354 457 scriptis
1366 429 1479 449 nomen
1489 430 1591 450 meum
1602 423 1768 458 ascribens,

941 461 1110 490 rectitudini
1121 465 1178 491 tua:
1192 464 1363 493 molestiam
1379 466 1494 500 crearit,
1508 469 1597 503 atque
1613 467 1651 496 ad
1664 476 1768 497 vocem

941 505 1030 534 istam
1055 508 1250 537 emittendam
1274 509 1419 545 adegerit.
1440 512 1503 539 Non
1527 511 1607 539 enim
1620 513 1656 540 iis
1669 521 1769 549 (111838.

942 551 1029 579 nobis
1041 552 1152 589 scripta
1163 556 1232 581 sunt
1242 554 1388 582 adversus
1398 563 1449 583 eos
1460 557 1512 591 qui
1522 555 1626 584 Filium
1637 559 1665 584 et
1675 559 1768 585 Deum

942 597 1002 624 Deo
1018 599 1046 624 et
1061 597 1139 625 Patri
1162 599 1330 626 secundum
1346 600 1510 628 essentiam
1535 601 1711 630 dissimilem
1726 602 1769 630 di-

942 648 1008 668 cere
1023 642 1088 669 ausi
1102 644 1181 677 sunt,
1195 645 1245 671 aut
1258 644 1401 672 adversus
1414 652 1464 673 eos
1478 646 1531 681 qui
1546 646 1689 682 Spiritum
1702 655 1770 675 san-

942 688 1023 714 ctum
1039 689 1207 716 creaturam
1229 690 1257 716 et
1271 689 1426 724 opiﬁcium
1443 698 1509 718 esse
1523 690 1702 727 blasphemo
1717 700 1768 720 ore

942 731 1120 765 docuerunt,
1144 733 1358 761 contumeliam
1386 734 1465 762 hanc
1488 734 1586 764 facere
1609 736 1767 772 voluisses,

941 775 993 811 qui
1009 783 1121 811 magna
1140 776 1190 805 illa
1213 785 1248 805 ac
1271 778 1401 806 celebria
1424 780 1588 808 certamina
1610 788 1664 816 pro
1688 783 1769 810 recta

941 819 998 848 ﬁde
1013 821 1170 857 pertulisti.
1184 822 1335 850 Liberabis
1349 826 1450 851 autem
1465 832 1521 852 nos
1539 825 1578 852 ab
1594 825 1650 853 hac
1664 826 1769 855 sollici-

903 873 923 901 Β
943 865 1055 899 tudine,
1072 865 1096 893 si
1118 866 1210 894 modo
1233 867 1361 894 volueris
1385 875 1453 904 quae
1469 871 1496 896 te
1511 869 1550 896 ad
1574 870 1652 897 hanc
1667 870 1697 898 in
1713 879 1769 900 nos

939 908 1136 938 offensionem
1153 911 1381 947 commoverint,
1399 915 1499 948 aperte
1516 914 1696 949 signiﬁcare.

1158 973 1243 1009 105
1264 975 1432 1002 EPISTOLA
1454 976 1554 1003 XXVl'.

84 1026 405 1064 CaesariumiBasilius,
415 1028 447 1054 in
461 1034 493 1054 eo
509 1029 598 1055 terra
608 1029 692 1064 motu
706 1027 759 1061 qui
765 1026 899 1053 Nicaeam
914 1026 1030 1064 evertit,
1039 1025 1221 1054 mirabiliter
1230 1030 1384 1064 servatum
1401 1028 1552 1063 hortatur,
1563 1031 1597 1056 ut
1608 1031 1725 1064 gratias
1736 1039 1769 1059 re

101 1065 129 1090 et
143 1069 231 1096 opere
241 1063 301 1090 Deo
310 1063 474 1097 persolvat,
484 1070 520 1090 ac
532 1062 665 1090 eamdem
678 1069 793 1096 semper
806 1065 931 1090 mentem
943 1062 1070 1089 retineat
1084 1069 1173 1097 quam
1186 1063 1215 1089 in
1231 1063 1294 1097 ipso
1304 1065 1438 1097 periculi
1448 1065 1579 1093 articulo
1592 1062 1751 1094 habuerat.

206 1127 343 1162 Καισαρίῳ
357 1129 394 1160 τῷ
410 1123 513 1161 ἀδελφῷ
532 1127 676 1162 Γρηγοφίον
696 1124 762 1159 (Π).

119 1179 208 1216 Χάρις
232 1179 268 1215 τῲ
297 1182 366 1214 Θεῷ,
393 1183 428 1214 τῷ
456 1180 489 1205 τὰ
516 1179 608 1205 ἑαυτοῦ
635 1179 771 1215 θαυμάσια
797 1180 841 1204 καὶ
864 1177 888 1203 ἐν

85 1225 128 1249 σοὶ
147 1224 202 1257 (18)
224 1221 421 1260 ἕπιδείξαμένῳ,
437 1225 482 1249 καὶ
501 1223 529 1250 ἐκ
548 1224 675 1250 τοσούτου
699 1224 809 1248 θανάτου
826 1220 888 1248 δια-

85 1269 204 1294 σώσαντί
222 1277 251 1294 σε
267 1272 299 1304 τῇ
323 1277 350 1295 τε
372 1266 484 1305 πατρίδι
499 1271 544 1295 καὶ
559 1269 622 1305 ἡμῖν
638 1271 692 1299 τοῖς
710 1270 887 1304 προσήκουσι.

83 1314 211 1338 Λείπεται
227 1311 261 1342 δὴ
283 1310 327 1339 οὖν
350 1315 386 1349 μὴ
409 1312 574 1350 ἀχαρίστους
598 1313 666 1349 ἡμᾶς
685 1312 806 1348 ὀφθῆναι,
822 1310 889 1348 μηδ’

84 1355 207 1388 ἀναξίους
233 1361 280 1387 τῆς
305 1359 437 1389 τοσαύτης
466 1357 631 1394 εὐεργεσίας,
658 1356 721 1383 ἀλλά
745 1357 813 1382 κατὰ
843 1354 888 1382 δύ-

82 1411 162 1437 ναμιν
186 1403 234 1431 τὴν
255 1402 381 1439 ἡμετέραν
408 1400 570 1439 διαγγέλλειν
592 1401 638 1428 τοῦ
660 1405 727 1428 Θεοῦ
750 1402 782 1428 τὰ
804 1401 888 1438 παρά-

84 1443 174 1477 δοξα·
205 1448 270 1480 καὶ,
303 1447 335 1477 ἧς
366 1448 432 1484 ἔργῳ
465 1448 643 1484 πεπειράμιθα
676 1446 886 1484 φιλανθρωπίας,

1155 1123 1285 1152 Caesarie
1302 1124 1438 1160 Gregorii
1450 1126 1556 1160 fratri.

979 1176 1077 1204 Gratia
1101 1178 1169 1212 Deo,
1184 1177 1237 1213 qui
1252 1177 1403 1206 mirabilia
1418 1187 1472 1207 sua
1485 1181 1514 1207 et
1525 1179 1556 1207 in
1579 1182 1605 1208 te
1628 1181 1769 1218 ostendit,

943 1223 1030 1257 teque
1041 1229 1078 1249 ex
1089 1221 1138 1250 tali
1147 1225 1242 1250 morte
1253 1223 1380 1250 servavit
1391 1224 1494 1259 patrias
1505 1232 1540 1252 ac
1551 1225 1638 1252 nobis
1650 1226 1767 1254 amicis.

943 1265 1098 1302 Reliquum
1111 1266 1176 1301 jam
1199 1270 1253 1301 est,
1270 1269 1302 1294 ut
1321 1267 1430 1301 ingrati
1450 1276 1510 1295 non
1533 1269 1698 1303 videamur,
1716 1279 1770 1298 nec

942 1309 1058 1344 indigni
1073 1310 1220 1338 beneﬁcio
1231 1313 1324 1343 tanto.
1337 1311 1390 1339 sed
1403 1319 1457 1348 pro
1470 1312 1583 1340 viribus
1594 1321 1769 1343 enarremus

943 1354 992 1382 Dei
1008 1354 1162 1390 miracula,
1173 1357 1200 1383 et
1212 1363 1305 1394 quam
1316 1363 1347 1383 re
1362 1356 1474 1392 experti
1488 1365 1592 1385 sumus
1603 1358 1770 1394 benignita-

941 1401 1012 1434 tem,
1028 1407 1096 1427 eam
1112 1392 1316 1433 celebremus;
1334 1408 1388 1428 nec
1405 1401 1503 1429 verbis
1519 1404 1635 1430 tantum
1658 1392 1771 1439 persol-

941 1452 1050 1472 vamus
1072 1444 1194 1480 gratias,
1211 1445 1264 1472 sed
1286 1447 1314 1472 et
1334 1453 1424 1481 opere
1439 1445 1511 1473 tales
1527 1446 1631 1480 simus,
1646 1448 1768 1484 qualem

83 1492 183 1520 ταύτην
217 1490 354 1527 ἀνυμνεῖν·
379 1494 425 1518 καὶ
458 1494 493 1528 μὴ
521 1491 589 1528 λόγῳ
619 1494 696 1527 μόνον
729 1489 887 1517 ἀποδιδόναι

943 1491 971 1517 et
986 1496 1066 1516 nunc
1082 1496 1146 1517 esse
1160 1491 1187 1517 te
1201 1497 1380 1525 persuasum
1395 1489 1554 1525 habemus,
1568 1490 1647 1519 facta
1664 1500 1698 1520 ex
1714 1493 1769 1521 mi-

84 1539 131 1566 τήν
158 1538 252 1573 χάριν,
277 1537 341 1564 ἀλλὰ
367 1540 412 1564 καὶ
436 1539 502 1576 ἔργῳ
528 1541 645 1564 τοιοῦτον
673 1537 804 1573 γενέσθαι,
834 1537 886 1562 οἷον

85 1584 130 1608 καὶ
163 1586 208 1608 νῦν
239 1581 305 1608 εἶναι
336 1583 489 1619 πειθόμεθα,
519 1585 716 1619 τεκμαιρόμενοι
745 1585 799 1612 τοῖς
828 1583 887 1617 περὶ

86 1627 114 1652 σι
140 1627 269 1663 θαύμασι.
300 1629 349 1654 Καὶ
373 1629 425 1654 ἕντι
448 1627 574 1664 μειζόνως
603 1631 639 1662 τῷ
668 1630 725 1662 Θιῷ
757 1624 887 1652 δουλεύειν

85 1670 286 1708 παρακαλοῦμεν
301 1693 308 1706 ,
341 1673 505 1708 προσθήκαις
543 1671 582 1698 ἀεὶ
614 1673 643 1697 τὸ
677 1671 753 1708 φόϐον
791 1670 887 1696 συναύ-

86 1715 174 1751 ξοντα,
194 1718 240 1742 καὶ
261 1716 297 1747 εἰς
318 1717 347 1742 τό
366 1716 459 1743 τέλειον
484 1718 665 1754 προκόπτοντα
681 1716 747 1751 (19),
764 1715 805 1741 ἳνα
829 1716 888 1752 φρό-

85 1770 158 1796 νιμοι
180 1760 311 1798 οἰκονόμοι
331 1765 379 1792 τῆς
400 1761 468 1792 ζωῆς
490 1762 563 1798 ἡμῶν
580 1759 791 1797 ἀποδιιχθῶμεν,
805 1759 842 1793 εἰς
857 1758 886 1788 ἢν

87 1805 156 1841 ἡμᾶς
184 1807 199 1834 ἠ
232 1806 366 1842 ἀγαθότης
391 1810 436 1832 τοῦ
465 1809 532 1832 Θεοῦ
564 1805 746 1842 ἐταμιεύσατο.
777 1805 807 1831 Εἰ
836 1805 887 1842 γὰρ

86 1853 133 1876 καὶ
160 1853 242 1876 πᾶσιν
270 1852 333 1887 ἡμῖν
363 1852 523 1889 πρόσταγμα
548 1852 605 1877 ἐστι
633 1854 804 1886 παραστῆσαι
831 1849 889 1875 ἐαυ-

85 1896 146 1926 τοὺς
172 1899 208 1931 τῷ
240 1899 309 1931 Θεῷ,
336 1896 398 1922 ὡσεὶ
427 1895 454 1921 ἐκ
484 1899 578 1932 νεκρῶν
610 1895 716 1928 ζῶντας,
747 1898 799 1924 πῶς
824 1893 888 1929 οὐχὶ

85 1938 183 1975 μᾶλλον
207 1943 260 1970 τοίς
288 1939 431 1975 alueum
455 1939 482 1966 ἔκ
501 1944 551 1966 τῶν
574 1939 660 1965 πυλῶν
682 1942 728 1965 τοῦ
754 1939 885 1971 θανάτους

84 1987 167 2010 Τοῦτο
193 1982 218 2010 δ’
233 1984 265 2010 ἂν
287 1984 414 2020 μάλιστα,
440 1986 473 2015 ὡς
501 1984 611 2021 ἐμαυτόν
639 1985 730 2017 πείθω,
757 1983 887 2020 κατορθω-

85 2029 153 2064 etin,
191 2029 213 2055 εἰ
247 2028 437 2066 βουληθιίημιν
468 2028 507 2055 ἀεὶ
534 2031 581 2058 τὴν
614 2028 695 2058 αὐτὴν
725 2029 795 2064 ἔχειν
829 2025 888 2053 διά-

81 2083 167 2107 νοιαν,
198 2073 230 2103 ἦν
257 2075 362 2110 εἴχομεν
391 2073 433 2100 ἐπὶ
458 2077 504 2100 τοῦ
537 2077 629 2111 καιροῦ
662 2077 712 2099 τῶν
743 2070 882 2100 κινδύνων.

84 2119 192 2148 Πάντως
214 2119 264 2156 γὰρ
281 2128 332 2145 που
356 2119 440 2156 εἰσῄει
456 2120 513 2153 (20)
536 2119 606 2154 ἡμᾶς
628 2121 675 2144 τοῦ
700 2117 760 2154 βίου
786 2119 814 2143 τὸ
838 2117 886 2153 μά-

940 1534 980 1561 ris
995 1533 1024 1561 in
1040 1537 1066 1561 te
1088 1533 1174 1561 editis
1196 1534 1377 1569 conjectura.
1392 1536 1487 1570 Atque
1502 1537 1534 1562 ut
1556 1535 1655 1564 adhuc
1671 1537 1769 1572 magis

940 1578 1000 1606 Deo
1013 1578 1125 1606 servias
1138 1578 1304 1611 hortamur,
1314 1578 1540 1607 accessionibus
1551 1588 1671 1616 semper
1683 1581 1770 1610 timo-

940 1630 1004 1650 rem
1019 1630 1145 1657 augens,
1161 1625 1189 1650 et
1209 1622 1249 1650 ad
1273 1622 1486 1659 perfectionem
1507 1625 1715 1660 progrediens,
1736 1629 1769 1655 ut

941 1667 1104 1704 prudentes
1118 1666 1343 1702 dispensatores
1358 1668 1422 1695 vitm
1436 1670 1545 1696 nostrae
1561 1669 1768 1705 deprehenda-

941 1720 1019 1746 mur,
1032 1713 1072 1740 ad
1083 1720 1176 1748 quam
1192 1719 1247 1739 nos
1259 1711 1430 1747 benignitas
1442 1713 1491 1740 Dei
1504 1715 1676 1743 reservavit.
1693 1717 1768 1744 Nam

941 1757 965 1785 si
980 1757 1123 1785 omnibus
1140 1756 1228 1784 nobis
1246 1759 1432 1793 praeceptum
1448 1759 1502 1792 est,
1518 1761 1549 1786 ut
1568 1759 1767 1789 exhibeamus

940 1810 997 1830 nos
1013 1803 1071 1830 Deo
1085 1804 1231 1837 tanquam
1243 1808 1277 1829 ex
1288 1802 1413 1829 mortuis
1423 1801 1557 1830 viventes
1567 1804 1599 1838 ιο,
1610 1805 1767 1839 quomodo

941 1854 1003 1874 non
1018 1846 1048 1874 id
1066 1846 1163 1880 magis
1177 1848 1361 1882 praeceptum
1374 1845 1422 1880 iis,
1433 1847 1486 1882 qui
1505 1855 1541 1874 ex
1555 1848 1648 1884 portis
1663 1849 1768 1877 mortis

941 1891 1030 1920 erecti
1050 1891 1140 1918 sunt?
1156 1889 1187 1918 ld
1206 1893 1307 1918 autem
1331 1890 1473 1925 maxime,
1495 1895 1527 1919 ut
1548 1892 1621 1920 mihi
1643 1893 1767 1928 quidem

941 1935 1125 1973 persuadeo,
1154 1935 1395 1971 praestiterimus,
1426 1935 1450 1963 si
1477 1935 1601 1964 velimus
1625 1937 1766 1965 eamdem

941 1989 1061 2017 semper
1082 1981 1208 2008 retinere
1230 1982 1373 2014 mentem,
1389 1988 1484 2016 quam
1500 1983 1634 2017 tempore
1654 1982 1768 2017 pericu~

940 2025 1038 2054 lorum
1053 2024 1253 2053 habebamus.
1266 2024 1395 2052 Omnino
1409 2025 1489 2052 enim
1500 2027 1623 2054 venerat
1635 2026 1723 2054 nobis
1736 2026 1768 2054 in

941 2072 1074 2099 mentem
1088 2069 1156 2098 vitae
1171 2069 1301 2104 vanitas,
1310 2076 1345 2097 ac
1359 2069 1431 2097 nihil
1445 2069 1540 2097 fidum
1552 2078 1616 2098 esse
1630 2070 1660 2098 in
1675 2071 1767 2099 rebus

941 2115 1094 2148 humanis,
1111 2114 1185 2142 nihil
1200 2113 1317 2146 stabile,
1334 2116 1365 2142 ut
1380 2122 1447 2150 qum
1461 2117 1522 2142 tam
1545 2114 1630 2142 facile
1653 2118 1769 2143 muten-

82 2172 170 2196 ταιον,
197 2165 241 2190 καὶ
269 2165 301 2194 ὡς
330 2162 405 2190 οὐδὲν
432 2165 525 2190 πιστὸν
551 2168 601 2189 τῶν
625 2162 803 2200 ἀνθρωπίνων,
829 2163 886 2188 οὔτε

944 2162 1000 2188 tur.
1015 2159 1151 2187 Subierat
1165 2159 1254 2187 etiam
1270 2166 1336 2193 nos,
1350 2161 1380 2186 ut
1390 2159 1551 2187 verisimile
1561 2161 1615 2194 est,
1627 2160 1769 2195 quiedam

83 2209 193 2244 πάγων,
211 2208 279 2235 οὕτω
300 2207 400 2246 ῥᾳδίως
415 2209 473 2244 (21)
487 2208 600 2244 ἰχὸντων
626 2209 671 2238 τὰς
691 2209 882 2244 μεταπτώσεις.

87 2255 142 2280 Καί
166 2254 218 2279 πού
243 2263 283 2284 τις
305 2253 460 2290 μεταμέλεια
484 2254 529 2289 μὶν
549 2254 576 2279 ἔκ
600 2262 628 2279 τε
651 2256 701 2278 τῶν
723 2252 826 2278 εἰκότων
853 2251 890 2277 ὲν-

86 2299 187 2333 εγὶνετο
206 2298 269 2334 ἡμῖν
294 2297 336 2324 ἐπὶ
357 2301 413 2329 τοῖς
437 2298 569 2334 φθάσασιν
582 2307 588 2314 ·
611 2297 759 2332 ὑπόσχεσις
779 2294 809 2322 δὲ
831 2297 891 2332 περὶ

85 2346 141 2368 τῶν
174 2341 272 2379 ἐφεξῆς,
299 2342 321 2368 εἰ
348 2343 565 2381 περισωθείημεν,
591 2345 648 2378 Θεῷ
678 2340 818 2374 δουλεύειν,
845 2342 891 2366 καὶ

127 2409 152 2427 ¹⁰
170 2410 255 2437 Rom.
275 2417 316 2443 v1,
338 2411 382 2438 l3.

89 2475 163 2501 130:
179 2472 284 2509 γράψας
304 2472 363 2498 καθ’
384 2472 471 2509 ἡμῶνἱ
485 2471 580 2509 μᾶλλον
603 2469 632 2497 δὴ
653 2469 820 2509 συγγρῷψοις,
835 2472 889 2497 etc.

85 2507 220 2543 Scripsit
236 2507 343 2537 contra
358 2507 410 2536 nos
426 2508 472 2535 vel
483 2507 585 2542 potius
605 2507 767 2541 composuit
788 2507 891 2543 longos

85 2542 239 2573 serniones
260 2545 393 2572 convicio
417 2544 499 2571 omni
518 2546 545 2571 et
569 2542 723 2571 calumnia
753 2542 890 2576 refertos.

85 2579 205 2609 Eodem
219 2588 310 2608 sensu
325 2581 490 2615 usurpatur
503 2578 577 2607 illud
595 2578 723 2606 verbum
737 2577 768 2605 in
783 2577 892 2613 episto-

84 2616 125 2645 lis
143 2616 205 2649 13l,
221 2617 283 2650 223,
297 2617 359 2648 224,
376 2617 438 2643 251.

123 2654 184 2687 (t6)
202 2648 314 2687 Λύσαις.
329 2652 380 2687 Sic,
388 2650 521 2687 quinque
533 2658 609 2687 mss.
625 2648 699 2677 Editi
708 2648 891 2687 Marathu-

85 2684 131 2716 lo'
143 2684 215 2724 post
229 2686 301 2724 editi
312 2686 381 2724 _m9‘
396 2684 483 2722 ὖμῶνῖ
494 2685 627 2724 Plerique
647 2692 720 2724 mss.
734 2684 792 2724 καθ’
808 2684 890 2724 ἠμῷν,

125 2719 186 2759 (ῘἹ)
205 2727 248 2758 Τῷ
259 2721 368 2761 ᾖδελφῷν
381 2719 535 2761 Γρξιγορίου.
552 2719 748 2761 Desuntnhaac
806 2719 892 2755 quin-

86 2757 150 2796 que
164 2757 240 2787 mss}
258 2757 408 2796 [teguntur
420 2758 451 2786 in
466 2757 561 2796 tribus
573 2757 801 2796 vetustissimis;
825 2789 830 2795 .

125 2795 181 2832 (18)
203 2796 256 2822 Καὶ
272 2789 365 2822 ὶτΓσοι.
380 2793 554 2830 Pmpositio
566 2791 670 2822 addita
683 2799 722 2820 ex
735 2789 893 2820 codicibus

943 2204 1162 2241 praeteritorum
1177 2203 1362 2239 poenitentia,
1377 2206 1405 2231 et
1419 2203 1455 2231 de
1474 2203 1581 2230 futuris
1596 2203 1767 2239 promissio,

944 2249 1014 2284 Deo,
1038 2248 1063 2276 si
1087 2254 1284 2281 servaremur,
1306 2246 1500 2280 inserviendi,
1523 2255 1558 2275 ac
1584 2248 1672 2275 nobis
1696 2248 1769 2284 ipsis

944 2292 1098 2328 diligentia
1113 2292 1197 2320 omni
1211 2291 1399 2328 invigilandi.
1414 2292 1443 2320 Si
1461 2300 1555 2328 quam
1577 2292 1658 2320 enim
1681 2292 1769 2321 nobis

945 2337 1157 2372 cogitationem
1172 2335 1276 2364 mortis
1291 2335 1456 2371 periculum
1469 2336 1631 2365 imminens
1645 2337 1768 2373 injiciat,

946 2466 1014 2495 Harl
1029 2486 1037 2499 ,
1053 2465 1140 2494 Coisl.
1152 2465 1260 2501 primo,
1272 2464 1346 2501 Med.
1360 2467 1389 2492 et
1402 2464 1555 2493 nonnullis
1569 2465 1644 2494 aliis.
1657 2465 1770 2494 lbidem

945 2503 1079 2544 quinque
1094 2499 1212 2544 codices
1234 2499 1446 2537 ἐπιδεικνυμένῳ.
1463 2501 1521 2529 Sed
1541 2504 1599 2529 tres
1625 2501 1770 2537 antiquis-

946 2537 1015 2566 simi
1030 2537 1062 2565 ut
1073 2537 1104 2564 in
1117 2537 1212 2564 editis.

1058 2575 1250 2614 [Ιροκόπτοντα.
1320 2579 1392 2599 mss.
1404 2572 1554 2614 sex_.uEditi
1563 2574 1768 2614 προκότιηλ-οντειιςἶ

956 2607 1036 2654 .(20)
1057 2607 1158 2645 Εἱσῄει.
1182 2608 1229 2636 Sic
1256 2607 1347 2635 etiam
1374 2615 1427 2635 sex
1450 2607 1519 2635 libri
1546 2607 1666 2635 veteres.
1696 2607 1771 2636 Editi

945 2654 1035 2716 mr(gl)
1053 2678 1170 2716 Ῥᾳδίως.
1185 2678 1286 2716 Qodex
1298 2678 1473 2716 Bigotianus
1487 2686 1509 2716 ag
1518 2677 1697 2716 Gombeﬁsio
1708 2677 1771 2707 lau-

948 2713 1036 2746 datus
1052 2713 1143 2744 habet
1154 2714 1261 2752 ῥᾳδίας,
1277 2717 1305 2752 et
1315 2714 1406 2750 paulo
1421 2716 1488 2752 post
1502 2713 1584 2742 idem
1599 2714 1771 2750 ὑποσχέσεις,

983 2744 992 2765 ί
1013 2751 1093 2781 Alias
1109 2744 1230 2785 CCCX“,
1243 2744 1355 2787 scripta.
1368 2744 1498 2779 ain-368.
