2009 3145
291 159 342 186 303

984 158 1012 187 S.
1034 158 1158 187 BASILII
1177 159 1284 188 MAGNI
1902 167 1940 194 304

287 220 353 248 haec
367 222 394 248 te
408 219 546 254 arbitror,
561 221 594 248 ut
608 219 654 248 his
670 227 764 256 quam
780 220 933 248 simillima
960 221 1113 256 cogitasse.

1175 221 1272 248 ἑαυτῶν
1285 221 1452 259 ἐπιμέλεσθαι
1468 221 1524 258 (22)
1537 223 1605 249 κατὰ
1616 226 1703 250 πᾶσαν
1719 223 1853 262 ἀκρίϐειαν.
1868 227 1893 253 Et
1904 228 1940 265 γὰρ

289 265 386 297 Quare
395 264 555 292 necessarii
571 264 733 299 cujusdam
746 265 839 293 debiti
854 265 1000 293 solutione
1013 265 1119 293 obstri-

289 309 328 337 cti
343 317 458 337 sumus.
482 311 547 337 Haec
563 309 653 337 simul
667 309 754 337 laetus
769 309 809 338 ob
825 310 875 338 Dei
888 318 1013 344 munus,
1029 309 1118 337 simul

290 357 317 382 et
340 354 377 382 de
402 353 507 381 futuris
528 353 681 389 sollicitus,
696 354 868 390 perfectioni
884 357 943 382 tuae
970 354 1118 390 subjicere

289 407 384 427 ausus
405 407 483 426 sum.
500 399 597 426 Tuum
619 401 719 427 autem
742 402 787 427 est
801 400 896 428 verba
909 401 1015 427 nostra
1029 407 1117 435 aequo

289 447 318 473 et
330 444 390 472 leni
405 444 506 472 animo
528 444 676 480 accipere,
693 444 956 480 quemadmodum
971 447 999 473 et
1014 452 1118 473 coram

288 489 320 517 in
333 489 489 525 colloquiis
502 488 633 517 solebas.

1173 275 1231 292 τινα
1244 267 1309 302 ἡμῖν
1332 268 1428 293 ἔννοιαν
1449 268 1462 292 ὁ
1485 270 1531 293 τοῦ
1547 267 1657 294 Θανάτου
1678 266 1797 300 κίνδυνος
1811 269 1941 307 ἐπικείμενος

1172 308 1303 346 ἐνεδίδου,
1319 309 1393 347 οἶμαί
1409 321 1438 337 σε
1457 311 1471 340 ἦ
1492 315 1584 344 ταῦτα,
1601 312 1616 341 ἢ
1643 311 1772 348 ἐγγύτατα
1792 316 1880 340 τούτων
1893 315 1941 341 ἀνα-

1172 354 1326 390 λογίζεσθαι
1355 360 1507 385 τῃνικαῡτα.
1540 355 1621 382 Ὠστε
1651 356 1792 392 ἀναγκαίου
1821 358 1942 396 ὀφλήματος

1173 399 1271 426 ἐκτίσει
1283 401 1422 426 ὑπεύθυνοι
1434 401 1641 437 καθεστήκαμεν,
1658 404 1746 428 Ταῦτα
1760 403 1823 439 ὁμοῦ
1835 405 1876 440 μὲν
1888 414 1943 441 περις

1171 446 1262 480 χαρής
1276 445 1296 470 ὧ
1310 449 1342 481 τῇ
1365 448 1412 471 τοῦ
1436 448 1503 471 Θεοῦ
1526 443 1622 482 δωρεᾷ,
1640 446 1704 482 ὁμοῦ
1725 445 1754 473 δὲ
1776 449 1819 473 καὶ
1841 447 1943 484 φροντίδα

1172 490 1240 525 ἔχων
1254 491 1314 527 περὶ
1329 494 1379 516 τῶν
1394 490 1535 526 μελλόντων
1549 491 1613 525 (23),
1631 490 1803 528 ἀπεθάρσησα
1817 493 1942 529 ὑπομνῆσαι

289 536 335 563 τήν
350 533 497 562 τελειότητα
513 543 570 561 σου.
591 535 637 560 Σόν
651 532 681 560 δέ
700 533 771 560 ἐστιν
785 534 894 571 εὐμενῶς
907 536 952 561 καὶ
973 535 1076 571 ἡμέρως
1096 535 1243 572 προσέσθαι
1257 535 1331 571 ἡμῶν
1345 536 1407 566 τοὺς
1423 534 1524 571 λόγους,
1541 536 1574 565 ὡς
1586 537 1630 562 καὶ
1645 535 1670 561 ἄν
1683 540 1740 567 ταῖς
1753 537 1809 564 κατ’
1822 537 1942 575 ὀφθαλμοὺς

289 578 404 615 ὁμιλίαις
420 587 462 604 σοι
474 576 505 607 ἧν
522 579 632 609 σύνηθες
644 579 713 614 (24).

551 650 720 678 EPISTOLA
740 650 853 678 XXVII'.

1447 654 1615 679 ΕΗΙΣΤΟΛΗ
1636 652 1694 680 ΚΖ’.

289 712 422 741 Basilius
436 719 474 741 ex
485 712 588 740 morbo
597 715 723 741 sanatus
738 712 832 752 hieme
842 712 1006 752 impeditur
1020 713 1178 748 quominus
1193 712 1305 752 invisat
1319 713 1492 752 Eusebium.
1506 715 1743 750 Properaturum
1757 723 1788 744 se
1797 717 1944 752 pollicetur,

799 749 826 777 si
836 756 893 784 per
907 749 982 777 anni
997 751 1110 783 tempus
1123 753 1151 777 et
1162 756 1220 784 per
1232 749 1344 785 famem
1360 751 1459 778 liceat.

431 810 570 845 Eusebio,
586 811 722 846 episcopo
737 810 973 839 Samosatorum.

326 873 380 902 Ubi
394 872 444 902 Dei
460 873 556 908 gratia
569 881 604 901 ac
618 873 759 909 praesidio
772 875 893 902 tuarum
905 881 1030 910 precum
1044 881 1119 910 pau-
1133 874 1153 901 Β

288 918 385 947 Iulum
399 926 551 953 emergere
566 925 603 946 ex
618 917 726 946 morbo
741 918 822 946 visus
837 926 916 953 sum,
929 926 964 946 ac
977 917 1116 953 recollegi

288 971 375 992 meas
390 963 479 998 vires,
494 965 567 991 tunc
579 963 676 991 hiems
701 963 884 999 supervenit,
905 963 988 991 domi
1003 971 1059 991 nos
1074 963 1117 990 in-

289 1008 426 1043 cludens,
441 1016 497 1036 nec
512 1008 578 1036 loco
595 1008 697 1036 sinens
711 1008 835 1036 moveri.
851 1007 911 1035 Etsi
925 1008 1006 1036 enim
1030 1007 1116 1036 solito

287 1052 377 1088 longe
392 1052 492 1081 mitior
508 1052 648 1088 occurrit,
663 1051 737 1080 mihi
753 1054 854 1080 tamen
870 1052 942 1080 satis
954 1051 1117 1080 vehemens

287 1097 344 1125 fuit
358 1100 390 1125 ut
404 1097 574 1133 impediret,
586 1097 751 1133 quominus
764 1103 826 1123 non
840 1096 934 1124 modo
947 1104 982 1124 eo
997 1097 1117 1131 vigente

286 1142 342 1170 iter
355 1142 483 1177 ingredi,
500 1141 552 1170 sed
572 1149 627 1170 nec
646 1140 805 1177 paululum
827 1140 953 1177 quidem
976 1148 1012 1168 ex
1031 1141 1115 1169 cubi-

287 1186 356 1215 culo
384 1187 470 1222 106
495 1186 667 1222 prospicere
690 1194 823 1222 possem.
851 1185 908 1214 Sed
930 1193 1028 1222 neque
1057 1186 1116 1214 hoc

286 1231 374 1268 parvi
397 1231 486 1265 duco,
510 1231 595 1267 quod
619 1230 729 1265 dignus
752 1230 877 1265 habear,
901 1230 952 1266 qui
973 1238 1042 1258 cum
1064 1233 1116 1259 tua.

286 1275 396 1312 pietate
410 1283 464 1312 per
485 1275 598 1304 litteras
613 1275 778 1311 colloquar,
791 1275 918 1311 jamque
933 1274 963 1302 in
979 1277 1114 1303 anteces-

286 1328 354 1348 sum
379 1328 432 1356 spe
450 1320 685 1356 responsionum
708 1319 911 1356 acquiescam.
935 1319 1021 1352 Quod
1043 1319 1068 1347 si
1086 1321 1115 1348 et

285 1367 449 1401 tempestas
473 1365 568 1399 sinat,
592 1366 621 1392 et
644 1364 712 1392 vitae
739 1363 829 1392 nobis
854 1364 956 1392 adhuc
985 1364 1115 1400 supersit

284 1411 414 1445 tempus,
429 1416 485 1436 nec
503 1408 685 1445 impervium
700 1408 789 1436 nobis
807 1408 863 1436 iter
877 1408 973 1437 fames
985 1407 1112 1442 efﬁciat;

283 1454 342 1482 cito
355 1462 428 1482 sane
451 1461 576 1490 precum
591 1455 713 1481 tuarum
728 1452 862 1480 subsidio
882 1453 943 1481 voti
958 1455 1113 1488 compotes

282 1506 358 1533 esse,
381 1500 470 1535 teque
493 1497 577 1526 domi
595 1497 791 1532 invenientes,
807 1497 839 1524 in
863 1497 958 1525 multo
973 1497 1034 1525 otio
1049 1505 1112 1525 ma-

1351 812 1467 849 Εὖσεϐίῳ
1483 811 1616 849 ἐπισκόπῳ
1631 815 1798 850 Σαμοσάτων.

1207 873 1268 900 Ὀτε
1289 877 1320 910 τῇ
1345 878 1392 901 τοῦ
1408 879 1475 901 Θεοῦ
1497 876 1590 913 χάριτι
1604 879 1650 902 καὶ
1670 880 1700 913 τῇ
1728 876 1834 913 ϐοηθείᾳ
1850 881 1892 903 τῶν
1905 880 1943 903 σῶν

1170 923 1327 955 προσευχῶν
1342 921 1435 956 μικρὸν
1457 919 1588 957 ἀναφέρειν
1604 919 1628 946 ἐν
1647 925 1696 953 τῆς
1717 921 1860 959 ἀρρωστίας
1873 920 1942 954 ἔδοξα,

1170 965 1216 989 καὶ
1236 962 1391 1000 ἀνελεξάμην
1413 963 1527 1000 ἐμαυτοῦ
1551 966 1595 995 τὰς
1619 963 1754 1002 δυνάμεις,
1769 968 1825 992 τότε
1839 967 1851 992 ό
1864 967 1943 1002 χειμὼν

1170 1008 1317 1043 ἑπεγένετο,
1346 1009 1413 1034 οἶκοι
1441 1009 1585 1046 καθείργων
1611 1010 1690 1046 ἡμᾶς,
1716 1013 1763 1037 καὶ
1787 1012 1852 1037 κατὰ
1873 1013 1943 1046 χώραν

1170 1053 1252 1087 μένειν
1277 1053 1489 1089 συναναγκάζων,
1510 1054 1540 1080 Εἰ
1558 1055 1609 1090 γὰρ
1638 1056 1683 1080 καὶ
1706 1054 1791 1091 πολλῷ
1816 1057 1944 1092 κουφότερος

1170 1099 1218 1126 τῆς
1241 1097 1378 1128 συνηθείας
1399 1096 1564 1127 ἀπήντησεν·
1591 1097 1645 1124 ἀλλ’
1664 1097 1708 1125 οὖν
1723 1099 1809 1136 ἱμοιγε
1831 1098 1943 1130 ἱχωὸςιίς

1170 1138 1307 1176 ἐμπόδιον,
1327 1141 1379 1178 οὐχ
1403 1142 1471 1173 ὅπως
1494 1140 1642 1179 ὁδοιπορεῖν
1665 1141 1703 1170 δι’
1724 1143 1803 1170 αὑτοῦ
1822 1143 1884 1179 (25),
1903 1142 1943 1168 ἀλλ’

1170 1183 1232 1211 οὐδὲ
1243 1188 1337 1222 μικρὸν
1351 1187 1508 1223 προκύπτειν
1524 1191 1570 1213 τοῦ
1586 1185 1723 1224 δωματίου
1738 1187 1872 1216 δύνασθαι.
1884 1187 1942 1214 Ἐστι

1171 1228 1200 1255 δέ
1218 1239 1264 1266 μοι
1279 1229 1341 1257 οὐδὲ
1360 1234 1437 1257 τοῦτο
1452 1233 1557 1269 μικρὸν,
1571 1233 1600 1258 τὸ
1620 1232 1809 1264 καταξιοῡσθαι
1821 1231 1864 1259 διὰ
1878 1241 1942 1270 γραμ-

1169 1274 1257 1306 μάτων
1278 1274 1375 1311 ὁμιλεῖν
1398 1279 1429 1311 τῇ
1457 1275 1588 1313 θεοσεϐείᾳ
1610 1286 1669 1310 σου,
1690 1279 1736 1304 καὶ
1753 1281 1783 1314 τῇ
1807 1275 1886 1304 ἑλπίδι
1904 1279 1941 1302 τῶν

1169 1317 1325 1345 ἀντιδόσεων
1341 1317 1394 1348 ἤδη
1417 1321 1660 1357 προαναπαύεσθαι.
1682 1322 1713 1348 Εἰ
1731 1320 1761 1348 δε
1781 1324 1824 1348 καὶ
1842 1322 1853 1348 ὁ
1871 1321 1940 1357 καιρός

1168 1361 1268 1397 ἐνδοίη,
1288 1366 1333 1390 καὶ
1352 1368 1401 1395 τῆς
1426 1364 1494 1395 ζωῆς
1515 1365 1577 1401 ἡμῖν
1604 1366 1642 1392 ἔτι
1657 1365 1772 1393 λείποιτο
1791 1367 1843 1402 (26)
1855 1367 1939 1404 χρόνος,

1167 1410 1213 1433 καὶ
1234 1409 1269 1444 μὴ
1294 1409 1389 1445 ἄπορον
1411 1410 1474 1444 ἤμίν
1489 1411 1536 1439 τὴν
1559 1408 1621 1436 ὁδὸν
1644 1411 1657 1436 ὁ
1677 1410 1753 1447 λιμὸς
1769 1410 1940 1448 ἀπεργάσαιτο¹

1167 1453 1239 1488 ταχὺ
1261 1451 1292 1477 ἂν
1314 1453 1371 1487 (27)
1393 1454 1521 1490 τάχοιμεν
1544 1458 1592 1485 τῆς
1610 1453 1750 1491 ἐπιθυμίας
1771 1453 1816 1481 διὰ
1835 1459 1879 1481 τῶν
1901 1457 1940 1479 σῶν

1166 1501 1323 1533 προσευχῶν
1338 1505 1343 1511 ·
1360 1499 1406 1523 καὶ
1421 1497 1464 1524 ἐπὶ
1479 1502 1524 1529 τῆς
1544 1497 1630 1529 ἑστίας
1644 1509 1673 1525 σε
1692 1499 1879 1535 καταλαϐόντες,
1889 1498 1940 1524 κατὰ

282 1543 350 1579 guis
371 1545 430 1571 tute
445 1542 599 1579 sapientia:
622 1541 769 1570 thesauris
789 1541 929 1570 exsatiari
944 1542 1110 1577 possimus.

1167 1545 1253 1568 πᾶσαν
1283 1541 1385 1578 σχολὴν
1407 1546 1457 1568 τῶν
1481 1543 1600 1579 μεγάλων
1635 1545 1775 1583 θησαυρῶν
1801 1549 1844 1575 τῆς
1867 1545 1887 1570 ἐν
1909 1544 1939 1569 σοὶ

534 1657 706 1686 EPISTOLA
723 1656 859 1685 XXVIII“.

1168 1588 1260 1622 σοφίας
1275 1585 1492 1624 ἐμφορηθείημεν.

1440 1661 1609 1686 ΕΗΙΣΤΟΛΗ
1630 1659 1694 1688 KH’.

283 1720 467 1762 Coasglatuf
477 1719 731 1762 Neocavsariergses
743 1722 839 1762 monte
849 1719 979 1762 episcopi
988 1721 1035 1747 sui
1043 1719 1186 1762 afﬂictos,
1199 1723 1225 1748 et
1237 1720 1380 1762 hortatur
1392 1724 1424 1762 ut
1437 1722 1639 1762 tranquillum
1653 1725 1776 1756 statum.
1789 1729 1867 1762 quem
1877 1719 1938 1762 curis

317 1756 454 1791 defuncti
464 1758 617 1789 acceptum
632 1756 746 1790 referre
761 1755 880 1789 debent,
896 1755 1021 1792 nimium
1038 1755 1168 1792 lugendo
1181 1763 1241 1783 non
1257 1757 1411 1792 amittant,
1422 1757 1475 1785 sed
1489 1755 1652 1792 diligenter
1664 1755 1820 1787 caveant'a
1833 1758 1910 1792 lupis,
1918 1758 1938 1783 et

313 1799 378 1829 pro,
387 1799 417 1819 se
428 1792 552 1826 quisque
564 1794 713 1819 conentur
721 1793 872 1826 pastorem
887 1791 997 1825 eligere
1009 1791 1137 1819 similem
1151 1791 1189 1819 iis
1201 1792 1254 1827 qui
1269 1799 1287 1820 a
1298 1792 1436 1827 Gregorii
1451 1791 1582 1827 tempore
1592 1801 1686 1829 usque
1698 1795 1739 1823 ad
1752 1795 1830 1823 hunc
1843 1791 1938 1822 beatum

317 1828 469 1856 ecclesiam
484 1829 640 1855 rexerunt.

382 1889 524 1917 Ecclesia:
535 1889 774 1917 Neoczsariensi
795 1889 1007 1917 consolatoria.

321 1955 343 1980 t.
364 1951 559 1980 Postulabant
573 1950 699 1986 quidem
708 1958 777 1986 quae
791 1950 1110 1979 accideruntnOStram

280 1997 418 2032 ipsorum
433 1995 636 2032 praesentiam,
653 1997 717 2023 tum
731 1997 764 2023 ut
778 1995 925 2023 honorem
939 1995 1029 2024 beato
1044 1995 1109 2024 viro

281 2041 452 2076 vobiscum,
465 2040 519 2076 qui
528 2040 556 2068 ei
570 2040 810 2075 conjunctissimi
823 2040 904 2076 estis,
920 2048 982 2069 una
996 2041 1109 2077 persol-

281 2093 395 2119 verem,
404 2087 468 2112 tum
480 2087 513 2112 ut
521 2084 669 2119 maeroris,
678 2093 771 2120 quem
782 2093 871 2113 casus
882 2085 988 2120 attulit,
997 2093 1034 2113 ex
1043 2085 1110 2121 ipso

281 2138 382 2158 rerum
398 2129 530 2158 tristium
553 2129 725 2166 spectaculo
749 2129 900 2166 particeps
923 2129 1030 2165 forem,
1046 2133 1109 2158 tum

1241 1892 1278 1926 Τῇ
1297 1889 1441 1927 Ἐκκλησία
1454 1893 1662 1928 Νεοκαισαρείας
1676 1893 1882 1929 παραμυθητική.

1202 1954 1227 1979 1.
1251 1951 1357 1988 Ἀπῄτει
1377 1953 1422 1989 μὲν
1436 1953 1469 1978 τὰ
1485 1953 1622 1990 συμϐάντα
1635 1956 1684 1984 τὴν
1704 1955 1776 1991 ἡμῶν
1797 1953 1873 1980 αὐτῶν
1884 1960 1939 1988 παρ-

1165 1998 1268 2031 ουσίαν,
1283 2001 1329 2023 τοῠ
1349 2007 1375 2023 τε
1394 1999 1439 2026 τὴν
1454 1999 1558 2034 (28-29)
1572 2001 1650 2035 τιμὴν
1668 2003 1706 2035 τῷ
1721 2001 1838 2036 μακαρίῳ
1850 2000 1896 2027 τοῖς
1909 1996 1940 2022 οἱ·

1164 2042 1306 2072 κειοτάτοις
1331 2042 1390 2078 ὑμῖν
1414 2042 1639 2080 σννεκπληρῶσαι,
1664 2047 1711 2070 καὶ
1731 2048 1777 2071 τοῦ
1800 2047 1844 2074 τῆς
1860 2041 1897 2068 ἔπὶ
1913 2043 1940 2074 τῷ

1164 2086 1241 2112 πάθει
1260 2088 1399 2122 κατηφείας
1424 2085 1469 2112 ἀπ’
1490 2087 1574 2119 αὐτῆς
1597 2088 1655 2124 (30)
1677 2093 1725 2120 τῆς
1752 2089 1806 2118 θέας
1827 2091 1872 2113 τῶν
1891 2094 1940 2112 σκν-

1166 2131 1332 2167 θρωποτέρων
1356 2135 1565 2168 συμμετασχεῖν,
1584 2134 1629 2158 καὶ
1652 2133 1721 2160 ὥστε
1741 2137 1790 2159 τῶν
1814 2131 1939 2167 ἀναγκαίων

282 2175 374 2203 etiam
383 2176 414 2202 ut
425 2174 462 2202 de
472 2174 649 2202 necessariis
660 2174 793 2202 consiliis
804 2174 964 2202 vobiscum
975 2182 1074 2202 comm
1080 2183 1110 2203 u-

1167 2174 1347 2211 εῗουλευμοίτων
1374 2176 1433 2211 ὑμῖν
1453 2180 1630 2206 κοινωνῆσαν
1659 2176 1714 2204 επεὶ
1743 2175 1772 2204 δὲ
1800 2179 1842 2206 τὴν
1869 2182 1939 2210 σωμα-

282 2219 427 2247 nicarem.
437 2218 493 2246 Sed
499 2218 570 2254 quia
579 2225 756 2254 corpoream
766 2218 832 2254 conj
838 2218 1008 2246 unctionem
1015 2219 1110 2247 multa

282 2263 638 2299 interpellant,reliquum
649 2265 713 2290 erat
724 2265 755 2290 ut
765 2271 818 2298 per
828 2263 940 2291 litteras
953 2264 1110 2292 vobiscum

282 2308 409 2344 partirer
424 2307 594 2343 prmsentia.
609 2307 694 2335 Miras
708 2307 798 2343 igitur
811 2307 867 2336 viri
881 2307 977 2344 dotes,
987 2311 1111 2345 propter

319 2388 330 2398 '
349 2387 428 2415 Alias
445 2388 488 2421 VI,
505 2386 615 2423 scripta
630 2395 710 2415 anno
725 2389 786 2415 368.

319 2424 342 2435 ··
362 2423 440 2451 Alias
456 2425 531 2457 LXII,
549 2423 753 2459 scriptaranno
768 2425 830 2451 368.

396 2459 587 2499 'E'trtps’kiaﬂatt.
601 2458 679 2486 Harl.
696 2461 724 2499 et
740 2458 967 2499 Cpislaprimus
990 2458 1108 2496 ἐπιμελή-

285 2496 388 2522 σεσθαι.
405 2494 490 2523 Edito
504 2494 594 2531 Paris:
604 2494 744 2531 secunda
758 2494 947 2531 ἐπιμελεῖσθαι,

395 2533 458 2567 Περὶ
484 2534 534 2557 τῶν
557 2530 707 2567 μελλόντων.
734 2531 798 2558 Duo
824 2530 942 2559 codices
970 2531 1033 2567 ὑπὲρ
1058 2535 1107 2558 τῶν

305 2566 443 2638 Ἑἷῖθῶ
460 2603 578 2632 σύνηθες.
601 2601 712 2638 Vocula
730 2600 818 2638 deest
831 2601 868 2638 in,
877 2602 1011 2638 quinque
1033 2610 1106 2631 mss.

282 2636 449 2673 codicibus,
466 2645 527 2665 non
540 2640 640 2665 tamen
655 2637 686 2664 in
701 2636 796 2664 tribus
809 2636 1034 2673 antiquissimis.

317 2674 372 2714 (25)
393 2674 431 2700 Δι’
452 2673 543 2702 αὐτοῦ.
570 2675 649 2714 Hanc
672 2672 865 2714 vetustissimi
882 2672 1001 2701 ’codicis
1028 2673 1105 2714 HarlT

282 2711 574 2745 scripturam,quam
588 2711 688 2736 tamen
699 2711 846 2735 recentior
855 2716 965 2736 manus
974 2717 1062 2737 corru
1087 2711 1107 2738 it

279 2744 422 2772 addendo
434 2745 484 2773 ἔμ’.
496 2744 674 2772 substituere
684 2751 746 2771 non
757 2743 894 2772 dubitavi
905 2718 1104 2773 subabsurgie

279 2756 422 2772 ειυωειιαυ
434 2756 464 2781 Ξμ
477 2767 484 2779 ,
496 2756 674 2772 Βιιυδιιιυυιύ
685 2756 746 2771 LIUH
757 2756 894 2772 uuuuavt
905 2756 1104 2773 δυυᾶυευτυὲθ

279 2779 429 2844 οάιιοιὲιιιι
448 2780 569 2809 lectioni
593 2778 630 2806 δι’
655 2778 776 2815 ἐμαυτοῦ,
800 2787 857 2814 per
878 2781 1023 2816 meipsum
1047 2781 1105 2809 iter

279 2823 365 2844 mare
388 2824 408 2844 ι.

276 2823 408 2852 mgreaz.

1166 2222 1241 2249 τικὴν
1267 2220 1406 2256 συνάφειαν
1431 2220 1514 2247 πολλὰ
1538 2222 1571 2247 τὰ
1596 2219 1789 2256 διακωλύοντα,
1814 2221 1938 2256 λειπόμενον

1166 2263 1196 2294 ἦν
1212 2263 1259 2290 διὰ
1282 2268 1327 2290 τοῦ
1351 2266 1506 2302 γράμματος
1526 2270 1654 2292 κοινωνεῖν
1670 2267 1731 2303 ὑμῖν
1749 2271 1798 2293 τῶν
1812 2267 1934 2302 παρόντων.

1164 2310 1202 2336 Τὰ
1225 2311 1270 2346 μεν
1289 2307 1333 2336 οὖν
1352 2314 1398 2336 τοῦ
1418 2308 1514 2348 ἀνδρὸς
1533 2311 1665 2347 θαύματα⁵
1686 2311 1723 2348 ἐφ’
1736 2313 1773 2344 οἷς
1787 2313 1830 2338 καὶ
1842 2309 1937 2347 μαλιστα

1198 2388 1252 2425 (96)
1271 2389 1326 2428 :Eri
1340 2389 1467 2428 λείποιτοἶ
1483 2391 1529 2419 Sic
1545 2390 1749 2427 antiquissimi
1763 2391 1888 2428 quinque
1900 2393 1936 2415 co‘

1163 2424 1256 2453 dices.
1274 2425 1348 2453 Editi
1366 2428 1401 2462 μὴ
1419 2426 1586 2454 ἑπιλείποιτο.

1199 2461 1253 2502 ('2_7)
1268 2463 1349 2502 Ταχξ)
1366 2457 1411 2489 ὀῐν.
1429 2462 1475 2490 Sic
1501 2462 1841 2502 antiqpiss_i_mi_codices
1862 2457 1936 2502 H_ar1-;

1162 2496 1248 2531 Med.,
1265 2496 1440 2525 Coisl.‘cum
1456 2505 1518 2525 uno
1532 2496 1688 2533 ex‘Regiis.
1705 2498 1779 2526 Editi
1793 2499 1862 2533 τάχα
1874 2496 1908 2522 ἄν.

1198 2529 1302 2566 (28-29)
1321 2536 1373 2559 Τοῦ
1394 2542 1421 2558 τε
1435 2536 1490 2562 τήν.
1513 2533 1592 2561 Harl.
1607 2529 1640 2562 et
1649 2534 1723 2563 Med.
1748 2537 1784 2566 τῷ
1802 2529 1895 2566 τέ-τήν,
1914 2529 1936 2556 εί

1161 2563 1474 2613 ρθίίιὲιξιφεε
1611 2606 1617 2613 ,
1710 2607 1716 2613 .
1769 2563 1774 2569 ’

1198 2603 1254 2638 (30)
1266 2599 1331 2630 ‘An’
1345 2599 1437 2641 αᾷτῆςί
1454 2605 1498 2632 lta
1510 2606 1576 2641 vat.
1593 2606 1623 2641 et
1645 2607 1776 2641 quatuor
1797 2604 1852 2641 alii.
1874 2599 1936 2641 ῌάίίί

1161 2640 1189 2666 et
1204 2641 1261 2666 tres
1274 2639 1468 2668 vetustissimi
1483 2640 1601 2668 codices
1613 2638 1758 2671 ἔπ’-αὐτῆς.
1776 2640 1830 2669 Sed
1852 2638 1936 2666 minus

1159 2677 1256 2713 recte,
1280 2676 1353 2703 Nam
1377 2675 1462 2713 locus
1484 2675 1633 2713 gemellus
1654 2676 1683 2704 in
1704 2676 1841 2713 epist.786
1861 2671 1935 2701 habet

1159 2709 1204 2736 ἀπ’
1226 2710 1308 2742 αὐτῆς
1330 2715 1376 2741 τῆς
1398 2709 1532 2748 ἐναργείας
1552 2715 1602 2748 τῷν
1621 2709 1833 2748 ὁρωμένωννΕλ·
1849 2712 1934 2737 rerum

1159 2750 1387 2784 conspectarum
1409 2747 1616 2784 ev’identiailn
1636 2747 1697 2776 hac
1723 2747 1864 2784 scripture
1879 2748 1935 2771 con-

1158 2782 1290 2810 sentiunt
1302 2790 1408 2811 omnes
1420 2791 1494 2811 mss.
1510 2783 1640 2812 codices.
