2009 3145
85 160 140 188 305

586 160 831 189 EPISTOLARUM
851 159 969 189 GLASS.
989 159 1012 188 Ι.
1032 161 1140 191 EPIST.
1159 163 1274 191 XXVIII.

1720 165 1773 193 306

85 223 131 251 τὴν
149 221 250 258 ζημίαν
266 221 328 256 ἡμῖν
348 220 404 256 (31)
425 219 553 258 ἀφόρητον
573 221 703 259 ὑπάρχειν
726 222 886 258 λογίζεσθαι,

947 230 1023 259 quas
1036 223 1126 252 etiam
1141 225 1273 253 maxime
1284 225 1432 253 damnum
1446 224 1536 253 nobis
1549 224 1773 255 intolerandum

86 265 142 292 οὒτ’
166 266 198 292 ἆν
224 265 363 296 ἐπιστολῆς
397 267 489 302 μέτρον
524 265 680 298 ὑποδέξαιτο
696 289 703 302 ,
734 269 779 293 καὶ
812 267 893 297 ἄλλως

86 312 171 348 οἰωρον
188 309 435 348 ἀνδραγαθημάτων
453 310 547 339 πλήθει
573 312 616 337 τὸν
640 311 714 348 λόγον
735 313 890 349 προσάγειν,

86 355 155 382 οὕτω
172 357 393 391 συμπεπτωκυίας
413 359 461 386 τῆς
488 355 581 391 ψυχῆς
608 356 681 392 ἡμῶν
706 355 748 382 ἰπὶ
763 354 794 393 τῇ
810 356 890 392 λύπῃ.

84 402 118 427 Τί
144 401 197 437 γὰρ
223 404 272 425 τῶν
294 399 391 426 ἐκείνου
420 403 557 435 τοιοῦτον,
583 399 636 426 οἷον
664 401 679 430 ἣ
714 405 761 432 τῆς
787 403 892 438 μνήμης

84 445 160 481 ὑμῶν
177 443 305 478 ἐκπεσεῖν,
322 444 337 474 ἦ
362 445 514 470 σιωπᾶσθαι
537 444 608 476 ἄξιον
636 446 794 481 νομισθῆναι
817 446 889 481 (32);

86 490 181 516 Πάντα
205 491 249 525 μὶν
284 490 334 525 γὰρ
361 488 461 525 ἀθρόως
489 488 601 520 εἰσάπαξ
628 490 705 516 εἰπεῖν
733 489 889 526 ἀμήχανον·

85 535 117 560 τὸ
137 532 168 560 δὲ
189 533 216 559 ἐκ
229 535 325 571 μέρους
337 533 419 569 λέγειν
442 531 552 560 δέδοικα
568 535 603 570 μὴ
618 532 764 571 προδοσίαν
779 536 829 571 ἔχῃ
843 538 890 565 τῆς

85 577 220 609 ἀληθείας.
237 579 353 614 Οἶχεται
381 577 445 615 ἀνὴρ
471 575 667 614 διαφανέστατα
693 577 728 608 δὴ
757 583 807 606 τῶν
831 580 890 605 καθ’

85 623 178 649 ἑαυτὸν
215 626 298 649 πᾶσιν
332 623 396 659 ὁμοῦ
430 626 485 653 τοῖς
518 622 690 659 ἀνθρωπίνοις
717 624 890 661 ὑπερενεγκὼν

84 667 204 703 ἀγαθοῖς,
221 668 330 704 ἔρεισμα
354 665 492 703 πατρίδος,
508 666 667 697 Ἐκκλησιῶν
690 670 799 704 κόσμος,
823 672 889 694 στῦ-

83 712 127 743 λος
153 714 199 738 καὶ
228 709 367 749 ἑδραίωμα
393 716 441 742 τῆς
464 710 604 744 ἀληθείας,
631 714 764 750 στερέωμα
789 717 837 744 τῆς
855 713 890 744 εἰς

83 758 201 794 Χριστὸν
226 759 351 790 πίστεως,
380 756 484 786 οἰκείοις
509 756 646 793 ἀσφάλεια,
675 755 890 794 δυσμαχώτατος

84 805 137 832 τοῖς
165 802 338 834 ὑπεναντίοις,
370 801 452 837 φύλαξ
479 804 605 837 πατρῴων
631 803 746 838 θεσμῶγ,
766 811 889 838 νεωτερο-

84 849 174 877 ποιίας
200 846 298 882 ἐχθρός
309 853 317 861 ⁸
346 845 370 872 ἐν
385 845 468 882 ἑαυτῷ
484 844 586 877 δεικνὺς
599 849 628 873 τό
648 846 757 873 παλαιὸν
771 851 819 878 τῆς
833 846 889 873 Ἐκ-

83 890 196 922 κλησίας
222 895 329 927 σχῆμα,
349 891 401 916 οἷον
430 890 481 917 ἀπὸ
505 900 572 921 τινος
602 892 768 928 ἰεροπρεποῦς
782 891 886 925 εἰκόνος,
901 898 923 926 Β

83 939 132 967 τῆς
155 935 271 972 ἀρχαίας
297 936 492 970 καταστάσεως,
516 937 544 962 τὸ
571 933 642 967 εἶδος
668 940 715 966 τῆς
743 935 786 962 ὑπ’
810 936 888 963 αὐτὸν

85 979 243 1010 Ἐκκλησίας
266 978 428 1017 διαμορφῶν,
460 981 526 1009 ᾧστε
549 981 610 1010 τοὺς
636 980 706 1015 αὐτῷ
733 983 889 1018 συγγενομέ-

86 1034 148 1056 νους
162 1028 215 1056 τοῖς
229 1025 279 1061 πρὸ
303 1022 446 1050 διακοσίων
463 1023 525 1050 ίτῶν
549 1027 594 1051 καὶ¹
617 1024 732 1051 ίπίκεινα
747 1027 888 1062 φωστήρων

82 1071 180 1105 τρόπον
194 1068 347 1105 ἑκλάμψασι
370 1070 553 1105 συγγεγονέναι
573 1067 669 1095 δοκεῖν.
695 1069 784 1100 Οὕτως
812 1068 887 1096 οὐδὲν

83 1114 183 1140 οἴκοθεν
204 1111 267 1139 οὐδὲ
292 1115 416 1149 νεωτέρας
438 1115 496 1149 (33)
518 1115 607 1151 φρενὸς
628 1114 729 1150 εὕρημα
751 1117 887 1152 προέφερεν

83 1158 95 1184 ό
123 1157 209 1195 ἀνὴρ·
238 1157 314 1192 ἀλλὰ,
340 1159 408 1185 κατὰ
436 1160 482 1188 τὴν
507 1160 640 1190 Μωῡσέως
669 1159 786 1194 εὐλογίαν
827 1157 887 1196 ᾔδει

81 1203 253 1239 προκομίζειν
274 1202 301 1229 ἐκ
330 1207 379 1229 τῶν
400 1201 503 1230 ἀδύτων
523 1207 567 1234 τῆς
586 1201 698 1241 καρδίας
717 1203 798 1230 αὑτοῦ
819 1203 886 1239 ἀγα-

82 1248 133 1274 θῶν
160 1249 301 1284 θησαυρῶν
317 1269 325 1281 ,
349 1247 449 1274 παλαιὰ
479 1247 616 1283 παλαιῶν,
643 1250 688 1274 καὶ
718 1247 817 1274 παλαιὰ
835 1248 888 1276 ἀπὸ

81 1295 224 1329 προσώπου
252 1294 322 1319 νέων.
342 1294 430 1329 Ταύτῃ
458 1302 500 1319 τοι
525 1295 571 1319 καὶ
590 1297 638 1324 τῆς
654 1295 836 1330 προτιμήσεως
857 1293 886 1319 οὐ

80 1338 149 1363 κατὰ
176 1340 224 1366 τὴν
252 1336 358 1366 ἠλικίαν
391 1337 416 1363 ἄν
440 1340 494 1368 τοῖς
519 1337 656 1373 συλλόγοις
682 1341 731 1365 τῶν
756 1338 887 1374 ὁμοτίμων

80 1381 199 1414 ἠξιοῦτο,
215 1381 269 1407 ἀλλ’
290 1382 353 1418 ὑπερ
367 1382 464 1412 πάντας
484 1382 515 1411 ἧν
536 1386 572 1418 τῷ
592 1387 640 1413 τῆς
662 1384 756 1418 σοφίας
770 1381 886 1419 ἀρχαίῳ,

81 1424 109 1451 ἐκ
141 1430 231 1457 κοινῆς
264 1428 464 1463 συγχωρήσεως
494 1428 523 1453 τὸ
547 1430 672 1463 πρωτεῖον
697 1428 887 1463 καρπούμενος.

80 1469 164 1496 Ὀσον
184 1469 214 1497 δὲ
236 1475 282 1501 τῆς
302 1472 423 1501 τοιαύτης
437 1470 545 1507 ἀγωγῆς
569 1473 599 1497 τὸ
624 1469 727 1509 κέρδος,
751 1469 838 1501 οὐδεὶς
857 1471 886 1497 ἂν

81 1514 261 1549 ἐπιζητήσειε,
288 1517 353 1553 πρὸς
381 1516 446 1551 ὑμᾶς
475 1515 635 1544 ἀποϐλέπων,
666 1518 747 1543 Μόνοι
775 1517 836 1553 γὰρ,
853 1516 886 1542 ὧν

81 1560 167 1596 ἴσμεν,
184 1560 198 1589 ἢ
223 1557 321 1596 κομιδῆ
342 1569 372 1596 γε
398 1559 423 1586 ἕν
443 1559 541 1596 ὀλίγοις
567 1561 633 1594 (34),
663 1560 687 1586 ὶν
713 1564 826 1597 χειμῶνι
840 1570 921 1601 ’το-ο

82 1605 167 1640 σούτῳ
185 1606 230 1630 καὶ
256 1603 364 1631 λαίλαπι
384 1606 545 1642 πραγμάτων
563 1604 710 1641 ἀκύμαντον
729 1609 761 1642 τῇ
789 1604 885 1631 ἐκείνου

80 1648 234 1685 κυϐερνήσει
257 1651 305 1678 τὴν
321 1649 390 1679 ζωὴν
416 1647 566 1685 διηγάγετε,
590 1649 628 1675 Οὐ
642 1651 693 1686 γὰρ
713 1649 801 1685 ἦψατο
815 1650 886 1685 ὑμῶν

80 1695 218 1732 αὶριτικῶν
253 1695 405 1730 πνευμάτων
447 1694 512 1725 ςάλη
532 1714 539 1727 ,
576 1696 807 1731 καταποντισμούς
839 1693 885 1720 ἐπ-

79 1740 185 1774 άγουσα
199 1741 245 1764 καὶ
257 1739 372 1775 νανεὶγια
390 1742 449 1770 ταῖς
470 1739 680 1776 ιύπεριτρέπτοις
689 1738 801 1775 ψυχαῖς.
815 1741 887 1768 Μήτι

80 1781 110 1809 δε
138 1782 238 1818 ἅψαιτό
264 1792 336 1818 ποτε,
359 1783 379 1808 ὦ
396 1785 514 1810 Δέσποτα
534 1787 584 1810 τῶν
599 1783 729 1818 ἁπάντων,
747 1783 772 1813 ὃς
794 1786 830 1818 τῷ
848 1786 885 1818 σῷ

80 1828 217 1864 θεράποντι
240 1829 386 1865 Γρηγορίῳ,
402 1831 439 1863 τῷ
461 1827 487 1859 ἐξ
506 1827 592 1865 ἀρχῆς
607 1827 746 1864 πηξαμίνῳ
761 1827 818 1863 (35)
838 1829 885 1856 τὴν

79 1865 202 1909 κρηπῖδα
216 1877 262 1903 τῆς
274 1872 440 1905 Ἐκκλησίας,
455 1876 503 1904 τῆς
524 1871 566 1899 ἰπὶ
590 1874 720 1908 μήκιστον
745 1871 887 1911 ἀταραξίας

78 1920 126 1947 τήν
145 1919 227 1955 χάριν
248 1916 360 1949 ἔδωκας.
373 1918 421 1945 “Et!
436 1919 471 1955 μὴ
494 1916 614 1955 προδῶτε
634 1919 707 1954 ὑμεῖς
723 1917 747 1944 ἕν
762 1922 798 1953 τῷ
818 1927 886 1955 παρ-

80 1964 135 1989 ὀντι
150 1966 252 1999 καιρῷο
274 1960 344 1998 μηδι
363 1963 461 1999 θρήνων
485 1962 606 1999 ἀμετρίᾳ,
627 1965 673 1989 καὶ
700 1966 736 1998 τῷ
761 1960 886 1993 ἓκδότους

80 2006 188 2038 ἑαυτοὺς
202 2010 258 2038 τοῖς
278 2007 403 2044 λυπηροῖς
421 2011 544 2040 ποιῆσαι,
574 2009 633 2038 τοὺς
660 2011 710 2034 τῶν
739 2006 884 2043 ἀναγκαίων

79 2054 189 2090 καιροὺς
211 2055 266 2083 τοῖς
290 2050 460 2089 ἐφεδρεύουσι
481 2053 610 2090 πρόησθε,
627 2051 694 2079 Ἀλλ’
710 2052 732 2078 εἰ
757 2050 798 2078 δεῖ
816 2053 884 2078 πάν-

79 2107 130 2127 τως
158 2097 258 2133 θρηνεῖν
282 2096 380 2134 (ὦσπερ
402 2095 446 2123 οὖν
466 2098 496 2123 οὒ
519 2106 586 2133 φημι
599 2098 667 2132 (36),
683 2097 725 2123 ἵνα
739 2099 775 2133 μὴ
792 2097 885 2133 ὁμοιω-

81 2142 166 2178 Θῶμεν
181 2142 206 2167 ἐν
220 2142 304 2176 τούτῳ
320 2141 376 2177 (37)
399 2145 454 2172 τοῖς
478 2143 514 2177 μὴ
536 2143 646 2178 ἔχουσιν
671 2140 786 2177 ὶλπίδα),
810 2142 884 2178 ὑμεῖς

119 2196 141 2213 ¹¹
158 2194 249 2224 Levit.
264 2203 342 2229 xxvr,
360 2197 401 2223 t0.

117 2249 176 2289 (3t)
191 2248 281 2289 _’Hy.Zv.
296 2248 489 2289 Edit.'Basi1_.I
504 2248 639 2289 secunda
656 2250 685 2277 et
704 2249 795 2289 Paris.
811 2249 880 2289 ὑρὲιτ
898 2252 921 2279 D

81 2284 154 2325 Aliae
171 2286 199 2311 et
217 2293 270 2325 ses
286 2292 358 2325 mss.
379 2285 457 2325 ἡμῖν..
470 2284 669 2325 ἰὴὶςίιθωψῑῐιςε
689 2285 883 2325 vetustissimi

81 2320 203 2348 codices
214 2323 243 2347 et
252 2320 314 2356 duo
324 2319 523 2356 Regiihabent
529 2320 681 2356 λογίζεσθαι
691 2328 745 2356 pro
754 2329 788 2348 eo
799 2321 882 2356 quod

82 2359 147 2384 erat
160 2356 190 2383 in
209 2355 475 2392 οόἱιὶελογιξόμεθᾳ.
491 2355 582 2392 Illud,
594 2355 630 2391 ἐφ’
647 2356 683 2386 οἶς
710 2356 788 2383 idern
804 2355 884 2384 valet

82 2400 117 2420 ac
131 2392 209 2419 ὥστε.
227 2390 328 2420 Simile
342 2390 514 2427 exemplum
535 2391 629 2419 habes
651 2399 744 2427 supra
754 2392 784 2419 in
794 2392 882 2427 epist.

82 2427 123 2455 ad
139 2427 301 2455 Maximum
317 2429 345 2454 et
357 2427 434 2454 intra
449 2427 478 2454 in
489 2435 536 2462 ep.
548 2428 581 2455 68
593 2427 631 2455 ad
643 2427 787 2455 Athenas.
796 2427 884 2460 Quod

82 2471 153 2491 cum
164 2463 280 2500 librarii
290 2470 350 2500 non
359 2462 566 2500 intelligerent,
578 2462 626 2490 alii
637 2464 752 2500 ὑπᾴρχει
765 2463 883 2500 λογίζεστ

83 2500 128 2526 θαι
156 2498 210 2534 {sic
234 2498 314 2526 enim
344 2498 374 2525 in
403 2498 555 2526 nonnullis
577 2507 651 2527 mss.
667 2498 809 2533 degitur),
833 2499 884 2526 alii

81 2535 214 2570 ὑπάρχιιν
226 2534 385 2569 λογιζόμεθα
397 2536 573 2570 posuerunt.
588 2534 687 2569 [Quod
703 2535 847 2570 praestat]

117 2569 173 2605 (32)
189 2570 366 2606 Νομία-θῆναι.
396 2569 519 2597 Addunt
541 2569 612 2597 editi
627 2571 641 2599 ἡ
660 2569 883 2606 σνγκομισθήναι,

81 2606 134 2634 sed
150 2607 214 2641 haec
230 2605 340 2632 desunt
359 2605 388 2633 in
405 2609 520 2641 septem
534 2613 606 2633 mss.
624 2605 714 2641 Paulo
731 2605 800 2641 post
813 2606 884 2634 editi

81 2642 161 2668 εἰπεῖν
173 2640 302 2667 ἀδύνατον
318 2643 347 2681 et
367 2639 537 2681 μὴλπροδιδώ
548 2650 573 2666 τι
588 2646 634 2672 τῆς
648 2639 782 2672 ἀληθείας.
797 2641 884 2670 Codi-

81 2686 131 2706 ces
144 2681 214 2705 octo
228 2685 301 2704 mss.
319 2679 352 2704 ut
366 2679 396 2704 in
411 2679 500 2704 textu.

117 2716 174 2746 (33)
195 2711 419 2749 Οὐδεὲνεωτέρας.
446 2710 529 2738 Οὐδέν
553 2711 583 2739 in
606 2713 670 2740 Vat.
695 2712 882 2749 et»Combef.

81 2749 178 2777 Paulo
190 2751 259 2789 post
273 2747 401 2789 legimus
417 2756 486 2775 cum
506 2750 620 2784 septem
641 2756 716 2776 mss.
732 2747 782 2774 ἀπὸ
804 2758 886 2785 προσ-

82 2788 165 2815 ώπου.
183 2783 323 2821 ἑιίίῐίηάπὸ
338 2787 492 2821 πρρονώπωνΣ

119 2823 174 2857 (34)
193 2821 236 2846 Ἐν
252 2818 362 2855 ὀλίγοιςξ
374 2819 417 2848 lta
427 2819 515 2854 Harl.,
534 2818 620 2848 Coisl.
635 2819 762 2855 primus,
779 2820 842 2849 Vat.
859 2823 888 2849 et

946 268 1091 296 accidisse
1099 270 1364 303 arbritramur,nec
1371 270 1435 306 epis
1440 269 1506 298 tolte
1512 278 1582 298 men
1586 279 1656 299 sura
1662 271 1771 308 capiat,

945 314 974 340 et
991 312 1126 349 alioquin
1142 314 1387 350 intempestivum
1407 315 1445 343 de
1464 315 1608 351 praeclare
1623 315 1773 344 factorum

945 357 1134 386 multitudine
1147 367 1317 387 sermonem
1327 360 1490 393 instituere,
1502 369 1572 388 cum
1585 360 1662 389 adeo
1674 361 1773 389 conci-

945 402 1021 430 derit
1032 403 1153 431 animus
1164 406 1266 432 noster
1276 404 1316 432 ob
1329 412 1497 433 mmrorem.
1515 405 1675 438 Quodnam
1691 405 1772 433 enim

944 446 1023 474 illius
1037 447 1150 475 factum
1166 448 1223 476 tale
1238 450 1293 483 est,
1304 448 1388 484 quod
1402 451 1455 477 aut
1469 457 1485 476 e
1499 451 1602 477 nostra
1623 449 1772 478 memoria

945 491 1070 526 excidat,
1079 494 1130 520 aut
1142 492 1259 520 silentio
1270 492 1337 528 jure
1348 500 1382 520 ac
1393 493 1501 521 merito
1509 494 1771 529 prmtermittatur?

944 535 1018 563 Fieri
1037 536 1117 564 enim
1136 545 1198 565 non
1218 539 1325 573 potest,
1346 539 1378 565 ut
1397 537 1490 565 semel
1509 538 1614 566 omnia
1632 539 1771 566 dicantur

944 581 1105 608 acervatim
1122 589 1128 608 :
1149 589 1185 609 ex
1200 583 1285 618 parte
1299 583 1400 610 autem
1416 582 1526 614 dicere,
1540 590 1646 611 vereor
1656 590 1693 610 ne
1703 590 1772 618 pro-

943 624 1088 653 ditionem
1094 625 1205 654 habeat
1213 626 1468 654 veritatis.lnteriit
1475 627 1520 655 vir
1526 627 1663 655 omnium
1671 635 1771 664 eaqua-

943 669 1018 697 lium
1030 670 1060 697 in
1072 670 1215 698 omnibus
1230 671 1321 698 simul
1334 671 1477 699 humanis
1487 671 1575 700 bonis
1586 672 1770 708 praestantis-

943 713 1048 748 simus,
1077 713 1216 742 columen
1236 715 1352 751 patriae,
1373 715 1574 744 Ecclesiarum
1593 715 1697 751 decus,
1717 724 1770 744 co-

942 757 1048 786 lumna
1058 761 1086 786 et
1094 758 1303 787 fulcimentum
1314 759 1456 793 veritatis,
1462 759 1688 788 ﬁrmamentum
1698 760 1770 789 ﬁdei

941 802 973 830 in
984 802 1275 834 Christum,suorum
1287 804 1574 840 tutela,adversariis
1583 805 1769 841 inexpugna-

941 846 1022 882 bilis,
1037 848 1139 883 legum
1158 850 1354 884 paternarum
1374 852 1488 883 custos,
1508 849 1649 878 novitatis
1669 849 1770 878 inimi-

942 899 1007 927 cus,
1018 893 1180 921 ostendens
1188 893 1219 921 in
1226 893 1324 929 seipso
1335 893 1466 930 priscam
1477 894 1613 922 Ecclesia:
1624 894 1767 931 speciem,

943 937 983 964 ad
1003 939 1132 965 veterem
1152 939 1275 972 statum,
1295 938 1386 966 veluti
1405 939 1445 966 ad
1464 947 1582 967 sacram
1599 939 1768 975 quamdam

941 982 1117 1018 imaginem,
1131 982 1270 1011 Ecclesia:
1290 983 1346 1011 sibi
1357 983 1528 1012 commissa:
1537 984 1669 1012 formam
1683 983 1769 1012 efﬁn-

942 1034 1026 1062 gens,
1039 1027 1080 1055 ita
1093 1029 1123 1055 ut
1136 1027 1188 1063 qui
1203 1035 1273 1055 cum
1290 1035 1325 1056 eo
1342 1028 1491 1062 vixerunt,
1503 1036 1565 1056 una
1584 1036 1654 1056 cum
1666 1028 1702 1056 iis
1714 1028 1766 1065 qui

942 1075 1011 1100 ante
1024 1071 1168 1100 ducentos
1179 1079 1276 1100 annos
1286 1075 1314 1100 et
1325 1072 1455 1108 amplius
1464 1072 1661 1101 luminarium
1671 1072 1767 1101 instar

941 1116 1198 1152 resplenduerant,
1210 1116 1319 1144 vixisse
1338 1117 1396 1145 sibi
1407 1117 1578 1145 videantur.
1594 1117 1677 1145 Adeo
1691 1117 1767 1145 nihil

941 1161 979 1188 de
992 1169 1057 1193 suo,
1068 1168 1124 1189 nec
1137 1160 1232 1188 ullum
1243 1161 1414 1190 recentioris
1429 1162 1541 1190 mentis
1551 1162 1708 1190 inventum
1724 1161 1767 1189 vir

940 1205 989 1233 ille
1003 1205 1162 1242 promebat
1177 1214 1184 1233 :
1198 1205 1261 1239 sed,
1278 1205 1448 1234 secundum
1464 1206 1572 1242 Moysis
1585 1206 1767 1234 benedictio-

940 1257 1022 1283 nem,
1037 1249 1170 1285 proferre
1179 1252 1306 1278 noverat
1320 1258 1356 1278 ex
1368 1250 1468 1278 cordis
1479 1250 1525 1278 sui
1535 1250 1664 1284 arcanis,
1678 1250 1767 1278 bonis

941 1294 1051 1322 scilicet
1065 1294 1224 1327 thesauris,
1239 1296 1342 1323 vetera
1363 1297 1509 1329 veterum,
1532 1297 1561 1323 et
1579 1297 1679 1323 vetera
1698 1297 1767 1324 ante

940 1339 1048 1367 faciem
1060 1340 1245 1367 novorum“.
1258 1340 1341 1375 107
1351 1339 1423 1367 Hinc
1434 1343 1463 1368 et
1472 1339 1643 1376 primoloco
1652 1347 1716 1368 non
1724 1348 1768 1369 se-

941 1383 1074 1411 cundum
1086 1385 1205 1411 aetatem
1224 1384 1255 1411 in
1277 1384 1474 1412 conventibus
1491 1385 1704 1421 episcoporum
1723 1385 1767 1412 di-

941 1436 1018 1464 gnus
1031 1428 1208 1462 habebatur,
1225 1428 1278 1456 sed
1293 1436 1385 1464 supra
1398 1436 1503 1457 omnes
1528 1431 1590 1457 erat
1611 1429 1766 1465 sapientia

941 1473 1127 1509 antiquitate,
1141 1473 1257 1509 primas
1273 1472 1428 1500 communi
1447 1481 1596 1501 concessu
1613 1473 1765 1501 obtinens.

942 1518 1060 1550 Quanta
1074 1519 1175 1545 autem
1191 1516 1257 1545 talis
1272 1517 1466 1545 institutionis
1483 1517 1604 1552 utilitas,
1616 1525 1707 1545 nemo
1719 1525 1766 1546 re-

941 1562 1085 1600 quisierit,
1101 1562 1194 1590 modo
1205 1562 1236 1590 in
1247 1570 1300 1590 vos
1317 1562 1422 1590 oculos
1436 1565 1600 1591 convertat.
1616 1564 1692 1592 Nam
1711 1562 1767 1590 soli

941 1616 1018 1644 quos
1032 1606 1217 1642 noverimu,
1234 1609 1286 1634 aut
1299 1609 1376 1634 certe
1387 1614 1458 1635 cum
1466 1607 1572 1643 paucis
1585 1607 1765 1641 admodum,

939 1653 970 1681 in
985 1654 1068 1680 tanta
1081 1659 1182 1679 rerum
1197 1653 1376 1688 tempestate
1388 1659 1424 1680 ac
1432 1651 1563 1687 procella
1572 1651 1767 1688 tranquillam

939 1697 1018 1725 illius
1042 1696 1259 1732 gubernatione
1281 1696 1374 1724 vitam
1402 1696 1516 1731 egistis.
1536 1698 1602 1724 Non
1616 1697 1697 1725 enim
1712 1704 1767 1725 vos

939 1740 1036 1776 attigit
1043 1740 1418 1768 haereticorumventorum
1427 1742 1528 1773 castus,
1540 1740 1768 1769 submersiones

939 1783 1108 1819 importans
1124 1782 1323 1817 etnaufragia
1337 1782 1499 1811 animabus
1513 1783 1599 1811 facile
1614 1783 1766 1811 mutabili-

939 1827 1009 1856 bus.
1026 1829 1126 1864 Neque
1142 1835 1213 1855 vero
1228 1827 1355 1863 attingat
1364 1836 1539 1864 unquam,o
1558 1828 1766 1856 universorum

941 1873 1075 1907 Domine,
1104 1873 1158 1909 qui
1183 1872 1300 1901 famulo
1327 1875 1379 1901 tuo
1402 1873 1553 1908 Gregorio,
1569 1881 1588 1901 a
1606 1880 1667 1909 quo
1681 1872 1765 1900 basis

940 1918 1079 1946 Ecclesiae
1101 1918 1140 1945 ab
1166 1917 1252 1945 initio
1278 1920 1448 1953 compacta,
1465 1917 1687 1954 tranquillitatis
1702 1916 1766 1946 lon-

940 1962 1072 1998 gissimae
1086 1969 1199 1990 munus
1215 1961 1333 1989 dedisti.
1360 1962 1456 1994 Quam
1482 1969 1535 1989 vos
1557 1961 1615 1990 hoc
1631 1963 1765 1997 tempore

939 2007 1075 2035 amittere
1089 2006 1193 2040 nolite,
1206 2014 1305 2042 neque
1318 2005 1489 2034 immodicis
1502 2005 1655 2042 lacrymis,
1671 2013 1707 2034 ac
1721 2008 1766 2034 to-

938 2054 985 2080 tos
1009 2059 1064 2080 vos
1089 2051 1210 2079 mcerori
1234 2051 1385 2085 dedendo,
1400 2059 1501 2078 rerum
1524 2051 1764 2079 necessariarum

938 2096 1192 2133 opportunitatem
1219 2095 1434 2124 insidiantibus
1459 2095 1605 2132 prodatis.
1635 2095 1722 2128 Quod
1739 2096 1765 2124 si

938 2141 1061 2170 omnino
1073 2140 1240 2176 lugendum
1254 2143 1298 2168 est
1312 2141 1364 2176 (ita
1378 2148 1451 2168 sane
1479 2147 1540 2168 non
1553 2140 1659 2174 sentio,
1673 2148 1711 2168 ne
1731 2141 1763 2169 in

937 2248 998 2276 duo
1011 2247 1104 2283 Regii.
1117 2247 1192 2275 Editi
1205 2249 1250 2273 σὺν
1267 2246 1376 2283 ὀλίγοις,

973 2286 1029 2318 (35)
1048 2281 1198 2319 [ῖηξαμένῳ.
1215 2283 1290 2311 Editi
1311 2281 1389 2319 ante
1409 2281 1488 2319 hanc
1514 2289 1619 2310 vocem
1644 2283 1763 2312 addunt

937 2320 1031 2354 καλῶς,
1056 2317 1141 2355 quod
1154 2319 1185 2346 in
1200 2321 1267 2355 octo
1287 2317 1570 2355 mss.>deeideratur.
1584 2319 1691 2355 Statim
1707 2327 1763 2355 pro

938 2328 1031 2354 καλως,
1078 2328 1141 2347 110(1
1154 2328 1185 2346 1D
1200 2328 1267 2347 OCIO
1287 2328 1358 2346 HJSS.
1373 2328 1570 2346 QCBIQEI‘RIUI‘.
1587 2328 1691 2347 blallm
1707 2328 1763 2355 pro

938 2364 973 2384 eo
988 2328 1075 2392 quod1
1082 2355 1186 2394 eratin
1201 2354 1287 2382 editis
1298 2358 1343 2384 τῆς
1359 2353 1481 2394 ἐπιμόνον
1496 2353 1648 2391 ἀταραξίας,
1663 2355 1763 2384 lectio-

937 2391 1007 2420 nem
1023 2394 1089 2419 octo
1103 2391 1242 2418 codicum
1255 2399 1327 2418 mss.
1342 2391 1550 2425 apposuimus.

974 2428 1029 2462 (36)
1045 2428 1082 2453 Οὔ
1099 2437 1175 2463 φημι.
1193 2426 1431 2463 Ποθεινοθεζᾶιίο
1444 2425 1474 2453 in
1485 2425 1581 2463 tribus
1600 2434 1686 2460 mss.,
1708 2427 1762 2455 sed

937 2460 1109 2491 necessaria
1124 2460 1241 2489 videtur
1254 2461 1293 2489 ad
1309 2460 1461 2488 sententiae
1477 2462 1594 2496 seriem,
1611 2470 1645 2489 ac
1669 2463 1763 2491 miror

937 2507 1004 2526 eam
1018 2507 1036 2526 a
1049 2497 1229 2527 Combetisio
1237 2496 1378 2533 expungi.
1388 2498 1461 2525 Nam
1472 2497 1658 2533 perabsurde
1669 2498 1762 2526 dixis-

938 2537 982 2561 set
1000 2534 1124 2562 Basilius
1144 2533 1310 2567 lugendum
1332 2540 1407 2565 esse,
1422 2540 1460 2560 ne
1482 2533 1593 2561 similes
1608 2533 1702 2561 simus
1715 2533 1762 2561 his

938 2570 989 2606 qui
1005 2578 1090 2606 spem
1101 2577 1162 2606 non
1173 2569 1300 2606 habent.
1315 2567 1404 2606 Paulo
1414 2570 1488 2606 p05t
1493 2569 1634 2606 addimus
1650 2567 1680 2594 δέ
1694 2571 1762 2604 post

938 2603 1063 2642 ὗμεῖςὶκ
1077 2604 1238 2642 codicibus
1259 2603 1349 2638 Harl.,
1365 2603 1457 2636 Med.,
1471 2604 1562 2632 Coisl.
1587 2606 1713 2640 utroque
1733 2606 1762 2632 et

938 2649 999 2669 uno
1015 2641 1114 2669 Restio.

974 2649 1204 2711 ἓὲῖῗεξῗέἱοτούτῳ.
1236 2675 1282 2704 Sic
1311 2674 1430 2703 codices
1457 2683 1538 2711 mss.
1556 2676 1636 2711 octo.
1669 2674 1762 2703 Iidem

938 2712 1030 2749 paulo
1043 2714 1111 2748 post
1125 2709 1239 2749 habent
1248 2711 1475 2749 προστησάμενοι.
1488 2709 1562 2749 Editi
1620 2711 1722 2749 τουτοις
1735 2713 1764 2740 et

938 2746 1168 2786 ξεεριστῆσάμενοι.
1181 2746 1330 2786 Editio'nes
1344 2748 1457 2781 Hagen.
1466 2748 1494 2773 et
1503 2746 1570 2774 dum
1583 2746 1763 2776 Basileenses

939 2784 1053 2812 habent
1066 2784 1289 2820 προστησάμενοι.
