2009 3145
217 168 269 195 307

903 163 931 191 S.
952 161 1077 190 BASlLlI
1094 161 1205 190 MAGNI

1848 168 1899 196 308

218 229 277 257 hoc
289 228 325 256 iis
339 226 391 264 qui
408 233 492 262 spem
507 232 569 254 non
584 225 710 260 habent,
725 224 836 253 similes
846 224 965 260 simus),
978 231 1043 257 vos,

1104 220 1142 256 δὲ,
1158 223 1179 250 εἰ
1195 221 1278 258 δοκεῖ,
1295 223 1348 250 οἶόν
1372 233 1411 255 τις
1436 225 1520 261 χορὸς
1542 225 1673 263 πενθήρης
1698 227 1740 252 τὸν
1761 231 1902 264 κορυφαῖον

218 273 242 302 si
255 273 384 306 videtur,
399 273 562 308 postquam
575 270 667 298 veluti
681 270 817 305 lugubris
831 269 957 306 quidam
972 268 1044 296 cho-

217 326 270 347 rus
286 316 445 353 proprium
458 315 543 343 vobis
567 315 676 343 ducem
699 314 901 351 praefeceritis,
927 312 1046 342 concin-

217 362 286 390 nius
299 369 369 389 cum
381 361 448 396 ipso
460 367 565 388 casum
583 359 701 388 deﬂete.

253 409 281 435 2.
292 407 388 442 Atque
400 406 424 433 is
432 405 627 441 quidem,ctsi
638 405 676 433 ad
685 407 850 433 extremam
862 404 1045 432 senectutem

217 459 279 480 non
291 450 434 487 pervenit,
450 452 480 478 at
495 452 572 478 certe
587 450 671 486 quod
685 450 725 478 ad
738 452 869 486 tempus,
882 457 944 485 quo
958 447 1045 476 vobis

217 496 346 533 praefuit,
359 496 473 530 attinet,
486 495 557 523 satis
574 495 640 522 vitae
655 495 771 523 habuit.
792 494 931 531 Corporis
944 495 1044 522 autem

217 544 335 570 tantum
351 540 502 577 particeps
525 540 589 575 fuit,
605 542 754 576 quantum
775 547 897 568 necesse
921 541 994 574 erat,
1014 540 1047 566 ut

218 586 311 615 animi
327 585 530 614 constantiam
545 584 575 612 in
591 585 672 612 illius
687 584 843 613 doloribus
859 583 1046 621 perferendis

218 632 397 660 ostenderet.
410 630 496 657 Forte
511 632 611 658 autem
622 632 755 658 vestrum
767 629 876 666 aliquis
885 629 1045 662 existimet,

217 678 338 711 tempus
348 674 620 703 commiserationis
629 683 694 703 esse
705 675 924 702 incrementum
931 675 1047 702 etamo-

217 721 259 748 ris
275 719 489 754 accessionem,
508 727 569 747 non
584 721 684 747 autem
699 719 843 748 satietatis
854 718 1046 747 occasionem

217 765 265 793 his
281 764 333 801 qui
357 764 470 800 experti
494 766 573 798 sunt,
590 764 630 792 ita
645 766 678 792 ut
690 767 806 800 quanto
820 763 949 798 longiori
968 765 1046 791 tem-

219 817 291 846 pore
303 809 373 837 estis
381 808 561 836 beneﬁcium
570 809 692 845 experti,
703 811 786 837 tanto
793 808 924 844 amplius
935 807 1046 835 orbita-

218 856 278 883 tem
294 853 445 887 sentiatis;
458 856 599 881 caeterum
614 854 747 890 corporis
760 853 832 889 justi
845 853 891 881 vel
906 853 1047 881 umbram

1100 267 1196 294 ἑαυτῶν
1224 269 1448 306 προστησάμενοι,
1472 269 1655 308 ἐμμελέστερον
1681 271 1736 307 μετ’
1750 271 1848 298 ἐκείνου
1872 275 1900 300 τὸ

1101 322 1134 340 συ
1135 313 1173 350 μϐ
1175 314 1204 339 ἀν
1215 312 1332 340 ἀποκλαύ
1336 323 1408 342 σατε.

1135 403 1162 428 2.
1184 403 1306 438 Καίτοιγε
1321 401 1343 428 εἰ
1363 404 1409 428 καὶ
1431 404 1467 439 μὴ
1495 402 1534 429 ἔπ’
1549 402 1666 439 ἔσχατον
1690 406 1778 442 γήρως
1792 404 1901 434 ἤλαυνεν

1100 447 1113 472 ὁ
1129 445 1203 483 ἀνὴρ,
1220 446 1273 472 ἀλλ’
1290 445 1333 473 οὖν
1357 451 1404 473 τοῦ
1425 457 1454 484 γε
1477 450 1576 486 χρόνον
1600 448 1681 475 ἕνεκεν
1707 453 1756 480 τῆς
1774 450 1904 489 ὑμετέρας

1100 490 1267 524 ἐπιστασίας,
1296 491 1344 518 οὐκ
1366 490 1458 523 ἐνδεῶς
1480 491 1538 528 εἶχε
1559 496 1605 519 τοῦ
1621 492 1694 530 βίου.
1717 497 1769 520 Τοῦ
1797 505 1825 521 τε
1854 499 1905 522 σώ-

1099 545 1181 572 ματος
1196 539 1318 562 τοσοῦτον
1333 539 1462 573 μετεῖχεν,
1480 537 1540 563 ὅσον
1555 541 1603 568 τῆς
1625 536 1720 573 ψυχῆς
1733 540 1763 564 τὸ
1775 541 1903 576 καρτερὸν

1100 579 1142 606 ἐπὶ
1155 584 1212 611 ταῖς
1225 579 1370 617 ἀλγηδόσιν
1387 581 1467 607 αὐτοῦ
1483 580 1624 610 δεικνύναι.
1640 584 1728 618 Τυχὸν
1753 581 1784 610 δὲ
1804 584 1836 609 οἷν
1862 594 1904 615 τις

1100 625 1171 661 ὑμῶν
1185 625 1322 659 ὑπολάϐοι,
1339 626 1379 652 ὅτι
1394 628 1439 652 καὶ
1461 627 1474 652 ὁ
1488 628 1584 664 χρόνος
1600 627 1709 658 αὔξησις
1726 630 1901 664 συμπαθείας,

1100 673 1145 696 καὶ
1158 671 1294 707 προσθήκη
1319 670 1435 708 φίλτρου,
1451 671 1515 707 οὐχὶ
1545 671 1648 708 ἀφορμή
1674 675 1752 710 κόρου
1776 676 1831 704 τοῖς
1847 683 1903 700 πει-

1100 715 1218 752 ραθεῖσιν
1236 714 1365 751 ὶγγίνεται
1389 716 1456 751 (38),
1473 717 1550 749 ὥστε,
1567 717 1620 752 ὅσῳ
1647 716 1671 742 ἓν
1696 717 1793 744 πλείονι
1812 720 1903 754 χρόνῳ

1101 763 1149 791 τῆς
1168 759 1315 797 εὐεργεσίας
1326 761 1494 797 πεπείρασθε,
1508 762 1626 797 τοσούτῳ
1651 761 1746 798 μᾶλλον
1764 767 1813 794 τῆς
1839 763 1904 790 ἄπο-

1100 804 1208 840 λείψεως
1222 804 1425 831 ἔπαισθάνεσθαι
1440 805 1498 841 (39)
1511 816 1518 823 ·
1537 809 1658 842 σώματος
1683 805 1712 833 δὲ
1735 806 1842 834 δικαίου
1857 810 1905 834 καὶ

1102 851 1165 876 σκιὰ
1178 854 1224 876 τοῦ
1249 852 1344 881 παντὸς
1360 850 1421 882 ἀξία
1438 854 1491 881 τοῖς
1506 850 1638 880 εὖλαϐέσι,
1664 854 1715 878 Καὶ
1730 853 1768 881 εἴη
1792 862 1822 888 γε
1842 853 1905 879 πολ-

219 899 302 935 apud
310 899 376 935 pios
387 899 494 935 quovis
503 898 618 926 honore
626 899 750 934 dignam
758 901 932 934 esse.Atque
943 900 1048 934 optan-

1104 894 1158 924 λοὺς
1172 895 1243 931 ὑμῶν
1260 895 1316 930 (40)
1340 894 1382 921 ἐπὶ
1408 896 1504 926 ταύτης
1528 893 1592 921 εἶναι
1620 899 1665 926 τῆς
1692 895 1809 927 διανοίας
1828 896 1904 933 (οὐδὲ

218 943 293 971 dum
309 942 433 979 quidem
448 944 480 970 ut
494 942 579 970 multi
601 951 638 970 ex
662 942 749 970 vobis
762 943 803 970 sic
826 942 928 971 animo
950 942 1048 970 affecti

219 988 279 1016 sint
294 990 401 1024 (neque
417 987 498 1015 enim
517 995 573 1022 ego
587 987 653 1023 ipse
667 987 794 1015 dixerim
810 987 905 1014 virum
916 994 983 1014 esse
997 994 1048 1014 ne-

219 1032 407 1069 gligendum)
423 1042 429 1060 :
446 1031 499 1059 sed
514 1032 572 1059 hoc
593 1031 711 1060 consilii
732 1032 782 1067 do,
800 1034 832 1060 ut
843 1031 978 1060 dolorem
993 1032 1047 1059 hu-

218 1077 347 1105 maniter
356 1077 524 1113 perforatis.
536 1077 652 1105 Etenim
667 1085 857 1113 quaecunque
871 1077 969 1104 dicere
979 1084 1048 1112 pos-

219 1122 279 1150 sint
297 1122 350 1158 qui
371 1121 521 1149 damnum
540 1121 710 1157 ,deplorant
726 1143 733 1154 ,
763 1129 861 1157 neque
890 1128 908 1149 ιι
931 1121 1047 1157 meipso

218 1166 406 1201 ignorantur.
419 1165 621 1201 Siletquidem
637 1165 741 1201 lingua
759 1165 920 1193 ﬂuviorum
934 1165 964 1193 in
985 1173 1047 1193 mo-

217 1217 282 1238 rem
300 1217 389 1237 aures
405 1209 521 1237 alluens
537 1218 543 1236 :
561 1209 660 1237 cordis
680 1212 780 1237 autem
805 1209 1000 1246 profundum,
1029 1217 1047 1237 a

218 1255 338 1283 nemine
345 1254 764 1290 hactenuscomprehensum,
773 1254 897 1282 somniis
905 1253 1045 1287 debilius,

218 1301 368 1335 quantum
384 1306 457 1326 sane
473 1298 512 1326 ad
527 1298 666 1326 homines
682 1298 796 1331 attinet,
817 1298 957 1326 avolavit.
975 1299 1047 1332 Quis

216 1343 267 1372 illo
280 1343 317 1371 ad
329 1343 461 1370 futurum
474 1343 704 1379 praevidendum
715 1343 851 1371 acutior?
861 1343 929 1374 Quis
941 1343 970 1371 in
984 1346 1046 1371 tam

219 1387 317 1416 stabili
329 1396 363 1415 ac
377 1387 466 1415 ﬁrma
482 1387 575 1415 animi
593 1387 693 1415 indole
708 1388 835 1415 idoneus
847 1388 910 1420 fuit,
922 1388 975 1424 qui
988 1387 1045 1415 ful-

218 1440 291 1469 gure
319 1432 405 1460 citius
427 1440 474 1459 res
501 1432 737 1468 aggrederetur?
767 1434 789 1461 0
816 1433 921 1460 civitas
942 1433 1043 1460 multis

217 1477 341 1514 quidem
353 1477 417 1512 jam
429 1477 517 1504 malis
529 1480 740 1513 prmoccupata
756 1486 762 1504 :
780 1477 832 1505 sed
846 1480 947 1505 tamen
963 1477 1044 1505 nullo

217 1530 341 1559 prorsus
353 1522 383 1549 in
398 1521 536 1557 partibus
552 1521 591 1549 ad
604 1522 695 1549 vitam
710 1522 887 1549 necessariis
898 1522 940 1549 sic
954 1522 1042 1550 laesa!

217 1569 302 1596 Nunc
317 1567 457 1595 deﬂoruit
482 1566 533 1594 tibi
558 1569 682 1594 ornatus
705 1566 935 1602 pulcherrimus,
953 1567 1045 1594 conti-

218 1612 279 1639 cuit
302 1611 442 1645 Ecclesia,
468 1613 635 1638 conventus
662 1611 760 1638 tristes
784 1613 864 1640 sunt.
885 1619 1045 1639 consessus

217 1664 302 1684 sacer
308 1655 503 1692 coryphaeum
510 1655 829 1688 desiderat,sermoues
836 1656 953 1692 mystici
960 1657 980 1691 1
987 1657 1046 1692 οε

219 1700 446 1736 explanatorem
470 1702 656 1736 exspectant,
687 1700 772 1736 pueri
806 1703 933 1736 patrem,
959 1709 1046 1728 senes

219 1745 541 1781 aequalempptimates
549 1745 862 1780 principem,populus
873 1747 1045 1781 patronum,

218 1797 368 1826 pauperes
384 1789 558 1817 nutritorem
572 1799 579 1823 ;
595 1797 703 1817 omnes
721 1789 896 1817 nominibus
915 1790 1048 1818 maxime

220 1834 348 1872 propriis
360 1835 458 1870 ipsum
480 1837 634 1868 vocantes,
646 1835 675 1862 in
689 1835 812 1870 propria
823 1834 991 1862 calamitate
1006 1834 1049 1862 lu—

220 1882 303 1907 ctum
319 1879 376 1906 sibi
391 1879 519 1915 quisque
535 1879 692 1915 proprium
707 1881 797 1914 atque
819 1879 1048 1907 convenientem

221 1924 323 1952 edunt.
345 1923 403 1952 Sed
427 1932 488 1959 quo
505 1924 578 1951 mihi
591 1931 691 1951 sermo
708 1931 769 1959 prae
781 1923 984 1959 lacrymarum
1001 1932 1051 1952 vo-

221 1968 336 2004 luptate
346 1968 476 2004 rapitur?
488 1969 552 1995 Non
562 1968 787 2002 evigilabimus?
798 1976 859 1996 non
871 1969 1051 2005 semetipsos

223 2012 418 2048 colligemus?
429 2020 490 2040 non
496 2012 693 2048 respiciemus
701 2013 741 2040 ad
751 2021 944 2041 communem
953 2014 1052 2041 Domi-

223 2057 363 2093 num,qui
371 2059 535 2093 postquam
543 2065 793 2093 unumquemque
803 2060 975 2086 sanctorum
985 2061 1052 2086 seta-

224 2101 245 2130 ti
264 2109 326 2129 suae
347 2101 414 2129 sivit
431 2101 585 2136 inservire,
601 2102 742 2136 congruis
758 2102 945 2138 temporibus
960 2103 999 2130 ad
1019 2111 1052 2131 se

225 2154 328 2174 rursus
337 2146 510 2174 revocavit?
523 2148 606 2174 Nunc
616 2146 646 2174 in
658 2149 793 2183 tempore
802 2146 879 2174 illius
889 2147 1052 2175 verborum

224 2191 436 2224 recordamini,
456 2191 508 2227 qui
529 2199 597 2219 cum
623 2192 853 2220 concionaretur
876 2192 959 2228 apud
988 2200 1050 2226 vos,

1101 940 1152 976 γὰρ
1168 939 1245 970 αὐτὸς
1265 938 1364 976 ἀμελῶς
1389 940 1460 976 ἕχιιν
1484 943 1530 966 τοῦ
1557 938 1651 978 ἀνδρός
1673 951 1739 977 φημι
1768 942 1903 978 χρῆναι)’

1102 983 1156 1010 ἀλλ’
1183 983 1349 1022 ἀνθρωπίνως
1376 983 1544 1021 συμϐουλεύω
1567 986 1596 1011 τὸ
1620 985 1735 1022 λυπηρὸν
1759 984 1905 1024 διαφέρειν.

1101 1028 1172 1056 Ἐπεὶ
1201 1029 1251 1055 ὅσα
1273 1031 1303 1064 γέ
1328 1028 1399 1056 ἐστιν
1428 1029 1506 1055 εἰπιίν
1536 1028 1755 1067 ἁποκλαιομένους
1787 1033 1835 1060 τὴν
1855 1031 1906 1062 ζη-

1102 1076 1163 1110 μίαν
1180 1096 1187 1109 ,
1218 1071 1280 1100 οὐδὲ
1308 1073 1352 1110 ἑμὶι⁵
1383 1073 1461 1100 αὐτὸν
1491 1072 1635 1111 διαφεύγει.
1663 1078 1752 1111 Σιωπᾴ
1772 1076 1831 1112 (Η)
1856 1077 1905 1112 μεν

1101 1118 1213 1155 γλῶττα,
1229 1120 1355 1155 ποταμοῖς
1378 1120 1426 1144 ἴσα
1451 1119 1499 1150 τὰς
1522 1118 1602 1150 ἀκοὰς
1617 1118 1813 1150 ἐπικλύζουσα·
1837 1130 1906 1157 καρ-

1103 1161 1164 1194 δίας
1187 1161 1216 1189 δὲ
1240 1162 1332 1199 βάθος,
1348 1161 1435 1189 οὐδενὶ
1454 1165 1517 1195 τέως
1532 1164 1588 1197 (42)
1605 1163 1782 1197 καταληπτὸν,
1798 1164 1904 1202 ὀνείρων

1102 1207 1294 1245 ἀσθενέστερον,
1317 1209 1368 1233 ὅσα
1392 1217 1421 1244 γε
1448 1210 1514 1245 πρὸς
1542 1207 1703 1245 ἀνθρώπους,
1732 1207 1904 1245 διιπτάμενον

1102 1254 1218 1288 οἴχεται.
1232 1255 1279 1283 Τίς
1294 1252 1412 1289 ὀξύτερον
1428 1253 1483 1288 (43)
1498 1252 1593 1279 ὶκείνου
1617 1252 1776 1291 προϊδέσθαι
1797 1255 1827 1280 τὸ
1844 1254 1906 1290 μελε

1100 1297 1159 1332 λον;
1176 1299 1216 1328 τίς
1235 1297 1259 1323 ἓν
1272 1298 1337 1323 οὕτω
1350 1298 1467 1335 σταθερῳ
1486 1299 1530 1323 καὶ
1550 1300 1637 1334 παγίῳ
1661 1302 1707 1328 τῆς
1729 1298 1823 1335 ψυχῆς
1843 1299 1904 1327 ἧθεί

1101 1342 1239 1379 ἀστραπῆς
1271 1343 1365 1378 τάχιον
1395 1346 1450 1373 τοῖς
1476 1344 1629 1379 πράγμασιν
1658 1342 1770 1369 ἐπελθεῖν
1797 1344 1902 1376 ἱκανό;;

1100 1387 1135 1413 Ὦ
1166 1387 1240 1418 πόλις
1271 1386 1376 1417 πολλοῖς
1399 1388 1444 1423 μὲν
1471 1385 1524 1416 ἤδη
1555 1387 1746 1425 προιιλημμένη
1776 1388 1901 1421 πάθεσιν,

1100 1431 1143 1458 ὑπ’
1168 1430 1271 1462 οὐδενός
1295 1441 1325 1467 γε
1350 1433 1401 1467 μὴν
1426 1432 1507 1462 οὕτως
1535 1431 1569 1462 εἰς
1597 1432 1664 1458 αὐτὰ
1688 1433 1722 1458 τὰ
1743 1435 1833 1469 καίρια
1854 1436 1902 1458 τοῦ

1099 1476 1161 1513 βίου
1175 1476 1355 1512 ζημιωθεῖσαι
1372 1479 1425 1502 Νῦν
1445 1475 1580 1505 ἀπηνθηκὲ
1606 1481 1649 1503 σοῖ
1674 1479 1773 1513 κόσμος
1798 1477 1812 1502 ὁ
1836 1476 1904 1503 κοίλ-

1098 1521 1200 1552 λιστος·
1228 1520 1371 1549 Ἐκκλησία
1398 1519 1428 1547 δὲ
1456 1523 1574 1557 μέμυκε,
1601 1524 1644 1547 καὶ
1674 1522 1900 1558 σκυθρωμάςουσι

1099 1567 1269 1602 πανηγύρεις,
1281 1568 1326 1591 καὶ
1346 1567 1374 1591 τὸ
1392 1566 1458 1603 ἱερὸν
1479 1564 1614 1602 συνέδριον
1634 1567 1677 1592 τὸν
1689 1570 1830 1604 κορυφαῖον
1842 1565 1901 1592 ἔπι-

1100 1612 1183 1643 ποθεί,
1197 1610 1270 1646 λόγοι
1298 1609 1328 1636 δὲ
1354 1613 1480 1646 μυστικοὶ
1506 1612 1549 1637 τὸν
1572 1610 1701 1646 ἐξηγητὴν
1717 1610 1899 1647 ἀναμένουσιν,

1101 1656 1125 1682 οἰ
1149 1653 1242 1685 παῖδες
1254 1657 1297 1681 τὸν
1316 1657 1425 1692 πατέρα,
1443 1657 1466 1681 οἱ
1481 1655 1626 1693 πρεσϐῦται
1641 1657 1684 1682 τὸν
1707 1656 1863 1688 ἡλικιώτην,
1877 1656 1902 1682 οἱ

1101 1699 1125 1726 ἒν
1141 1700 1205 1726 τέλει
1224 1701 1268 1725 τὸν
1283 1699 1405 1737 ἔξαρχον,
1428 1700 1440 1725 ὁ
1461 1698 1546 1736 δῆμος
1565 1702 1608 1726 τὸν
1621 1701 1783 1738 προστάτην,
1800 1702 1825 1726 οἱ
1839 1699 1902 1736 βίον

1102 1743 1219 1781 δεόμενοι
1238 1746 1282 1770 τόν
1301 1746 1413 1781 τροφέα.
1443 1745 1537 1776 πάντες
1556 1745 1633 1771 αὐτὸν
1653 1744 1681 1771 ἑκ
1704 1749 1752 1771 τῶν
1777 1744 1904 1771 οἰκειοτά-

1101 1799 1151 1816 των
1171 1790 1302 1826 ὀνομάτων
1327 1789 1548 1826 ἀνακαλούμενοι,
1575 1789 1618 1816 έπὶ
1645 1789 1730 1824 οἰκείῳ
1758 1791 1836 1816 πάθει
1863 1790 1904 1816 οἱ-

1102 1837 1169 1860 κεῖον
1185 1834 1255 1869 αὐτῷ
1275 1836 1320 1859 καὶ
1339 1836 1507 1870 προσήκοντα
1528 1833 1638 1865 ἕκαστος
1650 1836 1693 1860 τὸν
1709 1835 1801 1871 θρῆνον
1815 1835 1905 1871 αἴρου-

1105 1888 1145 1904 σιν
1160 1880 1228 1914 (44).
1249 1878 1326 1905 Ἀλλὰ
1346 1882 1396 1904 ποῦ
1418 1888 1463 1914 μοι
1487 1879 1500 1904 ὁ
1519 1878 1593 1914 λόγος
1616 1878 1656 1915 ὑφ’
1670 1877 1767 1909 ἡδονῆς
1786 1883 1837 1905 τῶν
1854 1877 1904 1905 δα-

1103 1924 1188 1961 κρύων
1201 1923 1348 1959 ἑκφέρεται;
1377 1923 1432 1949 Οὔκ
1453 1922 1632 1960 ἀνανήψομενς
1658 1923 1711 1959 οὐχ
1730 1924 1804 1959 ἡμῶν
1818 1923 1903 1950 αὐτῶν

1103 1969 1282 2004 γενησόμεθας
1308 1968 1355 1994 οὐκ
1375 1967 1553 2004 ἁποϐλέψομεν
1570 1969 1633 2005 πρὸς
1647 1970 1691 1994 τὸν
1705 1969 1790 1994 κοινόν
1806 1969 1904 1994 Δεσπό-

1104 2024 1161 2047 την,
1183 2013 1221 2046 ὃς,
1237 2014 1346 2040 ἕκαστον
1361 2018 1410 2039 τῶν
1426 2013 1506 2049 ἁγίων
1526 2017 1557 2050 τῇ
1585 2011 1642 2050 ἰδίᾳ
1667 2017 1742 2049 γενεᾷ
1763 2013 1905 2050 ἔπιτρέψας

1105 2059 1331 2095 ὑπηρετήσασθαι,
1349 2062 1401 2089 τοῖς
1424 2059 1572 2088 καθήκουσι
1594 2060 1702 2096 χρόνοις
1726 2060 1790 2095 πρὸς
1814 2058 1905 2084 ἑαυτὸν

1105 2103 1181 2129 πάλιν
1206 2102 1394 2136 ἀνεκαλέσατο;
1416 2106 1470 2129 Νῦν
1495 2102 1520 2129 ἑν
1547 2107 1631 2140 καιρῷ
1660 2106 1709 2129 τῶν
1727 2102 1824 2129 ἐκεινου
1850 2113 1905 2139 φω-

1105 2152 1154 2173 νῶν
1171 2148 1359 2184 ὐπομνὴσθητε
1370 2158 1376 2164 ·
1393 2148 1421 2178 ὃς
1436 2147 1615 2177 ἐκκλησιάζων
1640 2147 1701 2183 ὑμῖν
1729 2146 1768 2174 ἀεὶ
1789 2145 1906 2174 διεστέλ-

1105 2192 1181 2227 λετο,
1215 2192 1337 2226 Βλέπετε,
1368 2191 1466 2228 λέγων,
1497 2193 1556 2223 τοὺς
1585 2193 1678 2225 κύνας,
1709 2191 1817 2229 βλέπετε
1848 2194 1907 2223 τοὺς

260 2254 317 2289 (38)
337 2254 493 2290 Ἐγγίνεται.
515 2254 556 2281 lta
571 2253 648 2282 Harl.
664 2256 692 2282 et
715 2253 803 2282 Coisl.
828 2255 956 2290 primus.
977 2254 1052 2282 Editi
1069 2259 1090 2285 D
1106 2254 1272 2294 nonufuisse
1287 2254 1371 2294 Ponti
1386 2254 1520 2282 civitates
1535 2254 1772 2294 conj_icimus_e_x
1798 2255 1907 2294 Grego-

227 2299 335 2315 νινεται.

230 2301 569 2386 ἒιῗίζῆΙἚπαισθάνεο-θαι.
587 2327 630 2353 Ita
645 2325 722 2353 Harl.
739 2327 767 2352 et
782 2325 856 2354 Med.
871 2325 948 2353 Editi
963 2325 1053 2352 ἐπαισ-

246 2369 308 2386 ανεσ
327 2370 347 2386 ε.

246 2369 347 2387 ανεσυε.

265 2396 323 2429 (40)
341 2395 433 2431 Ὓμῶν.
450 2396 496 2423 Sic
510 2404 585 2423 mss.
603 2404 664 2432 sex.
678 2396 750 2424 Editi
767 2397 850 2432 ἡμῶν.

266 2432 321 2493 (at?
342 2434 439 2466 Σιωπᾷ.
461 2432 537 2459 Editi
559 2431 677 2472 addunt
690 2434 735 2468 μὲν
750 2431 812 2468 γὰρ.
831 2431 888 2460 Sed
900 2434 1053 2468 postrema

268 2474 303 2493 cu
318 2474 335 2493 a
347 2467 431 2493 abest
445 2467 484 2493 ab
494 2467 639 2493 omnibus
655 2476 730 2493 mss.

228 2467 335 2495 vocula
347 2467 431 2494 abest
445 2467 484 2495 ab
494 2467 639 2495 omnibus
655 2467 730 2495 mss.

263 2503 322 2538 (42)
343 2505 418 2533 Τέως.
445 2504 511 2531 [ilic
537 2503 643 2531 vocula
658 2503 761 2531 addita
777 2511 813 2531 cx
828 2505 896 2530 octo
911 2511 981 2531 mss.
1000 2503 1054 2531 lbi-

229 2538 298 2566 dem
315 2541 373 2566 tres
384 2539 580 2575 vetustissimi
595 2540 645 2565 ὃσα
659 2549 700 2575 γε.

265 2575 381 2611 (ιθηις
405 2573 533 2611 ὀξύτερον.
564 2575 606 2611 ita
629 2573 688 2602 tres
715 2574 908 2602 vetustissimi
932 2574 1053 2611 codices

229 2617 298 2638 cum
312 2609 377 2637 aliis
396 2609 535 2646 quatuor.
552 2610 735 2638 Subauditur
749 2611 842 2642 ἱκανός,
858 2610 941 2646 quod
961 2610 1053 2646 paulo

251 2648 298 2682 ost
309 2645 457 2682 sequitur;
473 2646 520 2673 cui
531 2647 654 2682 quidem
666 2654 736 2674 cum
752 2647 851 2674 minus
862 2645 1055 2682 attenderem

240 2681 458 2714 ibrarii,’credo
480 2681 723 2717 eos’scripsisse,
742 2685 773 2709 ut
797 2685 839 2709 est
859 2681 889 2708 in
903 2681 1001 2712 editis.
1015 2685 1054 2712 τίς

230 2716 359 2753 ὀξύτερος.
373 2717 460 2749 Quod
472 2719 573 2745 autem
589 2716 681 2753 paulo
696 2720 764 2752 post
778 2717 818 2753 ait
830 2718 1053 2745 Neoczesaream

228 2752 330 2788 multis
343 2753 406 2787 jam
420 2753 507 2780 malis
522 2752 762 2788 prmdccupatam
778 2752 879 2783 fuisse.
898 2760 959 2780 non
974 2753 1052 2780 vide-

229 2789 276 2815 tur
287 2787 319 2815 id
334 2788 434 2824 referri
450 2787 540 2824 posse
564 2789 603 2816 ad
625 2787 736 2816 famem
751 2788 788 2815 de
803 2796 864 2824 qua
880 2787 1008 2815 Basilius
1024 2788 1054 2815 in

228 2823 410 2860 praecedenti
434 2823 569 2860 epistola.
596 2825 656 2852 Hoc
685 2824 764 2852 enim
793 2823 873 2851 malo
898 2826 1052 2852 contactas

1106 2291 1150 2318 rio
1163 2292 1242 2321 ΝΜ..
1259 2290 1312 2326 qui
1335 2290 1445 2318 famem
1467 2298 1503 2318 eo
1525 2290 1694 2353 graviorem
1717 2290 1807 2317 fuisse
1823 2289 1906 2326 dicit,

1106 2326 1188 2353 quod
1204 2334 1266 2353 non
1281 2326 1398 2353 nossint
1420 2327 1522 2353 Canna
1546 2334 1625 2353 oces.
1642 2327 1675 2353 ut
1695 2325 1855 2353 maritimae
1869 2326 1906 2353 ci-

1106 2326 1188 2362 quod
1204 2325 1398 2362 non’possint
1420 2325 1625 2362 Cappadoces,
1642 2327 1675 2353 ut
1695 2325 1855 2353 maritimae
1869 2325 1908 2353 ci-

1107 2361 1222 2394 vitates,
1251 2361 1287 2390 et
1305 2369 1341 2390 ea
1368 2361 1491 2397 quibus
1508 2361 1666 2389 abundant
1688 2363 1859 2397 exportare.
1880 2363 1910 2390 et

1107 2397 1218 2434 quibus
1233 2397 1369 2434 indigent
1378 2396 1530 2434 invehere.
1548 2397 1674 2434 Respicit
1689 2401 1761 2431 ergo
1781 2396 1908 2425 Basilius

1107 2432 1147 2461 ad
1162 2433 1244 2462 illam
1259 2433 1449 2468 potissimum
1460 2432 1660 2460 calamitatem
1675 2440 1736 2468 qua
1750 2434 1908 2468 Neocaesa-

1107 2477 1189 2497 ream
1214 2467 1372 2503 Gregorius
1398 2468 1552 2504 Nyssenus
1577 2476 1634 2496 sua
1648 2467 1734 2496 aetate
1761 2467 1908 2504 afﬂictam

1107 2505 1197 2532 fuisse
1209 2507 1341 2539 testatur,
1360 2503 1429 2531 cum
1443 2503 1556 2538 ingenti
1569 2505 1653 2531 terras
1674 2506 1759 2531 motu
1777 2503 1910 2531 mdiﬁcia

1108 2540 1211 2568 omnia
1224 2543 1293 2576 tum,
1316 2539 1527 2576 publica_tum
1555 2539 1671 2576 privata
1692 2539 1796 2576 ruinas
1811 2541 1909 2576 traxe-

1106 2579 1186 2610 runt,
1204 2584 1239 2603 ac
1252 2574 1349 2603 solum
1365 2574 1523 2611 templum,
1538 2574 1621 2611 quod
1637 2583 1655 2602 a
1677 2574 1819 2609 Gregorio
1833 2575 1910 2603 mdi—

1106 2611 1230 2639 ﬁcatum
1246 2611 1352 2644 fuerat,
1368 2610 1495 2638 illmsum
1515 2610 1555 2638 et’
1569 2610 1714 2638 intactum
1730 2611 1908 2646 permansit,

1114 2648 1170 2675 Vit.
1182 2648 1213 2675 S.
1227 2647 1312 2682 Greg.
1327 2649 1397 2674 tom.
1415 2648 1460 2681 Ill,
1473 2654 1503 2682 p.
1521 2648 1581 2673 554.
1600 2646 1743 2674 Eumdem
1764 2648 1909 2674 eventum

1107 2683 1240 2710 referunt
1259 2682 1288 2709 in
1305 2682 1462 2710 Chronicis
1476 2681 1689 2718 ’Hieronymus
1709 2683 1738 2709 et
1751 2681 1910 2718 Theopha-

1107 2726 1160 2746 nes
1174 2718 1213 2745 ad
1228 2726 1342 2745 annum
1358 2719 1421 2746 344.

1143 2755 1196 2789 (44)
1213 2755 1337 2790 Αϊρουσιν
1363 2755 1497 2790 Quatuor
1516 2753 1781 2790 mss._recentio_res
1793 2754 1908 2790 ipsum.

1108 2790 1154 2817 Sic
1169 2788 1259 2817 etiam
1274 2789 1409 2817 secunda
1422 2797 1515 2817 manu
1529 2788 1620 2824 Hari.,
1633 2789 1686 2817 sed
1696 2788 1779 2817 initio
1792 2788 1910 2817 habue-

1107 2827 1153 2853 rat
1168 2827 1287 2862 αἲρουσι.
