2009 3145
85 163 135 191 309

582 159 830 190 EPISTOLARUM
847 157 988 188 CLASSIS
1006 160 1028 188 Ι.
1047 161 1154 190 EPIST.
1175 162 1265 191 XXIX.

1716 163 1768 190 310

84 225 179 255 κακοὺς
206 222 324 260 ἓργάτας.
349 222 442 250 Πολλοὶ
471 224 496 250 οἱ
520 224 602 254 κύνις.
629 226 661 250 Τί
693 223 759 260 λέγω
786 223 857 253 κύνες
878 229 882 255 ;

944 229 1062 259 semper
1075 223 1270 259 admonebat,
1285 224 1394 253 Cavete
1408 231 1506 258 canes,
1522 223 1672 261 inquiens,
1687 231 1771 253 cave-

84 270 166 296 Λύκοι
179 270 225 305 μὲν
240 266 285 294 οὖν
304 267 405 304 βαρεῖς,
421 267 444 294 ἓν
473 267 605 305 ἐπιφανείᾳ
628 267 764 305 προϐάτων
790 269 819 294 τὸ
844 265 887 293 δο-

84 315 155 350 λερὸν
184 313 404 350 ὑποκρύπτοντες,
439 316 576 349 πανταχοῦ
604 317 649 344 τῆς
677 313 829 349 οἰκουμένης
857 313 886 337 τὸ

83 361 202 394 Χριστοῦ
230 359 349 393 ποίμνιον
382 355 544 387 διασπῶσιν.
570 357 620 388 Οὓς
649 357 789 394 φυλακτίον
815 357 885 392 ὑμῖν,

82 401 258 440 ὶγρηγορικοῡ
277 411 346 432 τινος
373 404 495 438 ποιμένος
521 401 673 439 ἐπιστασίᾳ.
699 405 746 428 ’ον
765 402 886 438 ὑμέτερον

82 449 128 484 μὶν
144 447 266 479 αἰτῆσαι,
295 446 451 482 φιλονιικίας
477 448 566 477 πάσης
592 449 636 473 καὶ
652 446 828 484 φιλοπρωτίας
841 447 887 477 τὰς

82 491 180 528 ψυχὰς
207 492 408 527 καθαρεύοντας,
433 495 480 517 τοῦ
512 494 610 529 Κυρίου
624 490 653 518 δε
677 490 812 522 ἀναδεῖξαι
829 502 835 508 -
860 491 886 522 ὃς

82 536 137 562 ἀπὸ
167 540 212 562 τοῦ
239 535 354 572 μιγάλου
380 537 531 573 προστάτου
557 540 605 568 τῆς
633 536 791 568 Ἐκκλησιας
814 537 885 572 ὑμῶν

82 583 230 618 Γρηγορίου
246 583 329 618 μέχρι
343 584 389 606 τοῦ
407 583 538 619 μακαρίου
552 583 655 615 τούτου,
681 581 756 608 ἄλλον
782 581 822 607 ἐπ’
837 581 885 607 ἄλ-

79 625 117 662 λῳ
137 626 194 659 (45)
212 626 365 662 προστιθεὶς
379 628 424 652 καὶ
442 626 613 663 συναρμόζων
633 625 683 660 ἀεὶ,
703 627 756 652 οἷον
769 627 797 652 ἔκ
817 635 884 657 τινος

80 670 168 707 ἀρμοῡ
183 671 237 703 (46)
267 669 344 696 λίθων
372 670 527 706 πολυτελῶν,
550 671 699 707 θαυμαστὸν
714 671 766 697 οἷον
792 670 884 701 κάλλος

79 719 127 745 τῆς
144 714 295 745 Ἐκκλεσίας
310 715 381 751 ὑμῶν
401 714 558 752 ἐχαρίσατο.
583 715 663 742 Ὠστε
687 713 749 741 οὔδὶ
769 719 819 742 τῶν
844 714 884 751 ἰφ-

81 759 140 790 εξῆς
155 758 335 786 ἆπελπιστίον·
353 757 417 786 Οἶδα
431 761 481 795 γὰρ
499 761 595 798 Κύριος
611 762 670 790 τοὺς
685 762 760 791 ὄντας
783 759 864 786 αὐτοῦ
876 770 882 777 ·

81 806 127 829 καὶ
143 802 239 838 ἀγάγοι
260 802 290 829 ἂν
306 803 341 834 εἰς
356 805 384 830 τὸ
400 806 479 840 μέσον
494 806 554 835 τοὺς
569 803 630 842 παρ’
644 805 716 841 ἡμῶν
743 805 827 840 τυχὸν
854 804 884 831 οὗ

80 846 328 885 προσδοκωμένους.

118 938 146 965 3.
162 936 247 963 Πάλαι
260 946 292 973 με
304 936 408 963 θέλοντα
421 941 472 963 τῶν
492 937 574 973 λόγων
589 938 745 964 παύσασθαι
759 938 779 963 ὡ
799 936 880 968 ὀδύνη

80 984 132 1012 τῆς
160 979 271 1019 καρδίας
295 981 342 1007 οὐκ
370 981 500 1019 ἐπιτρέπει
523 992 530 998 ·
560 981 614 1008 ἀλλ’
641 981 794 1011 ὶπισκὴπτω
821 983 881 1019 ὑμῖν

79 1027 148 1062 πρὸς
167 1030 215 1051 τῶν
244 1027 374 1063 Πατέρων,
403 1028 468 1063 πρὸς
492 1030 536 1056 τῆς
558 1027 638 1061 ὀρθῆς
668 1029 792 1062 πίστεως,
817 1029 883 1064 πρὸς

77 1074 126 1096 τοῦ
141 1073 274 1106 μακαρίου
290 1072 395 1104 τούτου,
411 1069 587 1100 διαναστῆναι
601 1073 647 1100 τὴν
668 1071 771 1107 ψυχὴν,
789 1071 882 1098 οἰκεῖον

78 1116 190 1141 ἕκαστον
224 1114 316 1141 ἑαυτοῦ
336 1117 365 1141 τὸ
381 1113 596 1152 σπουδαζόμενον
620 1118 753 1152 κρίναντα,
778 1119 883 1147 καὶτῆς

79 1157 118 1195 ἔφ’
147 1158 257 1195 ἑκάτερα
284 1163 334 1185 τῶν
353 1161 518 1197 πραγμάτων
548 1159 679 1191 ἐκϐάσεως
704 1164 806 1197 πρῶτον
839 1161 884 1187 αὑ-

80 1205 125 1229 τὸν
164 1202 323 1230 ἀπολαύσειν
363 1205 518 1240 ἡγούμενον,
545 1203 625 1241 μηδε,
656 1207 684 1231 τὸ
708 1209 762 1236 τοῖς
782 1205 884 1236 πολλοῖς

81 1247 237 1284 συμϐαῖνον,
260 1250 325 1284 πρὸς
354 1250 398 1274 τὸν
421 1249 532 1278 πλησίον
559 1251 606 1278 τὴν
636 1253 685 1276 τῶν
710 1254 800 1276 κοινῶν
825 1249 883 1276 ἔπι-

79 1293 183 1329 primis
197 1293 361 1320 ἀπωθεῖσθαι
375 1304 381 1311 ·
399 1293 463 1330 εἶτα,
481 1294 592 1321 ἑκάστου
616 1299 647 1332 τῇ
672 1295 751 1321 αὐτοῦ
780 1294 885 1332 διανοίᾳ

78 1342 131 1364 τῶν
158 1340 318 1375 πραγμάτων
348 1339 544 1376 ὁλιγωροῡντος,
563 1339 650 1366 λαθεῖν
671 1339 788 1370 ἅπαντας
815 1339 884 1367 ἴδιον

79 1382 186 1414 ἑαυτοῖς
213 1385 294 1410 κακὸν
328 1382 374 1410 διὰ
413 1388 459 1415 τῆς
493 1383 609 1420 ἀμελείας
644 1384 883 1421 ὶπισπασαμένους.

77 1430 170 1454 Ταῦτα
184 1429 233 1454 εῖτε
246 1429 278 1459 ὡς
291 1430 412 1464 γειτόνων
427 1430 588 1465 συμπάθεια,
616 1431 666 1456 εἴτε
685 1430 720 1460 ὡς
743 1427 884 1465 ὁμοδοξού-

77 1482 146 1498 ντων
161 1475 283 1499 κοινωνία
293 1474 360 1509 (47),
384 1475 434 1499 ein
457 1475 512 1507 καὶ⁹
540 1474 600 1511 ὅπερ
618 1473 788 1511 ἀληθέστερόν
815 1473 883 1507 ἔστι,

77 1521 116 1552 τῷ
151 1521 197 1547 τῆς
224 1516 328 1553 ἀγάπης
351 1519 508 1554 πειθομένων
535 1520 616 1554 νόμῳ,
642 1521 687 1545 καὶ
712 1520 756 1544 τὸν
787 1520 814 1545 ἐκ
837 1522 883 1545 τοῦ

943 269 971 295 ιε
984 270 1137 302 operarios
1150 270 1244 298 malos
1261 271 1294 297 ¹².
1310 271 1403 298 Canes
1418 277 1480 297 non
1491 270 1590 306 pauci.
1610 269 1686 302 Quid
1700 269 1769 298 dico

942 319 1032 340 canes
1043 313 1057 341 ?
1072 315 1135 342 lino
1150 322 1219 342 vero
1229 314 1293 351 lupi
1308 322 1424 350 graves,
1441 314 1493 351 qui
1510 314 1568 342 sub
1584 315 1687 343 ovium
1703 322 1768 351 spe-

942 357 984 385 cie
999 357 1104 386 dolum
1119 361 1322 394 contegentes,
1336 359 1449 396 ubique
1473 361 1620 387 terrarum
1644 366 1767 394 gregem

941 401 1047 430 Christi
1062 402 1207 431 divellunt
1219 412 1226 431 :
1239 403 1291 440 qui
1306 403 1391 432 vobis
1406 403 1520 431 vitandi
1530 406 1599 431 sunt
1616 403 1767 438 vigilantis

940 445 1068 482 alicujus
1083 447 1212 483 pastoris
1225 447 1376 484 prmsidio.
1390 448 1476 476 Hunc
1488 450 1620 476 vestrum
1639 447 1765 484 quidem

940 493 984 518 est
998 493 1109 527 petere,
1126 491 1236 520 animis
1247 492 1287 520 ab
1302 493 1385 520 omni
1399 492 1588 520 contentione
1603 495 1693 528 atque
1704 500 1767 521 ams

939 535 1052 564 bitione
1064 537 1251 572 repurgatis:
1269 537 1387 565 Domini
1403 544 1482 571 vero,
1497 537 1666 571 ostendere,
1680 537 1732 573 qui
1747 545 1766 566 a

940 588 1053 615 magno
1066 580 1117 609 illo
1126 581 1263 610 Ecclesiae
1283 584 1384 610 vestrae
1399 581 1476 610 duce
1501 581 1642 616 Gregorio
1669 589 1765 618 usque

940 625 979 653 ad
995 626 1075 654 hunc
1089 626 1223 661 beatum,
1235 626 1362 654 alterum
1377 626 1408 654 in
1423 626 1545 654 alterius
1560 626 1661 654 locum
1685 626 1766 654 suﬂl-

939 670 1032 703 ciens,
1044 678 1222 707 semperque
1235 671 1397 707 adaptans,
1411 670 1493 699 velut
1507 678 1544 699 ex
1553 671 1688 707 quadam
1700 679 1765 707 pre-

939 714 1085 742 tiosorum
1099 714 1235 751 lapidum
1250 715 1462 748 commissura,
1478 715 1589 743 mirum
1605 723 1765 744 ornamen-

938 760 1004 787 tum
1019 759 1157 787 Ecclesiaa
1172 762 1278 788 vestrm
1293 759 1420 795 largitus
1442 762 1495 788 est.
1522 760 1618 792 Quare
1642 767 1698 788 nec
1726 760 1764 788 de

939 804 1123 832 successuris
1145 804 1372 841 desperandum
1401 807 1455 833 est.
1477 804 1563 833 Novit
1590 804 1671 833 enim
1692 813 1764 834 suos

939 849 1092 883 Dominus,
1107 851 1135 877 et
1149 849 1282 885 proferre
1297 849 1328 878 in
1341 849 1476 878 medium
1491 851 1598 885 potest,
1613 857 1691 886 quos
1706 849 1764 878 for-

938 895 1015 922 tasse
1029 901 1090 922 non
1104 896 1327 930 exspectamus.

972 940 999 966 3.
1016 938 1134 966 Dudum
1149 947 1198 967 me
1207 939 1357 968 volentem
1371 939 1502 968 sermoni
1517 939 1611 968 ﬁnem
1625 939 1763 976 impone-

936 990 978 1017 re,
995 982 1082 1010 dolor
1096 983 1195 1011 cordis
1219 991 1281 1011 non
1296 983 1366 1012 sinit
1381 993 1388 1012 :
1406 984 1459 1012 sed
1473 984 1607 1012 obtestor
1627 991 1681 1012 vos
1709 991 1764 1020 per

937 1028 1047 1060 Patres,
1060 1035 1114 1063 per
1127 1029 1240 1055 rectam
1255 1027 1358 1059 ﬁdem,
1370 1036 1424 1064 per
1439 1028 1519 1056 hunc
1542 1029 1678 1062 beatum,
1706 1028 1760 1056 eri-

938 1072 1014 1108 gatis
1026 1072 1173 1106 animum,
1181 1072 1339 1108 proprium
1351 1073 1407 1100 sibi
1418 1072 1547 1109 quisque
1557 1072 1588 1100 id
1602 1072 1686 1109 quod
1697 1072 1762 1108 agi-

937 1119 985 1145 tur
998 1117 1154 1150 ducentes,
1169 1119 1198 1145 et
1209 1125 1310 1145 rerum
1319 1118 1351 1146 in
1365 1120 1525 1154 utramque
1534 1120 1651 1153 partem
1665 1118 1762 1146 exitus

938 1162 1096 1198 participes
1117 1170 1149 1190 se
1163 1162 1193 1190 in
1215 1162 1320 1198 primis
1344 1162 1407 1191 fore
1428 1162 1644 1198 existimantes,
1667 1162 1709 1190 ita
1730 1164 1764 1190 ut

937 1215 1039 1235 rerum
1051 1207 1260 1235 communium
1275 1215 1389 1243 curam,
1405 1210 1437 1235 ut
1459 1206 1592 1243 plerique
1611 1206 1717 1241 solent,
1732 1207 1764 1234 in

938 1251 1110 1288 proximum
1124 1259 1186 1280 non
1199 1252 1350 1287 rejiciatis,
1367 1260 1402 1280 ac
1417 1253 1522 1288 postea
1533 1259 1718 1288 unoquoque
1732 1251 1763 1279 in

939 1295 1041 1324 animo
1057 1303 1114 1323 suo
1128 1304 1176 1324 res
1191 1296 1371 1331 negligente,
1391 1304 1497 1324 omnes
1511 1296 1568 1324 sibi
1583 1296 1641 1332 ipsi
1655 1303 1708 1332 per
1722 1295 1765 1324 in-

939 1340 1053 1368 curiam
1065 1340 1222 1376 proprium
1241 1341 1357 1369 malum
1372 1341 1579 1377 imprudentes
1596 1343 1764 1369 accersant.

939 1385 1006 1412 Hinc
1022 1387 1123 1413 autem
1137 1385 1198 1413 sive
1215 1387 1246 1413 ut
1257 1385 1426 1413 vicinorum
1455 1385 1763 1419 commiserationem,

939 1429 1002 1457 sive
1024 1431 1056 1457 ut
1082 1429 1162 1458 idem
1198 1429 1388 1458 sentientium
1418 1430 1674 1465 communionem,
1702 1430 1764 1458 sive

939 1474 1039 1508 etiam,
1068 1474 1151 1510 quod
1172 1474 1272 1502 verius
1300 1476 1354 1509 est,
1375 1476 1407 1502 ut
1422 1475 1575 1503 charitatis
1594 1474 1653 1510 legi
1674 1474 1764 1503 obse-

938 1519 1106 1555 quentium,
1132 1521 1160 1546 et
1185 1518 1351 1555 periculum
1392 1518 1499 1546 silentii
1536 1518 1761 1553 declinantium,

80 1566 220 1592 σιωπῆσαι
237 1560 357 1588 κίνδυνον
383 1562 559 1597 ἐκκλινάντων,
583 1564 649 1599 μετὰ
668 1564 758 1595 πάσης
784 1564 882 1595 εὐνοίας

939 1564 1021 1592 omni
1032 1572 1101 1592 cum
1112 1563 1321 1592 benevolentia
1335 1563 1479 1600 excipite;
1495 1571 1674 1600 persuasum
1689 1563 1764 1592 illud

79 1604 194 1637 δέξασθε
210 1616 216 1622 ·
243 1608 420 1642 πεπεισμένοι,
444 1607 484 1632 ὃτι
510 1608 641 1643 καύχημα
667 1608 739 1643 ἡμῶν
756 1607 884 1641 ﬁngam-

80 1651 164 1687 θάπερ
188 1653 231 1676 καὶ
248 1651 324 1687 ἡμεῖς
349 1652 420 1687 ὑμῶν
449 1651 485 1682 εἰς
510 1653 557 1680 την
586 1652 682 1688 ἡμέραν
703 1656 748 1678 τοῦ
774 1655 882 1689 Κυρίου,

78 1698 124 1721 καὶ
140 1696 182 1721 ὅτι
197 1695 225 1721 ἐκ
239 1699 286 1721 τοῦ
302 1693 481 1732 δοθησομένον
496 1698 615 1732 ποιμένος
630 1697 690 1732 ὑμῖν
706 1697 720 1726 ἣ
737 1695 779 1722 ἔπι
794 1697 881 1723 πλέον·

77 1744 115 1775 τῷ
132 1738 274 1776 συνδέσμῳ
288 1744 335 1771 τῆς
351 1739 452 1776 ἀγάπης
471 1740 663 1777 ἑνωθησόμεθα,
693 1741 709 1770 ἣ
733 1743 799 1778 πρὸς
820 1752 870 1768 παν

77 1785 137 1814 τελῆ
157 1782 300 1810 διάστασιν
318 1795 323 1801 ·
341 1784 354 1810 ὃ
380 1787 416 1821 μὴ
441 1786 552 1820 γένοιτο,
581 1784 650 1822 μηὸὶ
673 1787 749 1811 ἔσται
775 1790 806 1822 τῇ
835 1790 881 1812 τοῦ

79 1833 148 1856 Θιοῦ
164 1829 269 1867 χάριτι,
298 1827 356 1855 οὐδ’
371 1829 401 1855 ἂν
428 1829 507 1860 αὐτὸς
533 1831 632 1866 εἴποιμι
655 1834 700 1855 νῦν
725 1829 881 1867 βλάσφημον

78 1872 168 1903 οὐδέν,
181 1877 264 1900 Τοῦτο
281 1872 310 1900 δὲ
333 1872 429 1900 εἰδέναι
444 1874 512 1910 ὑμᾶς
539 1873 696 1910 βουλόμεθα,
724 1875 773 1909 ὅτι,
795 1875 817 1901 εἰ
837 1878 881 1902 καὶ

78 1921 143 1956 πρὸς
167 1921 215 1948 τὴν
242 1919 345 1956 εἰρήνην
361 1923 411 1945 τῶν
426 1918 585 1948 Ἐκκλησιῶν
615 1921 792 1957 συντρέχοντα
818 1921 880 1956 ἡμῖν

77 1963 125 1989 οὐκ
141 1964 255 1999 ἔσχομτι
276 1963 334 1994 (48)
349 1965 393 1989 τὸν
410 1964 538 2001 μακάριον
565 1961 611 1990 διά
636 1973 715 1996 τινας,
729 1965 778 1995 ’ὡς
803 1965 881 1996 αὐτὸς

77 2008 141 2044 ἡμῖν
157 2006 348 2042 διεϐεϐαιοῦτο,
372 2008 521 2044 προλήψεις,
546 2007 598 2034 ἀλλ’
622 2007 665 2034 οὖν
693 2018 723 2044 γι
745 2013 792 2040 τῆς
816 2011 881 2046 πρὸς

77 2053 157 2079 αὑτὸν
173 2051 326 2089 ὁμοδοξίας,
353 2055 398 2079 καὶ
422 2057 467 2079 τοῦ
496 2052 535 2079 ἀεὶ
551 2055 669 2079 κοινωνὸν
700 2052 880 2081 ἄπικαλεῖσθαι

77 2101 128 2123 τῶν
143 2099 210 2135 πρὸς
225 2100 284 2128 τοὺς
299 2098 442 2134 αἱρετικοὺς
455 2097 569 2134 ἀγώνων,
579 2098 629 2124 ὑπό
644 2099 758 2135 μάρτυρι
773 2102 808 2134 τῷ
824 2103 879 2135 Θεῷ

76 2146 123 2169 καὶ
139 2142 284 2179 ἀνθρώποις
304 2147 357 2173 τοῖς
372 2144 568 2179 πεπειραμένοις
591 2144 663 2179 ἡμῶν
679 2142 774 2170 οὐδένα
789 2146 879 2182 καιρὸν

78 2187 219 2224 ἀπελείφθη
223 2197 279 2224 μιν.

352 2238 519 2263 ΕΠΙΣΤΟΛΠ
541 2236 603 2264 Ke’.

894 2238 916 2266 D

937 1609 1084 1637 habentes
1097 1616 1152 1636 vos
1167 1616 1233 1636 esse
1247 1610 1384 1637 nostram
1396 1608 1604 1644 gloriationem
1617 1609 1763 1645 quemad.

937 1653 1063 1682 modum
1079 1656 1106 1682 et
1119 1662 1175 1682 nos
1189 1655 1285 1682 vestra
1299 1653 1413 1682 erimus
1425 1654 1454 1681 in
1476 1654 1594 1682 Domini
1608 1654 1656 1682 die
1670 1663 1676 1682 :
1695 1662 1763 1683 nos-

936 1707 995 1736 que
1007 1702 1096 1735 prout
1110 1701 1214 1735 pastor
1224 1698 1310 1727 vobis
1324 1698 1454 1732 dabitur,
1470 1699 1518 1726 vel
1541 1699 1650 1727 arctius
1665 1699 1764 1727 chari-

936 1744 1003 1773 tatis
1034 1743 1154 1772 vinculo
1179 1743 1337 1772 vobiscum
1364 1751 1429 1771 esse
1454 1744 1695 1779 conjungendos,
1715 1744 1762 1772 vel

934 1796 1060 1825 prorsus
1073 1787 1302 1824 disjungendos,
1317 1788 1400 1824 quod
1415 1788 1539 1824 quidem
1559 1788 1647 1823 absit,
1663 1796 1762 1825 neque

936 1834 986 1862 Dei
1002 1833 1097 1869 gratia
1110 1833 1169 1868 tiet,
1183 1841 1281 1869 neque
1298 1841 1371 1861 sane
1382 1833 1446 1869 ipse
1456 1841 1538 1861 nunc
1554 1833 1762 1861 contumeliosi

934 1879 1104 1916 quidquam
1120 1879 1257 1907 dixerim.
1271 1880 1330 1906 Hoc
1341 1880 1443 1906 autem
1455 1878 1531 1906 scire
1541 1886 1596 1905 vos
1609 1877 1759 1912 volumus,

935 1927 963 1953 et
973 1924 996 1952 si
1008 1924 1131 1952 beatum
1143 1923 1227 1951 illum
1244 1923 1283 1951 ad
1298 1923 1496 1951 Ecclesiarum
1511 1931 1617 1959 pacem
1634 1930 1761 1950 concur-

934 1971 1049 1997 rentem
1065 1976 1126 1996 non
1139 1968 1304 1996 habuimus
1321 1970 1442 2004 propter
1456 1967 1617 2004 quasdam,
1640 1970 1672 1995 ut
1696 1967 1760 2004 ipse

934 2014 1023 2042 nobis
1035 2013 1206 2047 afﬁrmavit,
1221 2013 1398 2048 anticipatas
1407 2012 1565 2049 opiniones
1577 2020 1583 2045 ;
1597 2012 1648 2040 sed
1660 2014 1761 2040 tamen

933 2058 1014 2086 idem
1031 2066 1100 2086 cum
1116 2058 1180 2094 ipso
1195 2057 1352 2092 sentiendi,
1368 2064 1499 2093 eumque
1527 2064 1647 2093 semper
1668 2059 1761 2085 certa-

934 2103 1051 2131 minum
1063 2102 1210 2130 adversus
1225 2101 1380 2129 haereticos
1391 2101 1568 2137 participem
1580 2101 1760 2134 advocandi,

933 2155 998 2181 nos,
1016 2147 1075 2175 Deo
1090 2149 1164 2175 teste
1181 2149 1209 2173 et
1221 2145 1396 2174 hominibus
1411 2146 1463 2182 qui
1477 2145 1572 2173 nostri
1592 2145 1760 2181 periculum

932 2192 1077 2225 fecerunt,
1095 2190 1209 2219 nullum
1226 2192 1344 2225 tempus
1359 2189 1568 2218 intermisisse.

1151 2237 1172 2271 1
1178 2235 1237 2272 09
1257 2235 1376 2263 EPISTO
1382 2235 1426 2262 LA
1446 2235 1545 2263 XXIX“.

77 2299 207 2338 Basilius
217 2299 394 2338 _z_lncyra_nis
408 2299 559 2338 signiﬁcat
573 2302 727 2338 acceptum
744 2307 781 2328 ex
792 2303 887 2328 morte
902 2307 1000 2328 eorum
1022 2298 1150 2334 episcopi
1164 2297 1328 2338 Athanasii
1339 2297 1483 2338 dolorem,
1495 2298 1707 2338 cujussummo
1723 2297 1759 2325 de

114 2335 246 2363 ecclesiis
274 2335 382 2362 merita
404 2334 565 2370 praedicat.
592 2335 743 2362 Hortatur
768 2338 801 2363 ut
825 2339 962 2370 caveant,
990 2333 1156 2364 ne'rursus
1180 2334 1211 2361 in
1240 2333 1383 2361 electione
1406 2333 1536 2368 episcopi
1563 2333 1758 2361 dissensiones

113 2373 295 2398 nascantur.

157 2436 195 2469 Τῇ
212 2432 355 2468 Ἐκκλησία
369 2432 500 2469 Ἀγκύρας
512 2433 715 2469 παραμυθητικὴ
730 2432 797 2469 (49).

114 2485 199 2512 Πολὺν
225 2487 287 2522 ἡμῖν
316 2488 412 2524 χρόνον
442 2489 544 2516 σιωπὴν
571 2485 717 2516 ἔνιποίησιν
740 2487 755 2516 ἡ
785 2486 877 2516 ἔκπλη-

113 2551 137 2568 ¹²
153 2548 284 2586 Philipp.
304 2557 345 2583 ιιι,
359 2550 386 2577 2.

111 2613 170 2653 μῦ)
185 2612 242 2638 Ἐπ’
257 2611 335 2647 ἄλλῳ.
353 2611 399 2640 Sic
412 2613 480 2639 octo
501 2611 620 2639 codices
641 2618 716 2639 mss.
735 2610 810 2639 Editi
837 2610 878 2637 ἄπ’

76 2648 169 2719 agt;
182 2683 290 2719 Ἀρμοῡ·
308 2683 353 2711 Sic
364 2691 415 2710 sex
429 2690 502 2710 mss.
519 2681 592 2710 Editi
604 2682 695 2719 ᾇρμου.
707 2682 799 2719 Paulo
809 2683 878 2718 post

77 2717 167 2748 editio
193 2717 371 2755 purisiensis
395 2719 455 2755 παρ’
483 2719 562 2755 optim.
586 2717 656 2746 AIiée
681 2717 825 2746 editiones
850 2719 878 2745 et

78 2764 150 2784 mss.
167 2754 287 2782 codices
300 2757 414 2788 septem
429 2754 490 2791 παρ’
510 2754 594 2791 ἡμᾷξν.

113 2792 172 2825 (47)
186 2788 516 2826 Συμπάθεια...γκοινωνία’
530 2788 590 2817 ‘Sic
613 2788 723 2816 vetusti
747 2788 876 2826 codices,

78 2827 187 2856 melius
202 2824 298 2862 quam
308 2825 338 2853 in
351 2825 437 2854 editis
454 2826 641 2861 αυμπαθιίᾳ...
659 2827 792 2861 κοινωνίᾳ.
821 2824 879 2853 Sed

1086 2431 1230 2460 Ecclesia:
1242 2431 1374 2466 Ancyra
1387 2431 1601 2460 'consolatoria.

968 2486 1146 2515 Diuturnum
1166 2484 1254 2514 nobis
1269 2484 1421 2513 silentium
1435 2484 1580 2522 imposuit
1593 2485 1686 2514 animi
1699 2487 1758 2514 stu-

954 2610 1066 2640 ostulat
1082 2617 1189 2638 sensus
1203 2612 1235 2638 ut
1257 2609 1374 2644 legatur
1399 2611 1598 2646 συμπάθειαν...
1623 2611 1758 2646 κοινωνίαν

954 2620 1066 2640 οςιωιιι
1082 2620 1189 2638 sensus
1204 2620 1235 2638 ut
1258 2620 1374 2644 regatur
1399 2620 1598 2646 συμπαυειαν...
1623 2620 1756 2636 κοινωνιαν

931 2620 1027 2675 Editio
1039 2645 1244 2679 Haganoensis
1257 2646 1404 2674 consentit
1419 2654 1488 2674 cum
1502 2654 1575 2673 mss.
1591 2644 1756 2673 codicibus.

943 2683 1024 2729 ~(48)
1056 2682 1110 2708 Οὐχ
1138 2683 1261 2718 ἔσχομεν.
1293 2683 1334 2710 tta
1356 2689 1430 2710 mss.
1456 2683 1580 2717 septem.
1611 2680 1686 2708 Editi
1710 2680 1756 2707 οὐκ

933 2728 1262 2790 ηχξῗξῗῖῐαραμυθητική,
1276 2754 1342 2781 Haec
1357 2760 1416 2780 vox
1429 2751 1533 2790 addita
1552 2759 1660 2790 exAsex
1674 2760 1750 2781 mss.

967 2790 977 2802 '
996 2788 1192 2825 A'lias'LXVll,
1208 2789 1318 2826 scripta
1334 2795 1414 2816 anno
1430 2789 1481 2816 368
1494 2788 1630 2816 exeunte.
