  <div class='ocr_page' id='page_1' title='image "/cluster/home/n/w/nwhite01/storage/ocr_20150623/32/njp.32101077772539/172.png"; bbox 0 0 2009 3145; ppageno 0'>
   <div class='ocr_carea' id='block_1_1' title="bbox 93 181 147 210">
    <p class='ocr_par' dir='ltr' id='par_1_1' title="bbox 93 181 147 210">
     <span class='ocr_line' id='line_1_1' title="bbox 93 181 147 210; baseline 0 -1"><span class='ocrx_word' id='word_1_1' title='bbox 93 181 147 210; x_wconf 83' lang='grc'>317</span> 
     </span>
    </p>
   </div>
   <div class='ocr_carea' id='block_1_2' title="bbox 585 176 1294 209">
    <p class='ocr_par' dir='ltr' id='par_1_2' title="bbox 585 176 1294 209">
     <span class='ocr_line' id='line_1_2' title="bbox 585 176 1294 209; baseline 0 -1"><span class='ocrx_word' id='word_1_2' title='bbox 585 178 829 209; x_wconf 77' lang='lat' dir='ltr'>EPISTOLARUM</span> <span class='ocrx_word' id='word_1_3' title='bbox 848 176 990 206; x_wconf 81' lang='lat' dir='ltr'>CLASSIS</span> <span class='ocrx_word' id='word_1_4' title='bbox 1009 179 1029 207; x_wconf 87' lang='grc' dir='ltr'>Ι.</span> <span class='ocrx_word' id='word_1_5' title='bbox 1050 179 1158 208; x_wconf 89' lang='lat' dir='ltr'>EPIST.</span> <span class='ocrx_word' id='word_1_6' title='bbox 1178 180 1294 208; x_wconf 82' lang='lat' dir='ltr'>XXXIII.</span> 
     </span>
    </p>
   </div>
   <div class='ocr_carea' id='block_1_3' title="bbox 1726 180 1779 209">
    <p class='ocr_par' dir='ltr' id='par_1_3' title="bbox 1726 180 1779 209">
     <span class='ocr_line' id='line_1_3' title="bbox 1726 180 1779 209; baseline 0 0"><span class='ocrx_word' id='word_1_7' title='bbox 1726 180 1779 209; x_wconf 84' lang='grc'>318</span> 
     </span>
    </p>
   </div>
   <div class='ocr_carea' id='block_1_4' title="bbox 94 239 890 279">
    <p class='ocr_par' dir='ltr' id='par_1_4' title="bbox 94 239 890 279">
     <span class='ocr_line' id='line_1_4' title="bbox 94 239 890 279; baseline -0.013 -9"><span class='ocrx_word' id='word_1_8' title='bbox 94 244 172 274; x_wconf 76' lang='grc' dir='ltr'>εὐθὺς</span> <span class='ocrx_word' id='word_1_9' title='bbox 187 242 254 269; x_wconf 77' lang='grc' dir='ltr'>αὐτα</span> <span class='ocrx_word' id='word_1_10' title='bbox 268 251 438 278; x_wconf 85' lang='grc' dir='ltr'>ῳκονομησαν</span> <span class='ocrx_word' id='word_1_11' title='bbox 465 244 653 279; x_wconf 80' lang='grc' dir='ltr'>συμφερόντως.</span> <span class='ocrx_word' id='word_1_12' title='bbox 679 244 730 269; x_wconf 75' lang='grc' dir='ltr'>Καὶ</span> <span class='ocrx_word' id='word_1_13' title='bbox 756 239 800 267; x_wconf 75' lang='grc' dir='ltr'>νῦν</span> <span class='ocrx_word' id='word_1_14' title='bbox 820 249 890 277; x_wconf 70' lang='grc' dir='ltr'>περι.</span> 
     </span>
    </p>
   </div>
   <div class='ocr_carea' id='block_1_5' title="bbox 951 239 1780 279">
    <p class='ocr_par' dir='ltr' id='par_1_5' title="bbox 952 239 1780 278">
     <span class='ocr_line' id='line_1_5' title="bbox 952 239 1780 278; baseline 0.004 -11"><span class='ocrx_word' id='word_1_15' title='bbox 952 239 1126 270; x_wconf 85' lang='lat' dir='ltr'>circumstat</span> <span class='ocrx_word' id='word_1_16' title='bbox 1142 241 1298 270; x_wconf 79' lang='lat' dir='ltr'>Christiani</span> <span class='ocrx_word' id='word_1_17' title='bbox 1310 240 1434 278; x_wconf 84' lang='lat' dir='ltr'>quidem</span> <span class='ocrx_word' id='word_1_18' title='bbox 1449 241 1716 278; x_wconf 84' lang='lat' dir='ltr'>paupertas,unius</span> <span class='ocrx_word' id='word_1_19' title='bbox 1728 250 1780 270; x_wconf 81' lang='lat' dir='ltr'>au-</span> 
     </span>
    </p>
   </div>
   <div class='ocr_carea' id='block_1_6' title="bbox 93 286 894 324">
    <p class='ocr_par' dir='ltr' id='par_1_6' title="bbox 93 286 894 324">
     <span class='ocr_line' id='line_1_6' title="bbox 93 286 894 324; baseline -0.006 -9"><span class='ocrx_word' id='word_1_20' title='bbox 93 291 190 318; x_wconf 76' lang='grc' dir='ltr'>έστηκε</span> <span class='ocrx_word' id='word_1_21' title='bbox 218 289 294 314; x_wconf 84' lang='grc' dir='ltr'>πενία</span> <span class='ocrx_word' id='word_1_22' title='bbox 320 288 365 323; x_wconf 64' lang='grc' dir='ltr'>μὲν</span> <span class='ocrx_word' id='word_1_23' title='bbox 389 287 446 321; x_wconf 86' lang='grc'>(72)</span> <span class='ocrx_word' id='word_1_24' title='bbox 461 290 631 324; x_wconf 82' lang='grc' dir='ltr'>Χριστιανοῦ,</span> <span class='ocrx_word' id='word_1_25' title='bbox 656 286 894 323; x_wconf 76' lang='grc' dir='ltr'>πολυπραγμοσύνη</span> 
     </span>
    </p>
   </div>
   <div class='ocr_carea' id='block_1_7' title="bbox 94 329 897 369">
    <p class='ocr_par' dir='ltr' id='par_1_7' title="bbox 94 329 897 369">
     <span class='ocr_line' id='line_1_7' title="bbox 94 329 897 369; baseline -0.005 -10"><span class='ocrx_word' id='word_1_26' title='bbox 94 331 125 359; x_wconf 71' lang='grc' dir='ltr'>δί</span> <span class='ocrx_word' id='word_1_27' title='bbox 151 337 203 359; x_wconf 85' lang='grc' dir='ltr'>τῶν</span> <span class='ocrx_word' id='word_1_28' title='bbox 229 332 359 369; x_wconf 79' lang='grc' dir='ltr'>ἀγοραίων</span> <span class='ocrx_word' id='word_1_29' title='bbox 387 331 451 362; x_wconf 78' lang='grc' dir='ltr'>ἑνός.</span> <span class='ocrx_word' id='word_1_30' title='bbox 468 333 512 358; x_wconf 85' lang='grc' dir='ltr'>Διὸ</span> <span class='ocrx_word' id='word_1_31' title='bbox 540 331 632 362; x_wconf 76' lang='grc' dir='ltr'>ἐπῆλθε</span> <span class='ocrx_word' id='word_1_32' title='bbox 662 335 693 367; x_wconf 79' lang='grc' dir='ltr'>τῇ</span> <span class='ocrx_word' id='word_1_33' title='bbox 719 331 804 357; x_wconf 82' lang='grc' dir='ltr'>πάντα</span> <span class='ocrx_word' id='word_1_34' title='bbox 823 329 897 356; x_wconf 78' lang='grc' dir='ltr'>ἄπαι-</span> 
     </span>
    </p>
   </div>
   <div class='ocr_carea' id='block_1_8' title="bbox 92 372 898 415">
    <p class='ocr_par' dir='ltr' id='par_1_8' title="bbox 92 372 898 415">
     <span class='ocr_line' id='line_1_8' title="bbox 92 372 898 415; baseline -0.005 -11"><span class='ocrx_word' id='word_1_35' title='bbox 92 382 152 415; x_wconf 78' lang='grc' dir='ltr'>νετῇ</span> <span class='ocrx_word' id='word_1_36' title='bbox 181 387 229 404; x_wconf 88' lang='grc' dir='ltr'>σου</span> <span class='ocrx_word' id='word_1_37' title='bbox 244 375 423 412; x_wconf 78' lang='grc' dir='ltr'>καλοκάγαθίᾳ</span> <span class='ocrx_word' id='word_1_38' title='bbox 442 373 581 405; x_wconf 76' lang='grc' dir='ltr'>δηλῶσαι²</span> <span class='ocrx_word' id='word_1_39' title='bbox 603 377 644 402; x_wconf 87' lang='grc' dir='ltr'>ἶνα</span> <span class='ocrx_word' id='word_1_40' title='bbox 670 375 716 402; x_wconf 90' lang='grc' dir='ltr'><strong>καί</strong></span> <span class='ocrx_word' id='word_1_41' title='bbox 740 377 784 402; x_wconf 91' lang='grc' dir='ltr'>τὸν</span> <span class='ocrx_word' id='word_1_42' title='bbox 812 372 898 411; x_wconf 74' lang='grc' dir='ltr'>ἄνδρα</span> 
     </span>
    </p>
   </div>
   <div class='ocr_carea' id='block_1_9' title="bbox 91 417 895 459">
    <p class='ocr_par' dir='ltr' id='par_1_9' title="bbox 91 417 895 459">
     <span class='ocr_line' id='line_1_9' title="bbox 91 417 895 459; baseline -0.005 -10"><span class='ocrx_word' id='word_1_43' title='bbox 91 426 187 459; x_wconf 83' lang='grc' dir='ltr'>τιμῶν,</span> <span class='ocrx_word' id='word_1_44' title='bbox 204 421 231 448; x_wconf 85' lang='grc' dir='ltr'>ὃν</span> <span class='ocrx_word' id='word_1_45' title='bbox 246 420 274 447; x_wconf 80' lang='grc' dir='ltr'>ἐκ</span> <span class='ocrx_word' id='word_1_46' title='bbox 292 420 405 447; x_wconf 83' lang='grc' dir='ltr'>παλαιοῦ</span> <span class='ocrx_word' id='word_1_47' title='bbox 419 421 565 458; x_wconf 75' lang='grc' dir='ltr'>γνωρίζεις,</span> <span class='ocrx_word' id='word_1_48' title='bbox 591 423 635 447; x_wconf 87' lang='grc' dir='ltr'>καὶ</span> <span class='ocrx_word' id='word_1_49' title='bbox 662 422 706 447; x_wconf 83' lang='grc' dir='ltr'>τόν</span> <span class='ocrx_word' id='word_1_50' title='bbox 729 421 823 458; x_wconf 78' lang='grc' dir='ltr'>Κύριον</span> <span class='ocrx_word' id='word_1_51' title='bbox 848 417 895 445; x_wconf 79' lang='grc' dir='ltr'>δο-</span> 
     </span>
    </p>
   </div>
   <div class='ocr_carea' id='block_1_10' title="bbox 94 462 897 502">
    <p class='ocr_par' dir='ltr' id='par_1_10' title="bbox 94 462 897 502">
     <span class='ocr_line' id='line_1_10' title="bbox 94 462 897 502; baseline -0.005 -9"><span class='ocrx_word' id='word_1_52' title='bbox 94 467 182 499; x_wconf 80' lang='grc' dir='ltr'>ξάζων</span> <span class='ocrx_word' id='word_1_53' title='bbox 195 468 238 493; x_wconf 85' lang='grc' dir='ltr'>τὸν</span> <span class='ocrx_word' id='word_1_54' title='bbox 266 466 301 497; x_wconf 83' lang='grc' dir='ltr'>εἰς</span> <span class='ocrx_word' id='word_1_55' title='bbox 325 465 416 492; x_wconf 79' lang='grc' dir='ltr'>ἑαυτὸν</span> <span class='ocrx_word' id='word_1_56' title='bbox 443 464 635 502; x_wconf 73' lang='grc' dir='ltr'>ἀναδεχόμενον</span> <span class='ocrx_word' id='word_1_57' title='bbox 661 467 695 492; x_wconf 83' lang='grc' dir='ltr'>τὰ</span> <span class='ocrx_word' id='word_1_58' title='bbox 717 468 770 496; x_wconf 84' lang='grc' dir='ltr'>τοῖς</span> <span class='ocrx_word' id='word_1_59' title='bbox 795 462 897 494; x_wconf 76' lang='grc' dir='ltr'>δούλοις</span> 
     </span>
    </p>
   </div>
   <div class='ocr_carea' id='block_1_11' title="bbox 94 508 897 547">
    <p class='ocr_par' dir='ltr' id='par_1_11' title="bbox 94 508 897 547">
     <span class='ocr_line' id='line_1_11' title="bbox 94 508 897 547; baseline -0.005 -9"><span class='ocrx_word' id='word_1_60' title='bbox 94 511 178 538; x_wconf 72' lang='grc' dir='ltr'>αὐτοῦ</span> <span class='ocrx_word' id='word_1_61' title='bbox 216 512 347 546; x_wconf 83' lang='grc' dir='ltr'>γινόμενα,</span> <span class='ocrx_word' id='word_1_62' title='bbox 372 513 418 536; x_wconf 82' lang='grc' dir='ltr'>καὶ</span> <span class='ocrx_word' id='word_1_63' title='bbox 450 511 521 546; x_wconf 86' lang='grc' dir='ltr'>ἡμᾶς</span> <span class='ocrx_word' id='word_1_64' title='bbox 545 515 627 547; x_wconf 86' lang='grc' dir='ltr'>τιμῶν</span> <span class='ocrx_word' id='word_1_65' title='bbox 664 511 722 540; x_wconf 80' lang='grc' dir='ltr'>τοῦς</span> <span class='ocrx_word' id='word_1_66' title='bbox 755 508 897 546; x_wconf 81' lang='grc' dir='ltr'>ἐξαιρέτους</span> 
     </span>
    </p>
   </div>
   <div class='ocr_carea' id='block_1_12' title="bbox 94 552 895 591">
    <p class='ocr_par' dir='ltr' id='par_1_12' title="bbox 94 552 895 591">
     <span class='ocr_line' id='line_1_12' title="bbox 94 552 895 591; baseline -0.005 -9"><span class='ocrx_word' id='word_1_67' title='bbox 94 559 218 590; x_wconf 74' lang='grc' dir='ltr'>σεαυτοῦ,</span> <span class='ocrx_word' id='word_1_68' title='bbox 243 557 288 581; x_wconf 92' lang='grc' dir='ltr'>καὶ</span> <span class='ocrx_word' id='word_1_69' title='bbox 301 552 446 591; x_wconf 76' lang='grc' dir='ltr'>διαλεχθῇς</span> <span class='ocrx_word' id='word_1_70' title='bbox 461 554 518 590; x_wconf 83' lang='grc'>(73)</span> <span class='ocrx_word' id='word_1_71' title='bbox 544 559 580 590; x_wconf 82' lang='grc' dir='ltr'>τῷ</span> <span class='ocrx_word' id='word_1_72' title='bbox 602 557 698 591; x_wconf 86' lang='grc' dir='ltr'>κόμητι</span> <span class='ocrx_word' id='word_1_73' title='bbox 723 558 774 580; x_wconf 87' lang='grc' dir='ltr'>τῶν</span> <span class='ocrx_word' id='word_1_74' title='bbox 794 554 895 583; x_wconf 85' lang='grc' dir='ltr'>θησαυ-</span> 
     </span>
    </p>
   </div>
   <div class='ocr_carea' id='block_1_13' title="bbox 90 597 894 637">
    <p class='ocr_par' dir='ltr' id='par_1_13' title="bbox 90 597 894 637">
     <span class='ocr_line' id='line_1_13' title="bbox 90 597 894 637; baseline -0.002 -10"><span class='ocrx_word' id='word_1_75' title='bbox 90 605 144 637; x_wconf 82' lang='grc' dir='ltr'>ρῶν</span> <span class='ocrx_word' id='word_1_76' title='bbox 163 602 223 637; x_wconf 78' lang='grc' dir='ltr'>περὶ</span> <span class='ocrx_word' id='word_1_77' title='bbox 236 599 315 625; x_wconf 67' lang='grc' dir='ltr'>αὐτοῦ</span> <span class='ocrx_word' id='word_1_78' title='bbox 334 600 368 625; x_wconf 88' lang='grc' dir='ltr'>τὰ</span> <span class='ocrx_word' id='word_1_79' title='bbox 393 599 490 633; x_wconf 80' lang='grc' dir='ltr'>εἰκότα,</span> <span class='ocrx_word' id='word_1_80' title='bbox 510 601 555 625; x_wconf 86' lang='grc' dir='ltr'>καὶ</span> <span class='ocrx_word' id='word_1_81' title='bbox 570 601 664 636; x_wconf 80' lang='grc' dir='ltr'>τρόπον</span> <span class='ocrx_word' id='word_1_82' title='bbox 688 597 840 635; x_wconf 70' lang='grc' dir='ltr'>ἐπινοήσῃς,</span> <span class='ocrx_word' id='word_1_83' title='bbox 864 602 894 634; x_wconf 76' lang='grc' dir='ltr'>τῇ</span> 
     </span>
    </p>
   </div>
   <div class='ocr_carea' id='block_1_14' title="bbox 90 642 893 682">
    <p class='ocr_par' dir='ltr' id='par_1_14' title="bbox 90 642 893 682">
     <span class='ocr_line' id='line_1_14' title="bbox 90 642 893 682; baseline -0.002 -11"><span class='ocrx_word' id='word_1_84' title='bbox 90 644 191 682; x_wconf 70' lang='grc' dir='ltr'>μεγάλῃ</span> <span class='ocrx_word' id='word_1_85' title='bbox 223 647 322 670; x_wconf 81' lang='grc' dir='ltr'>σαυτοῦ</span> <span class='ocrx_word' id='word_1_86' title='bbox 353 645 465 677; x_wconf 82' lang='grc' dir='ltr'>συνέσει,</span> <span class='ocrx_word' id='word_1_87' title='bbox 486 643 637 680; x_wconf 78' lang='grc' dir='ltr'>ἀπαλλαγῆς</span> <span class='ocrx_word' id='word_1_88' title='bbox 665 648 715 670; x_wconf 81' lang='grc' dir='ltr'>τῶν</span> <span class='ocrx_word' id='word_1_89' title='bbox 735 642 893 681; x_wconf 70' lang='grc' dir='ltr'>ἐφυϐρίστων</span> 
     </span>
    </p>
   </div>
   <div class='ocr_carea' id='block_1_15' title="bbox 88 687 551 726">
    <p class='ocr_par' dir='ltr' id='par_1_15' title="bbox 88 687 551 726">
     <span class='ocr_line' id='line_1_15' title="bbox 88 687 551 726; baseline -0.004 -10"><span class='ocrx_word' id='word_1_90' title='bbox 88 691 187 716; x_wconf 80' lang='grc' dir='ltr'>τούτων</span> <span class='ocrx_word' id='word_1_91' title='bbox 201 691 247 715; x_wconf 83' lang='grc' dir='ltr'>καὶ</span> <span class='ocrx_word' id='word_1_92' title='bbox 260 688 393 726; x_wconf 76' lang='grc' dir='ltr'>ἀφορήτων</span> <span class='ocrx_word' id='word_1_93' title='bbox 404 687 472 724; x_wconf 84' lang='grc' dir='ltr'>ὀχλὴ</span> <span class='ocrx_word' id='word_1_94' title='bbox 478 697 551 714; x_wconf 85' lang='grc' dir='ltr'>σεων.</span> 
     </span>
    </p>
   </div>
   <div class='ocr_carea' id='block_1_16' title="bbox 124 730 894 769">
    <p class='ocr_par' dir='ltr' id='par_1_16' title="bbox 124 730 894 769">
     <span class='ocr_line' id='line_1_16' title="bbox 124 730 894 769; baseline -0.003 -9"><span class='ocrx_word' id='word_1_95' title='bbox 124 736 153 763; x_wconf 87' lang='grc'>2.</span> <span class='ocrx_word' id='word_1_96' title='bbox 170 734 275 764; x_wconf 74' lang='grc' dir='ltr'>Πάντως</span> <span class='ocrx_word' id='word_1_97' title='bbox 288 731 318 760; x_wconf 68' lang='grc' dir='ltr'>δι</span> <span class='ocrx_word' id='word_1_98' title='bbox 342 731 431 764; x_wconf 76' lang='grc' dir='ltr'>οὐδεὶς</span> <span class='ocrx_word' id='word_1_99' title='bbox 455 733 535 763; x_wconf 77' lang='grc' dir='ltr'>οὕτως</span> <span class='ocrx_word' id='word_1_100' title='bbox 549 732 636 769; x_wconf 84' lang='grc' dir='ltr'>ἀγνοεῖ</span> <span class='ocrx_word' id='word_1_101' title='bbox 653 734 695 759; x_wconf 88' lang='grc' dir='ltr'>τὸν</span> <span class='ocrx_word' id='word_1_102' title='bbox 711 730 805 769; x_wconf 76' lang='grc' dir='ltr'>ἄνδρα.</span> <span class='ocrx_word' id='word_1_103' title='bbox 827 732 894 758; x_wconf 81' lang='grc' dir='ltr'>ὥστε</span> 
     </span>
    </p>
   </div>
   <div class='ocr_carea' id='block_1_17' title="bbox 87 777 893 816">
    <p class='ocr_par' dir='ltr' id='par_1_17' title="bbox 87 777 893 816">
     <span class='ocr_line' id='line_1_17' title="bbox 87 777 893 816; baseline -0.005 -10"><span class='ocrx_word' id='word_1_104' title='bbox 87 781 150 816; x_wconf 82' lang='grc' dir='ltr'>περὶ</span> <span class='ocrx_word' id='word_1_105' title='bbox 171 779 253 805; x_wconf 68' lang='grc' dir='ltr'>αὐτοῦ</span> <span class='ocrx_word' id='word_1_106' title='bbox 272 788 298 804; x_wconf 89' lang='grc' dir='ltr'>τι</span> <span class='ocrx_word' id='word_1_107' title='bbox 313 782 363 804; x_wconf 84' lang='grc' dir='ltr'>τῶν</span> <span class='ocrx_word' id='word_1_108' title='bbox 388 777 508 814; x_wconf 79' lang='grc' dir='ltr'>ἀπρεπῶν</span> <span class='ocrx_word' id='word_1_109' title='bbox 524 777 672 812; x_wconf 74' lang='grc' dir='ltr'>ὑπολαϐεῖν,</span> <span class='ocrx_word' id='word_1_110' title='bbox 700 778 734 809; x_wconf 86' lang='grc' dir='ltr'>ὡς</span> <span class='ocrx_word' id='word_1_111' title='bbox 761 777 823 814; x_wconf 76' lang='grc' dir='ltr'>ἄρα,</span> <span class='ocrx_word' id='word_1_112' title='bbox 843 780 893 803; x_wconf 85' lang='grc' dir='ltr'>τῶν</span> 
     </span>
    </p>
   </div>
   <div class='ocr_carea' id='block_1_18' title="bbox 88 822 888 860">
    <p class='ocr_par' dir='ltr' id='par_1_18' title="bbox 88 822 888 860">
     <span class='ocr_line' id='line_1_18' title="bbox 88 822 888 860; baseline -0.001 -11"><span class='ocrx_word' id='word_1_113' title='bbox 88 824 236 860; x_wconf 78' lang='grc' dir='ltr'>χρημάτων</span> <span class='ocrx_word' id='word_1_114' title='bbox 264 824 458 860; x_wconf 74' lang='grc' dir='ltr'>περιεχόμενος,</span> <span class='ocrx_word' id='word_1_115' title='bbox 480 822 677 858; x_wconf 69' lang='grc' dir='ltr'>σχηματίζει-αι</span> <span class='ocrx_word' id='word_1_116' title='bbox 706 823 741 848; x_wconf 82' lang='grc' dir='ltr'>τὰ</span> <span class='ocrx_word' id='word_1_117' title='bbox 767 824 888 848; x_wconf 84' lang='grc' dir='ltr'>τοιαῦτα.</span> 
     </span>
    </p>
   </div>
   <div class='ocr_carea' id='block_1_19' title="bbox 89 863 890 903">
    <p class='ocr_par' dir='ltr' id='par_1_19' title="bbox 89 863 890 903">
     <span class='ocr_line' id='line_1_19' title="bbox 89 863 890 903; baseline -0.004 -10"><span class='ocrx_word' id='word_1_118' title='bbox 89 867 213 903; x_wconf 75' lang='grc' dir='ltr'>Ἐγγὺθεν</span> <span class='ocrx_word' id='word_1_119' title='bbox 228 867 277 903; x_wconf 83' lang='grc' dir='ltr'>γὰρ</span> <span class='ocrx_word' id='word_1_120' title='bbox 305 871 352 898; x_wconf 87' lang='grc' dir='ltr'>τῆς</span> <span class='ocrx_word' id='word_1_121' title='bbox 377 866 581 903; x_wconf 75' lang='grc' dir='ltr'>ἐλευθεριότητος</span> <span class='ocrx_word' id='word_1_122' title='bbox 609 866 689 892; x_wconf 78' lang='grc' dir='ltr'>αὐτοῦ</span> <span class='ocrx_word' id='word_1_123' title='bbox 714 867 729 895; x_wconf 86' lang='grc' dir='ltr'>ἡ</span> <span class='ocrx_word' id='word_1_124' title='bbox 747 863 890 896; x_wconf 71' lang='grc' dir='ltr'>ἀπόδειξις.</span> 
     </span>
    </p>
   </div>
   <div class='ocr_carea' id='block_1_20' title="bbox 952 286 1778 322">
    <p class='ocr_par' dir='ltr' id='par_1_20' title="bbox 952 286 1778 322">
     <span class='ocr_line' id='line_1_20' title="bbox 952 286 1778 322; baseline 0.002 -9"><span class='ocrx_word' id='word_1_125' title='bbox 952 287 1012 313; x_wconf 84' lang='lat' dir='ltr'>tem</span> <span class='ocrx_word' id='word_1_126' title='bbox 1027 294 1062 313; x_wconf 86' lang='lat' dir='ltr'>ex</span> <span class='ocrx_word' id='word_1_127' title='bbox 1078 286 1249 314; x_wconf 84' lang='lat' dir='ltr'>forensibus</span> <span class='ocrx_word' id='word_1_128' title='bbox 1272 286 1448 314; x_wconf 87' lang='lat' dir='ltr'>hominibus</span> <span class='ocrx_word' id='word_1_129' title='bbox 1464 287 1653 322; x_wconf 80' lang='lat' dir='ltr'>negotiorum</span> <span class='ocrx_word' id='word_1_130' title='bbox 1672 287 1778 315; x_wconf 71' lang='lat' dir='ltr'>moles.</span> 
     </span>
    </p>
   </div>
   <div class='ocr_carea' id='block_1_21' title="bbox 953 329 1780 366">
    <p class='ocr_par' dir='ltr' id='par_1_21' title="bbox 953 329 1780 366">
     <span class='ocr_line' id='line_1_21' title="bbox 953 329 1780 366; baseline 0.002 -8"><span class='ocrx_word' id='word_1_131' title='bbox 953 329 1141 366; x_wconf 82' lang='lat' dir='ltr'>Quapropter</span> <span class='ocrx_word' id='word_1_132' title='bbox 1154 331 1185 359; x_wconf 86' lang='lat' dir='ltr'><strong>in</strong></span> <span class='ocrx_word' id='word_1_133' title='bbox 1196 331 1331 359; x_wconf 89' lang='lat' dir='ltr'>animum</span> <span class='ocrx_word' id='word_1_134' title='bbox 1350 331 1439 359; x_wconf 86' lang='lat' dir='ltr'>subiit</span> <span class='ocrx_word' id='word_1_135' title='bbox 1451 331 1514 359; x_wconf 77' lang='lat' dir='ltr'>haec</span> <span class='ocrx_word' id='word_1_136' title='bbox 1528 332 1632 360; x_wconf 85' lang='lat' dir='ltr'>omnia</span> <span class='ocrx_word' id='word_1_137' title='bbox 1646 334 1701 360; x_wconf 66' lang='lat' dir='ltr'>tum</span> <span class='ocrx_word' id='word_1_138' title='bbox 1717 340 1780 360; x_wconf 88' lang='lat' dir='ltr'>om-</span> 
     </span>
    </p>
   </div>
   <div class='ocr_carea' id='block_1_22' title="bbox 951 373 1778 411">
    <p class='ocr_par' dir='ltr' id='par_1_22' title="bbox 951 373 1778 411">
     <span class='ocr_line' id='line_1_22' title="bbox 951 373 1778 411; baseline 0.004 -10"><span class='ocrx_word' id='word_1_139' title='bbox 951 373 1024 402; x_wconf 92' lang='lat' dir='ltr'>nino</span> <span class='ocrx_word' id='word_1_140' title='bbox 1038 375 1184 404; x_wconf 88' lang='lat' dir='ltr'>laudabili</span> <span class='ocrx_word' id='word_1_141' title='bbox 1196 375 1336 411; x_wconf 87' lang='lat' dir='ltr'>probitati</span> <span class='ocrx_word' id='word_1_142' title='bbox 1350 375 1492 410; x_wconf 82' lang='lat' dir='ltr'>indicare,</span> <span class='ocrx_word' id='word_1_143' title='bbox 1510 377 1542 403; x_wconf 90' lang='lat' dir='ltr'>ut</span> <span class='ocrx_word' id='word_1_144' title='bbox 1560 378 1589 403; x_wconf 88' lang='lat' dir='ltr'>et</span> <span class='ocrx_word' id='word_1_145' title='bbox 1611 376 1710 404; x_wconf 91' lang='lat' dir='ltr'>virum</span> <span class='ocrx_word' id='word_1_146' title='bbox 1725 377 1778 404; x_wconf 93' lang='lat' dir='ltr'>ho-</span> 
     </span>
    </p>
   </div>
   <div class='ocr_carea' id='block_1_23' title="bbox 950 420 1778 456">
    <p class='ocr_par' dir='ltr' id='par_1_23' title="bbox 950 420 1778 456">
     <span class='ocr_line' id='line_1_23' title="bbox 950 420 1778 456; baseline 0.001 -9"><span class='ocrx_word' id='word_1_147' title='bbox 950 420 1127 456; x_wconf 88' lang='lat' dir='ltr'>norans,qui</span> <span class='ocrx_word' id='word_1_148' title='bbox 1143 420 1195 448; x_wconf 91' lang='lat' dir='ltr'>tibi</span> <span class='ocrx_word' id='word_1_149' title='bbox 1203 420 1388 456; x_wconf 82' lang='lat' dir='ltr'>jampridem</span> <span class='ocrx_word' id='word_1_150' title='bbox 1403 422 1492 448; x_wconf 90' lang='lat' dir='ltr'>notus</span> <span class='ocrx_word' id='word_1_151' title='bbox 1506 422 1562 455; x_wconf 82' lang='lat' dir='ltr'>est,</span> <span class='ocrx_word' id='word_1_152' title='bbox 1573 422 1600 448; x_wconf 88' lang='lat' dir='ltr'>et</span> <span class='ocrx_word' id='word_1_153' title='bbox 1617 421 1778 449; x_wconf 88' lang='lat' dir='ltr'>Dominum</span> 
     </span>
    </p>
   </div>
   <div class='ocr_carea' id='block_1_24' title="bbox 951 463 1777 501">
    <p class='ocr_par' dir='ltr' id='par_1_24' title="bbox 951 463 1777 501">
     <span class='ocr_line' id='line_1_24' title="bbox 951 463 1777 501; baseline 0.001 -10"><span class='ocrx_word' id='word_1_154' title='bbox 951 463 1187 501; x_wconf 84' lang='lat' dir='ltr'>gloriﬁcans,qui</span> <span class='ocrx_word' id='word_1_155' title='bbox 1202 464 1232 492; x_wconf 90' lang='lat' dir='ltr'>in</span> <span class='ocrx_word' id='word_1_156' title='bbox 1249 472 1279 492; x_wconf 91' lang='lat' dir='ltr'>se</span> <span class='ocrx_word' id='word_1_157' title='bbox 1295 463 1417 500; x_wconf 80' lang='lat' dir='ltr'>suscipit</span> <span class='ocrx_word' id='word_1_158' title='bbox 1431 472 1498 500; x_wconf 78' lang='lat' dir='ltr'>quae</span> <span class='ocrx_word' id='word_1_159' title='bbox 1515 464 1606 492; x_wconf 78' lang='lat' dir='ltr'>servis</span> <span class='ocrx_word' id='word_1_160' title='bbox 1618 465 1680 492; x_wconf 88' lang='lat' dir='ltr'>suis</span> <span class='ocrx_word' id='word_1_161' title='bbox 1689 464 1777 498; x_wconf 86' lang='lat' dir='ltr'>ﬁunt,</span> 
     </span>
    </p>
   </div>
   <div class='ocr_carea' id='block_1_25' title="bbox 951 508 1777 544">
    <p class='ocr_par' dir='ltr' id='par_1_25' title="bbox 951 508 1777 544">
     <span class='ocr_line' id='line_1_25' title="bbox 951 508 1777 544; baseline 0.001 -8"><span class='ocrx_word' id='word_1_162' title='bbox 951 510 979 535; x_wconf 86' lang='lat' dir='ltr'>et</span> <span class='ocrx_word' id='word_1_163' title='bbox 989 508 1135 536; x_wconf 83' lang='lat' dir='ltr'><strong>honorem</strong></span> <span class='ocrx_word' id='word_1_164' title='bbox 1142 508 1230 536; x_wconf 91' lang='lat' dir='ltr'>nobis</span> <span class='ocrx_word' id='word_1_165' title='bbox 1236 508 1417 544; x_wconf 89' lang='lat' dir='ltr'>habens,qui</span> <span class='ocrx_word' id='word_1_166' title='bbox 1424 508 1533 536; x_wconf 81' lang='lat' dir='ltr'>eximio</span> <span class='ocrx_word' id='word_1_167' title='bbox 1539 509 1674 544; x_wconf 87' lang='lat' dir='ltr'>quodam</span> <span class='ocrx_word' id='word_1_168' title='bbox 1684 509 1777 537; x_wconf 90' lang='lat' dir='ltr'>modo</span> 
     </span>
    </p>
   </div>
   <div class='ocr_carea' id='block_1_26' title="bbox 950 552 1776 588">
    <p class='ocr_par' dir='ltr' id='par_1_26' title="bbox 950 552 1776 588">
     <span class='ocr_line' id='line_1_26' title="bbox 950 552 1776 588; baseline 0.001 -8"><span class='ocrx_word' id='word_1_169' title='bbox 950 552 993 580; x_wconf 89' lang='lat' dir='ltr'>tui</span> <span class='ocrx_word' id='word_1_170' title='bbox 1008 561 1125 588; x_wconf 88' lang='lat' dir='ltr'>sumus,</span> <span class='ocrx_word' id='word_1_171' title='bbox 1146 561 1215 581; x_wconf 92' lang='lat' dir='ltr'>cum</span> <span class='ocrx_word' id='word_1_172' title='bbox 1238 561 1275 581; x_wconf 88' lang='lat' dir='ltr'>ea</span> <span class='ocrx_word' id='word_1_173' title='bbox 1289 561 1357 587; x_wconf 82' lang='lat' dir='ltr'>quae</span> <span class='ocrx_word' id='word_1_174' title='bbox 1373 553 1563 587; x_wconf 82' lang='lat' dir='ltr'><strong>convenient,</strong></span> <span class='ocrx_word' id='word_1_175' title='bbox 1579 553 1616 580; x_wconf 89' lang='lat' dir='ltr'>de</span> <span class='ocrx_word' id='word_1_176' title='bbox 1630 553 1688 581; x_wconf 87' lang='lat' dir='ltr'>hoc</span> <span class='ocrx_word' id='word_1_177' title='bbox 1712 553 1776 581; x_wconf 83' lang='lat' dir='ltr'>viro</span> 
     </span>
    </p>
   </div>
   <div class='ocr_carea' id='block_1_27' title="bbox 950 596 1776 633">
    <p class='ocr_par' dir='ltr' id='par_1_27' title="bbox 950 596 1776 633">
     <span class='ocr_line' id='line_1_27' title="bbox 950 596 1776 633; baseline 0.001 -9"><span class='ocrx_word' id='word_1_178' title='bbox 950 596 1033 625; x_wconf 88' lang='lat' dir='ltr'>dicas</span> <span class='ocrx_word' id='word_1_179' title='bbox 1049 597 1154 626; x_wconf 87' lang='lat' dir='ltr'>Comiti</span> <span class='ocrx_word' id='word_1_180' title='bbox 1168 598 1389 632; x_wconf 79' lang='lat' dir='ltr'>thesaurorum,</span> <span class='ocrx_word' id='word_1_181' title='bbox 1402 599 1465 625; x_wconf 91' lang='lat' dir='ltr'>tum</span> <span class='ocrx_word' id='word_1_182' title='bbox 1479 597 1607 625; x_wconf 91' lang='lat' dir='ltr'>modum</span> <span class='ocrx_word' id='word_1_183' title='bbox 1625 597 1776 633; x_wconf 79' lang='lat' dir='ltr'>excogites</span> 
     </span>
    </p>
   </div>
   <div class='ocr_carea' id='block_1_28' title="bbox 949 641 1777 678">
    <p class='ocr_par' dir='ltr' id='par_1_28' title="bbox 949 641 1777 678">
     <span class='ocr_line' id='line_1_28' title="bbox 949 641 1777 678; baseline 0 -9"><span class='ocrx_word' id='word_1_184' title='bbox 949 649 1070 669; x_wconf 85' lang='lat' dir='ltr'>summa</span> <span class='ocrx_word' id='word_1_185' title='bbox 1088 643 1173 677; x_wconf 74' lang='lat'><strong>112</strong></span> <span class='ocrx_word' id='word_1_186' title='bbox 1189 645 1239 669; x_wconf 90' lang='lat' dir='ltr'>tua</span> <span class='ocrx_word' id='word_1_187' title='bbox 1253 641 1424 678; x_wconf 83' lang='lat' dir='ltr'>prudentia,</span> <span class='ocrx_word' id='word_1_188' title='bbox 1441 649 1502 678; x_wconf 91' lang='lat' dir='ltr'>quo</span> <span class='ocrx_word' id='word_1_189' title='bbox 1522 641 1560 669; x_wconf 89' lang='lat' dir='ltr'>ab</span> <span class='ocrx_word' id='word_1_190' title='bbox 1583 641 1646 669; x_wconf 90' lang='lat' dir='ltr'>istis</span> <span class='ocrx_word' id='word_1_191' title='bbox 1674 643 1777 670; x_wconf 89' lang='lat' dir='ltr'>contu-</span> 
     </span>
    </p>
   </div>
   <div class='ocr_carea' id='block_1_29' title="bbox 948 685 1658 714">
    <p class='ocr_par' dir='ltr' id='par_1_29' title="bbox 948 685 1658 714">
     <span class='ocr_line' id='line_1_29' title="bbox 948 685 1658 714; baseline 0 -1"><span class='ocrx_word' id='word_1_192' title='bbox 948 685 1081 714; x_wconf 84' lang='lat' dir='ltr'>meliosis</span> <span class='ocrx_word' id='word_1_193' title='bbox 1096 688 1124 714; x_wconf 91' lang='lat' dir='ltr'>et</span> <span class='ocrx_word' id='word_1_194' title='bbox 1137 685 1333 714; x_wconf 83' lang='lat' dir='ltr'>intolerandis</span> <span class='ocrx_word' id='word_1_195' title='bbox 1346 686 1490 714; x_wconf 87' lang='lat' dir='ltr'>molestiis</span> <span class='ocrx_word' id='word_1_196' title='bbox 1504 685 1658 714; x_wconf 82' lang='lat' dir='ltr'>liberetur.</span> 
     </span>
    </p>
   </div>
   <div class='ocr_carea' id='block_1_30' title="bbox 983 730 1777 765">
    <p class='ocr_par' dir='ltr' id='par_1_30' title="bbox 983 730 1777 765">
     <span class='ocr_line' id='line_1_30' title="bbox 983 730 1777 765; baseline 0.001 -8"><span class='ocrx_word' id='word_1_197' title='bbox 983 732 1009 757; x_wconf 82' lang='lat'>2.</span> <span class='ocrx_word' id='word_1_198' title='bbox 1026 730 1155 759; x_wconf 87' lang='lat' dir='ltr'><strong>Omnino</strong></span> <span class='ocrx_word' id='word_1_199' title='bbox 1170 733 1270 758; x_wconf 89' lang='lat' dir='ltr'>autem</span> <span class='ocrx_word' id='word_1_200' title='bbox 1286 738 1376 758; x_wconf 90' lang='lat' dir='ltr'>nemo</span> <span class='ocrx_word' id='word_1_201' title='bbox 1402 730 1499 758; x_wconf 86' lang='lat' dir='ltr'>virum</span> <span class='ocrx_word' id='word_1_202' title='bbox 1523 730 1564 758; x_wconf 89' lang='lat' dir='ltr'>ita</span> <span class='ocrx_word' id='word_1_203' title='bbox 1588 730 1717 765; x_wconf 79' lang='lat' dir='ltr'>ignorat,</span> <span class='ocrx_word' id='word_1_204' title='bbox 1744 731 1777 758; x_wconf 86' lang='lat' dir='ltr'>ut</span> 
     </span>
    </p>
   </div>
   <div class='ocr_carea' id='block_1_31' title="bbox 948 774 1776 811">
    <p class='ocr_par' dir='ltr' id='par_1_31' title="bbox 948 774 1776 811">
     <span class='ocr_line' id='line_1_31' title="bbox 948 774 1776 811; baseline 0 -8"><span class='ocrx_word' id='word_1_205' title='bbox 948 774 1063 811; x_wconf 86' lang='lat' dir='ltr'>aliquid</span> <span class='ocrx_word' id='word_1_206' title='bbox 1070 775 1108 803; x_wconf 90' lang='lat' dir='ltr'>de</span> <span class='ocrx_word' id='word_1_207' title='bbox 1114 783 1149 803; x_wconf 93' lang='lat' dir='ltr'>eo</span> <span class='ocrx_word' id='word_1_208' title='bbox 1160 775 1327 811; x_wconf 80' lang='lat' dir='ltr'>suspicetur</span> <span class='ocrx_word' id='word_1_209' title='bbox 1334 775 1570 811; x_wconf 85' lang='lat' dir='ltr'>indecori,quasi</span> <span class='ocrx_word' id='word_1_210' title='bbox 1578 775 1776 811; x_wconf 82' lang='lat' dir='ltr'>pecuniarum</span> 
     </span>
    </p>
   </div>
   <div class='ocr_carea' id='block_1_32' title="bbox 947 819 1775 856">
    <p class='ocr_par' dir='ltr' id='par_1_32' title="bbox 947 819 1775 856">
     <span class='ocr_line' id='line_1_32' title="bbox 947 819 1775 856; baseline 0 -9"><span class='ocrx_word' id='word_1_211' title='bbox 947 826 1050 847; x_wconf 84' lang='lat' dir='ltr'>amore</span> <span class='ocrx_word' id='word_1_212' title='bbox 1072 819 1135 847; x_wconf 79' lang='lat' dir='ltr'>haec</span> <span class='ocrx_word' id='word_1_213' title='bbox 1158 819 1264 856; x_wconf 84' lang='lat' dir='ltr'>ﬁngat.</span> <span class='ocrx_word' id='word_1_214' title='bbox 1281 821 1328 848; x_wconf 87' lang='lat' dir='ltr'>Est</span> <span class='ocrx_word' id='word_1_215' title='bbox 1340 820 1421 848; x_wconf 88' lang='lat' dir='ltr'>enim</span> <span class='ocrx_word' id='word_1_216' title='bbox 1435 820 1466 848; x_wconf 90' lang='lat' dir='ltr'>in</span> <span class='ocrx_word' id='word_1_217' title='bbox 1486 822 1630 856; x_wconf 89' lang='lat' dir='ltr'>promptu</span> <span class='ocrx_word' id='word_1_218' title='bbox 1644 819 1775 848; x_wconf 88' lang='lat' dir='ltr'>liberalis</span> 
     </span>
    </p>
   </div>
   <div class='ocr_carea' id='block_1_33' title="bbox 946 863 1775 900">
    <p class='ocr_par' dir='ltr' id='par_1_33' title="bbox 946 863 1775 900">
     <span class='ocr_line' id='line_1_33' title="bbox 946 863 1775 900; baseline 0.001 -9"><span class='ocrx_word' id='word_1_219' title='bbox 946 863 1024 891; x_wconf 88' lang='lat' dir='ltr'>illius</span> <span class='ocrx_word' id='word_1_220' title='bbox 1047 864 1140 892; x_wconf 90' lang='lat' dir='ltr'>animi</span> <span class='ocrx_word' id='word_1_221' title='bbox 1155 864 1383 893; x_wconf 80' lang='lat' dir='ltr'>demonstratio.</span> <span class='ocrx_word' id='word_1_222' title='bbox 1407 864 1492 897; x_wconf 85' lang='lat' dir='ltr'>Quod</span> <span class='ocrx_word' id='word_1_223' title='bbox 1515 865 1595 892; x_wconf 89' lang='lat' dir='ltr'>enim</span> <span class='ocrx_word' id='word_1_224' title='bbox 1621 864 1775 900; x_wconf 88' lang='lat' dir='ltr'>reliquum</span> 
     </span>
    </p>
   </div>
   <div class='ocr_carea' id='block_1_34' title="bbox 87 908 890 946">
    <p class='ocr_par' dir='ltr' id='par_1_34' title="bbox 87 910 890 946">
     <span class='ocr_line' id='line_1_34' title="bbox 87 910 890 946; baseline -0.002 -8"><span class='ocrx_word' id='word_1_225' title='bbox 87 910 186 942; x_wconf 79' lang='grc' dir='ltr'>Ἡδέως</span> <span class='ocrx_word' id='word_1_226' title='bbox 212 911 345 943; x_wconf 79' lang='grc' dir='ltr'>ἐξίσταται</span> <span class='ocrx_word' id='word_1_227' title='bbox 366 915 415 938; x_wconf 78' lang='grc' dir='ltr'>τῶν</span> <span class='ocrx_word' id='word_1_228' title='bbox 434 911 560 946; x_wconf 74' lang='grc' dir='ltr'>λειψάνων</span> <span class='ocrx_word' id='word_1_229' title='bbox 577 915 625 942; x_wconf 87' lang='grc' dir='ltr'>τῆς</span> <span class='ocrx_word' id='word_1_230' title='bbox 637 911 729 942; x_wconf 72' lang='grc' dir='ltr'>οὐσίας</span> <span class='ocrx_word' id='word_1_231' title='bbox 758 910 837 936; x_wconf 74' lang='grc' dir='ltr'>αὐτοῦ</span> <span class='ocrx_word' id='word_1_232' title='bbox 856 914 890 946; x_wconf 72' lang='grc' dir='ltr'>τῷ</span> 
     </span>
    </p>
   </div>
   <div class='ocr_carea' id='block_1_35' title="bbox 951 908 1773 946">
    <p class='ocr_par' dir='ltr' id='par_1_35' title="bbox 951 908 1773 944">
     <span class='ocr_line' id='line_1_35' title="bbox 951 908 1773 944; baseline 0 -7"><span class='ocrx_word' id='word_1_233' title='bbox 951 910 991 936; x_wconf 77' lang='lat' dir='ltr'>est</span> <span class='ocrx_word' id='word_1_234' title='bbox 1013 908 1050 936; x_wconf 90' lang='lat' dir='ltr'>de</span> <span class='ocrx_word' id='word_1_235' title='bbox 1062 909 1181 937; x_wconf 74' lang='lat' dir='ltr'>Caesarii</span> <span class='ocrx_word' id='word_1_236' title='bbox 1195 909 1294 943; x_wconf 90' lang='lat' dir='ltr'>bonis,</span> <span class='ocrx_word' id='word_1_237' title='bbox 1308 909 1338 937; x_wconf 89' lang='lat' dir='ltr'>id</span> <span class='ocrx_word' id='word_1_238' title='bbox 1361 909 1489 937; x_wconf 88' lang='lat' dir='ltr'>libenter</span> <span class='ocrx_word' id='word_1_239' title='bbox 1504 909 1582 937; x_wconf 88' lang='lat' dir='ltr'>cedit</span> <span class='ocrx_word' id='word_1_240' title='bbox 1606 909 1724 944; x_wconf 76' lang='lat' dir='ltr'>aerario,</span> <span class='ocrx_word' id='word_1_241' title='bbox 1740 911 1773 937; x_wconf 90' lang='lat' dir='ltr'>ut</span> 
     </span>
    </p>
   </div>
   <div class='ocr_carea' id='block_1_36' title="bbox 91 954 891 993">
    <p class='ocr_par' dir='ltr' id='par_1_36' title="bbox 91 954 891 993">
     <span class='ocr_line' id='line_1_36' title="bbox 91 954 891 993; baseline -0.003 -10"><span class='ocrx_word' id='word_1_242' title='bbox 91 959 214 993; x_wconf 75' lang='grc' dir='ltr'>ταμιείῳ·</span> <span class='ocrx_word' id='word_1_243' title='bbox 229 957 296 983; x_wconf 75' lang='grc' dir='ltr'>ὥστε</span> <span class='ocrx_word' id='word_1_244' title='bbox 307 954 491 992; x_wconf 78' lang='grc' dir='ltr'>ῦποδεχθῆναι</span> <span class='ocrx_word' id='word_1_245' title='bbox 510 957 554 993; x_wconf 68' lang='grc' dir='ltr'>μὶν</span> <span class='ocrx_word' id='word_1_246' title='bbox 571 956 650 982; x_wconf 75' lang='grc' dir='ltr'>αὐτοῦ</span> <span class='ocrx_word' id='word_1_247' title='bbox 670 958 717 985; x_wconf 80' lang='grc' dir='ltr'>τὴν</span> <span class='ocrx_word' id='word_1_248' title='bbox 732 955 835 990; x_wconf 73' lang='grc' dir='ltr'>οὐσίαν,</span> <span class='ocrx_word' id='word_1_249' title='bbox 849 955 891 981; x_wconf 84' lang='grc' dir='ltr'>τὸν</span> 
     </span>
    </p>
   </div>
   <div class='ocr_carea' id='block_1_37' title="bbox 93 999 892 1038">
    <p class='ocr_par' dir='ltr' id='par_1_37' title="bbox 93 999 892 1038">
     <span class='ocr_line' id='line_1_37' title="bbox 93 999 892 1038; baseline -0.003 -10"><span class='ocrx_word' id='word_1_250' title='bbox 93 999 124 1028; x_wconf 70' lang='grc' dir='ltr'>δι</span> <span class='ocrx_word' id='word_1_251' title='bbox 156 1003 297 1038; x_wconf 74' lang='grc' dir='ltr'>συνήγορον</span> <span class='ocrx_word' id='word_1_252' title='bbox 317 1004 363 1027; x_wconf 83' lang='grc' dir='ltr'>τοῦ</span> <span class='ocrx_word' id='word_1_253' title='bbox 382 1002 501 1036; x_wconf 80' lang='grc' dir='ltr'>ταμιείου</span> <span class='ocrx_word' id='word_1_254' title='bbox 528 1000 634 1037; x_wconf 75' lang='grc' dir='ltr'>λέγοντα</span> <span class='ocrx_word' id='word_1_255' title='bbox 662 1000 718 1036; x_wconf 84' lang='grc'>(74)</span> <span class='ocrx_word' id='word_1_256' title='bbox 747 1001 810 1037; x_wconf 89' lang='grc' dir='ltr'>πρὸς</span> <span class='ocrx_word' id='word_1_257' title='bbox 834 1001 892 1030; x_wconf 82' lang='grc' dir='ltr'>τοὺς</span> 
     </span>
    </p>
   </div>
   <div class='ocr_carea' id='block_1_38' title="bbox 89 1043 890 1082">
    <p class='ocr_par' dir='ltr' id='par_1_38' title="bbox 89 1043 890 1082">
     <span class='ocr_line' id='line_1_38' title="bbox 89 1043 890 1082; baseline -0.002 -10"><span class='ocrx_word' id='word_1_258' title='bbox 89 1046 286 1082; x_wconf 66' lang='grc' dir='ltr'>ἐπιφυομένους,</span> <span class='ocrx_word' id='word_1_259' title='bbox 306 1047 350 1071; x_wconf 87' lang='grc' dir='ltr'>καὶ</span> <span class='ocrx_word' id='word_1_260' title='bbox 374 1044 493 1072; x_wconf 80' lang='grc' dir='ltr'>ἀπαιτεῖν</span> <span class='ocrx_word' id='word_1_261' title='bbox 525 1047 573 1076; x_wconf 78' lang='grc' dir='ltr'>τὰς</span> <span class='ocrx_word' id='word_1_262' title='bbox 596 1043 754 1078; x_wconf 72' lang='grc' dir='ltr'>ἀποδείξεις,</span> <span class='ocrx_word' id='word_1_263' title='bbox 778 1043 825 1071; x_wconf 81' lang='grc' dir='ltr'>διὰ</span> <span class='ocrx_word' id='word_1_264' title='bbox 862 1045 890 1070; x_wconf 84' lang='grc' dir='ltr'>τὸ</span> 
     </span>
    </p>
   </div>
   <div class='ocr_carea' id='block_1_39' title="bbox 88 1087 889 1128">
    <p class='ocr_par' dir='ltr' id='par_1_39' title="bbox 88 1087 889 1128">
     <span class='ocr_line' id='line_1_39' title="bbox 88 1087 889 1128; baseline -0.002 -11"><span class='ocrx_word' id='word_1_265' title='bbox 88 1091 213 1128; x_wconf 73' lang='grc' dir='ltr'>ἡμέτερον</span> <span class='ocrx_word' id='word_1_266' title='bbox 241 1092 304 1127; x_wconf 79' lang='grc' dir='ltr'>πρὸς</span> <span class='ocrx_word' id='word_1_267' title='bbox 317 1091 352 1116; x_wconf 80' lang='grc' dir='ltr'>τὰ</span> <span class='ocrx_word' id='word_1_268' title='bbox 374 1094 484 1116; x_wconf 86' lang='grc' dir='ltr'>τοιαῦτα</span> <span class='ocrx_word' id='word_1_269' title='bbox 504 1087 695 1119; x_wconf 57' lang='grc' dir='ltr'>ἀνεπιτήδειον.</span> <span class='ocrx_word' id='word_1_270' title='bbox 711 1088 814 1120; x_wconf 78' lang='grc' dir='ltr'>Ἔξεστι</span> <span class='ocrx_word' id='word_1_271' title='bbox 839 1090 889 1126; x_wconf 84' lang='grc' dir='ltr'>γὰρ</span> 
     </span>
    </p>
   </div>
   <div class='ocr_carea' id='block_1_40' title="bbox 87 1131 892 1171">
    <p class='ocr_par' dir='ltr' id='par_1_40' title="bbox 87 1131 892 1171">
     <span class='ocr_line' id='line_1_40' title="bbox 87 1131 892 1171; baseline -0.001 -11"><span class='ocrx_word' id='word_1_272' title='bbox 87 1136 180 1171; x_wconf 79' lang='grc' dir='ltr'>μαθεῖν</span> <span class='ocrx_word' id='word_1_273' title='bbox 203 1139 235 1171; x_wconf 74' lang='grc' dir='ltr'>τῇ</span> <span class='ocrx_word' id='word_1_274' title='bbox 256 1134 400 1163; x_wconf 82' lang='grc' dir='ltr'>τελείοτητί</span> <span class='ocrx_word' id='word_1_275' title='bbox 422 1144 481 1168; x_wconf 82' lang='grc' dir='ltr'>σου,</span> <span class='ocrx_word' id='word_1_276' title='bbox 496 1134 547 1168; x_wconf 69' lang='grc' dir='ltr'>ὅτι,</span> <span class='ocrx_word' id='word_1_277' title='bbox 573 1134 616 1164; x_wconf 80' lang='grc' dir='ltr'>ἓως</span> <span class='ocrx_word' id='word_1_278' title='bbox 646 1133 704 1165; x_wconf 78' lang='grc' dir='ltr'>ἐξῆν</span> <span class='ocrx_word' id='word_1_279' title='bbox 721 1134 786 1168; x_wconf 81' lang='grc'>(75),</span> <span class='ocrx_word' id='word_1_280' title='bbox 804 1131 892 1165; x_wconf 75' lang='grc' dir='ltr'>οὐδεὶς</span> 
     </span>
    </p>
   </div>
   <div class='ocr_carea' id='block_1_41' title="bbox 88 1178 890 1215">
    <p class='ocr_par' dir='ltr' id='par_1_41' title="bbox 88 1178 890 1215">
     <span class='ocr_line' id='line_1_41' title="bbox 88 1178 890 1215; baseline -0.001 -10"><span class='ocrx_word' id='word_1_281' title='bbox 88 1178 201 1208; x_wconf 70' lang='grc' dir='ltr'>ἀπῆλθεν</span> <span class='ocrx_word' id='word_1_282' title='bbox 225 1178 367 1215; x_wconf 80' lang='grc' dir='ltr'>ἀποτυχων</span> <span class='ocrx_word' id='word_1_283' title='bbox 388 1179 422 1205; x_wconf 84' lang='grc' dir='ltr'>ὧν</span> <span class='ocrx_word' id='word_1_284' title='bbox 438 1178 567 1213; x_wconf 73' lang='grc' dir='ltr'>ἐϐούλετο,</span> <span class='ocrx_word' id='word_1_285' title='bbox 583 1178 646 1205; x_wconf 78' lang='grc' dir='ltr'>ἀλλὰ</span> <span class='ocrx_word' id='word_1_286' title='bbox 665 1180 694 1205; x_wconf 84' lang='grc' dir='ltr'>τὸ</span> <span class='ocrx_word' id='word_1_287' title='bbox 717 1178 890 1215; x_wconf 73' lang='grc' dir='ltr'>ἐπιζητούμε-</span> 
     </span>
    </p>
   </div>
   <div class='ocr_carea' id='block_1_42' title="bbox 85 1223 890 1260">
    <p class='ocr_par' dir='ltr' id='par_1_42' title="bbox 85 1223 890 1260">
     <span class='ocr_line' id='line_1_42' title="bbox 85 1223 890 1260; baseline -0.001 -10"><span class='ocrx_word' id='word_1_288' title='bbox 85 1234 128 1250; x_wconf 89' lang='grc' dir='ltr'>νον</span> <span class='ocrx_word' id='word_1_289' title='bbox 155 1223 266 1253; x_wconf 78' lang='grc' dir='ltr'>ἀπονητὶ</span> <span class='ocrx_word' id='word_1_290' title='bbox 285 1224 392 1254; x_wconf 77' lang='grc' dir='ltr'>ἕκαστος</span> <span class='ocrx_word' id='word_1_291' title='bbox 420 1223 561 1260; x_wconf 78' lang='grc' dir='ltr'>ἐκομίσατο</span> <span class='ocrx_word' id='word_1_292' title='bbox 583 1234 589 1240; x_wconf 89' lang='grc'><strong><em>-</em></strong></span> <span class='ocrx_word' id='word_1_293' title='bbox 613 1225 680 1250; x_wconf 80' lang='grc' dir='ltr'>ὥστε</span> <span class='ocrx_word' id='word_1_294' title='bbox 706 1226 751 1250; x_wconf 85' lang='grc' dir='ltr'>καὶ</span> <span class='ocrx_word' id='word_1_295' title='bbox 776 1225 890 1260; x_wconf 82' lang='grc' dir='ltr'>μεταμέ-</span> 
     </span>
    </p>
   </div>
   <div class='ocr_carea' id='block_1_43' title="bbox 85 1267 888 1306">
    <p class='ocr_par' dir='ltr' id='par_1_43' title="bbox 85 1267 888 1306">
     <span class='ocr_line' id='line_1_43' title="bbox 85 1267 888 1306; baseline 0 -12"><span class='ocrx_word' id='word_1_296' title='bbox 85 1268 137 1295; x_wconf 87' lang='grc' dir='ltr'>λειν</span> <span class='ocrx_word' id='word_1_297' title='bbox 152 1269 209 1300; x_wconf 86' lang='grc' dir='ltr'>τόῐς</span> <span class='ocrx_word' id='word_1_298' title='bbox 220 1268 333 1303; x_wconf 78' lang='grc' dir='ltr'>πολλοῖς,</span> <span class='ocrx_word' id='word_1_299' title='bbox 349 1267 420 1294; x_wconf 72' lang='grc' dir='ltr'>διότι</span> <span class='ocrx_word' id='word_1_300' title='bbox 446 1270 481 1304; x_wconf 81' lang='grc' dir='ltr'>μὴ</span> <span class='ocrx_word' id='word_1_301' title='bbox 496 1267 571 1294; x_wconf 87' lang='grc' dir='ltr'>πλέον</span> <span class='ocrx_word' id='word_1_302' title='bbox 586 1270 688 1305; x_wconf 82' lang='grc' dir='ltr'>ᾔτησαν</span> <span class='ocrx_word' id='word_1_303' title='bbox 719 1267 761 1294; x_wconf 75' lang='grc' dir='ltr'>ἀπ’</span> <span class='ocrx_word' id='word_1_304' title='bbox 777 1267 865 1306; x_wconf 79' lang='grc' dir='ltr'>ἀρχῆς</span> <span class='ocrx_word' id='word_1_305' title='bbox 882 1268 888 1276; x_wconf 78' lang='grc'><strong><em>⁸</em></strong></span> 
     </span>
    </p>
   </div>
   <div class='ocr_carea' id='block_1_44' title="bbox 85 1312 889 1350">
    <p class='ocr_par' dir='ltr' id='par_1_44' title="bbox 85 1312 889 1350">
     <span class='ocr_line' id='line_1_44' title="bbox 85 1312 889 1350; baseline 0.001 -11"><span class='ocrx_word' id='word_1_306' title='bbox 85 1313 99 1340; x_wconf 89' lang='grc' dir='ltr'><strong>ὃ</strong></span> <span class='ocrx_word' id='word_1_307' title='bbox 134 1316 180 1340; x_wconf 81' lang='grc' dir='ltr'>καὶ.</span> <span class='ocrx_word' id='word_1_308' title='bbox 207 1313 325 1350; x_wconf 85' lang='grc' dir='ltr'>μάλιστα</span> <span class='ocrx_word' id='word_1_309' title='bbox 356 1313 466 1344; x_wconf 78' lang='grc' dir='ltr'>πολλοὺς</span> <span class='ocrx_word' id='word_1_310' title='bbox 495 1312 601 1342; x_wconf 76' lang='grc' dir='ltr'>ἐποίησε</span> <span class='ocrx_word' id='word_1_311' title='bbox 625 1315 687 1344; x_wconf 82' lang='grc' dir='ltr'>τοὺς</span> <span class='ocrx_word' id='word_1_312' title='bbox 719 1312 889 1350; x_wconf 77' lang='grc' dir='ltr'>ἑπηρεαστάς.</span> 
     </span>
    </p>
   </div>
   <div class='ocr_carea' id='block_1_45' title="bbox 85 1355 889 1395">
    <p class='ocr_par' dir='ltr' id='par_1_45' title="bbox 85 1355 889 1395">
     <span class='ocr_line' id='line_1_45' title="bbox 85 1355 889 1395; baseline -0.001 -11"><span class='ocrx_word' id='word_1_313' title='bbox 85 1360 156 1395; x_wconf 85' lang='grc' dir='ltr'>Πρὸς</span> <span class='ocrx_word' id='word_1_314' title='bbox 170 1357 222 1395; x_wconf 78' lang='grc' dir='ltr'>γὰρ</span> <span class='ocrx_word' id='word_1_315' title='bbox 236 1359 265 1384; x_wconf 84' lang='grc' dir='ltr'>τὸ</span> <span class='ocrx_word' id='word_1_316' title='bbox 284 1362 334 1384; x_wconf 85' lang='grc' dir='ltr'>τῶν</span> <span class='ocrx_word' id='word_1_317' title='bbox 358 1357 538 1395; x_wconf 78' lang='grc' dir='ltr'>προλαϐόντων</span> <span class='ocrx_word' id='word_1_318' title='bbox 567 1355 716 1394; x_wconf 80' lang='grc' dir='ltr'>ὑπόδειγμα</span> <span class='ocrx_word' id='word_1_319' title='bbox 735 1357 889 1395; x_wconf 67' lang='grc' dir='ltr'>ἀφορῶντες)</span> 
     </span>
    </p>
   </div>
   <div class='ocr_carea' id='block_1_46' title="bbox 84 1400 891 1440">
    <p class='ocr_par' dir='ltr' id='par_1_46' title="bbox 84 1400 891 1440">
     <span class='ocr_line' id='line_1_46' title="bbox 84 1400 891 1440; baseline -0.001 -11"><span class='ocrx_word' id='word_1_320' title='bbox 84 1403 160 1433; x_wconf 77' lang='grc' dir='ltr'>ἄλλος</span> <span class='ocrx_word' id='word_1_321' title='bbox 175 1403 250 1429; x_wconf 79' lang='grc' dir='ltr'>ἄλλον</span> <span class='ocrx_word' id='word_1_322' title='bbox 267 1401 425 1438; x_wconf 77' lang='grc' dir='ltr'>διαδέχεται</span> <span class='ocrx_word' id='word_1_323' title='bbox 455 1407 631 1439; x_wconf 75' lang='grc' dir='ltr'>συκοφαντῶν.</span> <span class='ocrx_word' id='word_1_324' title='bbox 662 1404 728 1440; x_wconf 81' lang='grc' dir='ltr'>Πρὸς</span> <span class='ocrx_word' id='word_1_325' title='bbox 743 1400 787 1428; x_wconf 85' lang='grc' dir='ltr'>οὖν</span> <span class='ocrx_word' id='word_1_326' title='bbox 808 1406 891 1429; x_wconf 87' lang='grc' dir='ltr'>ταῦτα</span> 
     </span>
    </p>
   </div>
   <div class='ocr_carea' id='block_1_47' title="bbox 84 1447 889 1484">
    <p class='ocr_par' dir='ltr' id='par_1_47' title="bbox 84 1447 889 1484">
     <span class='ocr_line' id='line_1_47' title="bbox 84 1447 889 1484; baseline 0 -11"><span class='ocrx_word' id='word_1_327' title='bbox 84 1449 172 1474; x_wconf 77' lang='grc' dir='ltr'>πάντα</span> <span class='ocrx_word' id='word_1_328' title='bbox 187 1449 245 1483; x_wconf 80' lang='grc'>(76)</span> <span class='ocrx_word' id='word_1_329' title='bbox 263 1450 310 1477; x_wconf 81' lang='grc' dir='ltr'>τήν</span> <span class='ocrx_word' id='word_1_330' title='bbox 335 1449 383 1476; x_wconf 80' lang='grc' dir='ltr'>σὴν</span> <span class='ocrx_word' id='word_1_331' title='bbox 405 1449 553 1484; x_wconf 82' lang='grc' dir='ltr'>σεμνότητα</span> <span class='ocrx_word' id='word_1_332' title='bbox 566 1447 765 1484; x_wconf 77' lang='grc' dir='ltr'>παρακαλοῦμεν</span> <span class='ocrx_word' id='word_1_333' title='bbox 786 1451 889 1481; x_wconf 66' lang='grc' dir='ltr'>στῆναι,</span> 
     </span>
    </p>
   </div>
   <div class='ocr_carea' id='block_1_48' title="bbox 84 1490 890 1529">
    <p class='ocr_par' dir='ltr' id='par_1_48' title="bbox 84 1490 890 1529">
     <span class='ocr_line' id='line_1_48' title="bbox 84 1490 890 1529; baseline -0.002 -10"><span class='ocrx_word' id='word_1_334' title='bbox 84 1495 131 1519; x_wconf 80' lang='grc' dir='ltr'>καὶ</span> <span class='ocrx_word' id='word_1_335' title='bbox 163 1493 250 1528; x_wconf 72' lang='grc' dir='ltr'>ὥσπερ</span> <span class='ocrx_word' id='word_1_336' title='bbox 279 1501 305 1518; x_wconf 91' lang='grc' dir='ltr'>τι</span> <span class='ocrx_word' id='word_1_337' title='bbox 340 1492 426 1529; x_wconf 83' lang='grc' dir='ltr'>ῥεῦμα</span> <span class='ocrx_word' id='word_1_338' title='bbox 449 1491 570 1527; x_wconf 78' lang='grc' dir='ltr'>ἐπισχεῖν</span> <span class='ocrx_word' id='word_1_339' title='bbox 598 1494 643 1518; x_wconf 76' lang='grc' dir='ltr'>καὶ</span> <span class='ocrx_word' id='word_1_340' title='bbox 674 1490 803 1527; x_wconf 74' lang='grc' dir='ltr'>διακόψαι</span> <span class='ocrx_word' id='word_1_341' title='bbox 841 1495 890 1517; x_wconf 83' lang='grc' dir='ltr'>τῶν</span> 
     </span>
    </p>
   </div>
   <div class='ocr_carea' id='block_1_49' title="bbox 83 1534 890 1573">
    <p class='ocr_par' dir='ltr' id='par_1_49' title="bbox 83 1534 890 1573">
     <span class='ocr_line' id='line_1_49' title="bbox 83 1534 890 1573; baseline -0.002 -9"><span class='ocrx_word' id='word_1_342' title='bbox 83 1541 172 1564; x_wconf 83' lang='grc' dir='ltr'>κακῶν</span> <span class='ocrx_word' id='word_1_343' title='bbox 200 1539 247 1566; x_wconf 81' lang='grc' dir='ltr'>τὴν</span> <span class='ocrx_word' id='word_1_344' title='bbox 275 1539 424 1573; x_wconf 81' lang='grc' dir='ltr'>συνέχειαν.</span> <span class='ocrx_word' id='word_1_345' title='bbox 438 1534 529 1567; x_wconf 75' lang='grc' dir='ltr'>Ὀἶδας</span> <span class='ocrx_word' id='word_1_346' title='bbox 557 1535 586 1563; x_wconf 71' lang='grc' dir='ltr'>δὲ</span> <span class='ocrx_word' id='word_1_347' title='bbox 606 1537 672 1567; x_wconf 85' lang='grc' dir='ltr'>ὅπως</span> <span class='ocrx_word' id='word_1_348' title='bbox 692 1536 837 1573; x_wconf 80' lang='grc' dir='ltr'>βοηθήσεις</span> <span class='ocrx_word' id='word_1_349' title='bbox 855 1540 890 1572; x_wconf 84' lang='grc' dir='ltr'>τῷ</span> 
     </span>
    </p>
   </div>
   <div class='ocr_carea' id='block_1_50' title="bbox 84 1579 924 1622">
    <p class='ocr_par' dir='ltr' id='par_1_50' title="bbox 84 1579 924 1622">
     <span class='ocr_line' id='line_1_50' title="bbox 84 1579 924 1622; baseline -0.002 -14"><span class='ocrx_word' id='word_1_350' title='bbox 84 1582 234 1618; x_wconf 74' lang='grc' dir='ltr'>πράγματι,</span> <span class='ocrx_word' id='word_1_351' title='bbox 254 1582 322 1607; x_wconf 78' lang='grc' dir='ltr'>ὥστε</span> <span class='ocrx_word' id='word_1_352' title='bbox 342 1583 377 1617; x_wconf 77' lang='grc' dir='ltr'>μὴ</span> <span class='ocrx_word' id='word_1_353' title='bbox 395 1581 527 1617; x_wconf 80' lang='grc' dir='ltr'>ἀναμένειν</span> <span class='ocrx_word' id='word_1_354' title='bbox 554 1581 616 1618; x_wconf 81' lang='grc' dir='ltr'>παρ’</span> <span class='ocrx_word' id='word_1_355' title='bbox 635 1581 708 1617; x_wconf 81' lang='grc' dir='ltr'>ἡμῶν</span> <span class='ocrx_word' id='word_1_356' title='bbox 723 1579 890 1617; x_wconf 75' lang='grc' dir='ltr'>διδαχθῆναι</span> <span class='ocrx_word' id='word_1_357' title='bbox 905 1595 924 1622; x_wconf 78' lang='lat' dir='ltr'><strong>C</strong></span> 
     </span>
    </p>
   </div>
   <div class='ocr_carea' id='block_1_51' title="bbox 83 1624 890 1663">
    <p class='ocr_par' dir='ltr' id='par_1_51' title="bbox 83 1624 890 1663">
     <span class='ocr_line' id='line_1_51' title="bbox 83 1624 890 1663; baseline -0.001 -11"><span class='ocrx_word' id='word_1_358' title='bbox 83 1627 129 1652; x_wconf 85' lang='grc' dir='ltr'>τὸν</span> <span class='ocrx_word' id='word_1_359' title='bbox 144 1628 239 1663; x_wconf 77' lang='grc' dir='ltr'>τρόπον</span> <span class='ocrx_word' id='word_1_360' title='bbox 251 1634 257 1640; x_wconf 87' lang='grc'><strong>·</strong></span> <span class='ocrx_word' id='word_1_361' title='bbox 276 1626 301 1652; x_wconf 87' lang='grc' dir='ltr'>οἶ</span> <span class='ocrx_word' id='word_1_362' title='bbox 312 1624 348 1651; x_wconf 77' lang='grc' dir='ltr'>δι’</span> <span class='ocrx_word' id='word_1_363' title='bbox 365 1625 485 1663; x_wconf 74' lang='grc' dir='ltr'>ἀπειρίαν</span> <span class='ocrx_word' id='word_1_364' title='bbox 500 1627 558 1660; x_wconf 86' lang='grc'>(77)</span> <span class='ocrx_word' id='word_1_365' title='bbox 571 1629 620 1651; x_wconf 87' lang='grc' dir='ltr'>τῶν</span> <span class='ocrx_word' id='word_1_366' title='bbox 639 1629 685 1651; x_wconf 84' lang='grc' dir='ltr'>τοῦ</span> <span class='ocrx_word' id='word_1_367' title='bbox 698 1624 758 1662; x_wconf 84' lang='grc' dir='ltr'>βίου</span> <span class='ocrx_word' id='word_1_368' title='bbox 768 1626 890 1663; x_wconf 79' lang='grc' dir='ltr'>πραγμά-</span> 
     </span>
    </p>
   </div>
   <div class='ocr_carea' id='block_1_52' title="bbox 84 1669 889 1706">
    <p class='ocr_par' dir='ltr' id='par_1_52' title="bbox 84 1669 889 1706">
     <span class='ocr_line' id='line_1_52' title="bbox 84 1669 889 1706; baseline -0.001 -9"><span class='ocrx_word' id='word_1_369' title='bbox 84 1681 136 1697; x_wconf 86' lang='grc' dir='ltr'>των</span> <span class='ocrx_word' id='word_1_370' title='bbox 149 1673 194 1697; x_wconf 83' lang='grc' dir='ltr'>καὶ</span> <span class='ocrx_word' id='word_1_371' title='bbox 221 1670 284 1696; x_wconf 67' lang='grc' dir='ltr'>αὐτὸ</span> <span class='ocrx_word' id='word_1_372' title='bbox 304 1674 381 1696; x_wconf 86' lang='grc' dir='ltr'>τοῦτο</span> <span class='ocrx_word' id='word_1_373' title='bbox 397 1670 551 1706; x_wconf 71' lang='grc' dir='ltr'>ἀγνοοῦμεν,</span> <span class='ocrx_word' id='word_1_374' title='bbox 567 1674 621 1700; x_wconf 85' lang='grc' dir='ltr'>πῶς</span> <span class='ocrx_word' id='word_1_375' title='bbox 646 1669 676 1695; x_wconf 83' lang='grc' dir='ltr'>ἂν</span> <span class='ocrx_word' id='word_1_376' title='bbox 699 1672 798 1706; x_wconf 79' lang='grc' dir='ltr'>γένοιτο</span> <span class='ocrx_word' id='word_1_377' title='bbox 827 1671 889 1706; x_wconf 74' lang='grc' dir='ltr'>ἡμῖν</span> 
     </span>
    </p>
   </div>
   <div class='ocr_carea' id='block_1_53' title="bbox 84 1714 889 1751">
    <p class='ocr_par' dir='ltr' id='par_1_53' title="bbox 84 1714 889 1751">
     <span class='ocr_line' id='line_1_53' title="bbox 84 1714 889 1751; baseline -0.001 -10"><span class='ocrx_word' id='word_1_378' title='bbox 84 1719 130 1746; x_wconf 80' lang='grc' dir='ltr'>τῆς</span> <span class='ocrx_word' id='word_1_379' title='bbox 159 1714 312 1751; x_wconf 77' lang='grc' dir='ltr'>ἀπαλλαγῆς</span> <span class='ocrx_word' id='word_1_380' title='bbox 331 1719 433 1751; x_wconf 81' lang='grc' dir='ltr'>τυχεῖν.</span> <span class='ocrx_word' id='word_1_381' title='bbox 451 1717 501 1741; x_wconf 78' lang='grc' dir='ltr'>Καὶ</span> <span class='ocrx_word' id='word_1_382' title='bbox 523 1714 669 1751; x_wconf 82' lang='grc' dir='ltr'>σύμϐουλος</span> <span class='ocrx_word' id='word_1_383' title='bbox 689 1715 732 1740; x_wconf 85' lang='grc' dir='ltr'>οὖν</span> <span class='ocrx_word' id='word_1_384' title='bbox 759 1716 804 1740; x_wconf 79' lang='grc' dir='ltr'>καὶ</span> <span class='ocrx_word' id='word_1_385' title='bbox 822 1724 889 1751; x_wconf 88' lang='grc' dir='ltr'>προ-</span> 
     </span>
    </p>
   </div>
   <div class='ocr_carea' id='block_1_54' title="bbox 86 1757 889 1796">
    <p class='ocr_par' dir='ltr' id='par_1_54' title="bbox 86 1757 889 1796">
     <span class='ocr_line' id='line_1_54' title="bbox 86 1757 889 1796; baseline -0.001 -10"><span class='ocrx_word' id='word_1_386' title='bbox 86 1761 184 1790; x_wconf 79' lang='grc' dir='ltr'>στάτης</span> <span class='ocrx_word' id='word_1_387' title='bbox 197 1760 274 1790; x_wconf 77' lang='grc' dir='ltr'>αὐτὸς</span> <span class='ocrx_word' id='word_1_388' title='bbox 293 1763 380 1795; x_wconf 79' lang='grc' dir='ltr'>γενοῦ,</span> <span class='ocrx_word' id='word_1_389' title='bbox 392 1761 421 1786; x_wconf 84' lang='grc' dir='ltr'>τὸ</span> <span class='ocrx_word' id='word_1_390' title='bbox 433 1758 501 1790; x_wconf 76' lang='grc' dir='ltr'>εἶδος</span> <span class='ocrx_word' id='word_1_391' title='bbox 513 1764 560 1790; x_wconf 86' lang='grc' dir='ltr'>τῆς</span> <span class='ocrx_word' id='word_1_392' title='bbox 580 1759 704 1796; x_wconf 81' lang='grc' dir='ltr'>βοηθείας</span> <span class='ocrx_word' id='word_1_393' title='bbox 718 1757 766 1785; x_wconf 77' lang='grc' dir='ltr'>διὰ.</span> <span class='ocrx_word' id='word_1_394' title='bbox 777 1763 825 1790; x_wconf 87' lang='grc' dir='ltr'>τῆς</span> <span class='ocrx_word' id='word_1_395' title='bbox 843 1768 889 1796; x_wconf 87' lang='grc' dir='ltr'>με-</span> 
     </span>
    </p>
   </div>
   <div class='ocr_carea' id='block_1_55' title="bbox 84 1803 659 1841">
    <p class='ocr_par' dir='ltr' id='par_1_55' title="bbox 84 1803 659 1841">
     <span class='ocr_line' id='line_1_55' title="bbox 84 1803 659 1841; baseline -0.002 -10"><span class='ocrx_word' id='word_1_396' title='bbox 84 1804 167 1841; x_wconf 77' lang='grc' dir='ltr'>γάλης</span> <span class='ocrx_word' id='word_1_397' title='bbox 179 1808 293 1832; x_wconf 79' lang='grc' dir='ltr'>σεαυτοῦ</span> <span class='ocrx_word' id='word_1_398' title='bbox 305 1807 453 1841; x_wconf 77' lang='grc' dir='ltr'>φρονήσεως</span> <span class='ocrx_word' id='word_1_399' title='bbox 467 1803 576 1841; x_wconf 78' lang='grc' dir='ltr'>ἐξευρών</span> <span class='ocrx_word' id='word_1_400' title='bbox 592 1803 659 1840; x_wconf 89' lang='grc'>(78)·</span> 
     </span>
    </p>
   </div>
   <div class='ocr_carea' id='block_1_56' title="bbox 356 1865 612 1894">
    <p class='ocr_par' dir='ltr' id='par_1_56' title="bbox 356 1865 612 1894">
     <span class='ocr_line' id='line_1_56' title="bbox 356 1865 612 1894; baseline 0 0"><span class='ocrx_word' id='word_1_401' title='bbox 356 1869 524 1894; x_wconf 80' lang='grc' dir='ltr'>ΕΠΙΣΤΟΑΗ</span> <span class='ocrx_word' id='word_1_402' title='bbox 554 1865 612 1894; x_wconf 71' lang='grc' dir='ltr'>ΛΓ.</span> 
     </span>
    </p>
   </div>
   <div class='ocr_carea' id='block_1_57' title="bbox 946 953 1774 989">
    <p class='ocr_par' dir='ltr' id='par_1_57' title="bbox 946 953 1774 989">
     <span class='ocr_line' id='line_1_57' title="bbox 946 953 1774 989; baseline 0.001 -9"><span class='ocrx_word' id='word_1_403' title='bbox 946 961 1019 989; x_wconf 88' lang='lat' dir='ltr'>opes</span> <span class='ocrx_word' id='word_1_404' title='bbox 1033 953 1127 989; x_wconf 89' lang='lat' dir='ltr'>ipsius</span> <span class='ocrx_word' id='word_1_405' title='bbox 1141 953 1200 981; x_wconf 88' lang='lat' dir='ltr'>illic</span> <span class='ocrx_word' id='word_1_406' title='bbox 1219 953 1437 987; x_wconf 85' lang='lat' dir='ltr'>custodiantur,</span> <span class='ocrx_word' id='word_1_407' title='bbox 1453 955 1600 989; x_wconf 79' lang='lat' dir='ltr'>patronus</span> <span class='ocrx_word' id='word_1_408' title='bbox 1613 961 1684 982; x_wconf 86' lang='lat' dir='ltr'>vero</span> <span class='ocrx_word' id='word_1_409' title='bbox 1699 961 1774 982; x_wconf 69' lang='lat' dir='ltr'>uara-</span> 
     </span>
    </p>
   </div>
   <div class='ocr_carea' id='block_1_58' title="bbox 945 997 1773 1034">
    <p class='ocr_par' dir='ltr' id='par_1_58' title="bbox 945 997 1773 1034">
     <span class='ocr_line' id='line_1_58' title="bbox 945 997 1773 1034; baseline 0 -9"><span class='ocrx_word' id='word_1_410' title='bbox 945 997 981 1025; x_wconf 87' lang='lat' dir='ltr'>rii</span> <span class='ocrx_word' id='word_1_411' title='bbox 993 998 1175 1033; x_wconf 85' lang='lat' dir='ltr'>respondeat</span> <span class='ocrx_word' id='word_1_412' title='bbox 1190 997 1226 1026; x_wconf 90' lang='lat' dir='ltr'>iis</span> <span class='ocrx_word' id='word_1_413' title='bbox 1249 997 1301 1034; x_wconf 87' lang='lat' dir='ltr'>qui</span> <span class='ocrx_word' id='word_1_414' title='bbox 1329 997 1517 1032; x_wconf 89' lang='lat' dir='ltr'>adoriuntur,</span> <span class='ocrx_word' id='word_1_415' title='bbox 1534 1000 1562 1026; x_wconf 92' lang='lat' dir='ltr'>et</span> <span class='ocrx_word' id='word_1_416' title='bbox 1578 997 1773 1034; x_wconf 85' lang='lat' dir='ltr'>probationes</span> 
     </span>
    </p>
   </div>
   <div class='ocr_carea' id='block_1_59' title="bbox 944 1042 1773 1079">
    <p class='ocr_par' dir='ltr' id='par_1_59' title="bbox 944 1042 1773 1079">
     <span class='ocr_line' id='line_1_59' title="bbox 944 1042 1773 1079; baseline 0 -9"><span class='ocrx_word' id='word_1_417' title='bbox 944 1043 1088 1079; x_wconf 85' lang='lat' dir='ltr'>requirat,</span> <span class='ocrx_word' id='word_1_418' title='bbox 1103 1042 1176 1079; x_wconf 87' lang='lat' dir='ltr'>quia</span> <span class='ocrx_word' id='word_1_419' title='bbox 1186 1051 1241 1071; x_wconf 89' lang='lat' dir='ltr'>nos</span> <span class='ocrx_word' id='word_1_420' title='bbox 1256 1042 1408 1078; x_wconf 87' lang='lat' dir='ltr'>ejusmodi</span> <span class='ocrx_word' id='word_1_421' title='bbox 1423 1042 1514 1070; x_wconf 87' lang='lat' dir='ltr'>rebus</span> <span class='ocrx_word' id='word_1_422' title='bbox 1529 1042 1630 1070; x_wconf 91' lang='lat' dir='ltr'>idonei</span> <span class='ocrx_word' id='word_1_423' title='bbox 1644 1050 1706 1070; x_wconf 90' lang='lat' dir='ltr'>non</span> <span class='ocrx_word' id='word_1_424' title='bbox 1726 1050 1773 1070; x_wconf 88' lang='lat' dir='ltr'>su-</span> 
     </span>
    </p>
   </div>
   <div class='ocr_carea' id='block_1_60' title="bbox 945 1087 1772 1124">
    <p class='ocr_par' dir='ltr' id='par_1_60' title="bbox 945 1087 1772 1124">
     <span class='ocr_line' id='line_1_60' title="bbox 945 1087 1772 1124; baseline -0.001 -9"><span class='ocrx_word' id='word_1_425' title='bbox 945 1095 1024 1115; x_wconf 86' lang='lat' dir='ltr'>mus.</span> <span class='ocrx_word' id='word_1_426' title='bbox 1040 1088 1156 1115; x_wconf 78' lang='lat' dir='ltr'>Discere</span> <span class='ocrx_word' id='word_1_427' title='bbox 1167 1087 1248 1115; x_wconf 88' lang='lat' dir='ltr'>enim</span> <span class='ocrx_word' id='word_1_428' title='bbox 1261 1089 1359 1124; x_wconf 89' lang='lat' dir='ltr'>potest</span> <span class='ocrx_word' id='word_1_429' title='bbox 1371 1087 1513 1123; x_wconf 87' lang='lat' dir='ltr'>perfectio</span> <span class='ocrx_word' id='word_1_430' title='bbox 1529 1090 1591 1120; x_wconf 88' lang='lat' dir='ltr'>tua,</span> <span class='ocrx_word' id='word_1_431' title='bbox 1608 1087 1772 1120; x_wconf 89' lang='lat' dir='ltr'>neminem,</span> 
     </span>
    </p>
   </div>
   <div class='ocr_carea' id='block_1_61' title="bbox 944 1131 1773 1168">
    <p class='ocr_par' dir='ltr' id='par_1_61' title="bbox 944 1131 1773 1168">
     <span class='ocr_line' id='line_1_61' title="bbox 944 1131 1773 1168; baseline 0 -9"><span class='ocrx_word' id='word_1_432' title='bbox 944 1131 1091 1168; x_wconf 87' lang='lat' dir='ltr'>quamdiu</span> <span class='ocrx_word' id='word_1_433' title='bbox 1106 1131 1197 1164; x_wconf 86' lang='lat' dir='ltr'>licuit,</span> <span class='ocrx_word' id='word_1_434' title='bbox 1213 1131 1390 1159; x_wconf 86' lang='lat' dir='ltr'>discessisse</span> <span class='ocrx_word' id='word_1_435' title='bbox 1410 1139 1472 1159; x_wconf 90' lang='lat' dir='ltr'>non</span> <span class='ocrx_word' id='word_1_436' title='bbox 1485 1133 1655 1168; x_wconf 86' lang='lat' dir='ltr'>compotem</span> <span class='ocrx_word' id='word_1_437' title='bbox 1668 1139 1773 1159; x_wconf 91' lang='lat' dir='ltr'>eorum</span> 
     </span>
    </p>
   </div>
   <div class='ocr_carea' id='block_1_62' title="bbox 945 1175 1772 1212">
    <p class='ocr_par' dir='ltr' id='par_1_62' title="bbox 945 1175 1772 1212">
     <span class='ocr_line' id='line_1_62' title="bbox 945 1175 1772 1212; baseline -0.001 -8"><span class='ocrx_word' id='word_1_438' title='bbox 945 1184 1013 1212; x_wconf 69' lang='lat' dir='ltr'>qua:</span> <span class='ocrx_word' id='word_1_439' title='bbox 1027 1175 1212 1210; x_wconf 87' lang='lat' dir='ltr'>volebat,sed</span> <span class='ocrx_word' id='word_1_440' title='bbox 1227 1176 1310 1204; x_wconf 90' lang='lat' dir='ltr'>nullo</span> <span class='ocrx_word' id='word_1_441' title='bbox 1323 1184 1476 1212; x_wconf 87' lang='lat' dir='ltr'>quemque</span> <span class='ocrx_word' id='word_1_442' title='bbox 1491 1176 1612 1210; x_wconf 82' lang='lat' dir='ltr'>negotio</span> <span class='ocrx_word' id='word_1_443' title='bbox 1627 1183 1772 1203; x_wconf 87' lang='lat' dir='ltr'>consecu-</span> 
     </span>
    </p>
   </div>
   <div class='ocr_carea' id='block_1_63' title="bbox 945 1220 1774 1257">
    <p class='ocr_par' dir='ltr' id='par_1_63' title="bbox 945 1220 1774 1257">
     <span class='ocr_line' id='line_1_63' title="bbox 945 1220 1774 1257; baseline -0.001 -8"><span class='ocrx_word' id='word_1_444' title='bbox 945 1223 1009 1249; x_wconf 89' lang='lat' dir='ltr'>tum</span> <span class='ocrx_word' id='word_1_445' title='bbox 1023 1229 1089 1249; x_wconf 84' lang='lat' dir='ltr'>esse</span> <span class='ocrx_word' id='word_1_446' title='bbox 1099 1221 1182 1257; x_wconf 87' lang='lat' dir='ltr'>quod</span> <span class='ocrx_word' id='word_1_447' title='bbox 1198 1221 1327 1257; x_wconf 82' lang='lat' dir='ltr'>petebat,</span> <span class='ocrx_word' id='word_1_448' title='bbox 1345 1221 1386 1249; x_wconf 87' lang='lat' dir='ltr'>ita</span> <span class='ocrx_word' id='word_1_449' title='bbox 1401 1223 1433 1248; x_wconf 89' lang='lat' dir='ltr'>ut</span> <span class='ocrx_word' id='word_1_450' title='bbox 1448 1220 1559 1249; x_wconf 89' lang='lat' dir='ltr'>multos</span> <span class='ocrx_word' id='word_1_451' title='bbox 1576 1221 1666 1249; x_wconf 90' lang='lat' dir='ltr'>etiam</span> <span class='ocrx_word' id='word_1_452' title='bbox 1681 1220 1774 1256; x_wconf 76' lang='lat' dir='ltr'>poeni-</span> 
     </span>
    </p>
   </div>
   <div class='ocr_carea' id='block_1_64' title="bbox 944 1265 1774 1301">
    <p class='ocr_par' dir='ltr' id='par_1_64' title="bbox 944 1265 1774 1301">
     <span class='ocr_line' id='line_1_64' title="bbox 944 1265 1774 1301; baseline 0 -8"><span class='ocrx_word' id='word_1_453' title='bbox 944 1267 1029 1300; x_wconf 86' lang='lat' dir='ltr'>teret,</span> <span class='ocrx_word' id='word_1_454' title='bbox 1042 1265 1127 1301; x_wconf 90' lang='lat' dir='ltr'>quod</span> <span class='ocrx_word' id='word_1_455' title='bbox 1142 1273 1204 1293; x_wconf 90' lang='lat' dir='ltr'>non</span> <span class='ocrx_word' id='word_1_456' title='bbox 1219 1265 1287 1301; x_wconf 90' lang='lat' dir='ltr'>plus</span> <span class='ocrx_word' id='word_1_457' title='bbox 1311 1265 1350 1293; x_wconf 88' lang='lat' dir='ltr'>ab</span> <span class='ocrx_word' id='word_1_458' title='bbox 1374 1265 1458 1293; x_wconf 90' lang='lat' dir='ltr'>initio</span> <span class='ocrx_word' id='word_1_459' title='bbox 1483 1265 1647 1301; x_wconf 87' lang='lat' dir='ltr'>petiissent,</span> <span class='ocrx_word' id='word_1_460' title='bbox 1663 1273 1697 1293; x_wconf 84' lang='lat' dir='ltr'>ex</span> <span class='ocrx_word' id='word_1_461' title='bbox 1713 1273 1774 1301; x_wconf 90' lang='lat' dir='ltr'>quo</span> 
     </span>
    </p>
   </div>
   <div class='ocr_carea' id='block_1_65' title="bbox 945 1310 1774 1346">
    <p class='ocr_par' dir='ltr' id='par_1_65' title="bbox 945 1310 1774 1346">
     <span class='ocr_line' id='line_1_65' title="bbox 945 1310 1774 1346; baseline 0 -9"><span class='ocrx_word' id='word_1_462' title='bbox 945 1310 1034 1338; x_wconf 86' lang='lat' dir='ltr'>etiam</span> <span class='ocrx_word' id='word_1_463' title='bbox 1044 1310 1176 1338; x_wconf 83' lang='lat' dir='ltr'>maxime</span> <span class='ocrx_word' id='word_1_464' title='bbox 1183 1310 1282 1346; x_wconf 90' lang='lat' dir='ltr'>plures</span> <span class='ocrx_word' id='word_1_465' title='bbox 1289 1310 1359 1338; x_wconf 86' lang='lat' dir='ltr'>facti</span> <span class='ocrx_word' id='word_1_466' title='bbox 1371 1312 1440 1338; x_wconf 91' lang='lat' dir='ltr'>sunt</span> <span class='ocrx_word' id='word_1_467' title='bbox 1452 1310 1774 1338; x_wconf 85' lang='lat' dir='ltr'>calumniatores.Dum</span> 
     </span>
    </p>
   </div>
   <div class='ocr_carea' id='block_1_66' title="bbox 945 1354 1774 1391">
    <p class='ocr_par' dir='ltr' id='par_1_66' title="bbox 945 1354 1774 1391">
     <span class='ocr_line' id='line_1_66' title="bbox 945 1354 1774 1391; baseline -0.001 -9"><span class='ocrx_word' id='word_1_468' title='bbox 945 1355 1024 1382; x_wconf 88' lang='lat' dir='ltr'>enim</span> <span class='ocrx_word' id='word_1_469' title='bbox 1034 1354 1072 1382; x_wconf 89' lang='lat' dir='ltr'>ad</span> <span class='ocrx_word' id='word_1_470' title='bbox 1084 1354 1218 1391; x_wconf 88' lang='lat' dir='ltr'>priorum</span> <span class='ocrx_word' id='word_1_471' title='bbox 1233 1354 1405 1390; x_wconf 77' lang='lat' dir='ltr'>exemplum</span> <span class='ocrx_word' id='word_1_472' title='bbox 1418 1354 1686 1390; x_wconf 87' lang='lat' dir='ltr'>respiciunt,alium</span> <span class='ocrx_word' id='word_1_473' title='bbox 1698 1354 1774 1382; x_wconf 86' lang='lat' dir='ltr'>alius</span> 
     </span>
    </p>
   </div>
   <div class='ocr_carea' id='block_1_67' title="bbox 945 1399 1774 1436">
    <p class='ocr_par' dir='ltr' id='par_1_67' title="bbox 945 1399 1774 1436">
     <span class='ocr_line' id='line_1_67' title="bbox 945 1399 1774 1436; baseline -0.001 -9"><span class='ocrx_word' id='word_1_474' title='bbox 945 1399 1054 1436; x_wconf 83' lang='lat' dir='ltr'>excipit</span> <span class='ocrx_word' id='word_1_475' title='bbox 1069 1399 1268 1435; x_wconf 80' lang='lat' dir='ltr'>sycophanta.</span> <span class='ocrx_word' id='word_1_476' title='bbox 1284 1399 1488 1426; x_wconf 84' lang='lat' dir='ltr'>Adhortamur</span> <span class='ocrx_word' id='word_1_477' title='bbox 1498 1399 1587 1434; x_wconf 85' lang='lat' dir='ltr'>igitur</span> <span class='ocrx_word' id='word_1_478' title='bbox 1597 1399 1774 1434; x_wconf 82' lang='lat' dir='ltr'>gravitatem</span> 
     </span>
    </p>
   </div>
   <div class='ocr_carea' id='block_1_68' title="bbox 945 1442 1774 1479">
    <p class='ocr_par' dir='ltr' id='par_1_68' title="bbox 945 1442 1774 1479">
     <span class='ocr_line' id='line_1_68' title="bbox 945 1442 1774 1479; baseline -0.002 -7"><span class='ocrx_word' id='word_1_479' title='bbox 945 1446 1039 1477; x_wconf 86' lang='lat' dir='ltr'>tuam,</span> <span class='ocrx_word' id='word_1_480' title='bbox 1054 1446 1085 1471; x_wconf 86' lang='lat' dir='ltr'>ut</span> <span class='ocrx_word' id='word_1_481' title='bbox 1099 1443 1145 1471; x_wconf 90' lang='lat' dir='ltr'>his</span> <span class='ocrx_word' id='word_1_482' title='bbox 1157 1443 1298 1471; x_wconf 90' lang='lat' dir='ltr'>omnibus</span> <span class='ocrx_word' id='word_1_483' title='bbox 1314 1443 1450 1478; x_wconf 81' lang='lat' dir='ltr'>obsistat,</span> <span class='ocrx_word' id='word_1_484' title='bbox 1468 1443 1680 1479; x_wconf 85' lang='lat' dir='ltr'>cohibeatque,</span> <span class='ocrx_word' id='word_1_485' title='bbox 1692 1442 1774 1470; x_wconf 89' lang='lat' dir='ltr'>velut</span> 
     </span>
    </p>
   </div>
   <div class='ocr_carea' id='block_1_69' title="bbox 944 1487 1774 1524">
    <p class='ocr_par' dir='ltr' id='par_1_69' title="bbox 944 1487 1774 1524">
     <span class='ocr_line' id='line_1_69' title="bbox 944 1487 1774 1524; baseline -0.002 -8"><span class='ocrx_word' id='word_1_486' title='bbox 944 1488 1090 1516; x_wconf 78' lang='lat' dir='ltr'>ﬂuentum</span> <span class='ocrx_word' id='word_1_487' title='bbox 1105 1488 1272 1524; x_wconf 87' lang='lat' dir='ltr'>quoddam,</span> <span class='ocrx_word' id='word_1_488' title='bbox 1289 1495 1323 1515; x_wconf 89' lang='lat' dir='ltr'>ac</span> <span class='ocrx_word' id='word_1_489' title='bbox 1338 1487 1496 1515; x_wconf 84' lang='lat' dir='ltr'>intercidat</span> <span class='ocrx_word' id='word_1_490' title='bbox 1510 1487 1661 1515; x_wconf 88' lang='lat' dir='ltr'>malorum</span> <span class='ocrx_word' id='word_1_491' title='bbox 1681 1487 1774 1515; x_wconf 91' lang='lat' dir='ltr'>conti-</span> 
     </span>
    </p>
   </div>
   <div class='ocr_carea' id='block_1_70' title="bbox 944 1531 1773 1568">
    <p class='ocr_par' dir='ltr' id='par_1_70' title="bbox 944 1531 1773 1568">
     <span class='ocr_line' id='line_1_70' title="bbox 944 1531 1773 1568; baseline -0.001 -7"><span class='ocrx_word' id='word_1_492' title='bbox 944 1533 1187 1561; x_wconf 83' lang='lat' dir='ltr'>nuitatem.Nosti</span> <span class='ocrx_word' id='word_1_493' title='bbox 1202 1535 1303 1561; x_wconf 86' lang='lat' dir='ltr'>autem</span> <span class='ocrx_word' id='word_1_494' title='bbox 1319 1532 1473 1568; x_wconf 89' lang='lat' dir='ltr'>quomodo</span> <span class='ocrx_word' id='word_1_495' title='bbox 1487 1532 1527 1559; x_wconf 88' lang='lat' dir='ltr'>sis</span> <span class='ocrx_word' id='word_1_496' title='bbox 1540 1531 1608 1559; x_wconf 90' lang='lat' dir='ltr'>huic</span> <span class='ocrx_word' id='word_1_497' title='bbox 1624 1531 1666 1559; x_wconf 86' lang='lat' dir='ltr'>rei</span> <span class='ocrx_word' id='word_1_498' title='bbox 1680 1539 1773 1560; x_wconf 87' lang='lat' dir='ltr'>reme-</span> 
     </span>
    </p>
   </div>
   <div class='ocr_carea' id='block_1_71' title="bbox 945 1576 1774 1612">
    <p class='ocr_par' dir='ltr' id='par_1_71' title="bbox 945 1576 1774 1612">
     <span class='ocr_line' id='line_1_71' title="bbox 945 1576 1774 1612; baseline -0.002 -7"><span class='ocrx_word' id='word_1_499' title='bbox 945 1577 1030 1605; x_wconf 89' lang='lat' dir='ltr'>dium</span> <span class='ocrx_word' id='word_1_500' title='bbox 1043 1578 1200 1612; x_wconf 86' lang='lat' dir='ltr'>allaturus,</span> <span class='ocrx_word' id='word_1_501' title='bbox 1227 1577 1267 1605; x_wconf 88' lang='lat' dir='ltr'>ita</span> <span class='ocrx_word' id='word_1_502' title='bbox 1283 1579 1315 1605; x_wconf 89' lang='lat' dir='ltr'>ut</span> <span class='ocrx_word' id='word_1_503' title='bbox 1330 1577 1452 1605; x_wconf 90' lang='lat' dir='ltr'>minime</span> <span class='ocrx_word' id='word_1_504' title='bbox 1475 1578 1630 1612; x_wconf 84' lang='lat' dir='ltr'>exspectes</span> <span class='ocrx_word' id='word_1_505' title='bbox 1658 1576 1732 1604; x_wconf 90' lang='lat' dir='ltr'>dum</span> <span class='ocrx_word' id='word_1_506' title='bbox 1747 1578 1774 1604; x_wconf 86' lang='lat' dir='ltr'>te</span> 
     </span>
    </p>
   </div>
   <div class='ocr_carea' id='block_1_72' title="bbox 944 1621 1773 1658">
    <p class='ocr_par' dir='ltr' id='par_1_72' title="bbox 944 1621 1773 1658">
     <span class='ocr_line' id='line_1_72' title="bbox 944 1621 1773 1658; baseline -0.001 -8"><span class='ocrx_word' id='word_1_507' title='bbox 944 1623 1070 1650; x_wconf 90' lang='lat' dir='ltr'>modum</span> <span class='ocrx_word' id='word_1_508' title='bbox 1086 1622 1336 1658; x_wconf 88' lang='lat' dir='ltr'>edoceamus:qui</span> <span class='ocrx_word' id='word_1_509' title='bbox 1350 1630 1418 1650; x_wconf 93' lang='lat' dir='ltr'>cum</span> <span class='ocrx_word' id='word_1_510' title='bbox 1435 1621 1529 1649; x_wconf 90' lang='lat' dir='ltr'>simus</span> <span class='ocrx_word' id='word_1_511' title='bbox 1541 1621 1633 1656; x_wconf 88' lang='lat' dir='ltr'>hujus</span> <span class='ocrx_word' id='word_1_512' title='bbox 1646 1621 1713 1649; x_wconf 79' lang='lat' dir='ltr'>vitae</span> <span class='ocrx_word' id='word_1_513' title='bbox 1721 1629 1773 1649; x_wconf 90' lang='lat' dir='ltr'>ne-</span> 
     </span>
    </p>
   </div>
   <div class='ocr_carea' id='block_1_73' title="bbox 945 1664 1773 1703">
    <p class='ocr_par' dir='ltr' id='par_1_73' title="bbox 945 1664 1773 1703">
     <span class='ocr_line' id='line_1_73' title="bbox 945 1664 1773 1703; baseline -0.002 -9"><span class='ocrx_word' id='word_1_514' title='bbox 945 1666 1089 1702; x_wconf 86' lang='lat' dir='ltr'>gotiorum</span> <span class='ocrx_word' id='word_1_515' title='bbox 1096 1666 1312 1703; x_wconf 85' lang='lat' dir='ltr'>inexperti.hoe</span> <span class='ocrx_word' id='word_1_516' title='bbox 1319 1666 1419 1702; x_wconf 89' lang='lat' dir='ltr'>ipsum</span> <span class='ocrx_word' id='word_1_517' title='bbox 1426 1664 1773 1701; x_wconf 85' lang='lat' dir='ltr'>ignoramus,quomodo</span> 
     </span>
    </p>
   </div>
   <div class='ocr_carea' id='block_1_74' title="bbox 944 1708 1774 1747">
    <p class='ocr_par' dir='ltr' id='par_1_74' title="bbox 944 1708 1774 1747">
     <span class='ocr_line' id='line_1_74' title="bbox 944 1708 1774 1747; baseline -0.004 -8"><span class='ocrx_word' id='word_1_518' title='bbox 944 1711 991 1739; x_wconf 90' lang='lat' dir='ltr'>his</span> <span class='ocrx_word' id='word_1_519' title='bbox 1014 1710 1135 1738; x_wconf 88' lang='lat' dir='ltr'>liberari</span> <span class='ocrx_word' id='word_1_520' title='bbox 1157 1710 1318 1747; x_wconf 85' lang='lat' dir='ltr'>possimus.</span> <span class='ocrx_word' id='word_1_521' title='bbox 1342 1712 1442 1745; x_wconf 83' lang='lat' dir='ltr'>Itaque</span> <span class='ocrx_word' id='word_1_522' title='bbox 1458 1709 1498 1736; x_wconf 88' lang='lat' dir='ltr'>sis</span> <span class='ocrx_word' id='word_1_523' title='bbox 1512 1709 1577 1744; x_wconf 90' lang='lat' dir='ltr'>ipse</span> <span class='ocrx_word' id='word_1_524' title='bbox 1594 1711 1622 1736; x_wconf 88' lang='lat' dir='ltr'>et.</span> <span class='ocrx_word' id='word_1_525' title='bbox 1636 1708 1774 1736; x_wconf 89' lang='lat' dir='ltr'>consilia-</span> 
     </span>
    </p>
   </div>
   <div class='ocr_carea' id='block_1_75' title="bbox 944 1754 1774 1792">
    <p class='ocr_par' dir='ltr' id='par_1_75' title="bbox 944 1754 1774 1792">
     <span class='ocr_line' id='line_1_75' title="bbox 944 1754 1774 1792; baseline -0.002 -9"><span class='ocrx_word' id='word_1_526' title='bbox 944 1756 1006 1784; x_wconf 91' lang='lat' dir='ltr'>rius</span> <span class='ocrx_word' id='word_1_527' title='bbox 1019 1758 1047 1783; x_wconf 90' lang='lat' dir='ltr'>et</span> <span class='ocrx_word' id='word_1_528' title='bbox 1061 1758 1215 1792; x_wconf 87' lang='lat' dir='ltr'>patronus,</span> <span class='ocrx_word' id='word_1_529' title='bbox 1244 1754 1347 1783; x_wconf 82' lang='lat' dir='ltr'>auxilii</span> <span class='ocrx_word' id='word_1_530' title='bbox 1370 1761 1465 1790; x_wconf 81' lang='lat' dir='ltr'>genus</span> <span class='ocrx_word' id='word_1_531' title='bbox 1495 1761 1616 1782; x_wconf 90' lang='lat' dir='ltr'>summa</span> <span class='ocrx_word' id='word_1_532' title='bbox 1637 1755 1690 1782; x_wconf 83' lang='lat' dir='ltr'>tua</span> <span class='ocrx_word' id='word_1_533' title='bbox 1704 1761 1774 1789; x_wconf 88' lang='lat' dir='ltr'>pru-</span> 
     </span>
    </p>
   </div>
   <div class='ocr_carea' id='block_1_76' title="bbox 945 1800 1247 1835">
    <p class='ocr_par' dir='ltr' id='par_1_76' title="bbox 945 1800 1247 1835">
     <span class='ocr_line' id='line_1_76' title="bbox 945 1800 1247 1835; baseline -0.003 -6"><span class='ocrx_word' id='word_1_534' title='bbox 945 1800 1047 1829; x_wconf 88' lang='lat' dir='ltr'>dentia</span> <span class='ocrx_word' id='word_1_535' title='bbox 1060 1800 1247 1835; x_wconf 84' lang='lat' dir='ltr'>excogitans.</span> 
     </span>
    </p>
   </div>
   <div class='ocr_carea' id='block_1_77' title="bbox 1203 1863 1518 1891">
    <p class='ocr_par' dir='ltr' id='par_1_77' title="bbox 1203 1863 1518 1891">
     <span class='ocr_line' id='line_1_77' title="bbox 1203 1863 1518 1891; baseline 0.006 -2"><span class='ocrx_word' id='word_1_536' title='bbox 1203 1863 1374 1891; x_wconf 79' lang='lat' dir='ltr'>EPISTOLA</span> <span class='ocrx_word' id='word_1_537' title='bbox 1396 1863 1518 1891; x_wconf 79' lang='lat' dir='ltr'>XXXIII&#39;.</span> 
     </span>
    </p>
   </div>
   <div class='ocr_carea' id='block_1_78' title="bbox 555 1920 1307 1960">
    <p class='ocr_par' dir='ltr' id='par_1_78' title="bbox 555 1920 1307 1960">
     <span class='ocr_line' id='line_1_78' title="bbox 555 1920 1307 1960; baseline -0.005 -8"><span class='ocrx_word' id='word_1_538' title='bbox 555 1924 637 1953; x_wconf 85' lang='lat' dir='ltr'>Idem</span> <span class='ocrx_word' id='word_1_539' title='bbox 652 1924 793 1960; x_wconf 74' lang='lat' dir='ltr'>Gregorii</span> <span class='ocrx_word' id='word_1_540' title='bbox 804 1923 956 1960; x_wconf 83' lang='lat' dir='ltr'>negotium</span> <span class='ocrx_word' id='word_1_541' title='bbox 970 1921 1098 1956; x_wconf 77' lang='lat' dir='ltr'>Aburgio</span> <span class='ocrx_word' id='word_1_542' title='bbox 1111 1920 1307 1949; x_wconf 80' lang='lat' dir='ltr'>commendat.</span> 
     </span>
    </p>
   </div>
   <div class='ocr_carea' id='block_1_79' title="bbox 378 1969 605 2006">
    <p class='ocr_par' dir='ltr' id='par_1_79' title="bbox 378 1969 605 2006">
     <span class='ocr_line' id='line_1_79' title="bbox 378 1969 605 2006; baseline 0.009 -11"><span class='ocrx_word' id='word_1_543' title='bbox 378 1969 524 2006; x_wconf 79' lang='grc' dir='ltr'>’Δϐουργίῳ</span> <span class='ocrx_word' id='word_1_544' title='bbox 537 1971 605 2004; x_wconf 87' lang='grc'>(79).</span> 
     </span>
    </p>
   </div>
   <div class='ocr_carea' id='block_1_80' title="bbox 123 2009 894 2051">
    <p class='ocr_par' dir='ltr' id='par_1_80' title="bbox 123 2009 894 2051">
     <span class='ocr_line' id='line_1_80' title="bbox 123 2009 894 2051; baseline -0.001 -11"><span class='ocrx_word' id='word_1_545' title='bbox 123 2016 173 2041; x_wconf 76' lang='grc' dir='ltr'>Καὶ</span> <span class='ocrx_word' id='word_1_546' title='bbox 197 2016 237 2045; x_wconf 83' lang='grc' dir='ltr'>τίς</span> <span class='ocrx_word' id='word_1_547' title='bbox 265 2015 334 2040; x_wconf 68' lang='grc' dir='ltr'>οὕτω</span> <span class='ocrx_word' id='word_1_548' title='bbox 359 2014 472 2040; x_wconf 81' lang='grc' dir='ltr'>παλαιὰν</span> <span class='ocrx_word' id='word_1_549' title='bbox 500 2013 628 2051; x_wconf 77' lang='grc' dir='ltr'>ἑταιρείαν</span> <span class='ocrx_word' id='word_1_550' title='bbox 647 2011 704 2040; x_wconf 80' lang='grc' dir='ltr'>οἵδε</span> <span class='ocrx_word' id='word_1_551' title='bbox 723 2016 814 2050; x_wconf 70' lang='grc' dir='ltr'>τιμᾷν,</span> <span class='ocrx_word' id='word_1_552' title='bbox 848 2009 894 2039; x_wconf 70' lang='grc' dir='ltr'>καὶ</span> 
     </span>
    </p>
   </div>
   <div class='ocr_carea' id='block_1_81' title="bbox 86 2057 896 2096">
    <p class='ocr_par' dir='ltr' id='par_1_81' title="bbox 86 2057 896 2096">
     <span class='ocr_line' id='line_1_81' title="bbox 86 2057 896 2096; baseline -0.001 -12"><span class='ocrx_word' id='word_1_553' title='bbox 86 2057 179 2096; x_wconf 74' lang='grc' dir='ltr'>ἀρετὴν</span> <span class='ocrx_word' id='word_1_554' title='bbox 204 2057 349 2093; x_wconf 72' lang='grc' dir='ltr'>αἰδεῖσθαι,</span> <span class='ocrx_word' id='word_1_555' title='bbox 367 2060 414 2084; x_wconf 83' lang='grc' dir='ltr'>καὶ</span> <span class='ocrx_word' id='word_1_556' title='bbox 427 2058 558 2094; x_wconf 78' lang='grc' dir='ltr'>κάμνουσι</span> <span class='ocrx_word' id='word_1_557' title='bbox 581 2057 728 2094; x_wconf 81' lang='grc' dir='ltr'>συναλγεῖν,</span> <span class='ocrx_word' id='word_1_558' title='bbox 758 2059 792 2088; x_wconf 84' lang='grc' dir='ltr'>ὡς</span> <span class='ocrx_word' id='word_1_559' title='bbox 817 2057 896 2087; x_wconf 73' lang='grc' dir='ltr'>αὐτὸς</span> 
     </span>
    </p>
   </div>
   <div class='ocr_carea' id='block_1_82' title="bbox 85 2128 896 2165">
    <p class='ocr_par' dir='ltr' id='par_1_82' title="bbox 85 2128 896 2165">
     <span class='ocr_line' id='line_1_82' title="bbox 85 2128 896 2165; baseline -0.001 -8"><span class='ocrx_word' id='word_1_560' title='bbox 85 2129 124 2157; x_wconf 89' lang='lat' dir='ltr'>de</span> <span class='ocrx_word' id='word_1_561' title='bbox 137 2129 204 2165; x_wconf 88' lang='lat' dir='ltr'>lege</span> <span class='ocrx_word' id='word_1_562' title='bbox 215 2131 245 2157; x_wconf 89' lang='lat' dir='ltr'>et</span> <span class='ocrx_word' id='word_1_563' title='bbox 260 2131 410 2165; x_wconf 65' lang='lat' dir='ltr'>prmeepto</span> <span class='ocrx_word' id='word_1_564' title='bbox 428 2128 557 2160; x_wconf 68' lang='lat' dir='ltr'>Domini,</span> <span class='ocrx_word' id='word_1_565' title='bbox 576 2128 628 2165; x_wconf 77' lang='lat' dir='ltr'>sed</span> <span class='ocrx_word' id='word_1_566' title='bbox 644 2128 682 2156; x_wconf 92' lang='lat' dir='ltr'>de</span> <span class='ocrx_word' id='word_1_567' title='bbox 697 2130 832 2165; x_wconf 81' lang='lat' dir='ltr'>extremo</span> <span class='ocrx_word' id='word_1_568' title='bbox 849 2129 896 2156; x_wconf 72' lang='lat' dir='ltr'>(lae</span> 
     </span>
    </p>
   </div>
   <div class='ocr_carea' id='block_1_83' title="bbox 86 2163 893 2195">
    <p class='ocr_par' dir='ltr' id='par_1_83' title="bbox 86 2163 893 2195">
     <span class='ocr_line' id='line_1_83' title="bbox 86 2163 893 2195; baseline -0.001 -3"><span class='ocrx_word' id='word_1_569' title='bbox 86 2165 157 2193; x_wconf 83' lang='lat' dir='ltr'>sarii</span> <span class='ocrx_word' id='word_1_570' title='bbox 170 2163 329 2193; x_wconf 79' lang='lat' dir='ltr'>mandato.</span> <span class='ocrx_word' id='word_1_571' title='bbox 346 2163 426 2192; x_wconf 73' lang='lat' dir='ltr'>Duas</span> <span class='ocrx_word' id='word_1_572' title='bbox 442 2172 550 2192; x_wconf 83' lang='lat' dir='ltr'>causas</span> <span class='ocrx_word' id='word_1_573' title='bbox 576 2163 663 2191; x_wconf 71' lang='lat' dir='ltr'>affert</span> <span class='ocrx_word' id='word_1_574' title='bbox 679 2164 812 2195; x_wconf 76' lang='lat' dir='ltr'>dasilius,</span> <span class='ocrx_word' id='word_1_575' title='bbox 841 2171 893 2191; x_wconf 89' lang='lat' dir='ltr'>cur</span> 
     </span>
    </p>
   </div>
   <div class='ocr_carea' id='block_1_84' title="bbox 86 2199 660 2229">
    <p class='ocr_par' dir='ltr' id='par_1_84' title="bbox 86 2199 660 2229">
     <span class='ocr_line' id='line_1_84' title="bbox 86 2199 660 2229; baseline -0.005 0"><span class='ocrx_word' id='word_1_576' title='bbox 86 2201 169 2229; x_wconf 88' lang='lat' dir='ltr'>bona</span> <span class='ocrx_word' id='word_1_577' title='bbox 185 2201 304 2229; x_wconf 68' lang='lat' dir='ltr'>Caesarii</span> <span class='ocrx_word' id='word_1_578' title='bbox 319 2201 418 2228; x_wconf 88' lang='lat' dir='ltr'>statim</span> <span class='ocrx_word' id='word_1_579' title='bbox 433 2199 637 2227; x_wconf 87' lang='lat' dir='ltr'>distribuerint</span> <span class='ocrx_word' id='word_1_580' title='bbox 654 2209 660 2227; x_wconf 92' lang='lat'>:</span> 
     </span>
    </p>
   </div>
   <div class='ocr_carea' id='block_1_85' title="bbox 84 2235 890 2276">
    <p class='ocr_par' dir='ltr' id='par_1_85' title="bbox 84 2235 890 2276">
     <span class='ocr_line' id='line_1_85' title="bbox 84 2235 890 2276; baseline -0.002 -12"><span class='ocrx_word' id='word_1_581' title='bbox 84 2244 153 2264; x_wconf 84' lang='lat' dir='ltr'>rum</span> <span class='ocrx_word' id='word_1_582' title='bbox 165 2236 327 2276; x_wconf 84' lang='lat' dir='ltr'>propensio</span> <span class='ocrx_word' id='word_1_583' title='bbox 338 2235 400 2276; x_wconf 59' lang='lat' dir='ltr'>sive</span> <span class='ocrx_word' id='word_1_584' title='bbox 411 2235 543 2276; x_wconf 69' lang='lat' dir='ltr'>studium</span> <span class='ocrx_word' id='word_1_585' title='bbox 555 2235 700 2276; x_wconf 77' lang='lat' dir='ltr'>implendi</span> <span class='ocrx_word' id='word_1_586' title='bbox 713 2235 756 2276; x_wconf 69' lang='lat' dir='ltr'>de</span> <span class='ocrx_word' id='word_1_587' title='bbox 765 2235 890 2276; x_wconf 33' lang='lat' dir='ltr'>eleeimo-</span> 
     </span>
    </p>
   </div>
   <div class='ocr_carea' id='block_1_86' title="bbox 87 2270 890 2308">
    <p class='ocr_par' dir='ltr' id='par_1_86' title="bbox 87 2270 890 2308">
     <span class='ocr_line' id='line_1_86' title="bbox 87 2270 890 2308; baseline -0.002 -9"><span class='ocrx_word' id='word_1_588' title='bbox 87 2270 320 2308; x_wconf 49' lang='lat' dir='ltr'>syna‘pra‘ecepti</span> <span class='ocrx_word' id='word_1_589' title='bbox 335 2280 349 2308; x_wconf 17' lang='lat'>:7</span> <span class='ocrx_word' id='word_1_590' title='bbox 359 2271 463 2305; x_wconf 88' lang='lat' dir='ltr'>altera,</span> <span class='ocrx_word' id='word_1_591' title='bbox 486 2270 774 2308; x_wconf 65' lang='lat' dir='ltr'>Caesarii_morientis</span> <span class='ocrx_word' id='word_1_592' title='bbox 784 2270 890 2299; x_wconf 88' lang='lat' dir='ltr'>volun-</span> 
     </span>
    </p>
   </div>
   <div class='ocr_carea' id='block_1_87' title="bbox 86 2305 885 2343">
    <p class='ocr_par' dir='ltr' id='par_1_87' title="bbox 86 2305 885 2343">
     <span class='ocr_line' id='line_1_87' title="bbox 86 2305 885 2343; baseline -0.001 -8"><span class='ocrx_word' id='word_1_593' title='bbox 86 2305 133 2335; x_wconf 76' lang='lat' dir='ltr'>tas</span> <span class='ocrx_word' id='word_1_594' title='bbox 143 2305 288 2341; x_wconf 62' lang='lat' dir='ltr'>extrema;</span> <span class='ocrx_word' id='word_1_595' title='bbox 305 2307 353 2335; x_wconf 89' lang='lat' dir='ltr'>cui</span> <span class='ocrx_word' id='word_1_596' title='bbox 366 2315 429 2335; x_wconf 92' lang='lat' dir='ltr'>non</span> <span class='ocrx_word' id='word_1_597' title='bbox 444 2314 551 2343; x_wconf 88' lang='lat' dir='ltr'>parere</span> <span class='ocrx_word' id='word_1_598' title='bbox 566 2305 652 2343; x_wconf 76' lang='lat' dir='ltr'>nefas</span> <span class='ocrx_word' id='word_1_599' title='bbox 663 2306 830 2343; x_wconf 50' lang='lat' dir='ltr'>duxerunt,</span> <span class='ocrx_word' id='word_1_600' title='bbox 840 2307 885 2334; x_wconf 88' lang='lat' dir='ltr'>Ne-</span> 
     </span>
    </p>
   </div>
   <div class='ocr_carea' id='block_1_88' title="bbox 85 2341 890 2378">
    <p class='ocr_par' dir='ltr' id='par_1_88' title="bbox 85 2341 890 2378">
     <span class='ocr_line' id='line_1_88' title="bbox 85 2341 890 2378; baseline -0.001 -7"><span class='ocrx_word' id='word_1_601' title='bbox 85 2351 138 2371; x_wconf 91' lang='lat' dir='ltr'>mo</span> <span class='ocrx_word' id='word_1_602' title='bbox 154 2346 257 2371; x_wconf 85' lang='lat' dir='ltr'>autem</span> <span class='ocrx_word' id='word_1_603' title='bbox 272 2351 333 2371; x_wconf 89' lang='lat' dir='ltr'>non</span> <span class='ocrx_word' id='word_1_604' title='bbox 347 2341 547 2378; x_wconf 54' lang='lat' dir='ltr'>videtfquam</span> <span class='ocrx_word' id='word_1_605' title='bbox 558 2341 690 2377; x_wconf 86' lang='lat' dir='ltr'>proclive</span> <span class='ocrx_word' id='word_1_606' title='bbox 702 2341 788 2378; x_wconf 78' lang='lat' dir='ltr'>fuerit</span> <span class='ocrx_word' id='word_1_607' title='bbox 801 2342 890 2370; x_wconf 89' lang='lat' dir='ltr'>libra-</span> 
     </span>
    </p>
   </div>
   <div class='ocr_carea' id='block_1_89' title="bbox 85 2377 891 2415">
    <p class='ocr_par' dir='ltr' id='par_1_89' title="bbox 85 2377 891 2415">
     <span class='ocr_line' id='line_1_89' title="bbox 85 2377 891 2415; baseline 0 -9"><span class='ocrx_word' id='word_1_608' title='bbox 85 2379 139 2406; x_wconf 83' lang='lat' dir='ltr'>riis</span> <span class='ocrx_word' id='word_1_609' title='bbox 149 2378 179 2406; x_wconf 90' lang='lat' dir='ltr'>in</span> <span class='ocrx_word' id='word_1_610' title='bbox 192 2379 240 2407; x_wconf 91' lang='lat' dir='ltr'>his</span> <span class='ocrx_word' id='word_1_611' title='bbox 257 2378 384 2407; x_wconf 91' lang='lat' dir='ltr'>vocibus</span> <span class='ocrx_word' id='word_1_612' title='bbox 400 2377 497 2414; x_wconf 68' lang='grc' dir='ltr'>Κυρίου</span> <span class='ocrx_word' id='word_1_613' title='bbox 513 2380 541 2406; x_wconf 92' lang='lat' dir='ltr'>et</span> <span class='ocrx_word' id='word_1_614' title='bbox 557 2379 703 2415; x_wconf 82' lang='grc' dir='ltr'>Καισαρίου</span> <span class='ocrx_word' id='word_1_615' title='bbox 719 2377 781 2405; x_wconf 88' lang='lat' dir='ltr'>labi</span> <span class='ocrx_word' id='word_1_616' title='bbox 805 2380 834 2406; x_wconf 86' lang='lat' dir='ltr'>et</span> <span class='ocrx_word' id='word_1_617' title='bbox 848 2386 891 2406; x_wconf 89' lang='lat' dir='ltr'>er-</span> 
     </span>
    </p>
   </div>
   <div class='ocr_carea' id='block_1_90' title="bbox 85 2422 164 2443">
    <p class='ocr_par' dir='ltr' id='par_1_90' title="bbox 85 2422 164 2443">
     <span class='ocr_line' id='line_1_90' title="bbox 85 2422 164 2443; baseline 0 -1"><span class='ocrx_word' id='word_1_618' title='bbox 85 2422 164 2443; x_wconf 85' lang='lat' dir='ltr'>rare.</span> 
     </span>
    </p>
   </div>
   <div class='ocr_carea' id='block_1_91' title="bbox 121 2448 889 2486">
    <p class='ocr_par' dir='ltr' id='par_1_91' title="bbox 121 2448 889 2486">
     <span class='ocr_line' id='line_1_91' title="bbox 121 2448 889 2486; baseline 0 -9"><span class='ocrx_word' id='word_1_619' title='bbox 121 2450 178 2485; x_wconf 73' lang='lat'>(&#39;72)</span> <span class='ocrx_word' id='word_1_620' title='bbox 194 2452 274 2476; x_wconf 81' lang='grc' dir='ltr'>Πενία</span> <span class='ocrx_word' id='word_1_621' title='bbox 289 2451 343 2486; x_wconf 82' lang='grc' dir='ltr'>μέν.</span> <span class='ocrx_word' id='word_1_622' title='bbox 359 2449 514 2486; x_wconf 81' lang='lat' dir='ltr'>Medicaeus</span> <span class='ocrx_word' id='word_1_623' title='bbox 527 2448 623 2486; x_wconf 84' lang='lat' dir='ltr'>codex</span> <span class='ocrx_word' id='word_1_624' title='bbox 649 2448 672 2475; x_wconf 72' lang='grc' dir='ltr'>ἐν</span> <span class='ocrx_word' id='word_1_625' title='bbox 686 2451 761 2484; x_wconf 82' lang='grc' dir='ltr'>πενίᾳ</span> <span class='ocrx_word' id='word_1_626' title='bbox 780 2451 835 2485; x_wconf 83' lang='grc' dir='ltr'>μέν.</span> <span class='ocrx_word' id='word_1_627' title='bbox 850 2449 889 2477; x_wconf 76' lang='lat' dir='ltr'>El</span> 
     </span>
    </p>
   </div>
   <div class='ocr_carea' id='block_1_92' title="bbox 86 2485 870 2519">
    <p class='ocr_par' dir='ltr' id='par_1_92' title="bbox 86 2485 870 2519">
     <span class='ocr_line' id='line_1_92' title="bbox 86 2485 870 2519; baseline -0.001 -6"><span class='ocrx_word' id='word_1_628' title='bbox 86 2493 170 2513; x_wconf 82' lang='lat' dir='ltr'>nunc</span> <span class='ocrx_word' id='word_1_629' title='bbox 189 2486 361 2513; x_wconf 75' lang='lat' dir='ltr'>circumstat</span> <span class='ocrx_word' id='word_1_630' title='bbox 375 2487 407 2513; x_wconf 70' lang='lat' dir='ltr'>in</span> <span class='ocrx_word' id='word_1_631' title='bbox 424 2485 591 2513; x_wconf 75' lang='lat' dir='ltr'>Christiani</span> <span class='ocrx_word' id='word_1_632' title='bbox 604 2488 793 2519; x_wconf 77' lang='lat' dir='ltr'>paupertate,</span> <span class='ocrx_word' id='word_1_633' title='bbox 815 2487 870 2512; x_wconf 90' lang='lat' dir='ltr'>etc.</span> 
     </span>
    </p>
   </div>
   <div class='ocr_carea' id='block_1_93' title="bbox 123 2519 891 2557">
    <p class='ocr_par' dir='ltr' id='par_1_93' title="bbox 123 2519 891 2557">
     <span class='ocr_line' id='line_1_93' title="bbox 123 2519 891 2557; baseline -0.001 -9"><span class='ocrx_word' id='word_1_634' title='bbox 123 2522 179 2557; x_wconf 83' lang='lat'>(73)</span> <span class='ocrx_word' id='word_1_635' title='bbox 196 2524 246 2547; x_wconf 80' lang='grc' dir='ltr'>Καὶ</span> <span class='ocrx_word' id='word_1_636' title='bbox 259 2519 387 2557; x_wconf 80' lang='grc' dir='ltr'>διαλεχθῇ</span> <span class='ocrx_word' id='word_1_637' title='bbox 395 2531 414 2551; x_wconf 87' lang='grc' dir='ltr'>ς.</span> <span class='ocrx_word' id='word_1_638' title='bbox 430 2521 475 2549; x_wconf 91' lang='lat' dir='ltr'>Sic</span> <span class='ocrx_word' id='word_1_639' title='bbox 490 2520 891 2557; x_wconf 81' lang='lat' dir='ltr'>codicum_ope_emendavi-</span> 
     </span>
    </p>
   </div>
   <div class='ocr_carea' id='block_1_94' title="bbox 87 2555 891 2592">
    <p class='ocr_par' dir='ltr' id='par_1_94' title="bbox 87 2555 891 2592">
     <span class='ocr_line' id='line_1_94' title="bbox 87 2555 891 2592; baseline -0.001 -8"><span class='ocrx_word' id='word_1_640' title='bbox 87 2555 156 2584; x_wconf 85' lang='lat' dir='ltr'>mus</span> <span class='ocrx_word' id='word_1_641' title='bbox 174 2559 269 2592; x_wconf 82' lang='lat' dir='ltr'>totum</span> <span class='ocrx_word' id='word_1_642' title='bbox 285 2555 366 2584; x_wconf 81' lang='lat' dir='ltr'>hunc</span> <span class='ocrx_word' id='word_1_643' title='bbox 375 2555 488 2590; x_wconf 87' lang='lat' dir='ltr'>locum,</span> <span class='ocrx_word' id='word_1_644' title='bbox 504 2555 556 2592; x_wconf 90' lang='lat' dir='ltr'>qui</span> <span class='ocrx_word' id='word_1_645' title='bbox 572 2556 615 2592; x_wconf 84' lang='lat' dir='ltr'>sic</span> <span class='ocrx_word' id='word_1_646' title='bbox 629 2555 760 2583; x_wconf 39' lang='lat' dir='ltr'>in’editis</span> <span class='ocrx_word' id='word_1_647' title='bbox 773 2555 891 2590; x_wconf 85' lang='lat' dir='ltr'>legeba-</span> 
     </span>
    </p>
   </div>
   <div class='ocr_carea' id='block_1_95' title="bbox 86 2590 890 2629">
    <p class='ocr_par' dir='ltr' id='par_1_95' title="bbox 86 2590 890 2629">
     <span class='ocr_line' id='line_1_95' title="bbox 86 2590 890 2629; baseline -0.002 -10"><span class='ocrx_word' id='word_1_648' title='bbox 86 2595 134 2629; x_wconf 78' lang='lat' dir='ltr'>tur</span> <span class='ocrx_word' id='word_1_649' title='bbox 148 2601 155 2619; x_wconf 83' lang='lat'>:</span> <span class='ocrx_word' id='word_1_650' title='bbox 174 2592 219 2629; x_wconf 80' lang='grc' dir='ltr'>καὶ</span> <span class='ocrx_word' id='word_1_651' title='bbox 234 2590 419 2627; x_wconf 79' lang='grc' dir='ltr'>διαλεχθιὶς...</span> <span class='ocrx_word' id='word_1_652' title='bbox 436 2594 480 2618; x_wconf 84' lang='grc' dir='ltr'>καὶ</span> <span class='ocrx_word' id='word_1_653' title='bbox 489 2590 583 2629; x_wconf 69' lang='grc' dir='ltr'>τρόπον</span> <span class='ocrx_word' id='word_1_654' title='bbox 599 2591 738 2622; x_wconf 79' lang='grc' dir='ltr'>ἐπινοήσας</span> <span class='ocrx_word' id='word_1_655' title='bbox 753 2595 798 2622; x_wconf 85' lang='grc' dir='ltr'>τῆς</span> <span class='ocrx_word' id='word_1_656' title='bbox 813 2593 890 2628; x_wconf 78' lang='grc' dir='ltr'>μεγά-</span> 
     </span>
    </p>
   </div>
   <div class='ocr_carea' id='block_1_96' title="bbox 85 2627 383 2659">
    <p class='ocr_par' dir='ltr' id='par_1_96' title="bbox 85 2627 383 2659">
     <span class='ocr_line' id='line_1_96' title="bbox 85 2627 383 2659; baseline 0.003 -5"><span class='ocrx_word' id='word_1_657' title='bbox 85 2627 134 2659; x_wconf 88' lang='grc' dir='ltr'>λης</span> <span class='ocrx_word' id='word_1_658' title='bbox 149 2628 231 2654; x_wconf 77' lang='grc' dir='ltr'>αὑτοῦ</span> <span class='ocrx_word' id='word_1_659' title='bbox 247 2630 383 2659; x_wconf 73' lang='grc' dir='ltr'>συνέσεως.</span> 
     </span>
    </p>
   </div>
   <div class='ocr_carea' id='block_1_97' title="bbox 121 2662 889 2699">
    <p class='ocr_par' dir='ltr' id='par_1_97' title="bbox 121 2662 889 2699">
     <span class='ocr_line' id='line_1_97' title="bbox 121 2662 889 2699; baseline 0.001 -9"><span class='ocrx_word' id='word_1_660' title='bbox 121 2664 180 2699; x_wconf 76' lang='grc'>(74)</span> <span class='ocrx_word' id='word_1_661' title='bbox 196 2666 321 2698; x_wconf 72' lang='grc' dir='ltr'>Λέγοντα.</span> <span class='ocrx_word' id='word_1_662' title='bbox 335 2664 377 2691; x_wconf 86' lang='lat' dir='ltr'>Ita</span> <span class='ocrx_word' id='word_1_663' title='bbox 392 2663 512 2691; x_wconf 88' lang='lat' dir='ltr'>codices</span> <span class='ocrx_word' id='word_1_664' title='bbox 536 2670 588 2699; x_wconf 79' lang='lat' dir='ltr'>sex</span> <span class='ocrx_word' id='word_1_665' title='bbox 608 2670 702 2699; x_wconf 14' lang='lat' dir='ltr'>‘mss.,</span> <span class='ocrx_word' id='word_1_666' title='bbox 717 2662 809 2690; x_wconf 88' lang='lat' dir='ltr'>editio</span> <span class='ocrx_word' id='word_1_667' title='bbox 833 2663 889 2691; x_wconf 84' lang='lat' dir='ltr'>Ha-</span> 
     </span>
    </p>
   </div>
   <div class='ocr_carea' id='block_1_98' title="bbox 86 2697 736 2735">
    <p class='ocr_par' dir='ltr' id='par_1_98' title="bbox 86 2697 736 2735">
     <span class='ocr_line' id='line_1_98' title="bbox 86 2697 736 2735; baseline -0.005 -8"><span class='ocrx_word' id='word_1_668' title='bbox 86 2707 159 2735; x_wconf 84' lang='lat' dir='ltr'>gan.</span> <span class='ocrx_word' id='word_1_669' title='bbox 172 2697 204 2735; x_wconf 82' lang='lat' dir='ltr'>et</span> <span class='ocrx_word' id='word_1_670' title='bbox 213 2697 312 2734; x_wconf 80' lang='lat' dir='ltr'>prima</span> <span class='ocrx_word' id='word_1_671' title='bbox 328 2699 513 2735; x_wconf 81' lang='lat' dir='ltr'>Basileensis.</span> <span class='ocrx_word' id='word_1_672' title='bbox 527 2698 594 2726; x_wconf 76' lang='lat' dir='ltr'>Aliae</span> <span class='ocrx_word' id='word_1_673' title='bbox 608 2697 689 2735; x_wconf 59' lang='grc' dir='ltr'>λέγειν</span> <span class='ocrx_word' id='word_1_674' title='bbox 700 2707 736 2724; x_wconf 81' lang='grc' dir='ltr'>τε.</span> 
     </span>
    </p>
   </div>
   <div class='ocr_carea' id='block_1_99' title="bbox 123 2733 890 2768">
    <p class='ocr_par' dir='ltr' id='par_1_99' title="bbox 123 2733 890 2768">
     <span class='ocr_line' id='line_1_99' title="bbox 123 2733 890 2768; baseline -0.003 -5"><span class='ocrx_word' id='word_1_675' title='bbox 123 2737 180 2768; x_wconf 68' lang='lat' dir='ltr'>i751</span> <span class='ocrx_word' id='word_1_676' title='bbox 195 2733 262 2765; x_wconf 73' lang='grc' dir='ltr'>Ἕως</span> <span class='ocrx_word' id='word_1_677' title='bbox 275 2734 342 2766; x_wconf 73' lang='grc' dir='ltr'>ἐξῆν.</span> <span class='ocrx_word' id='word_1_678' title='bbox 359 2735 404 2762; x_wconf 90' lang='lat' dir='ltr'>Sic</span> <span class='ocrx_word' id='word_1_679' title='bbox 415 2734 505 2762; x_wconf 90' lang='lat' dir='ltr'>iidem</span> <span class='ocrx_word' id='word_1_680' title='bbox 521 2742 573 2761; x_wconf 81' lang='lat' dir='ltr'>sex</span> <span class='ocrx_word' id='word_1_681' title='bbox 584 2734 712 2768; x_wconf 71' lang='lat' dir='ltr'>codices,</span> <span class='ocrx_word' id='word_1_682' title='bbox 729 2733 820 2761; x_wconf 90' lang='lat' dir='ltr'>editio</span> <span class='ocrx_word' id='word_1_683' title='bbox 836 2735 890 2761; x_wconf 87' lang='lat' dir='ltr'>Ha-</span> 
     </span>
    </p>
   </div>
   <div class='ocr_carea' id='block_1_100' title="bbox 86 2768 887 2806">
    <p class='ocr_par' dir='ltr' id='par_1_100' title="bbox 86 2768 887 2806">
     <span class='ocr_line' id='line_1_100' title="bbox 86 2768 887 2806; baseline -0.002 -7"><span class='ocrx_word' id='word_1_684' title='bbox 86 2778 157 2805; x_wconf 80' lang='lat' dir='ltr'>gnn.</span> <span class='ocrx_word' id='word_1_685' title='bbox 182 2774 211 2799; x_wconf 88' lang='lat' dir='ltr'>et</span> <span class='ocrx_word' id='word_1_686' title='bbox 238 2771 339 2806; x_wconf 81' lang='lat' dir='ltr'>prima</span> <span class='ocrx_word' id='word_1_687' title='bbox 349 2770 437 2806; x_wconf 78' lang='lat' dir='ltr'>Basil.</span> <span class='ocrx_word' id='word_1_688' title='bbox 455 2771 596 2806; x_wconf 87' lang='lat' dir='ltr'>Corrupte</span> <span class='ocrx_word' id='word_1_689' title='bbox 610 2769 641 2806; x_wconf 85' lang='lat' dir='ltr'>in</span> <span class='ocrx_word' id='word_1_690' title='bbox 653 2768 790 2806; x_wconf 81' lang='lat' dir='ltr'>secunda</span> <span class='ocrx_word' id='word_1_691' title='bbox 803 2769 887 2806; x_wconf 77' lang='lat' dir='ltr'>Basil.</span> 
     </span>
    </p>
   </div>
   <div class='ocr_carea' id='block_1_101' title="bbox 87 2804 890 2838">
    <p class='ocr_par' dir='ltr' id='par_1_101' title="bbox 87 2804 890 2838">
     <span class='ocr_line' id='line_1_101' title="bbox 87 2804 890 2838; baseline -0.001 -5"><span class='ocrx_word' id='word_1_692' title='bbox 87 2804 133 2838; x_wconf 72' lang='grc' dir='ltr'>ἕως</span> <span class='ocrx_word' id='word_1_693' title='bbox 146 2804 283 2837; x_wconf 47' lang='lat' dir='ltr'>fimus—ed</span> <span class='ocrx_word' id='word_1_694' title='bbox 294 2805 388 2834; x_wconf 90' lang='lat' dir='ltr'>multo</span> <span class='ocrx_word' id='word_1_695' title='bbox 402 2804 579 2834; x_wconf 81' lang='lat' dir='ltr'>mendosius</span> <span class='ocrx_word' id='word_1_696' title='bbox 590 2804 735 2833; x_wconf 86' lang='lat' dir='ltr'>editiones</span> <span class='ocrx_word' id='word_1_697' title='bbox 745 2804 890 2832; x_wconf 82' lang='lat' dir='ltr'>Parisien-</span> 
     </span>
    </p>
   </div>
   <div class='ocr_carea' id='block_1_102' title="bbox 87 2840 890 2880">
    <p class='ocr_par' dir='ltr' id='par_1_102' title="bbox 87 2840 890 2880">
     <span class='ocr_line' id='line_1_102' title="bbox 87 2840 890 2880; baseline -0.001 -10"><span class='ocrx_word' id='word_1_698' title='bbox 87 2850 134 2872; x_wconf 83' lang='lat' dir='ltr'>ses</span> <span class='ocrx_word' id='word_1_699' title='bbox 148 2842 197 2875; x_wconf 82' lang='grc' dir='ltr'>ἰως</span> <span class='ocrx_word' id='word_1_700' title='bbox 208 2842 254 2874; x_wconf 78' lang='grc' dir='ltr'>εζη</span> <span class='ocrx_word' id='word_1_701' title='bbox 272 2843 426 2880; x_wconf 76' lang='grc' dir='ltr'>Καισάριος,</span> <span class='ocrx_word' id='word_1_702' title='bbox 436 2841 573 2878; x_wconf 79' lang='lat' dir='ltr'>quandiu</span> <span class='ocrx_word' id='word_1_703' title='bbox 583 2841 660 2870; x_wconf 70' lang='lat' dir='ltr'>vixit</span> <span class='ocrx_word' id='word_1_704' title='bbox 669 2840 828 2870; x_wconf 68' lang='lat' dir='ltr'>Cmarius.</span> <span class='ocrx_word' id='word_1_705' title='bbox 836 2842 890 2869; x_wconf 84' lang='lat' dir='ltr'>Re-</span> 
     </span>
    </p>
   </div>
   <div class='ocr_carea' id='block_1_103' title="bbox 1282 1965 1428 1993">
    <p class='ocr_par' dir='ltr' id='par_1_103' title="bbox 1282 1965 1428 1993">
     <span class='ocr_line' id='line_1_103' title="bbox 1282 1965 1428 1993; baseline 0 -1"><span class='ocrx_word' id='word_1_706' title='bbox 1282 1965 1306 1992; x_wconf 76' lang='grc' dir='ltr'><strong><em>Λ</em></strong></span> <span class='ocrx_word' id='word_1_707' title='bbox 1312 1965 1428 1993; x_wconf 81' lang='lat' dir='ltr'>burm‘o.</span> 
     </span>
    </p>
   </div>
   <div class='ocr_carea' id='block_1_104' title="bbox 985 1973 1776 2047">
    <p class='ocr_par' dir='ltr' id='par_1_104' title="bbox 985 1973 1776 2047">
     <span class='ocr_line' id='line_1_104' title="bbox 1282 1973 1428 2000; baseline 0 -8"><span class='ocrx_word' id='word_1_708' title='bbox 1282 1973 1428 2000; x_wconf 61' lang='lat' dir='ltr'>.viourgw.</span> 
     </span>
     <span class='ocr_line' id='line_1_105' title="bbox 985 2008 1776 2047; baseline -0.003 -9"><span class='ocrx_word' id='word_1_709' title='bbox 985 2012 1018 2038; x_wconf 90' lang='lat' dir='ltr'>Et</span> <span class='ocrx_word' id='word_1_710' title='bbox 1031 2010 1099 2047; x_wconf 87' lang='lat' dir='ltr'>quis</span> <span class='ocrx_word' id='word_1_711' title='bbox 1115 2011 1156 2038; x_wconf 91' lang='lat' dir='ltr'>ita</span> <span class='ocrx_word' id='word_1_712' title='bbox 1169 2011 1299 2037; x_wconf 86' lang='lat' dir='ltr'>veterem</span> <span class='ocrx_word' id='word_1_713' title='bbox 1314 2009 1477 2037; x_wconf 86' lang='lat' dir='ltr'>amicitiam</span> <span class='ocrx_word' id='word_1_714' title='bbox 1494 2009 1578 2037; x_wconf 86' lang='lat' dir='ltr'>novit</span> <span class='ocrx_word' id='word_1_715' title='bbox 1587 2008 1737 2036; x_wconf 85' lang='lat' dir='ltr'>honorare</span> <span class='ocrx_word' id='word_1_716' title='bbox 1747 2009 1776 2036; x_wconf 81' lang='lat' dir='ltr'>et</span> 
     </span>
    </p>
   </div>
   <div class='ocr_carea' id='block_1_105' title="bbox 949 2052 1775 2088">
    <p class='ocr_par' dir='ltr' id='par_1_105' title="bbox 949 2052 1775 2088">
     <span class='ocr_line' id='line_1_106' title="bbox 949 2052 1775 2088; baseline -0.004 -6"><span class='ocrx_word' id='word_1_717' title='bbox 949 2055 1089 2084; x_wconf 77' lang='lat' dir='ltr'>virtutem</span> <span class='ocrx_word' id='word_1_718' title='bbox 1099 2054 1268 2088; x_wconf 86' lang='lat' dir='ltr'>revereri,et</span> <span class='ocrx_word' id='word_1_719' title='bbox 1278 2062 1346 2082; x_wconf 91' lang='lat' dir='ltr'>cum</span> <span class='ocrx_word' id='word_1_720' title='bbox 1361 2053 1478 2082; x_wconf 72' lang='lat' dir='ltr'>afﬂictis</span> <span class='ocrx_word' id='word_1_721' title='bbox 1492 2053 1639 2087; x_wconf 86' lang='lat' dir='ltr'>dolere,ut</span> <span class='ocrx_word' id='word_1_722' title='bbox 1648 2055 1680 2080; x_wconf 89' lang='lat' dir='ltr'>tu</span> <span class='ocrx_word' id='word_1_723' title='bbox 1694 2052 1775 2088; x_wconf 84' lang='lat' dir='ltr'>ipse?</span> 
     </span>
    </p>
   </div>
   <div class='ocr_carea' id='block_1_106' title="bbox 969 2125 1775 2162">
    <p class='ocr_par' dir='ltr' id='par_1_106' title="bbox 969 2125 1775 2162">
     <span class='ocr_line' id='line_1_107' title="bbox 969 2125 1775 2162; baseline -0.002 -7"><span class='ocrx_word' id='word_1_724' title='bbox 969 2129 1062 2162; x_wconf 80' lang='lat' dir='ltr'>ugnat</span> <span class='ocrx_word' id='word_1_725' title='bbox 1077 2126 1146 2162; x_wconf 11' lang='lat' dir='ltr'>haec,</span> <span class='ocrx_word' id='word_1_726' title='bbox 1160 2126 1309 2162; x_wconf 81' lang='lat' dir='ltr'>scriptura</span> <span class='ocrx_word' id='word_1_727' title='bbox 1321 2125 1472 2162; x_wconf 79' lang='lat' dir='ltr'>sententiae</span> <span class='ocrx_word' id='word_1_728' title='bbox 1488 2125 1595 2153; x_wconf 89' lang='lat' dir='ltr'>Basilii.</span> <span class='ocrx_word' id='word_1_729' title='bbox 1611 2126 1673 2152; x_wconf 84' lang='lat' dir='ltr'>Non</span> <span class='ocrx_word' id='word_1_730' title='bbox 1694 2125 1775 2153; x_wconf 89' lang='lat' dir='ltr'>enim</span> 
     </span>
    </p>
   </div>
   <div class='ocr_carea' id='block_1_107' title="bbox 948 2136 1774 2202">
    <p class='ocr_par' dir='ltr' id='par_1_107' title="bbox 948 2136 1774 2202">
     <span class='ocr_line' id='line_1_108' title="bbox 969 2136 1774 2162; baseline -0.002 -7"><span class='ocrx_word' id='word_1_731' title='bbox 969 2136 1062 2162; x_wconf 70' lang='lat' dir='ltr'>ugna:</span> <span class='ocrx_word' id='word_1_732' title='bbox 1078 2136 1141 2154; x_wconf 72' lang='grc' dir='ltr'>ΠΗΞο</span> <span class='ocrx_word' id='word_1_733' title='bbox 1160 2136 1309 2161; x_wconf 72' lang='grc' dir='ltr'>ΞΟΙἸρῐΠΓΗ</span> <span class='ocrx_word' id='word_1_734' title='bbox 1321 2136 1472 2153; x_wconf 71' lang='lat' dir='ltr'>semanima</span> <span class='ocrx_word' id='word_1_735' title='bbox 1488 2136 1595 2153; x_wconf 77' lang='lat' dir='ltr'>basuu.</span> <span class='ocrx_word' id='word_1_736' title='bbox 1611 2136 1673 2152; x_wconf 73' lang='lat' dir='ltr'>iVUIl</span> <span class='ocrx_word' id='word_1_737' title='bbox 1694 2136 1774 2153; x_wconf 73' lang='grc' dir='ltr'>ειιιιιι</span> 
     </span>
     <span class='ocr_line' id='line_1_109' title="bbox 948 2136 1774 2202; baseline -0.005 -11"><span class='ocrx_word' id='word_1_738' title='bbox 948 2136 1110 2202; x_wconf 61' lang='lat' dir='ltr'>Bicagitur</span> <span class='ocrx_word' id='word_1_739' title='bbox 1131 2161 1169 2202; x_wconf 74' lang='lat' dir='ltr'>d_e</span> <span class='ocrx_word' id='word_1_740' title='bbox 1182 2162 1217 2189; x_wconf 90' lang='lat' dir='ltr'>iis</span> <span class='ocrx_word' id='word_1_741' title='bbox 1241 2161 1295 2202; x_wconf 71' lang='lat' dir='ltr'>qui</span> <span class='ocrx_word' id='word_1_742' title='bbox 1308 2170 1325 2188; x_wconf 87' lang='lat' dir='ltr'>a</span> <span class='ocrx_word' id='word_1_743' title='bbox 1342 2161 1669 2202; x_wconf 64' lang='lat' dir='ltr'>caesarioacceperant,</span> <span class='ocrx_word' id='word_1_744' title='bbox 1686 2161 1774 2202; x_wconf 82' lang='lat' dir='ltr'>(quo-</span> 
     </span>
    </p>
   </div>
   <div class='ocr_carea' id='block_1_108' title="bbox 697 2196 1774 2232">
    <p class='ocr_par' dir='ltr' id='par_1_108' title="bbox 697 2196 1774 2232">
     <span class='ocr_line' id='line_1_110' title="bbox 697 2196 1774 2232; baseline -0.004 -6"><span class='ocrx_word' id='word_1_745' title='bbox 697 2200 772 2227; x_wconf 88' lang='lat' dir='ltr'>rima</span> <span class='ocrx_word' id='word_1_746' title='bbox 785 2202 887 2228; x_wconf 83' lang='lat' dir='ltr'>esteo-</span> <span class='ocrx_word' id='word_1_747' title='bbox 904 2200 925 2227; x_wconf 88' lang='lat' dir='ltr'><strong>D</strong></span> <span class='ocrx_word' id='word_1_748' title='bbox 942 2196 1129 2227; x_wconf 31' lang='lat' dir='ltr'>modo’enim</span> <span class='ocrx_word' id='word_1_749' title='bbox 1140 2196 1429 2225; x_wconf 66' lang='lat' dir='ltr'>Cmsariiliberalitas</span> <span class='ocrx_word' id='word_1_750' title='bbox 1444 2196 1592 2232; x_wconf 83' lang='lat' dir='ltr'>plurimos</span> <span class='ocrx_word' id='word_1_751' title='bbox 1607 2203 1645 2232; x_wconf 78' lang='lat' dir='ltr'>eo</span> <span class='ocrx_word' id='word_1_752' title='bbox 1653 2197 1774 2232; x_wconf 85' lang='lat' dir='ltr'>mortuo</span> 
     </span>
    </p>
   </div>
   <div class='ocr_carea' id='block_1_109' title="bbox 946 2230 1773 2270">
    <p class='ocr_par' dir='ltr' id='par_1_109' title="bbox 946 2230 1773 2270">
     <span class='ocr_line' id='line_1_111' title="bbox 946 2230 1773 2270; baseline -0.005 -8"><span class='ocrx_word' id='word_1_753' title='bbox 946 2235 985 2262; x_wconf 89' lang='lat' dir='ltr'>ad</span> <span class='ocrx_word' id='word_1_754' title='bbox 996 2234 1159 2270; x_wconf 87' lang='lat' dir='ltr'>petendum</span> <span class='ocrx_word' id='word_1_755' title='bbox 1171 2232 1363 2267; x_wconf 80' lang='lat' dir='ltr'>excitasset?)</span> <span class='ocrx_word' id='word_1_756' title='bbox 1384 2232 1437 2270; x_wconf 77' lang='lat' dir='ltr'>sed</span> <span class='ocrx_word' id='word_1_757' title='bbox 1447 2230 1610 2270; x_wconf 46' lang='grc' dir='ltr'>’βοείας-(16</span> <span class='ocrx_word' id='word_1_758' title='bbox 1628 2231 1662 2258; x_wconf 88' lang='lat' dir='ltr'>iis</span> <span class='ocrx_word' id='word_1_759' title='bbox 1674 2239 1692 2258; x_wconf 86' lang='lat' dir='ltr'>a</span> <span class='ocrx_word' id='word_1_760' title='bbox 1706 2230 1773 2266; x_wconf 90' lang='lat' dir='ltr'>qui-</span> 
     </span>
    </p>
   </div>
   <div class='ocr_carea' id='block_1_110' title="bbox 944 2266 1774 2303">
    <p class='ocr_par' dir='ltr' id='par_1_110' title="bbox 944 2266 1774 2303">
     <span class='ocr_line' id='line_1_112' title="bbox 944 2266 1774 2303; baseline -0.006 -5"><span class='ocrx_word' id='word_1_761' title='bbox 944 2266 1005 2298; x_wconf 77' lang='lat' dir='ltr'>bus</span> <span class='ocrx_word' id='word_1_762' title='bbox 1016 2268 1163 2297; x_wconf 69' lang='lat' dir='ltr'>Caesarius</span> <span class='ocrx_word' id='word_1_763' title='bbox 1179 2274 1286 2296; x_wconf 84' lang='lat' dir='ltr'>mutuo</span> <span class='ocrx_word' id='word_1_764' title='bbox 1313 2266 1468 2303; x_wconf 79' lang='lat' dir='ltr'>accepisse</span> <span class='ocrx_word' id='word_1_765' title='bbox 1484 2266 1670 2303; x_wconf 66' lang='lat' dir='ltr'>dicebatur;</span> <span class='ocrx_word' id='word_1_766' title='bbox 1696 2274 1774 2303; x_wconf 85' lang='lat' dir='ltr'>quos</span> 
     </span>
    </p>
   </div>
   <div class='ocr_carea' id='block_1_111' title="bbox 945 2302 1774 2340">
    <p class='ocr_par' dir='ltr' id='par_1_111' title="bbox 945 2302 1774 2340">
     <span class='ocr_line' id='line_1_113' title="bbox 945 2302 1774 2340; baseline -0.005 -7"><span class='ocrx_word' id='word_1_767' title='bbox 945 2314 1014 2334; x_wconf 90' lang='lat' dir='ltr'>cum</span> <span class='ocrx_word' id='word_1_768' title='bbox 1026 2305 1185 2340; x_wconf 85' lang='lat' dir='ltr'>Gregorius</span> <span class='ocrx_word' id='word_1_769' title='bbox 1196 2302 1525 2340; x_wconf 76' lang='lat' dir='ltr'>absolvisset,quandiu</span> <span class='ocrx_word' id='word_1_770' title='bbox 1535 2302 1681 2340; x_wconf 79' lang='lat' dir='ltr'>superfuit</span> <span class='ocrx_word' id='word_1_771' title='bbox 1694 2302 1774 2340; x_wconf 75' lang='lat' dir='ltr'>unde</span> 
     </span>
    </p>
   </div>
   <div class='ocr_carea' id='block_1_112' title="bbox 945 2338 1774 2376">
    <p class='ocr_par' dir='ltr' id='par_1_112' title="bbox 945 2338 1774 2376">
     <span class='ocr_line' id='line_1_114' title="bbox 945 2338 1774 2376; baseline -0.004 -7"><span class='ocrx_word' id='word_1_772' title='bbox 945 2341 976 2369; x_wconf 91' lang='lat' dir='ltr'>id</span> <span class='ocrx_word' id='word_1_773' title='bbox 988 2338 1189 2373; x_wconf 81' lang='lat' dir='ltr'>faceret,illius</span> <span class='ocrx_word' id='word_1_774' title='bbox 1206 2338 1383 2376; x_wconf 89' lang='lat' dir='ltr'>simplicitas</span> <span class='ocrx_word' id='word_1_775' title='bbox 1400 2346 1507 2366; x_wconf 92' lang='lat' dir='ltr'>ansam</span> <span class='ocrx_word' id='word_1_776' title='bbox 1523 2338 1719 2374; x_wconf 85' lang='lat' dir='ltr'>sycophantis</span> <span class='ocrx_word' id='word_1_777' title='bbox 1735 2338 1774 2366; x_wconf 84' lang='lat' dir='ltr'>ad</span> 
     </span>
    </p>
   </div>
   <div class='ocr_carea' id='block_1_113' title="bbox 944 2376 1194 2412">
    <p class='ocr_par' dir='ltr' id='par_1_113' title="bbox 944 2376 1194 2412">
     <span class='ocr_line' id='line_1_115' title="bbox 944 2376 1194 2412; baseline -0.004 -8"><span class='ocrx_word' id='word_1_778' title='bbox 944 2377 1085 2412; x_wconf 89' lang='lat' dir='ltr'>injuriam</span> <span class='ocrx_word' id='word_1_779' title='bbox 1102 2376 1194 2403; x_wconf 88' lang='lat' dir='ltr'>dedit.</span> 
     </span>
    </p>
   </div>
   <div class='ocr_carea' id='block_1_114' title="bbox 979 2409 1774 2448">
    <p class='ocr_par' dir='ltr' id='par_1_114' title="bbox 979 2409 1774 2448">
     <span class='ocr_line' id='line_1_116' title="bbox 979 2409 1774 2448; baseline -0.005 -8"><span class='ocrx_word' id='word_1_780' title='bbox 979 2409 1161 2448; x_wconf 54' lang='lat' dir='ltr'>(minabat-az.</span> <span class='ocrx_word' id='word_1_781' title='bbox 1171 2412 1252 2438; x_wconf 87' lang='lat' dir='ltr'>Hanc</span> <span class='ocrx_word' id='word_1_782' title='bbox 1266 2418 1372 2448; x_wconf 84' lang='lat' dir='ltr'>vocem</span> <span class='ocrx_word' id='word_1_783' title='bbox 1386 2409 1491 2448; x_wconf 74' lang='lat' dir='ltr'>addidi</span> <span class='ocrx_word' id='word_1_784' title='bbox 1504 2417 1541 2448; x_wconf 69' lang='lat' dir='ltr'>ei;</span> <span class='ocrx_word' id='word_1_785' title='bbox 1557 2417 1609 2437; x_wconf 82' lang='lat' dir='ltr'>sex</span> <span class='ocrx_word' id='word_1_786' title='bbox 1623 2418 1695 2448; x_wconf 57' lang='lat' dir='ltr'>mss:</span> <span class='ocrx_word' id='word_1_787' title='bbox 1716 2409 1774 2437; x_wconf 90' lang='lat' dir='ltr'>Ibi-</span> 
     </span>
    </p>
   </div>
   <div class='ocr_carea' id='block_1_115' title="bbox 944 2444 1773 2482">
    <p class='ocr_par' dir='ltr' id='par_1_115' title="bbox 944 2444 1773 2482">
     <span class='ocr_line' id='line_1_117' title="bbox 944 2444 1773 2482; baseline -0.006 -6"><span class='ocrx_word' id='word_1_788' title='bbox 944 2444 1015 2476; x_wconf 80' lang='lat' dir='ltr'>dem</span> <span class='ocrx_word' id='word_1_789' title='bbox 1030 2444 1092 2475; x_wconf 75' lang='lat' dir='ltr'>duo</span> <span class='ocrx_word' id='word_1_790' title='bbox 1108 2447 1227 2475; x_wconf 91' lang='lat' dir='ltr'>codices</span> <span class='ocrx_word' id='word_1_791' title='bbox 1242 2445 1447 2482; x_wconf 86' lang='lat' dir='ltr'>antiquissimi</span> <span class='ocrx_word' id='word_1_792' title='bbox 1461 2444 1548 2474; x_wconf 90' lang='lat' dir='ltr'>CoisI.</span> <span class='ocrx_word' id='word_1_793' title='bbox 1577 2448 1606 2473; x_wconf 88' lang='lat' dir='ltr'>et</span> <span class='ocrx_word' id='word_1_794' title='bbox 1631 2445 1706 2474; x_wconf 85' lang='lat' dir='ltr'>Med.</span> <span class='ocrx_word' id='word_1_795' title='bbox 1727 2448 1773 2475; x_wconf 83' lang='grc' dir='ltr'>τὴν</span> 
     </span>
    </p>
   </div>
   <div class='ocr_carea' id='block_1_116' title="bbox 946 2485 1230 2520">
    <p class='ocr_par' dir='ltr' id='par_1_116' title="bbox 946 2485 1230 2520">
     <span class='ocr_line' id='line_1_118' title="bbox 946 2485 1230 2520; baseline -0.007 -10"><span class='ocrx_word' id='word_1_796' title='bbox 946 2486 994 2513; x_wconf 85' lang='grc' dir='ltr'>σὴν</span> <span class='ocrx_word' id='word_1_797' title='bbox 1016 2485 1230 2520; x_wconf 78' lang='grc' dir='ltr'>σεμνοπρέπειαν.</span> 
     </span>
    </p>
   </div>
   <div class='ocr_carea' id='block_1_117' title="bbox 979 2516 1772 2555">
    <p class='ocr_par' dir='ltr' id='par_1_117' title="bbox 979 2516 1772 2555">
     <span class='ocr_line' id='line_1_119' title="bbox 979 2516 1772 2555; baseline -0.003 -9"><span class='ocrx_word' id='word_1_798' title='bbox 979 2520 1037 2554; x_wconf 84' lang='lat'>(77)</span> <span class='ocrx_word' id='word_1_799' title='bbox 1047 2516 1092 2555; x_wconf 68' lang='grc' dir='ltr'>’Διῇ</span> <span class='ocrx_word' id='word_1_800' title='bbox 1102 2516 1278 2555; x_wconf 59' lang='grc' dir='ltr'>ἄπειρίανλιᾳ</span> <span class='ocrx_word' id='word_1_801' title='bbox 1287 2519 1345 2555; x_wconf 81' lang='lat' dir='ltr'>tres</span> <span class='ocrx_word' id='word_1_802' title='bbox 1359 2516 1556 2545; x_wconf 86' lang='lat' dir='ltr'>vetustissimi</span> <span class='ocrx_word' id='word_1_803' title='bbox 1571 2516 1689 2545; x_wconf 88' lang='lat' dir='ltr'>codices</span> <span class='ocrx_word' id='word_1_804' title='bbox 1701 2523 1772 2544; x_wconf 89' lang='lat' dir='ltr'>cum</span> 
     </span>
    </p>
   </div>
   <div class='ocr_carea' id='block_1_118' title="bbox 945 2552 1433 2590">
    <p class='ocr_par' dir='ltr' id='par_1_118' title="bbox 945 2552 1433 2590">
     <span class='ocr_line' id='line_1_120' title="bbox 945 2552 1433 2590; baseline -0.004 -8"><span class='ocrx_word' id='word_1_805' title='bbox 945 2554 1011 2583; x_wconf 70' lang='lat' dir='ltr'>aliis</span> <span class='ocrx_word' id='word_1_806' title='bbox 1022 2552 1248 2590; x_wconf 51' lang='lat' dir='ltr'>duobustditi</span> <span class='ocrx_word' id='word_1_807' title='bbox 1259 2552 1294 2579; x_wconf 71' lang='grc' dir='ltr'>δι’</span> <span class='ocrx_word' id='word_1_808' title='bbox 1309 2552 1433 2590; x_wconf 77' lang='grc' dir='ltr'>ἀπορίαν.</span> 
     </span>
    </p>
   </div>
   <div class='ocr_carea' id='block_1_119' title="bbox 980 2587 1767 2626">
    <p class='ocr_par' dir='ltr' id='par_1_119' title="bbox 980 2587 1767 2626">
     <span class='ocr_line' id='line_1_121' title="bbox 980 2587 1767 2626; baseline -0.003 -10"><span class='ocrx_word' id='word_1_809' title='bbox 980 2591 1038 2624; x_wconf 83' lang='grc'>(78)</span> <span class='ocrx_word' id='word_1_810' title='bbox 1052 2589 1186 2626; x_wconf 80' lang='grc' dir='ltr'>Ἐξευρῶν.</span> <span class='ocrx_word' id='word_1_811' title='bbox 1208 2589 1264 2618; x_wconf 89' lang='lat' dir='ltr'>Sic.</span> <span class='ocrx_word' id='word_1_812' title='bbox 1289 2587 1375 2623; x_wconf 48' lang='lat' dir='ltr'>Med.)</span> <span class='ocrx_word' id='word_1_813' title='bbox 1397 2588 1483 2617; x_wconf 87' lang='lat' dir='ltr'>Coisl.</span> <span class='ocrx_word' id='word_1_814' title='bbox 1497 2587 1616 2625; x_wconf 88' lang='lat' dir='ltr'>primus</span> <span class='ocrx_word' id='word_1_815' title='bbox 1639 2589 1667 2615; x_wconf 89' lang='lat' dir='ltr'>et</span> <span class='ocrx_word' id='word_1_816' title='bbox 1690 2587 1767 2615; x_wconf 87' lang='lat' dir='ltr'>Harl.</span> 
     </span>
    </p>
   </div>
   <div class='ocr_carea' id='block_1_120' title="bbox 944 2626 1197 2657">
    <p class='ocr_par' dir='ltr' id='par_1_120' title="bbox 944 2626 1197 2657">
     <span class='ocr_line' id='line_1_122' title="bbox 944 2626 1197 2657; baseline -0.012 -3"><span class='ocrx_word' id='word_1_817' title='bbox 944 2626 1018 2654; x_wconf 81' lang='lat' dir='ltr'>Editi</span> <span class='ocrx_word' id='word_1_818' title='bbox 1032 2626 1197 2657; x_wconf 75' lang='grc' dir='ltr'>ἐξευρίσκων.</span> 
     </span>
    </p>
   </div>
   <div class='ocr_carea' id='block_1_121' title="bbox 980 2658 1772 2697">
    <p class='ocr_par' dir='ltr' id='par_1_121' title="bbox 980 2658 1772 2697">
     <span class='ocr_line' id='line_1_123' title="bbox 980 2658 1772 2697; baseline -0.004 -9"><span class='ocrx_word' id='word_1_819' title='bbox 980 2662 1037 2696; x_wconf 88' lang='lat'>(79)</span> <span class='ocrx_word' id='word_1_820' title='bbox 1052 2658 1207 2697; x_wconf 74' lang='grc' dir='ltr'>Ἀϐουργὶῳ.</span> <span class='ocrx_word' id='word_1_821' title='bbox 1222 2660 1339 2697; x_wconf 22' lang='grc' dir='ltr'>Ιιεινιιιεε</span> <span class='ocrx_word' id='word_1_822' title='bbox 1357 2659 1551 2697; x_wconf 78' lang='lat' dir='ltr'>vetustissimi</span> <span class='ocrx_word' id='word_1_823' title='bbox 1566 2658 1685 2697; x_wconf 69' lang='lat' dir='ltr'>codices</span> <span class='ocrx_word' id='word_1_824' title='bbox 1702 2665 1772 2697; x_wconf 68' lang='lat' dir='ltr'>cum</span> 
     </span>
    </p>
   </div>
   <div class='ocr_carea' id='block_1_122' title="bbox 944 2693 1771 2731">
    <p class='ocr_par' dir='ltr' id='par_1_122' title="bbox 944 2693 1771 2731">
     <span class='ocr_line' id='line_1_124' title="bbox 944 2693 1771 2731; baseline -0.004 -6"><span class='ocrx_word' id='word_1_825' title='bbox 944 2693 1064 2725; x_wconf 81' lang='lat' dir='ltr'>duobus</span> <span class='ocrx_word' id='word_1_826' title='bbox 1079 2693 1187 2731; x_wconf 74' lang='lat' dir='ltr'>Regiis,</span> <span class='ocrx_word' id='word_1_827' title='bbox 1203 2695 1291 2724; x_wconf 87' lang='lat' dir='ltr'>Coisl.</span> <span class='ocrx_word' id='word_1_828' title='bbox 1309 2695 1444 2723; x_wconf 89' lang='lat' dir='ltr'>secundo</span> <span class='ocrx_word' id='word_1_829' title='bbox 1459 2697 1488 2731; x_wconf 85' lang='lat' dir='ltr'>et</span> <span class='ocrx_word' id='word_1_830' title='bbox 1503 2695 1594 2729; x_wconf 84' lang='lat' dir='ltr'>Bigot.</span> <span class='ocrx_word' id='word_1_831' title='bbox 1615 2693 1702 2731; x_wconf 79' lang='lat' dir='ltr'>Solus</span> <span class='ocrx_word' id='word_1_832' title='bbox 1718 2695 1771 2731; x_wconf 54' lang='lat' dir='ltr'>Va:</span> 
     </span>
    </p>
   </div>
   <div class='ocr_carea' id='block_1_123' title="bbox 945 2729 1770 2769">
    <p class='ocr_par' dir='ltr' id='par_1_123' title="bbox 945 2729 1770 2769">
     <span class='ocr_line' id='line_1_125' title="bbox 945 2729 1770 2769; baseline -0.004 -8"><span class='ocrx_word' id='word_1_833' title='bbox 945 2733 1062 2761; x_wconf 89' lang='lat' dir='ltr'>ticanus</span> <span class='ocrx_word' id='word_1_834' title='bbox 1077 2729 1145 2769; x_wconf 84' lang='lat' dir='ltr'>cum</span> <span class='ocrx_word' id='word_1_835' title='bbox 1154 2729 1418 2769; x_wconf 57' lang='lat' dir='ltr'>_editis_’AGouprtqi,</span> <span class='ocrx_word' id='word_1_836' title='bbox 1435 2730 1488 2766; x_wconf 90' lang='lat' dir='ltr'>qui</span> <span class='ocrx_word' id='word_1_837' title='bbox 1503 2732 1605 2758; x_wconf 86' lang='lat' dir='ltr'>tamen</span> <span class='ocrx_word' id='word_1_838' title='bbox 1621 2729 1717 2758; x_wconf 83' lang='lat' dir='ltr'>codex</span> <span class='ocrx_word' id='word_1_839' title='bbox 1731 2729 1770 2759; x_wconf 88' lang='lat' dir='ltr'>ad</span> 
     </span>
    </p>
   </div>
   <div class='ocr_carea' id='block_1_124' title="bbox 944 2767 1369 2805">
    <p class='ocr_par' dir='ltr' id='par_1_124' title="bbox 944 2767 1369 2805">
     <span class='ocr_line' id='line_1_126' title="bbox 944 2767 1369 2805; baseline -0.007 -9"><span class='ocrx_word' id='word_1_840' title='bbox 944 2768 1032 2805; x_wconf 67' lang='lat' dir='ltr'>epist,</span> <span class='ocrx_word' id='word_1_841' title='bbox 1047 2770 1095 2796; x_wconf 73' lang='grc'>193</span> <span class='ocrx_word' id='word_1_842' title='bbox 1111 2767 1369 2805; x_wconf 56' lang='grc' dir='ltr'>Ῑὶᾶὗξί-ᾏεουργίῲ.</span> 
     </span>
    </p>
   </div>
   <div class='ocr_carea' id='block_1_125' title="bbox 979 2803 1550 2841">
    <p class='ocr_par' dir='ltr' id='par_1_125' title="bbox 979 2803 1550 2841">
     <span class='ocr_line' id='line_1_127' title="bbox 979 2803 1550 2841; baseline -0.007 -9"><span class='ocrx_word' id='word_1_843' title='bbox 979 2809 987 2817; x_wconf 93' lang='grc'><strong>·</strong></span> <span class='ocrx_word' id='word_1_844' title='bbox 999 2804 1079 2833; x_wconf 72' lang='lat' dir='ltr'>Alias</span> <span class='ocrx_word' id='word_1_845' title='bbox 1095 2803 1253 2838; x_wconf 85' lang='lat' dir='ltr'>CCCLVIII,</span> <span class='ocrx_word' id='word_1_846' title='bbox 1270 2803 1382 2841; x_wconf 87' lang='lat' dir='ltr'>scripta</span> <span class='ocrx_word' id='word_1_847' title='bbox 1396 2809 1476 2831; x_wconf 84' lang='lat' dir='ltr'>anno</span> <span class='ocrx_word' id='word_1_848' title='bbox 1488 2803 1550 2830; x_wconf 83' lang='lat'>369.</span> 
     </span>
    </p>
   </div>
  </div>
