2009 3145
112 150 165 178 321

97 211 152 238 Ὀὐ
164 213 217 248 μὴν
232 210 305 245 ἀλλὰ,
328 213 421 249 καίπερ
441 211 522 243 οὕτως
537 212 595 247 (88)
617 212 712 244 ἀθλίως
727 213 839 248 ἔχοντες,
864 213 913 248 μιᾷ
928 213 952 239 Α

111 257 268 294 παραμυθίᾳ
283 257 446 292 κεχρήμεθα,
466 259 530 294 πρὸς
553 259 600 286 τὴν
622 260 671 286 σὴν
696 255 799 284 ἀπιδεῖν
816 257 914 293 ἡμερό-

111 311 190 335 τητα,
216 303 262 327 καὶ
285 300 312 326 ἐκ
338 305 386 331 τῆς
411 305 460 332 σῆς
484 301 580 333 ἐννοίας
605 305 650 328 καὶ
673 304 778 338 μνήμης
801 305 915 335 πραϋναι

111 350 161 377 τῆς
175 346 269 381 ψυχῆς
292 347 321 372 τὸ
344 345 513 382 λυπούμενον.
538 346 639 384 Ὠσπερ
662 349 712 384 γὰρ
737 350 791 377 τοῖς
817 345 914 382 ὀφθαλ-

112 395 181 428 μοῖς,
210 388 316 417 ἐπειδάν
347 400 410 417 ποτε
437 394 566 423 συντόνως
591 393 624 418 τὰ
652 391 759 428 λαμπρὰ
790 390 915 417 καταϐλέ-

111 435 277 472 ψωσι,φέρει
296 436 356 461 τινὰ
373 436 510 473 ῥᾳστώνην
525 437 589 473 πρὸς
615 437 648 462 τὰ
671 437 755 462 κυανὰ
773 438 817 462 καὶ
829 435 915 471 χλοά-

115 482 194 512 ζοντα
208 484 256 506 τῶν
271 481 420 516 χρωμάτων
435 480 589 507 ἐπανελθεῖν
607 481 674 507 οὕτω
689 483 734 507 καὶ
749 484 807 511 ταῖς
822 481 914 516 ἡμετέ-

114 535 175 562 ραις
189 525 300 561 ψυχαῖς,
316 525 369 551 οἷον
386 526 443 559 (89)
459 526 553 563 πραεῖά
568 535 608 556 τις
630 527 713 562 ἑπαφὴ
735 527 764 552 τὸ
786 523 915 562 ὀδυνηρὸν

113 569 265 607 ἓξαιροῡσα,
281 570 296 598 ἡ
313 571 404 606 μνήμη
420 573 467 601 τῆς
490 574 539 601 σῆς
559 573 707 608 πραότητος
721 572 766 596 καὶ
783 569 916 606 ἐμμελείας

112 613 179 641 ἔστί·
210 617 255 641 καὶ
282 614 401 651 μάλιστα
430 615 490 641 ὅταν
517 614 710 652 ἐνθυμηθῶμεν,
735 615 776 641 ὅτι
797 616 826 640 τό
848 615 915 640 κατὰ

113 660 222 686 σεαυτὸν
241 659 310 686 ἅπαν
325 658 488 697 ὶπλὴρωσας.
501 659 546 691 Ἐξ
569 659 602 686 ὧν
617 661 711 690 ἱκανῶς
726 662 770 686 καὶ
785 660 848 696 ἡμῖν
862 662 915 689 τοῖς

111 703 269 741 ἆνθρωποις,
291 703 334 730 ἰὰν
349 703 513 740 εὐγνωμόνως
529 704 587 740 (90)
605 705 640 730 τὰ
653 705 797 741 πράγματα
818 705 914 740 κρίνω-

111 758 165 785 pst,
182 750 217 779 ὡς
232 746 308 775 οὖδὶν
333 747 360 774 ἐκ
386 753 434 779 τῆς
459 752 509 779 σῆς
528 751 611 779 αἰτίας
631 748 759 775 ἀπόλωλεν
787 746 912 779 ἐνεδείξω·

110 795 157 819 καὶ
169 794 242 830 παρὰ
257 796 314 828 Θεῷ
327 797 374 824 τῆς
388 797 438 819 τῶν
457 793 541 820 καλῶν
559 795 709 830 προθύμίας
721 795 802 830 μέγαν
814 796 914 828 σεαυτῷ

109 839 153 864 τὸν
167 838 264 874 μισθὸν
277 840 443 867 ιατειτήσω.
462 840 612 875 Χαρίσαιτο
630 836 660 864 δέ
675 847 704 864 σε
719 839 782 874 ἡμῖν
796 839 841 864 καὶ
857 840 914 868 ταῖς

109 882 205 909 ἕαυτοῦ
217 882 371 914 ἐκκλησίαις
385 883 397 909 ό
412 884 514 920 Κύριος,
537 882 576 909 ἔπ’
592 882 699 919 ὠφελείᾳ
722 886 768 909 τοῦ
793 882 854 919 βίου
869 884 915 908 καί
931 888 951 915 Β

111 924 255 962 διορθώσει
266 930 317 953 τῶν
329 926 425 962 ψυχῶν
437 927 522 963 ἡμῶν,
533 928 578 953 καὶ
592 926 764 958 καταξιὼσιιι
777 925 854 952 πάλιν
868 929 914 956 τῆς

113 969 255 1006 ἂπυτελοῦς
271 973 420 1008 συντυχίας
437 980 485 998 σου
492 993 499 1000 .

386 1045 556 1070 ΕΠΙΣΤΟΛΗ
575 1041 636 1070 ΛΕ.

595 148 837 179 EPISTOLARUM
857 147 999 177 CLASSIS
1018 149 1039 176 Ῑ.
1061 148 1171 178 EPIST.
1198 149 1310 178 XXXVI.

1738 150 1791 178 322

971 211 1013 239 sic
1029 212 1140 240 misere
1151 211 1252 240 afﬂicti
1263 211 1370 246 simus,
1379 218 1440 239 una
1451 210 1564 239 utimur
1579 210 1796 246 consolatione,

969 257 1002 284 ut
1017 256 1215 292 respiciamus
1237 256 1277 285 ad
1298 258 1381 285 tuam
1404 255 1683 290 mansuetudinem,
1705 263 1739 283 ac
1755 255 1798 283 tui

970 301 1152 335 cogitatione
1161 304 1188 328 et
1199 301 1410 329 recordatione
1424 300 1560 328 dolorem
1574 300 1668 328 animi
1680 300 1797 335 mitige-

969 353 1051 374 mus.
1072 346 1336 378 Quemadmodum
1359 345 1440 373 enim
1462 345 1574 379 oculis,
1594 347 1796 380 posteaquam

970 390 1082 417 intente
1096 397 1143 418 res
1155 389 1331 426 splendidas
1344 390 1735 426 conspexere,recreationis
1743 389 1798 417 ali-

969 434 1042 470 quid
1059 434 1145 462 aﬂ‘ert
1156 434 1196 463 ad
1212 434 1356 462 cmruleOS
1372 442 1405 461 ac
1421 434 1532 462 virides
1548 433 1663 461 colores
1678 433 1797 467 redire;

969 478 1010 507 ita.
1025 487 1146 516 quoque
1167 480 1277 507 animis
1292 479 1404 507 nostris
1419 479 1513 507 veluti
1527 479 1641 507 blanda
1656 478 1796 515 quaedam

970 525 1166 552 contrectatio
1179 524 1316 552 dolorem
1330 523 1642 560 abigens,recordatio
1653 525 1710 551 tum
1725 523 1800 551 leni-

969 569 1037 597 tatis
1053 576 1089 597 ac
1108 568 1270 604 diligentiae
1284 571 1329 597 est
1341 576 1347 601 ;
1361 570 1390 597 et
1400 568 1531 596 maxime
1542 575 1611 596 cum
1623 568 1727 596 omnia
1736 576 1755 597 a
1769 570 1797 596 te

969 621 1023 650 pro
1039 613 1114 642 virili
1127 613 1208 642 facta.
1223 622 1289 642 esse
1311 613 1551 642 consideremus.
1571 614 1612 640 Ex
1631 613 1744 649 quibus
1769 614 1798 641 et

969 657 1090 686 abunde
1104 657 1191 686 nobis
1206 657 1392 690 hominibus.
1402 657 1427 685 si
1441 657 1478 685 de
1490 656 1582 684 rebus
1592 664 1681 693 inquo
1694 657 1797 685 animo

967 702 1152 738 judicemus,
1168 702 1243 730 nihil
1257 702 1348 739 culpa.
1362 705 1414 730 tua.
1430 702 1553 738 periisse
1571 701 1748 736 ostendisti;
1770 703 1799 730 et

969 747 1051 783 apud
1071 749 1163 775 Deum
1180 747 1222 775 tui
1241 746 1393 775 bonarum
1416 754 1519 774 rerum
1535 746 1627 774 studii
1651 753 1797 781 magnam

968 791 1022 820 tibi
1038 792 1210 819 mercedem
1226 791 1421 828 comparasti.
1438 791 1560 820 Utinam
1575 793 1677 819 autem
1693 799 1798 819 conce-

968 836 1021 864 dat
1035 839 1062 864 te
1078 836 1166 865 nobis
1177 839 1206 864 et
1216 836 1278 864 suis
1292 836 1425 864 ecclesiis
1439 836 1584 864 Dominus
1593 836 1633 864 ad
1640 835 1797 864 utilitatem

967 881 1037 909 vitae
1059 881 1219 909 hominum
1235 883 1264 908 et
1279 881 1523 909 emendationem
1538 882 1712 909 animarum
1726 888 1798 909 nos-

967 927 1094 960 trarum,
1104 925 1254 962 nobisque
1264 925 1374 953 iterum
1389 925 1530 961 dignetur
1544 928 1630 954 tuum
1640 924 1797 961 perutilem

967 977 1166 1006 congressum
1181 969 1358 998 concedere.

1229 1041 1396 1070 EPISTULA
1417 1040 1528 1069 XXXV'.

467 1105 663 1134 Commendat
675 1104 833 1132 Leontium
844 1103 980 1133 Basilius
995 1107 1139 1140 tanquam
1151 1104 1282 1132 alterum
1296 1104 1437 1138 seipsum.

297 1167 497 1205 ’Δνεπίγραφος,
509 1168 574 1204 ύπίρ
591 1169 724 1195 Λεοντίου.

146 1231 211 1268 Περὶ
233 1229 333 1256 πολλῶν
359 1231 415 1266 μὶν,
440 1231 475 1261 ὣς
505 1229 680 1268 διὰφιρόντυν
702 1239 757 1266 μοι,
780 1229 915 1257 ἓπὲστειλά

110 1285 165 1309 σοι,
184 1277 244 1312 περὶ
269 1274 389 1301 πλειόνων
414 1273 444 1301 δὲ
465 1276 510 1301 καὶ
534 1274 670 1302 ἐπιστελῶ.
697 1276 764 1301 Οὔτε
779 1276 830 1311 ¹γὰρ
854 1276 915 1306 τοὺς

109 1319 247 1357 διομένους
268 1319 394 1346 ἰπιλιπεῖν
410 1318 531 1353 δυνατὸν,
552 1321 609 1346 οὔτε
624 1321 695 1356 ἡμᾶς
719 1319 856 1357 ἀρνεῖσθαι
867 1322 914 1349 τὴν

107 1366 192 1402 χάριν
207 1365 261 1391 οἷον
274 1374 311 1391 τι.
337 1364 375 1390 οὐ
399 1366 450 1400 μήν
474 1364 532 1390 ἐστί
555 1374 595 1394 τις
617 1364 771 1400 οἰκειότερός
786 1373 842 1400 μοι,
858 1365 915 1390 οὔτε

108 1409 206 1446 μᾶλλον
220 1408 371 1435 ἀναπαῦσαί
388 1418 420 1445 με
434 1407 472 1444 ἔφ’
487 1409 524 1439 οἷς
539 1408 568 1434 ἂν
584 1406 610 1434 εὖ
627 1418 653 1434 τι
664 1409 745 1435 πάθοι
760 1409 816 1444 (91)
834 1406 914 1434 δυνά-

107 1463 197 1491 μενος,
217 1457 263 1480 τοῦ
286 1451 499 1490 αἰδισιμωτάτον
526 1451 638 1489 ἀδελφοῦ
661 1455 792 1480 Λεοντίου·
815 1452 846 1479 οὗ
867 1454 914 1482 τὴν

107 1499 197 1525 οἰκίαν
213 1498 281 1524 οὕτω
295 1496 394 1533 διάθες¹
411 1499 446 1529 ὡς
460 1497 490 1524 ἂν
506 1497 528 1524 εἰ
542 1498 619 1524 αὑτὸν
635 1498 679 1534 ἐμὲ
692 1497 861 1531 καταλάϐοις,
877 1499 912 1534 μὴ

107 1543 135 1570 ἐν
196 1545 272 1579 πενίᾳ
281 1544 377 1579 ταύτῃ,
391 1542 415 1568 ἄν
428 1542 444 1579 ᾖ
455 1546 499 1568 νῦν
515 1542 567 1579 ιὶμι
580 1544 627 1569 σὺν
644 1546 711 1578 Θεῷ,
726 1541 780 1569 ἀλλ’
793 1542 915 1579 εὐπορίας

105 1590 179 1619 τινὸς
191 1587 385 1624 ἐπειλημμένον,
401 1589 447 1613 καὶ
467 1586 564 1624 ἀγροὺς
578 1589 743 1624 κεκτημένον.
760 1586 839 1616 Δῆλον
851 1588 914 1624 γὰρ,

107 1633 152 1660 ὅτι
167 1632 214 1659 οὔκ
229 1632 259 1659 ἃν
274 1631 402 1662 ἐποίησάς
421 1641 453 1668 με
473 1633 582 1665 πένητα,
605 1631 659 1657 ἀλλ’
682 1631 807 1667 ἐφύλαξας
833 1630 863 1657 ἃν
882 1632 915 1658 τὰ

106 1679 238 1715 παρόντι,
253 1677 268 1707 ἦ
286 1676 414 1708 irritum;
429 1678 475 1706 τὴν
496 1676 630 1712 εὐπορίαν,
644 1679 727 1703 Τοῦτο
742 1673 786 1701 οὖν
803 1678 915 1705 ποιῆσαί

110 1732 142 1748 σι
150 1724 198 1748 καὶ
212 1720 237 1747 ὗν
249 1725 281 1758 τῇ
294 1723 466 1759 προειρημένῃ
482 1730 527 1757 μοι
542 1720 614 1756 οἰκίᾳ
626 1724 670 1746 τοῦ
687 1718 783 1756 ἀνδρὸς
797 1730 914 1758 παρακα-

107 1767 215 1803 λοῦμεν.
230 1766 335 1797 Μισθὸς
350 1764 381 1792 δέ
402 1775 445 1791 σοι
463 1766 526 1801 ὑπὲρ
551 1766 654 1791 πάντων
675 1765 688 1791 ὁ
713 1765 827 1795 συνήθης
852 1764 914 1802 παρ’

110 1811 186 1848 ἆμοῦ,
198 1811 265 1847 εὐχή
279 1812 347 1848 πρὸς
355 1812 400 1837 τόν
413 1810 488 1846 ἅγιον
502 1812 566 1837 Θεὸν
581 1811 645 1847 ὑπὲρ
660 1810 693 1836 ὧν
708 1811 824 1847 κάμνεις,
835 1810 914 1840 καλὸς

109 1866 139 1883 τι
150 1859 196 1883 καὶ
211 1856 309 1893 ἀγαθὸς
324 1856 368 1891 ὧν,
385 1857 430 1882 καὶ
453 1855 641 1893 προλαμϐάνων
658 1857 705 1887 τὰς
723 1855 841 1887 αἰτήσεις
862 1859 913 1882 τῶν

109 1901 250 1938 δεομένων.

930 1706 950 1734 C

387 2037 558 2062 ΕΠΙΣΤΟΛΗ
579 2033 638 2067 Λς’.

1139 1167 1209 1195 Sine
1223 1166 1430 1201 inscriptione,
1444 1165 1481 1194 de
1495 1166 1627 1194 Leontio.

1005 1229 1045 1256 De
1061 1228 1164 1256 multis
1186 1227 1321 1264 quidem,
1337 1229 1371 1255 ut
1385 1227 1425 1256 ad
1440 1235 1488 1255 me
1503 1226 1725 1263 pertinentibus
1741 1225 1797 1255 tibi

971 1273 1079 1309 scripsi
1094 1281 1100 1300 :
1118 1272 1170 1300 sed
1186 1274 1215 1300 et
1229 1272 1266 1300 de
1280 1271 1418 1308 pluribus
1430 1271 1657 1300 scribam.Nam
1667 1279 1722 1299 nec
1732 1270 1796 1299 ﬁeri

969 1319 1068 1353 potest
1080 1319 1112 1344 ut
1125 1316 1294 1351 indigentes
1306 1316 1406 1344 desint
1416 1326 1422 1349 ;
1432 1324 1488 1344 nec
1502 1315 1731 1344 mihibeneﬁcia
1745 1315 1796 1344 de-

969 1368 1081 1396 negare
1095 1361 1257 1396 integrum.
1277 1361 1298 1395 1
1308 1360 1363 1396 14
1379 1362 1443 1388 Non
1456 1363 1503 1388 est
1517 1363 1619 1388 tamen
1630 1360 1794 1396 quisquam

969 1405 1044 1434 mihi
1063 1405 1264 1441 conjunctior,
1281 1407 1309 1432 et
1328 1404 1380 1441 qui
1395 1412 1454 1440 me,
1476 1405 1500 1432 si
1517 1404 1592 1441 quid
1608 1404 1634 1432 ei
1650 1412 1795 1440 prospere

970 1450 1097 1486 eveniat,
1114 1449 1213 1485 magis
1225 1449 1376 1478 consolari
1391 1449 1496 1486 possit,
1510 1457 1604 1485 quam
1620 1449 1795 1477 colendissi-

969 1502 1037 1522 mus
1058 1494 1148 1522 frater
1172 1494 1331 1522 Leontius:
1348 1494 1435 1529 cujus
1455 1493 1582 1521 domum
1606 1493 1648 1521 ita
1664 1493 1793 1529 suscipe,

969 1539 1058 1575 quasi
1073 1538 1286 1574 memetipsum
1297 1540 1404 1566 nactus
1417 1537 1524 1565 fuisses
1540 1545 1601 1565 non
1621 1538 1652 1565 in
1672 1545 1708 1565 ea
1718 1545 1795 1574 pau-

969 1586 1098 1620 pertate,
1109 1584 1139 1611 in
1155 1591 1218 1619 qua
1236 1591 1318 1611 nunc
1334 1582 1437 1610 divino
1448 1582 1597 1610 beneﬂcio
1610 1590 1726 1618 versor,
1741 1582 1796 1610 sed

970 1628 1158 1664 opulentiam
1183 1627 1351 1663 quamdam
1377 1629 1586 1661 consecutum,
1621 1630 1648 1655 et
1681 1626 1796 1663 praedia

969 1672 1184 1708 possidentem.
1200 1673 1274 1700 Nam
1296 1671 1399 1708 palam
1423 1673 1468 1700 est
1490 1671 1563 1704 fore,
1578 1673 1610 1699 ut
1629 1679 1796 1708 pauperem

970 1725 1019 1745 me
1028 1725 1090 1745 non
1103 1717 1282 1750 faceres,sed
1290 1724 1426 1745 servares
1436 1716 1604 1753 praesentia,
1614 1718 1666 1744 aut
1675 1717 1796 1752 copiam

970 1771 1115 1798 augeres.
1137 1764 1196 1791 Hoc
1216 1763 1320 1798 itaque
1341 1762 1435 1790 facias
1461 1761 1553 1790 etiam
1572 1761 1723 1798 praedictis
1743 1762 1797 1790 viri

969 1808 1077 1836 domui
1098 1815 1251 1844 rogamus.
1277 1808 1336 1835 Erit
1363 1812 1465 1835 autem
1485 1806 1537 1834 tibi
1560 1815 1578 1835 a
1603 1814 1653 1834 me
1672 1815 1727 1843 pro
1750 1807 1796 1835 bis

969 1852 1113 1881 omnibus
1137 1854 1279 1881 consueta.
1292 1859 1419 1885 merces,
1439 1859 1544 1887 preces
1559 1851 1599 1879 ad
1614 1853 1707 1879 Deum
1729 1859 1798 1879 san-

970 1899 1052 1925 ctum
1068 1904 1124 1933 pro
1140 1896 1308 1931 laboribus,
1324 1904 1402 1932 quos
1429 1896 1559 1932 suscipis
1584 1895 1702 1923 bonum
1721 1897 1749 1923 te
1768 1897 1798 1924 et

969 1941 1100 1978 probum
1116 1941 1265 1978 praebens,
1280 1949 1315 1970 ac
1330 1941 1489 1977 petitiones
1502 1940 1703 1976 indigentium
1715 1942 1797 1969 ante-

969 1989 1100 2016 vertens.

1211 2031 1384 2060 EPISTOLA
1405 2031 1538 2059 XXXVI"
1544 2053 1550 2060 .

107 2097 207 2133 Rogat
219 2096 364 2131 Basilius,
380 2099 413 2125 ut
425 2096 600 2132 presbytero
615 2096 667 2133 qui
682 2104 750 2124 cum
762 2096 825 2130 ipso
840 2095 985 2133 educatus
997 2094 1100 2129 fuerat
1112 2093 1196 2133 eique
1207 2093 1248 2121 ad
1267 2094 1379 2121 victum
1398 2093 1502 2122 labore
1516 2101 1569 2121 suo
1589 2092 1793 2125 ministrabat,

707 2139 786 2160 nova
801 2131 990 2167 permquatio
1004 2137 1065 2157 non
1081 2131 1196 2157 noceat.

263 2194 461 2233 Ἀνιπίγραφος,
482 2194 524 2221 ἰπὶ
543 2194 681 2231 ἐπικουρίᾳ
695 2193 762 2229 (92).

147 2256 178 2283 Ὀ
196 2256 367 2294 πρεσϐύτερος
393 2261 439 2284 τοῦ
463 2259 565 2294 χωρίου
590 2255 678 2290 τοῦδε,
696 2256 779 2292 οἶμαι,
798 2256 839 2282 ὅτι
864 2256 915 2281 πά-

110 2301 156 2328 λαι
184 2303 311 2338 ἔγνωσται
337 2306 367 2338 τῇ
397 2302 511 2338 εὐγενείᾳ
534 2312 592 2336 σου,
621 2303 660 2327 ὅτι
681 2301 750 2328 ἐστὶν
776 2300 832 2337 ἐμοὶ
857 2301 915 2326 σύν-

109 2356 214 2384 τροφος.
241 2349 273 2374 Τί
301 2345 345 2373 οὖν
369 2346 430 2373 ἄλλο
459 2345 501 2374 δεῖ
524 2356 556 2383 με
584 2346 663 2373 εἰπεῖν
687 2347 752 2383 πρὸς
778 2347 807 2371 τό
827 2344 914 2371 δυσω-

109 2394 200 2421 πῆσαί
222 2401 269 2417 σου
288 2394 336 2421 τὴν
359 2393 545 2429 χρηστότητα,
564 2391 663 2421 οἰκείως
683 2390 760 2417 αὑτὸν
785 2388 850 2416 ἰδεῖν
871 2392 916 2416 καὶ

111 2436 251 2473 βοηθῆσαι
274 2436 344 2472 αὐτῷ
373 2437 408 2468 εἰς
437 2437 470 2463 τὰ
496 2437 657 2474 πράγματας
689 2435 720 2462 Εἰ
743 2436 788 2472 μὲν
807 2436 857 2472 ’γὰρ
873 2434 917 2471 ἒμὶ

112 2481 240 2522 ἆγαπᾷςκ
255 2482 342 2518 ὥσπερ
370 2480 414 2508 οὖν
440 2481 552 2518 ἀγαπᾷς,
579 2480 701 2511 δηλονότι
723 2482 765 2507 καὶ
791 2479 835 2511 οὓς
862 2479 916 2505 ἇιντ⁷

120 2634 131 2641 _
151 2598 209 2633 (88)
228 2599 325 2635 Καίπερ
350 2597 441 2628 οὓτως.
468 2597 514 2625 Sic
539 2605 614 2626 mss.
635 2605 698 2625 sex.
723 2596 799 2625 Εάὶιί
820 2591 939 2634 καίπερ”

114 2642 206 2663 οντως,

151 2668 209 2703 (89)
227 2666 298 2695 Οἶον.
316 2668 362 2696 Sic
378 2668 469 2696 etiam
486 2677 559 2696 mss.
574 2676 636 2696 sex.
651 2667 727 2696 Editi
740 2667 793 2696 οἷα.

150 2702 207 2739 (90)
228 2704 286 2730 Ἐὰν
306 2704 482 2740 εὐγνωμόνως.
509 2704 555 2732 Sic
584 2712 657 2731 mss.
679 2711 742 2731 sex.
768 2702 842 2730 Editi
867 2702 914 2728 κᾶν

114 2739 291 2775 εὐγνωμόνως.

152 2773 210 2810 (91)
230 2775 283 2811 Ἐφ’
304 2773 344 2811 οἷς
359 2775 389 2801 ἂν
409 2773 435 2801 εὖ
455 2785 480 2801 τι
497 2776 588 2811 πάθοιἴ
608 2775 752 2810 Corrupte
765 2774 803 2811 _in
829 2773 915 2802 editis

114 2810 153 2847 ἕν’
169 2809 206 2842 οῖς
220 2810 251 2838 ἂν
262 2809 302 2848 μὴ
319 2809 346 2838 αὖ
361 2820 388 2838 τι
399 2812 522 2847 πάθοιμι.
538 2810 650 2840 Vulnus
667 2809 842 2839 sanavimus
857 2816 915 2845 ope

930 2193 953 2220 D

1112 2190 1183 2218 Sine
1203 2191 1409 2225 inscriptione,
1423 2190 1532 2218 auxilii
1551 2197 1652 2218 causa.

1005 2254 1127 2283 Novisse
1140 2252 1325 2290 jamdudum
1340 2251 1526 2280 nobilitatem
1550 2254 1634 2280 tuam
1656 2251 1794 2287 arbitror,

969 2299 1026 2328 loci
1042 2298 1119 2326 illius
1138 2297 1349 2334 presbyterum
1366 2304 1428 2324 una
1447 2304 1568 2324 mecum
1581 2296 1673 2325 fuisse
1688 2296 1797 2324 educa-

969 2346 1045 2373 tum.
1071 2343 1150 2376 Quid
1168 2342 1257 2377 igitur
1280 2341 1361 2369 aliud
1380 2341 1545 2370 dicendum
1561 2341 1635 2369 mihi
1656 2344 1710 2375 est,
1735 2349 1796 2377 quo

970 2387 1189 2423 benignitatem
1200 2389 1283 2414 tuam
1291 2394 1423 2419 exorem,
1432 2388 1466 2414 ut
1477 2386 1580 2414 videas
1593 2385 1677 2414 illum
1688 2386 1795 2421 amice,

971 2435 1062 2470 atque
1072 2432 1099 2460 ei
1111 2432 1150 2460 ad
1162 2430 1284 2466 negotia
1294 2438 1385 2467 opem
1395 2430 1493 2459 feras?
1509 2430 1538 2459 Si
1549 2431 1629 2459 enim
1640 2439 1689 2459 me
1698 2438 1794 2464 amas,

972 2481 1005 2507 ut
1018 2477 1153 2515 profecto
1167 2484 1270 2510 amas;
1287 2483 1350 2504 non
1371 2475 1494 2505 dubium
1510 2475 1583 2512 quin
1602 2478 1631 2505 et
1648 2484 1725 2513 quos
1749 2482 1798 2503 eo-

946 2592 956 2596 ’
969 2593 1107 2622 codicum
1124 2594 1193 2627 Reg.
1204 2591 1329 2627 secundi
1338 2593 1366 2619 et
1378 2591 1551 2620 Coislininni
1562 2591 1797 2627 secundi.rD_eest

968 2630 1058 2658 etiam
1074 2625 1195 2663 negatio
1218 2630 1286 2656 ante
1303 2625 1329 2663 εὖ
1342 2637 1367 2652 τι
1382 2627 1413 2654 in
1435 2627 1646 2663 antiquissimo
1662 2625 1751 2654 Coisl.
1767 2628 1797 2654 et

969 2665 1054 2697 Med,
1070 2662 1127 2691 sed
1138 2666 1261 2699 uterque
1277 2662 1377 2699 habet,
1395 2665 1427 2690 ut
1441 2662 1519 2698 editi,
1537 2663 1659 2698 πάθοιμι.

1005 2696 1061 2735 (92)
1082 2696 1244 2736 Ἐπιχρυρίᾳ.
1269 2699 1343 2726 Editi
1365 2696 1516 2736 ἐπικουρίας
1531 2696 1636 2725 contra
1657 2696 1795 2725 omnium

968 2736 1108 2765 codicum
1123 2735 1226 2762 ﬁdem.

1004 2773 1014 2783 '
1024 2771 1105 2799 Alias
1119 2770 1295 2803 CCXXXVI,
1313 2769 1424 2805 scripta.
1438 2770 1506 2796 ante
1519 2768 1740 2805 episcopatum.

1004 2807 1114 2836 “Alias
1126 2805 1302 2839 CCXXVllI,
1314 2804 1425 2841 scripta
1435 2806 1504 2833 ante
1518 2804 1740 2841 episcopatum.
