2009 3145
271 136 322 164 323

963 130 992 158 S.
1012 127 1139 157 BASILII
1158 129 1269 158 MAGNI
1891 134 1931 161 324

271 197 342 225 dem
354 195 422 224 loco
438 202 472 223 ac
482 193 633 231 meipsum
639 193 749 228 habeo,
757 193 826 222 totis
839 192 950 221 viribus
960 199 1087 220 recreari

1154 189 1267 227 ἐμαυτοῦ
1282 191 1337 227 (93)
1361 191 1425 227 ἔχω,
1442 190 1593 218 ἀναπαῦσαι
1607 191 1679 228 πάσῃ
1697 189 1808 229 δυνάμει
1825 198 1931 231 προαιρῇ.

271 241 398 270 coneris.
415 239 492 273 Quid
505 239 594 274 igitur
607 241 652 266 est
660 238 743 275 quod
753 239 886 273 rogo?Ut
898 237 924 266 ei
935 236 1097 272 descriptio

271 288 398 323 antiqua
417 287 561 313 servetur.
579 283 736 312 Enimvero
756 291 818 312 non
841 291 948 319 parum
967 282 1096 316 laborat,

271 332 345 360 mihi
359 330 397 358 ad
413 330 527 357 victum
543 328 732 364 ministrans,
749 336 785 356 eo
801 327 884 364 quod
898 335 965 363 ego,
980 329 1012 354 ut
1031 326 1097 362 ipse

270 376 338 409 scis,
358 374 432 402 nihil
452 373 609 410 proprium
632 373 783 406 habeam,
804 372 857 400 sed
882 372 1051 400 amicorum
1069 373 1098 398 et

269 419 510 455 propinquorum
526 418 617 445 rebus
634 420 796 446 sustenter.
812 419 915 453 Itaque
926 415 1049 453 perinde
1065 417 1098 444 ut

268 471 380 498 meam,
395 464 456 491 imo
469 465 502 490 ut
514 465 598 490 tuam
611 462 690 490 habe
705 462 796 497 hujus
808 461 908 489 fratris
918 461 1059 493 domum,
1069 462 1099 489 et

267 516 322 544 pro
334 507 442 535 collato
455 507 486 534 in
502 514 572 534 eum
583 506 729 534 beneﬁcio
740 505 884 542 praebebit
899 507 976 533 Deus
989 507 1017 533 et
1031 504 1093 536 tibi,

267 554 296 580 et
307 551 422 587 domui,
432 554 460 579 et
470 551 523 579 toti
533 553 583 579 tuo
597 551 698 586 generi
711 558 801 586 opem
812 552 998 578 consuetam.
1013 549 1094 578 Scias

267 599 369 626 autem
385 596 458 624 mihi
474 604 599 632 prorsus
612 604 693 624 curae
709 603 787 628 esse,
801 597 834 623 ut
844 603 879 623 ex
895 594 1094 632 peraequatio-

266 650 304 670 ne
316 641 400 670 nulla
413 641 483 669 huic
496 641 561 669 viro
578 641 689 676 injuria
703 640 858 668 inferatur.

506 729 680 758 EPISTOLA
698 729 849 756 XXXVII‘.

1153 239 1183 262 Τί
1215 235 1258 262 οὖν
1283 235 1353 263 ἐστιν
1378 238 1391 263 ὃ
1419 236 1583 274 παρακαλῶ,
1611 236 1783 274 Φυλαχθῆναι
1808 239 1873 275 αὐτῷ
1895 242 1931 269 τήν

1152 281 1264 307 παλαιὰν
1285 281 1447 318 ἀπογραφήν.
1470 284 1520 308 Καὶ
1543 283 1594 318 γὰρ
1618 285 1663 308 καὶ
1684 283 1777 318 κάμνει
1796 283 1824 309 οὗ
1842 286 1933 320 μετρίως

1153 327 1215 362 ἡμῖν
1249 327 1383 363 ὑπηρετῶν
1420 328 1484 363 πρὸς
1509 328 1553 352 τόν
1580 325 1648 363 βίον,
1682 325 1729 353 διὰ
1760 329 1788 353 τό
1815 329 1887 364 ἡμᾶς,
1908 331 1932 359 ὡς

1153 371 1228 402 αὐτὸς
1253 370 1406 405 ἔπίστασαι,
1426 369 1510 408 μηδὲν
1538 372 1682 401 κεκτῆσθαι
1706 369 1786 405 ἲδιον,
1810 372 1869 398 ἀλλά
1889 377 1932 404 τοῖς

1151 419 1201 442 τῶν
1226 415 1303 452 φίλων
1332 418 1377 442 καὶ
1408 420 1539 452 συγγενῶν
1569 415 1708 454 ἀρκεῖσθαι
1735 418 1802 452 (94).
1837 416 1875 447 Ὠς
1898 421 1932 443 οὖν

1151 459 1210 497 ἐμὸν
1228 459 1308 494 οἷκον,
1332 460 1427 497 μᾶλλον
1458 459 1486 487 δι
1516 462 1548 491 ὡς
1571 460 1674 495 ἑαυτοῦ,
1703 461 1770 487 οὕτω
1799 462 1874 488 θέασα
1896 463 1932 488 τὸν

1149 509 1196 531 τοῦ
1215 503 1326 541 ἀδελφοῦ
1351 503 1438 531 τοῦδε·
1459 507 1504 531 καὶ
1533 504 1590 531 ἀντὶ
1613 509 1661 536 τῆς
1683 504 1720 535 εἰς
1742 505 1819 531 αὐτόν
1834 506 1931 537 εὐποιίας

1149 549 1254 586 παρέξει
1280 551 1344 581 Θεὸς
1372 552 1417 576 καὶ
1447 552 1499 584 σοὶ,
1530 552 1575 576 καὶ
1601 550 1674 586 οἰχῳ,
1700 552 1746 576 καὶ
1778 553 1842 586 γένει
1869 553 1931 577 παντί

1150 603 1198 619 σου
1213 596 1259 623 τήν
1276 595 1376 623 συνήθη
1393 593 1517 630 βοήθειαν
1533 593 1601 626 (95).
1626 596 1740 620 Γίνωσιιι
1762 592 1792 621 δέ
1814 604 1856 630 μοι
1877 596 1930 620 πάνυ

1148 637 1263 674 ἐπιμελὲς
1279 639 1355 674 εἶναι,
1370 636 1454 675 μηδὶν
1474 638 1503 665 ἔκ
1517 643 1563 669 τῆς
1589 637 1736 670 ἔξισώσεως
1757 638 1930 677 ἑπηρεασθῆναι

1147 684 1190 709 τόν
1207 683 1352 719 ἄνθρωπον.

1423 729 1586 754 ΕΡΙΣΤΟΛΗ
1608 726 1671 757 Az’.

675 778 910 807 Commendatur
922 778 1000 806 idem
1016 777 1185 812 presbyter.
1199 776 1359 814 eademque
1378 776 1415 805 de
1434 784 1536 806 causa.

282 830 355 858 Sine
365 829 566 864 inscriptione,
583 835 675 856 causa
690 828 775 856 illius
794 828 847 863 qui
861 835 959 856 secum
970 827 1075 862 fuerat
1107 829 1128 855 Β

599 873 761 901 enutritus.

301 920 479 956 Suspectam
499 918 565 954 jam
586 917 686 946 habeo
706 917 904 952 epistolarum
927 916 1092 944 multitudi-

264 971 345 991 nem.
353 967 393 991 Ac
404 962 795 999 vehementerquidem,nec
806 961 971 998 petentium
979 961 1092 997 impor-

263 1009 422 1037 tunitatem
434 1007 676 1042 terens,clamare
687 1014 790 1042 cogor.
799 1007 856 1034 Sed
869 1009 969 1034 tamen
979 1005 1088 1041 scribo,

264 1062 333 1081 cum
344 1053 436 1081 aliam
448 1053 506 1080 mei
519 1052 700 1088 expediendi
711 1052 791 1080 viam
802 1051 935 1079 invenire
946 1059 1008 1078 non
1023 1058 1090 1087 pos-

265 1099 429 1134 sim,quam
439 1098 463 1125 si
473 1097 542 1124 dem
552 1097 609 1124 illis
617 1096 731 1124 litteras
744 1095 951 1131 ﬂagitantibus
960 1095 1088 1124 subinde

263 1151 282 1171 a
296 1141 517 1170 nobis.Vereor
528 1141 630 1177 itaque
644 1149 692 1175 ne,
707 1141 778 1177 quia
796 1140 882 1168 multi
896 1140 1009 1168 litteras
1020 1147 1088 1176 per-

262 1187 372 1221 ferunt,
385 1194 464 1213 unus
476 1194 491 1213 e
501 1185 601 1213 multis
617 1185 803 1212 existimetur
816 1187 844 1212 et
855 1184 946 1212 frater
959 1184 1017 1212 ille.
1026 1185 1087 1219 Ego

263 1231 345 1259 enim
363 1230 474 1258 multos
493 1230 567 1257 mihi
586 1230 616 1257 in
636 1230 734 1265 patria
752 1229 867 1257 amicos
889 1237 924 1257 ac
941 1231 1086 1263 cognatos

264 1283 330 1303 esse
346 1275 450 1308 fateor,
462 1282 571 1310 meque
588 1274 720 1310 parentis
734 1273 801 1302 loco
816 1274 1012 1302 constitutum
1021 1281 1086 1301 esse

262 1322 384 1356 propter
391 1319 568 1354 dignitatem
575 1318 667 1351 illam,
675 1318 705 1345 in
715 1326 777 1354 qua
787 1326 855 1346 sum
864 1326 882 1346 θ.
890 1318 1018 1346 Domino
1028 1317 1086 1346 col-

261 1363 387 1391 locatus.
404 1364 486 1390 Hunc
500 1365 600 1390 autem
614 1361 833 1390 collactaneum
848 1362 947 1390 habeo
963 1362 1086 1389 nutricis

260 1415 335 1436 meae
349 1415 446 1435 unum
460 1406 568 1442 ﬁlium,
583 1409 610 1434 et
620 1414 736 1443 precor,
748 1410 780 1434 ut
797 1407 919 1442 domus,
930 1406 960 1434 in
971 1415 1034 1442 qua
1044 1406 1086 1434 fui

260 1451 417 1486 enutritus,
429 1451 459 1479 in
475 1451 582 1479 eodem
596 1454 674 1479 statu
689 1454 880 1487 permaneat;
902 1459 937 1479 ne
950 1451 1087 1479 beneﬁca

260 1496 290 1524 in
306 1503 412 1524 omnes
428 1497 449 1531 1
459 1496 480 1530 ι
488 1496 513 1531 5
526 1495 679 1530 dignitatis
689 1498 748 1523 tua;
764 1496 935 1532 praesentia,
946 1495 1085 1523 huicviro

260 1548 355 1569 causa
369 1541 406 1568 sit
421 1543 450 1568 et
464 1539 582 1574 origino
598 1539 749 1568 dolestize.
759 1539 817 1568 Sed
831 1539 904 1575 quia
918 1539 1085 1567 etiamnum

259 1593 296 1613 ex
313 1585 420 1613 eadem
436 1584 529 1611 domo
544 1583 618 1618 alor,
636 1584 709 1611 nihil
728 1583 846 1612 habens
866 1592 1015 1619 meorum,
1032 1584 1085 1612 sed

260 1629 422 1657 charorum
436 1630 618 1656 sustentatus
634 1628 840 1663 facultatibus;
854 1636 961 1664 precor
974 1632 1006 1656 ut
1015 1629 1085 1657 huic

259 1673 362 1707 domo,
371 1673 403 1700 in
415 1680 478 1709 qua
489 1673 618 1700 nutritus
629 1680 707 1706 sum,
722 1673 764 1700 ita
776 1681 895 1708 parcas,
905 1676 937 1701 ut
946 1673 1020 1701 mihi
1033 1673 1085 1702 ali-

258 1718 352 1745 menti
358 1717 478 1752 copiam
486 1718 788 1745 conservaturus.Pro
796 1717 842 1745 his
851 1719 878 1745 te
887 1717 965 1745 Deus
975 1721 1086 1746 aeterna.

257 1762 361 1798 requie
368 1764 548 1790 remuneret.
560 1764 655 1798 Atque
666 1761 740 1789 illud
751 1762 938 1799 etiam,quod
948 1763 1085 1791 omniurn

257 1806 449 1834 verissimum
461 1809 515 1840 est,
527 1806 664 1841 dignitati
674 1809 731 1834 tuae
745 1809 850 1834 notum
861 1815 927 1834 esse
939 1807 1018 1842 volo,
1026 1815 1086 1836 ser-

257 1851 400 1879 vitiorum
408 1853 526 1887 partem
536 1850 704 1879 maximam
714 1850 799 1879 illum
807 1859 825 1879 a
833 1851 921 1880 nobis
929 1852 1083 1887 habuisse,

257 1895 337 1924 hanc
353 1895 524 1923 mercedem
535 1895 749 1923 alimentorum
760 1903 898 1924 meorum
908 1897 1083 1932 parentibus

257 1941 334 1968 meis
350 1939 625 1976 suppeditantibus.
642 1941 751 1968 Merces
767 1943 868 1968 autem
888 1940 939 1969 illa
958 1949 1020 1970 non
1040 1944 1084 1971 est

257 1984 382 2012 omnino
395 1984 522 2019 donum,
534 1985 588 2011 sed
599 1992 672 2012 usus
684 1992 738 2020 per
749 1984 851 2014 vitam.
863 1986 960 2018 Quare
973 1986 998 2014 si
1008 1986 1082 2023 quid

257 2037 349 2065 grave
362 2028 419 2056 illis
430 2027 583 2061 acciderit,
595 2028 663 2056 licet
673 2029 699 2056 ei
709 2029 760 2057 illa
772 2029 811 2058 ad
820 2038 869 2058 me
881 2031 1041 2066 remittere,
1053 2033 1082 2060 et

257 2081 313 2109 ego
328 2073 377 2100 via
392 2072 453 2100 alia
467 2072 586 2101 tributis
600 2081 636 2101 ac
649 2074 841 2102 exactoribus
851 2083 902 2104 ero
918 2075 1079 2104 obnoxius.

1325 825 1520 862 ’Δνεπίγραφος,
1533 826 1596 863 ὑπὶρ
1611 827 1768 863 συντρόφου.

1180 914 1328 952 ’Υφορῶμαι
1341 915 1429 942 λοιπὸν
1443 919 1492 941 τῶν
1508 913 1649 941 ἰπιστολῶν
1668 916 1697 941 τὸ
1717 914 1826 946 πλῆθος,
1850 916 1928 944 Binis;

1144 960 1200 996 μὶν,
1222 962 1265 985 καὶ
1288 961 1324 996 μὴ
1351 962 1432 996 φέρων
1455 961 1502 988 τὴν
1527 958 1670 995 ὶπάχθειαν
1696 963 1747 986 τῶν
1768 959 1927 986 ἀπαιτούντων

1145 1004 1223 1040 ἡμᾶς,
1255 1003 1373 1040 ἐπιφωνεῖν
1393 1003 1586 1040 ἀναγκάζομαι.
1616 1005 1710 1040 Γράφω
1738 1002 1764 1030 δ’
1793 1002 1834 1030 οὖν
1861 1004 1925 1039 ὅμως,

1143 1048 1218 1074 ἄλλον
1233 1047 1386 1084 ἀπαλλαγῆς
1400 1050 1495 1085 τρόπον
1511 1047 1619 1074 ἰπινοιῖν
1641 1048 1689 1074 οὐκ
1714 1050 1782 1085 ἔχων
1810 1048 1824 1078 ἦ
1848 1045 1926 1077 διδοὺς

1143 1093 1232 1124 αὐτοῖς
1251 1094 1298 1124 τὰς
1317 1092 1453 1123 ἐπιστολὰς
1482 1093 1601 1119 αἰτοῦσιν
1625 1092 1750 1119 ἑκάστοτε
1777 1092 1836 1130 παρ’
1856 1093 1924 1128 ἡμῶν.

1143 1137 1276 1174 Φοϐοῦμαι
1302 1139 1388 1163 τοίνυν
1416 1140 1465 1174 μὴ,
1493 1135 1583 1166 ἔπιιδὴ
1612 1137 1703 1164 πολλοὶ
1732 1137 1925 1175 προσκομίζονσι

1141 1183 1294 1219 γράμματα,
1318 1180 1354 1214 εἷς
1374 1186 1423 1208 τῶν
1445 1182 1543 1208 πολλῶν
1570 1183 1683 1219 νομισθῇ
1700 1185 1746 1209 καὶ
1768 1183 1780 1208 ὀ
1805 1180 1923 1218 ἀδελ.φόςὸ

1142 1225 1224 1254 δεῖνα.
1251 1227 1317 1263 Ἐγὼ
1338 1228 1390 1264 γὰρ
1409 1227 1519 1258 πολλοὺς
1542 1226 1631 1263 φίλους
1652 1230 1698 1254 καὶ
1721 1231 1849 1263 συγγενεῖς
1866 1227 1922 1261 ἒχειν

1141 1271 1183 1298 ἐπὶ
1197 1275 1244 1303 τῆς
1256 1270 1383 1308 πατρίδος
1398 1271 1524 1308 ὁμολογῶ,
1539 1274 1584 1298 καὶ
1603 1271 1682 1302 αὐτὸς
1698 1271 1732 1302 εἰς
1750 1274 1797 1300 τὴν
1812 1272 1922 1307 πατρικὴν

1140 1316 1213 1347 τάξιν
1237 1318 1376 1352 τετάχθαι,
1404 1314 1451 1342 διὰ
1478 1318 1508 1342 τὸ
1534 1321 1631 1353 σχῆμα
1654 1320 1732 1342 τοῦτο
1763 1316 1796 1346 εἰς
1820 1313 1921 1344 ὃέταξιν

1140 1361 1210 1397 ἡμᾶς
1237 1362 1250 1387 ό
1280 1362 1385 1398 Κύριος.
1414 1362 1555 1397 Σύντροφον
1590 1359 1619 1387 δὴ
1644 1365 1694 1392 τῆς
1721 1361 1876 1398 θριψαμένης
1897 1367 1921 1394 με

1140 1406 1195 1431 υἱόν
1211 1409 1300 1432 τοῦτον
1320 1407 1374 1441 ἔχω
1396 1405 1440 1431 ἕνα
1452 1406 1520 1441 (96),
1547 1408 1593 1431 καὶ
1617 1407 1732 1442 εὔχομαι
1751 1407 1792 1432 τὸν
1809 1403 1881 1438 οἶκον,
1901 1401 1920 1428 iv

1140 1449 1160 1484 ᾧ
1175 1449 1328 1486 ἁνετράφην,
1345 1449 1387 1476 ἐπὶ
1401 1454 1447 1480 τῆς
1468 1451 1560 1486 ὁμοίας
1583 1452 1772 1480 καταστάσεως
1796 1447 1919 1485 διαμιῖναι,

1140 1494 1182 1520 ἶνα
1207 1497 1243 1530 μὴ
1266 1504 1292 1520 τι
1317 1496 1332 1524 ὴ
1359 1495 1456 1525 πάντας
1479 1494 1652 1532 ιὺιργιτοῦσα
1675 1493 1806 1531 ἐπιδημία
1822 1497 1866 1524 τῆς
1883 1495 1920 1520 σῆς

1139 1542 1315 1576 κοσμιότητος
1335 1539 1438 1576 ἀφορμὴ
1458 1541 1524 1576 πρὸς
1549 1539 1633 1569 λύπην
1658 1544 1696 1576 τῷ
1723 1538 1799 1577 ἀνδρὶ
1821 1539 1919 1575 γένηται.

1140 1584 1208 1611 Ἀλλ’
1233 1582 1322 1614 ὶπιιδὴ
1349 1585 1387 1610 ἔτι
1406 1586 1450 1610 καὶ
1468 1588 1511 1610 νῦν
1538 1583 1565 1610 ἐκ
1594 1588 1640 1610 τοῦ
1660 1584 1742 1611 αὐτοῦ
1767 1582 1918 1620 διατρέφομαι

1139 1630 1222 1663 οἴκου,
1243 1627 1318 1655 οὖδὶν
1341 1630 1409 1665 ἱχων
1432 1633 1483 1655 τῶν
1507 1628 1631 1665 ἰμαυτοῦ,
1657 1628 1811 1666 ἀρκούμενος
1833 1625 1860 1653 δὲ
1876 1628 1918 1654 τοῖς

1138 1677 1188 1700 τῶν
1202 1673 1353 1709 ἀγαπητῶν,
1368 1673 1513 1710 παρακαλῶ
1528 1674 1594 1699 οὓτω
1614 1675 1756 1709 φείσασθαι
1774 1677 1820 1703 τῆς
1838 1670 1917 1699 οἰκίαςν

1139 1718 1155 1754 ἦ
1169 1717 1316 1756 ἐνετράφην,
1333 1719 1368 1750 ὡς
1383 1718 1440 1755 ἐμοὶ
1452 1722 1500 1749 τῆς
1513 1723 1611 1755 τροφῆς
1624 1721 1672 1747 τὴν
1688 1719 1818 1756 χορηγίαν
1831 1714 1917 1742 διασώ-

1139 1763 1218 1793 ζοντα
1231 1766 1296 1798 (97).
1319 1766 1369 1790 Καί
1393 1772 1421 1789 σι
1442 1764 1455 1789 ὁ
1477 1765 1542 1793 Θιὸς
1563 1762 1620 1789 ἀντὶ
1647 1765 1747 1790 τούτων
1763 1765 1809 1792 τῆς
1829 1760 1916 1787 αἰωνίου

1139 1806 1305 1838 ἀναπαύσεως
1326 1806 1469 1838 ἀξιώσειεν.
1498 1807 1592 1833 Ἐκεῖνο
1615 1816 1646 1842 γι
1671 1809 1723 1844 μὴν
1746 1807 1843 1833 πάντων
1865 1802 1916 1830 ἁλη-

1139 1852 1262 1878 θέστατον
1287 1854 1424 1888 γινώσκειν
1453 1861 1501 1878 σου
1528 1853 1575 1881 τὴν
1602 1854 1766 1888 κοσμιότητα
1792 1848 1913 1887 βούλομαι.

1138 1897 1177 1922 ὃτι
1203 1901 1252 1922 τῶν
1279 1895 1452 1934 ἀνδραπόδων
1475 1897 1509 1922 τὰ
1525 1895 1635 1923 πλεῖστα
1648 1897 1713 1934 παρ’
1727 1897 1799 1933 ἡμῶν
1819 1890 1914 1930 ὑπῆρξεν

1137 1940 1208 1977 αὐτῷ
1233 1942 1329 1978 μισθὸς
1351 1945 1400 1972 τῆς
1422 1945 1519 1978 τροφῆς
1543 1941 1626 1977 ἡμῶν,
1657 1945 1708 1967 τῶν
1736 1942 1825 1977 γονέων
1854 1938 1914 1972 ἡμῶν

1137 1987 1356 2024 παρασχομένων.
1378 1985 1408 2012 Ὁ
1433 1984 1462 2012 δὲ
1485 1986 1581 2021 μισθὸς
1599 1985 1627 2011 οὐ
1651 1985 1777 2015 παντελής
1799 1982 1851 2009 ἔστι
1873 1978 1915 2006 δω-

1097 2024 1120 2051 Ῑ)
1135 2031 1191 2067 ριὰ,
1209 2029 1272 2056 ἀλλὰ
1286 2035 1387 2068 χρῆσις
1403 2029 1450 2057 διὰ
1472 2029 1544 2067 βίον.
1568 2029 1658 2065 ’.(ιστῑ,
1675 2030 1719 2057 ἐάν
1740 2039 1766 2055 τι
1780 2027 1844 2065 βαρύ
1864 2024 1913 2059 περὶ

1136 2076 1203 2102 αὐτὰ
1212 2078 1329 2112 γένηται,
1343 2076 1441 2108 ἔξεστιν
1455 2075 1524 2111 αὐτῷ
1535 2077 1590 2112 (98)
1605 2078 1668 2112 πρὸς
1684 2077 1753 2113 ἡμᾶς
1768 2069 1913 2108 ἀποπέμψαι.

255 2120 300 2145 καὶ
316 2117 427 2154 ἐσόμεθα
441 2118 516 2154 ἡμεῖς
533 2115 572 2144 δι’
584 2117 669 2155 ἑτέρας
679 2116 742 2145 ὁδοῦ
755 2120 895 2146 ὑπιύθυνοι
905 2120 1046 2157 τελέα-μασι
1056 2123 1100 2148 καὶ
1113 2120 1268 2152 ἆπαιτηταίς
1282 2120 1359 2148 πάλιν
1372 2123 1512 2158 γινόμενοι.

290 2205 390 2245 {Alias
405 2206 574 2245 CCXLVIlI,
589 2207 700 2244 scripta
714 2210 783 2245 ante
799 2209 1019 2245 episcopatum.

291 2242 348 2282 (93)
366 2242 506 2279 ’Enauroﬁ.
530 2243 576 2282 Sic
600 2242 675 2282 mss.
701 2244 776 2282 Editi
798 2242 871 2282 ὶίξοῡ.
895 2242 987 2273 Paulo
1010 2247 1081 2281 post

253 2278 484 2316 quinquemss.
511 2278 679 2315 φυλαχθῆναι
708 2279 789 2315 αὐτῷ.
810 2278 904 2308 Ὀθεει
927 2278 1080 2316 postrema

254 2321 310 2341 vox
321 2313 352 2340 in
368 2313 466 2341 editis.

290 2349 346 2389 (9-4)
366 2349 541 2389 Ἀρκεῖοξραι.-
554 2350 598 2378 Ita
624 2349 742 2389 codices
769 2358 832 2378 sex.
842 2351 926 2389 _Editi
944 2353 1077 2389 χρῆσθαι.

252 2384 344 2412 Paulo
360 2384 511 2420 postediti
524 2385 558 2416 ὥς
570 2390 691 2412 σεαυτοῦ.
707 2387 775 2415 Mss.
793 2389 825 2414 ut
839 2387 870 2414 in
885 2384 974 2415 textu".

374 2423 427 2449 Τὴν
455 2421 554 2459 φνήθη
564 2421 717 2459 -βοήθιιαι
733 2422 856 2459 γΡοῐί-οιχ
870 2422 987 2450 videtur
1012 2422 1078 2451 haec

251 2456 400 2491 scriptura
410 2456 547 2497 codicum
559 2456 719 2485 Clarom.et
727 2457 984 2494 Combeﬁs.quam
994 2459 1078 2495 quod

251 2490 366 2529 habent
382 2491 431 2519 alii
444 2491 562 2529 codices
576 2495 623 2522 τὴν
639 2491 774 2529 βοήθειαν,

576 2502 623 2522 την
640 2502 689 2522 pan
695 2502 774 2522 σειαν,

287 2526 344 2564 (96)
354 2525 431 2564 ”Εχω
441 2528 493 2555 ἕνα.
506 2528 580 2557 Male
591 2529 624 2557 in
634 2525 723 2557 editis
733 2530 798 2565 ἔχω,
813 2530 867 2563 tua,
879 2529 963 2566 quod
977 2538 1014 2559 ex
1025 2538 1077 2559 sex

1133 2209 1518 2249 mss.emendavimus.Mox
1527 2209 1618 2249 iidem
1629 2209 1699 2249 editi
1711 2209 1912 2249 ἁνετραγῃςὶῐξιξ,

1133 2245 1239 2282 Ιὶυενὶη
1253 2248 1384 2281 quatuor
1399 2254 1471 2282 mss.
1487 2245 1640 2282 ἀνετράφην.
1658 2246 1705 2274 Sic
1724 2238 1911 2273 enim'habent

1133 2281 1226 2317 paulo
1237 2284 1305 2317 post
1319 2289 1425 2309 omnes
1435 2281 1506 2309 editi
1517 2281 1550 2309 et
1559 2289 1633 2310 mss.

1170 2319 1228 2352 (97)
1238 2313 1426 2347 Ἃιασώζοντα.
1440 2317 1486 2345 Sic
1496 2313 1909 2352 Med.,Coisl.secunduszun{l_5

1133 2347 1280 2390 ex‘Re'gjis
1295 2355 1327 2390 et
1337 2353 1466 2390 Claram:
1481 2354 1512 2390 in
1530 2347 1679 2390 margine.
1695 2347 1908 2390 ldgmpod‘exjn

1131 2390 1214 2416 textu
1229 2387 1425 2418 διασωζόντων.
1446 2388 1547 2416 Codex
1571 2388 1706 2416 Ecclesiae
1721 2387 1808 2415 Paris.

1134 2425 1231 2455 ζούσης
1244 2424 1396 2461 _secu_nda
1415 2432 1530 2458 manu;
1555 2426 1586 2452 at
1607 2425 1708 2461 prima
1729 2427 1819 2450 manu
1832 2418 1850 2446 h

1131 2467 1201 2488 cum
1216 2459 1303 2487 editis
1319 2458 1517 2490 διασώζουσαν.

1166 2496 1222 2532 (98)
1244 2495 1329 2531 Αὐτῷ.
1342 2496 1388 2524 Sic
1402 2496 1537 2532 quinque
1549 2504 1623 2524 mss.
1635 2494 1709 2524 Editi
1723 2493 1801 2521 αὐτά.

1825 2380 1908 2409 διασω-

1851 2414 1908 2444 abet
