2009 3145
89 105 143 133 325

366 165 535 191 ΕΠΙΣΤΟΛΗ
561 162 628 192 ΑΠ’.

567 97 811 129 EPISTOLARUM
829 95 971 126 CLASSIS
990 96 1010 124 Ι.
1032 96 1140 125 EPIST.
1159 95 1297 125 XXXVIII.

1727 98 1779 126 326

1193 158 1362 187 EPISTOLA
1381 158 1526 187 XXXVIII‘.

94 229 171 258 Cum
185 229 327 256 metueret
343 226 484 261 Basilius,
502 232 539 253 ne
553 224 716 259 Gregorius
726 223 836 258 frater,
847 223 881 249 ut
895 221 986 262 multi
1007 221 1072 262 alii,
1088 222 1243 262 essentiam
1257 221 1295 249 ab
1317 221 1473 262 Itypostasi
1487 228 1545 262 non
1559 220 1632 262 satis
1645 227 1781 262 secerne-

128 267 185 297 ret,
207 263 331 298 exponit
345 263 371 290 ei
394 262 468 297 quid
477 257 600 289 intersit
613 257 694 298 inter
707 257 871 298 utrumque
882 257 1215 298 glacjresnhypostases,
1232 265 1324 298 unayz
1349 257 1505 298 essentiam
1519 257 1550 298 in
1564 257 1711 298 Trinitate
1733 257 1781 298 de:

128 292 343 334 [eadm-idque
358 292 494 334 illustrat
510 297 646 331 exempto
670 303 708 324 ex
723 294 804 322 [ride
817 292 926 328 ‘petito.
940 293 1085 327 Ειῖριῐσαι
1102 300 1158 328 quo
1180 300 1268 321 sensu
1282 293 1400 320 Paulus
1420 292 1609 327 splendorem
1629 293 1735 328 gloria
1754 294 1782 320 et

129 333 259 371 ﬁguram
275 333 444 369 h’ypostasis
456 333 579 360 dixerit.

95 385 232 422 Γρηγορίῳ
252 383 304 420 (99)
321 380 423 418 ἀδελφῷ
447 384 505 425 περὶ
522 379 647 418 διαφορᾶς
660 379 750 409 οὐσίας
769 380 815 405 καὶ
830 378 897 404 ὑπο-

970 377 1096 412 iregorio
1110 377 1206 411 fratri
1233 377 1269 405 de
1287 377 1460 425 discrimine
1477 377 1609 405 essentia?
1631 380 1660 405 et
1684 378 1779 413 hypo-

439 426 567 447 στάσεως.

136 467 162 493 ι.
179 461 288 492 Ἐπειδὴ
322 462 412 489 πολλοι
439 463 468 488 τὸ
497 463 582 488 κοινὸν
607 464 656 491 τῆς
687 460 778 491 οὐσίας
799 459 837 494 (1)
858 457 899 484 ἐπὶ

97 513 149 535 τῶν
178 511 312 545 μυστικῶν
347 505 487 543 δογμάτων
512 509 548 542 μὴ
578 504 752 542 διακρίνοντες
777 503 827 530 ἀπὸ
853 506 899 528 τοῦ

96 554 242 585 ὑπονοίαις,
281 553 326 578 καὶ
358 552 456 577 οἴονται
494 549 624 587 διαφέρειν
663 547 732 586 μηδὲ
764 548 856 574 οὐσίαν
883 546 898 575 ἦ

95 599 245 625 ὑπόστασιν
263 596 344 632 λέγειν
368 596 436 632 (ὅθεν
462 597 507 621 καὶ
528 596 605 632 ἦρισέ
631 604 687 621 τισι
716 597 765 620 τῶν
786 591 901 623 ἀνεξετά-

97 652 166 674 στως
187 643 221 668 τὰ
253 644 364 667 τοιαῦτα
394 637 625 677 προσδεχομένων,
657 639 744 675 ὥσπερ
772 640 833 674 μίαν
856 635 901 680 οὔτ

97 689 168 721 σίαν,
189 687 257 713 οὕτω
279 686 317 722 (2)
347 687 393 711 xuii
419 687 481 721 μίαν
500 685 647 711 ὑπόστασιν
674 683 755 719 λέγειν
772 691 778 698 ·
808 684 853 708 καὶ
872 682 901 707 το

96 732 218 768 ἔμπαλιν,
239 732 263 757 οἱ
282 731 329 760 τὰς
347 733 414 767 τρεῖς
433 730 595 760 ὑποστάσεις
622 726 837 764 παραδεχόμενοι
857 727 901 752 καὶ

97 779 142 807 τὴν
168 780 218 802 τῶν
241 775 336 802 οὐσιῶν
365 773 506 812 διαίρεσιν,
530 775 596 800 κατὰ
621 775 665 799 τὸν
693 774 750 798 ἴσον
779 772 900 808 ἀριθμὸν,

97 820 126 848 ἐκ
149 824 198 852 τῆς
227 819 363 856 ὁμολογίας
380 820 477 849 ταύτης
508 816 678 854 δογματίζειν
697 819 795 843 οἴονται
817 814 899 851 δεῖν)’

98 864 146 892 διὰ
174 869 260 898 τοῦτο,
277 865 310 894 ὡς
334 863 364 889 ἃν
393 865 429 900 μὴ
456 865 503 889 καὶ
529 864 561 889 σὺ
587 865 620 888 τὰ
644 863 722 899 ὃμοια
740 862 833 892 πάθοις
854 861 900 895 (3),

97 910 241 946 ὑπόμνημά
266 918 308 935 σοι
333 906 380 934 διὰ
409 907 533 946 βραχέων
557 908 600 933 τὸν
627 909 686 944 περὶ
714 907 808 932 τούτου
829 905 901 942 λέγον

101 954 275 990 ἐποιησάμην.
296 953 374 979 ’Ἐστι
399 954 495 986 τοίνυν,
516 953 551 982 ὡς
578 951 601 978 ἐν
621 951 699 987 ὀλίγῳ
717 954 900 988 παραστῆσαι,

102 1000 210 1028 τοιαύτη
226 1002 276 1024 τῶν
290 997 432 1033 λεγομένων
453 998 467 1026 ἡ
486 997 578 1023 ἔννοια.

138 1046 165 1072 2.
181 1044 286 1070 Πάντων
301 1046 350 1068 τῶν
371 1041 502 1077 ὀνομάτων
525 1042 557 1067 τὰ
578 1042 622 1076 μὲν
643 1040 687 1067 ἐπὶ
714 1039 835 1066 πλειόνων
857 1041 902 1065 καὶ
917 1053 938 1080 Β

98 1092 137 1124 τῷ
171 1087 272 1125 ἀριθμῷ
312 1084 486 1123 διαφερόντων
523 1084 646 1122 λεγόμενα
673 1085 833 1122 πραγμάτων
863 1085 902 1119 (lt)

99 1133 307 1169 καθολικωτέραν
344 1132 404 1158 τινὰ
442 1133 489 1160 τὴν
520 1133 654 1167 σημασίαν
685 1131 750 1166 ἔχει,
777 1129 829 1155 οἷον
859 1130 902 1154 οἷν-

101 1177 259 1215 θρωπος.’0
283 1178 332 1214 γὰρ
360 1180 436 1202 τοῦτο
461 1175 547 1210 εἰπὼν,
577 1177 624 1204 τὴν
642 1176 730 1204 κοινὴν
759 1175 836 1210 φύσιν
858 1172 904 1200 διὰ

99 1227 146 1249 τοῦ
179 1222 305 1258 ὀνόματος
339 1219 435 1254 δείξας,
461 1220 491 1246 οὗ
520 1219 677 1256 περιέγραψε
701 1222 732 1255 τῇ
763 1222 831 1255 φωνῇ
860 1220 903 1244 τόν

101 1268 162 1293 τινὰ
186 1267 332 1304 ἄνθρωπον,
359 1266 403 1291 τὸν
424 1262 498 1295 ἰδίως
528 1265 578 1290 ὑπὸ
604 1267 650 1290 τοῦ
671 1263 793 1299 ὀνόματος
811 1272 903 1298 γνωρι-

100 1312 219 1348 ζόμενον.
245 1311 284 1337 Οὔ
310 1311 361 1347 γὰρ
387 1309 481 1346 μᾶλλον
511 1311 605 1345 Πέτρος
624 1309 757 1345 ἄνθρωπός
787 1307 868 1339 ἐστιν,
887 1307 902 1337 ἦ

98 1359 146 1384 καὶ
164 1354 299 1392 Ἀνδρέας,
331 1357 376 1381 καὶ
410 1354 542 1388 Ἰωάννης,
572 1355 616 1379 καὶ
650 1352 782 1384 Ἰάκωϐος.
803 1351 831 1378 Ἦ
861 1352 904 1378 οὖν

98 1403 221 1430 κοινότης
243 1404 290 1426 τοῦ
313 1400 516 1435 σημαινομένου,
545 1398 640 1434 ὁμοίως
667 1397 708 1423 ἐπὶ
725 1398 822 1427 πάντας
845 1398 905 1427 τοὺς

99 1447 153 1473 ὑπό
169 1448 198 1472 τό
214 1445 275 1472 αὐτὸ
300 1445 338 1480 (5)
354 1446 435 1480 ὄνομα
452 1445 620 1479 τεταγμένους
649 1446 786 1480 χωροῦσα,
812 1445 905 1478 χρείαν

99 1493 160 1528 ἔχει
187 1494 233 1520 τῆς
260 1487 467 1522 ὑποδιαστολῆς,
498 1486 534 1513 δι’
556 1488 587 1518 ἧς
607 1487 636 1513 οὐ
665 1489 707 1513 τὸν
727 1486 838 1513 καθόλου
863 1487 906 1512 tiv-

100 1538 218 1572 Θρωπον,
251 1534 317 1560 ἀλλὰ
337 1535 381 1559 τὸν
406 1535 501 1570 Πέτρον
526 1532 541 1561 ἣ
576 1534 619 1558 τὸν
653 1532 772 1561 Ἰωάννην
801 1531 908 1567 ἐπιγνω-

102 1581 216 1617 σόμεθα,
240 1581 279 1606 Τὰ
308 1577 337 1605 δὲ
364 1582 413 1604 τῶν
439 1577 570 1613 ὀνομάτων
600 1575 753 1614 ὶδιχωτέραν
783 1578 838 1612 ἔχει
863 1579 909 1605 τὴν

101 1624 226 1656 ἔνδειξιν,
253 1622 288 1650 δι’
312 1624 341 1654 ἧς
357 1622 409 1659 οὐχ
434 1622 449 1652 ἣ
471 1624 592 1652 κοινότης
620 1625 668 1652 τῆς
695 1623 796 1657 φύσεως
823 1621 911 1647 ὶνθιω-

102 1675 190 1709 ρεῖται
228 1673 265 1704 τῷ
304 1669 508 1704 σημαινομένῳ,
551 1666 615 1692 ἀλλὰ
651 1667 806 1703 πράγματός
843 1666 913 1692 τίνος

103 1715 268 1753 περιγραφὴ,
306 1711 439 1749 μηδεμίαν
477 1713 580 1747 ἔχουσα
612 1712 677 1747 πρὸς
714 1712 743 1736 τὸ
782 1711 914 1747 όμογενὲς⁹

105 1761 177 1786 κατὰ
190 1761 220 1785 τό
238 1756 355 1790 ἰδιάζον,
375 1759 422 1786 τὴν
437 1758 585 1791 κοινωνίαν,
615 1755 667 1782 οἷον
694 1756 708 1781 ό
724 1754 836 1788 Παῦλος,
857 1755 872 1784 ἣ
901 1755 914 1781 ὁ

105 1804 247 1841 Τιμόθεος.
275 1802 371 1828 Οὐκέτι
392 1802 443 1837 γὰρ
468 1801 483 1829 ἡ
505 1801 614 1829 τοιαύτη
639 1802 707 1836 φωνή
739 1799 780 1826 ἐπὶ
801 1802 830 1826 τὸ
856 1809 914 1826 κοι-

105 1850 150 1876 νὸν
178 1853 226 1878 τῆς
257 1849 358 1883 φύσεως
388 1848 501 1883 φέρεται,
536 1844 600 1870 ἀλλὰ
627 1847 774 1882 χωρίσασα
802 1845 840 1880 (6)
868 1848 915 1876 τῆς

107 1893 303 1931 περιληπικῆς
345 1892 504 1927 σημασίας,
550 1891 794 1927 περιγεγραμμένων
840 1893 914 1915 τινῶν

107 1938 271 1976 πραγμάτων
287 1937 398 1972 ἔμφασιν
426 1933 473 1961 διὰ
498 1937 548 1960 τῶν
576 1933 707 1970 ὀνομάτων
733 1936 910 1971 παρίστησιν,

107 1984 191 2010 Ὅταν
204 1979 248 2008 οὖν
276 1979 325 2007 δύο
340 1980 355 2010 ἦ
378 1982 424 2006 καὶ
438 1979 561 2006 πλειόνων
589 1980 657 2005 κατὰ
676 1979 705 2004 τὸ
733 1978 797 2004 αὐτὸ
826 1981 914 2011 ὄντων,

109 2029 163 2055 οἷον
189 2026 292 2053 Παύλου
321 2027 366 2051 καὶ
389 2023 530 2050 Σιλουανοῦ
545 2025 590 2049 καὶ
620 2023 760 2059 Τιμοθέου,
780 2025 840 2059 περὶ
869 2027 917 2054 τῆς

110 2072 206 2103 οὐσίας
237 2074 287 2097 τῶν
321 2069 462 2106 ἀνθρώπων
497 2068 611 2098 ζητῆται
639 2067 743 2104 λόγος·
773 2068 820 2094 οὐκ
841 2067 916 2094 ἄλλον

111 2127 151 2148 τις
177 2114 312 2142 ἀποδώσει
342 2118 390 2144 τῆς
423 2113 516 2144 οὐσίας
552 2112 594 2139 ἐπὶ
620 2116 665 2139 τοῦ
690 2112 794 2139 Παύλου
830 2112 916 2148 λόγον,

113 2163 198 2199 ἕτερον
223 2159 252 2186 δὲ
279 2159 321 2186 ἐπὶ
348 2158 395 2185 τοῦ
432 2157 581 2190 Σιλουανοῦ,
619 2160 664 2184 καὶ
690 2157 765 2183 ἄλλον
794 2157 836 2184 ἐπὶ
872 2160 918 2183 τοῦ

113 2206 264 2243 Τιμοθὸου¹
291 2203 355 2230 ἀλλὰ
379 2201 415 2229 δι’
440 2202 473 2228 ὧν
501 2201 531 2228 ἂν
557 2201 638 2238 λόγων
667 2202 682 2231 ἡ
704 2201 782 2228 οὐσία
807 2203 844 2238 (7)
874 2205 920 2228 τοῦ

154 2303 211 2339 (99)
227 2303 373 2343 Γρηγορίῳ.
383 2298 579 2343 Legiturnl'laec
593 2299 720 2343 epistola
734 2300 811 2342 inter
826 2301 923 2343 Opera

119 2334 254 2380 Giese!“
267 2334 392 2380 N'Y'sséni
407 2334 842 2380 ξεέιὲςέἶ¹›,Ρ;.ῗβέυιληοξιμὶηηθ
851 2334 922 2380 ’Grs-

120 2370 198 2412 gorii
210 2370 337 2412 Nysseni
352 2371 391 2399 ad
407 2372 524 2412 Petrum
544 2370 923 2412 iratrem_De_.di[fererilia

1316 413 1413 440 διαδίδ-

991 458 1015 483 1.
1026 456 1176 489 Quoniam
1191 456 1276 484 multi
1288 456 1529 493 essentiam,quae
1542 457 1712 485 communis
1726 459 1780 492 est,

953 501 984 529 in
998 502 1135 538 mysticis
1148 502 1343 536 dogmatibus
1355 510 1417 530 non
1432 505 1619 530 secernentes
1632 502 1671 530 ab
1684 503 1782 539 hypo-

955 548 1080 574 stasemn
1095 547 1223 581 ratione,
1239 546 1269 574 in
1285 546 1409 575 easdem
1422 547 1559 575 recidunt
1573 547 1720 580 notiones,
1736 548 1783 575 ni-

954 591 1057 627 hilque
1073 591 1246 620 existimant
1260 591 1521 626 interesse,utrum
1532 593 1662 620 essentia
1677 600 1716 620 an
1731 593 1785 628 hy-

956 636 1087 672 postasis
1098 636 1312 672 dicatur(unde
1323 637 1413 664 etiam
1428 637 1539 673 placuit
1550 636 1704 664 nonnullis
1720 637 1784 665 sine

955 681 1091 709 examine
1097 689 1144 709 res
1151 681 1176 716 ej
1183 681 1302 709 usmodi
1309 681 1581 716 admittentibus,ut
1587 689 1679 709 unam
1685 689 1786 709 essen-

955 724 1083 758 tiam,ita
1097 728 1126 753 et
1140 725 1329 762 hypostasim
1341 734 1434 754 unam
1448 726 1555 754 dicere:
1573 729 1601 754 et
1613 726 1675 754 vice
1685 734 1784 758 versa,

955 771 1006 806 qui
1021 771 1202 807 hypostases
1219 774 1277 799 tres
1289 771 1570 808 prolitentur,etiam
1585 772 1785 800 essentiarum

956 814 1134 843 divisionem
1151 815 1319 843 secundum
1342 816 1484 844 eumdem
1502 824 1664 844 numerum
1678 824 1715 844 ex
1729 817 1786 844 hac

956 859 1147 888 confessione
1158 860 1351 888 statuendam
1360 869 1425 888 esse
1441 861 1570 897 putant):
1579 863 1739 897 propterea
1749 869 1786 889 ne

957 906 987 931 tu
998 912 1120 940 quoque
1136 905 1245 933 similia
1258 905 1517 941 patiaris,brevem
1533 914 1569 934 ea
1582 906 1620 933 de
1630 914 1662 934 re
1673 913 1786 934 sermo-

955 956 1026 976 nem
1042 949 1093 977 tibi
1107 950 1316 978 commenlarii
1336 950 1404 978 loco
1420 950 1544 978 confeci.
1562 952 1673 979 Harum
1697 950 1787 986 igitur

956 1001 1076 1029 vocum,
1095 997 1126 1022 ut
1140 995 1245 1030 paucis
1260 1002 1324 1022 rem
1340 994 1504 1029 declarem,
1516 996 1599 1023 notio
1612 995 1673 1023 haec
1686 998 1739 1023 est.

991 1040 1062 1066 2.Ex
1077 1039 1220 1066 omnibus
1233 1039 1410 1067 nominibus
1423 1039 1532 1073 alia,de
1545 1040 1636 1068 rebus
1650 1040 1787 1076 pluribus

957 1085 985 1111 et
999 1091 1126 1111 numero
1138 1083 1344 1112 differentibus
1358 1084 1603 1120 dicta,notionem
1620 1085 1788 1121 quamdam

957 1129 1055 1162 magis
1064 1128 1234 1163 generalem
1245 1129 1453 1163 habent,velut
1465 1130 1620 1162 homo.Qui
1635 1130 1715 1158 enim
1730 1130 1788 1158 hoc

958 1172 1203 1205 dixit,communi
1218 1176 1327 1202 natura
1342 1182 1395 1210 per
1409 1173 1440 1201 id
1452 1182 1565 1202 nomen
1579 1174 1789 1209 indicata,non

958 1217 1192 1254 circumscripsit
1205 1219 1263 1247 hac
1284 1227 1358 1247 voce
1377 1222 1491 1247 certum
1505 1219 1671 1255 quemdam
1693 1219 1791 1248 homi-

958 1270 1038 1297 nem,
1056 1263 1176 1298 proprie
1191 1264 1246 1291 isto
1262 1264 1383 1291 nomine
1403 1264 1606 1299 designatum.
1623 1266 1687 1292 Non
1707 1264 1788 1292 enim

959 1307 1056 1341 magis
1069 1309 1170 1335 Petrus
1181 1307 1273 1336 homo
1289 1311 1332 1336 est
1345 1316 1437 1344 quam
1455 1311 1482 1336 et
1492 1309 1638 1343 Andreas,
1656 1311 1684 1336 et
1697 1310 1791 1337 Joan-

959 1360 1024 1386 nes,
1040 1354 1068 1379 et
1078 1352 1328 1389 Jacobus.ltaque
1341 1354 1545 1382 communitas
1558 1354 1600 1382 rei
1616 1355 1788 1389 signiﬁcata;

960 1396 1095 1424 similiter
1106 1405 1221 1431 omnes,
1237 1398 1290 1434 qui
1302 1398 1359 1426 sub
1375 1399 1482 1426 eodem
1493 1399 1616 1432 nomine
1632 1406 1789 1427 recensen-

961 1443 1018 1475 tur,
1035 1442 1305 1478 comprehendens,
1327 1443 1565 1471 subdivisionem
1581 1443 1722 1480 postulat,
1739 1451 1792 1479 per

962 1494 1056 1522 quam
1078 1494 1139 1514 non
1164 1487 1318 1515 hominem
1334 1488 1576 1522 generatim,sed
1596 1489 1715 1516 Petrum
1739 1490 1792 1516 aut

963 1531 1110 1558 Joannem
1125 1539 1357 1566 cognoscamus.
1375 1532 1440 1560 Alia.
1462 1540 1533 1560 vero
1545 1534 1671 1560 nomina
1693 1533 1792 1568 magis

966 1574 1149 1610 peculiarem
1162 1575 1276 1604 habent
1285 1577 1306 1611 ι
1316 1577 1371 1612 16
1383 1577 1548 1610 notionem,
1564 1585 1626 1613 qua
1638 1585 1700 1605 non
1714 1585 1796 1605 com-

968 1620 1100 1648 munitas
1113 1622 1227 1648 natura
1238 1621 1445 1649 consideratur
1455 1622 1485 1649 in
1499 1630 1531 1649 re
1543 1622 1721 1657 signiﬁcata,
1741 1621 1796 1650 sed

970 1665 1130 1702 cujusdam
1136 1665 1181 1694 rei
1189 1665 1426 1702 circumscriptio
1437 1666 1552 1694 nullam
1562 1667 1678 1695 habens
1684 1674 1753 1695 cum
1760 1674 1795 1694 eo

929 1727 950 1753 ο
970 1710 1053 1748 quod
1066 1710 1170 1738 similis
1185 1712 1229 1738 est
1242 1711 1400 1745 naturae,in
1414 1719 1448 1739 eo
1470 1712 1554 1748 quod
1569 1712 1726 1748 proprium
1741 1714 1795 1746 est,

969 1755 1214 1784 communionem
1226 1763 1232 1788 ;
1245 1755 1373 1792 exempli
1389 1764 1493 1791 causa,
1510 1757 1686 1791 Paulus,aut
1700 1757 1799 1785 Timo-

969 1801 1133 1829 theus.Non
1139 1799 1220 1827 enim
1227 1800 1292 1834 jam
1303 1800 1518 1835 ejusmodivox
1528 1801 1559 1828 in
1566 1803 1707 1829 naturam
1718 1809 1799 1829 com-

969 1853 1094 1873 munem
1110 1844 1212 1879 fertur,
1229 1844 1282 1872 sed
1298 1852 1316 1872 a
1331 1845 1461 1879 generali
1474 1845 1694 1881 signiﬁcatione
1710 1853 1799 1882 sepa—

969 1897 1158 1923 rans,rerum
1171 1889 1377 1925 quarumdam
1392 1890 1686 1926 circumscriptarum
1699 1891 1799 1918 notio-

969 1943 1040 1962 nem
1054 1933 1227 1962 nominibus
1242 1934 1387 1962 declarat.
1400 1936 1501 1971 Itaque
1517 1943 1587 1963 cum
1599 1935 1722 1963 duobus
1749 1937 1802 1964 aut

970 1979 1061 2007 etiam
1076 1978 1212 2014 pluribus
1223 1979 1314 2006 simul
1329 1979 1735 2016 conjunctis,pnta,Paulo,et
1749 1979 1801 2008 Sil-

969 2031 1061 2057 vano,
1077 2025 1106 2051 et
1125 2023 1294 2058 Timotheo,
1309 2024 1470 2060 inquiritur
1494 2025 1630 2053 essentise
1654 2025 1799 2053 humanae

971 2067 1114 2103 deﬁnitio,
1127 2075 1188 2095 non
1200 2067 1291 2096 aliam
1305 2068 1372 2104 quis
1387 2069 1418 2096 in
1432 2069 1525 2097 Paulo
1541 2069 1647 2097 reddet
1662 2069 1799 2097 essentise

972 2112 1131 2146 rationem,
1146 2111 1237 2140 aliam
1245 2112 1277 2139 in
1290 2112 1422 2146 Silvano,
1439 2114 1568 2141 etaliam
1583 2114 1613 2141 in
1628 2114 1799 2142 Timotheo:

974 2157 1027 2185 sed
1038 2156 1149 2192 quibus
1159 2156 1257 2184 verbis
1269 2156 1354 2184 Pauli
1370 2158 1502 2186 essentia
1512 2160 1636 2186 ostensa
1643 2157 1741 2192 fuerit,
1756 2165 1803 2186 ea-

974 2202 1045 2231 dem
1069 2201 1159 2230 etiam
1174 2201 1241 2230 aliis
1259 2202 1458 2237 convenient;
1481 2211 1516 2231 ac
1531 2202 1804 2232 consubstantialcs

1012 2302 1051 2337 (2)
1067 2300 1154 2329 Οὕτω.
1178 2303 1260 2330 Hanc
1281 2309 1388 2330 vocem
1403 2302 1579 2331 addidimus
1594 2311 1631 2331 ex
1647 2302 1741 2331 tribus
1752 2310 1804 2331 ve-

978 2337 1151 2366 tustissimis
1166 2340 1195 2365 et
1205 2337 1326 2366 duobus
1336 2338 1402 2366 aliis
1412 2340 1521 2367 mss.ln
1532 2339 1629 2367 tribus
1638 2339 1702 2367 aliis
1710 2338 1803 2369 οὕτως.

1014 2374 1052 2408 (3)
1079 2373 1176 2411 ⁴ρμοια
1202 2374 1399 2411 πάθοιςηΤιῈβ
1422 2382 1499 2404 mss.
1527 2376 1708 2403 recentiores
1729 2376 1807 2411 ὃμοια

119 2405 254 2441 ἷεδεηιίὲ
264 2411 290 2437 et
308 2407 492 2448 hypostqsis;
509 2406 561 2434 sed
577 2414 654 2448 eam.
666 2405 911 2448 Basilio-tribuno

978 2405 1074 2448 ’πάθηςζ
1092 2405 1172 2448 Legit
1195 2410 1296 2437 statim
1308 2410 1507 2448 Combeﬁsius
1519 2415 1569 2437 τῶν
1585 2414 1644 2448 περὶ
1658 2405 1751 2448 τούτου
1766 2410 1807 2437 λό-

120 2453 230 2476 omnes
248 2442 344 2472 nostri
358 2443 478 2470 codices
505 2450 578 2470 mss.
595 2442 694 2478 Stylus
721 2444 817 2471 Basilii
830 2445 924 2473 fetum

120 2490 188 2512 esse
199 2480 332 2518 clamitat
342 2487 354 2518 _:
369 2486 404 2506 ac
419 2478 486 2518 ipsa
504 2479 596 2518 etiam
606 2478 750 2518 synodus
764 2479 924 2518 Chalcedo-

119 2517 227 2547 nensis
242 2516 398 2552 parentem
408 2513 535 2552 epistola
548 2513 926 2552 Basiliuin_agnoscit,dum

121 2555 175 2588 ait,
188 2549 336 2586 magnum
350 2549 502 2588 Basilium,
513 2549 613 2588 gratiae
628 2549 797 2588 ministrum
820 2552 851 2578 in
867 2552 926 2587 epi-

123 2584 200 2618 stola
214 2584 421 2624 hfpostaseon
435 2584 634 2624 differentiam
649 2585 841 2624 esplanasse,
857 2584 927 2615 con-

124 2624 172 2654 cil.
184 2622 326 2652 Chalced.
345 2623 422 2657 part.
438 2628 481 2657 in,
494 2628 561 2657 cap.
574 2623 598 2655 l,
612 2628 643 2656 p.
660 2623 720 2649 825.

161 2660 203 2696 (1)
215 2662 276 2696 frag
291 2656 390 2687 οὐσίας.
407 2656 494 2696 Coisl.
509 2656 625 2696 prim_us
646 2659 676 2685 τῆ
683 2658 823 2696 ςηῖυσεως.
836 2658 928 2696 Paulo

123 2692 268 2735 post'duo
283 2701 355 2735 mss.
367 2692 710 2735 συμπίπτουσινβΐεεοζίὶ
720 2692 846 2735 Nysseni
859 2702 929 2722 con-

125 2727 227 2762 iextus
242 2729 273 2757 in
284 2729 342 2757 hoc
362 2727 527 2764 primordio
551 2728 663 2756 mirum
678 2727 708 2755 in
722 2727 849 2758 modum
864 2738 930 2759 cor-

125 2769 246 2808 ruptus.

979 2444 1044 2482 γωνζ
1059 2444 1117 2473 Sed
1136 2445 1200 2472 haec
1212 2445 1381 2473 emendatio
1396 2446 1519 2474 minime
1533 2444 1715 2475 necessaria.

1017 2481 1056 2521 is)
1075 2482 1248 2517 Πραγμάτων.
1263 2482 1306 2509 Ita
1323 2489 1374 2509 sex
1389 2482 1508 2510 codices
1521 2491 1596 2511 mss.
1614 2483 1756 2518 Corrupte
1775 2480 1806 2510 in

980 2516 1071 2553 editis?
1079 2526 1232 2553 πραγματα.

1017 2553 1052 2615 ξ)
1066 2552 1126 2578 ’Υάτὸ
1148 2554 1177 2578 τὸ
1191 2552 1264 2578 αὐτὸ.
1289 2553 1348 2580 Sic.
1369 2553 1446 2581 Harl.
1461 2556 1489 2582 et
1503 2554 1591 2582 Cois].
1607 2553 1723 2590 primus
1737 2560 1808 2580 cum

981 2588 1017 2616 tri
1041 2595 1076 2615 us
1096 2587 1207 2616 Regiis.
1226 2588 1355 2616 Editic’nt
1370 2591 1398 2615 τὸ
1414 2590 1488 2616 αὐτὸ.

1180 2596 1207 2615 s.
1227 2596 1301 2616 manu
1312 2596 1355 2615 επι
1370 2598 1398 2615 το
1414 2600 1488 2616 auro.

1008 2595 1076 2615 inus
1096 2595 1207 2622 negns.
1227 2595 1301 2616 ιιαιιι
1312 2595 1355 2615 επι
1370 2595 1398 2615 τά
1414 2595 1488 2616 αντα.

1015 2625 1057 2663 φ).
1074 2626 1287 2663 Χωρίσασάη-Ιῐᾶ
1302 2632 1354 2652 sex
1380 2633 1453 2653 mss.
1469 2627 1497 2653 et
1523 2624 1606 2661 apud
1621 2626 1804 2660 Nyssenum.

983 2659 1134 2686 Editiones
1149 2659 1248 2696 Basilii
1262 2663 1421 2696 χωρήσασα.

1020 2695 1060 2730 (7)
1070 2696 1161 2732 Λόγων
1176 2696 1191 2724 ὴ
1211 2694 1357 2725 adsimile
1372 2704 1445 2724 mss.
1460 2703 1567 2725 omnes
1582 2697 1610 2724 et
1633 2697 1718 2732 Nyss.
1734 2694 1810 2724 Editi

982 2729 1064 2766 λόγων
1075 2729 1120 2756 καὶ
1134 2730 1220 2758 οὐσία.

1020 2767 1030 2777 '
1041 2765 1120 2795 Alias
1132 2766 1229 2796 XLIII.
1241 2767 1358 2804 Scripta
1373 2767 1491 2796 videtur
1504 2774 1586 2797 anno
1601 2767 1652 2796 369
1667 2769 1720 2797 aut
1740 2766 1806 2798 3'10.
