2009 3145
270 130 321 158 327

956 123 984 151 S.
1005 118 1133 149 BASILII
1150 119 1262 151 MAGNI
1883 130 1923 158 328

268 193 344 222 inter
355 199 386 218 se
394 190 472 222 sunt,
480 188 533 225 qui
543 187 649 216 eadem
660 185 793 215 essentiea
803 185 919 214 ratione
929 184 1077 220 designan

1147 184 1251 211 Παύλου
1268 183 1376 223 δειχθῇ,
1392 186 1464 215 οὗτοι
1489 189 1535 215 καὶ
1559 191 1615 220 τοῖς
1641 188 1727 221 ἄλλοις
1747 189 1922 227 ἐφαρμόσουσι·

268 239 324 266 tur.
340 236 393 265 Ubi
415 242 486 263 vero
504 233 572 270 quis
594 239 639 265 eo,
658 230 742 268 quod
756 238 918 259 commune
934 232 988 263 est,
1004 227 1091 256 intel-

267 282 354 315 lecto,
366 280 405 308 ad
415 278 633 316 proprietatum
644 284 675 303 se
686 270 864 303 converterit
877 273 1091 303 consideratio-

267 333 404 362 nem,pcr
411 332 487 360 quas
495 323 621 351 alterum
634 321 672 348 ab
683 320 776 348 altero
785 322 951 356 separatur:
958 327 1019 347 non
1026 319 1090 354 jam

266 371 396 407 amplius
406 369 492 401 ratio,
504 375 557 404 per
570 374 664 403 quam
683 365 926 401 unumquodque
938 363 1091 399 cognosci-

266 418 323 449 tur,
337 423 406 443 cum
431 421 467 441 ea
493 412 617 444 ratione,
634 419 701 447 quae
717 410 754 437 de
777 410 835 438 alio
863 409 1021 446 profertur,
1037 416 1090 444 per

266 460 368 490 omnia
383 457 555 490 consentiet,
571 455 710 492 quamvis
726 455 757 482 in
773 454 925 490 aliquibus
952 461 1090 482 commu-

264 506 390 534 nitatem
403 503 515 532 habere
525 500 739 537 comperiatur.

300 553 326 579 3.
345 551 403 578 Hoc
413 548 504 583 igitur
518 547 647 574 dicimus
666 544 767 582 :quod
782 544 902 581 proprie
917 543 1037 576 dicitur,
1057 543 1088 571 id

263 594 438 632 hypostasis
448 591 571 621 nomine
580 589 774 623 indicari.0ui
784 589 866 618 enim
879 588 1034 616 hominem
1045 587 1088 616 di-

262 641 314 676 xit,
339 638 496 667 confusam
524 634 693 672 quamdam
713 635 813 662 ideam
832 641 885 670 per
898 632 1088 661 indeﬁnitam

262 683 511 720 signiﬁcationem
526 680 651 709 auribus
667 679 775 713 intulit,
790 678 832 706 sic
844 681 877 706 ut
897 681 1005 706 natura
1020 677 1086 714 qui-

262 729 332 758 dem
348 737 383 756 eo
396 726 518 756 nomine
530 724 716 757 Ostendatur,
732 723 898 752 subsistens
911 725 1011 751 autem
1027 730 1085 755 res,

261 777 290 803 et
306 774 426 811 proprie
440 770 563 799 nomine
576 768 869 804 designata,miuime
884 766 1080 802 signiﬁcetur.

262 819 316 853 Qui
327 821 427 847 autem
441 815 568 844 Paulum
580 812 798 848 dixit,ostendit
810 812 841 840 in
852 820 884 840 rc
894 811 951 845 hoc
962 811 1084 839 nomine

1146 231 1190 255 καὶ
1219 229 1296 256 εἰσιν⁴
1309 230 1426 263 ἀλλήλοις
1456 233 1601 269 ὁμοούσιοι,
1623 235 1648 260 οἰ
1662 238 1697 270 τῷ
1721 234 1789 270 αὐτῷ
1807 235 1867 272 λόγῳ
1887 241 1924 268 τῆς

1147 273 1237 304 οὐσίας
1264 275 1485 312 ὑπογραφόμενοι.
1516 276 1636 304 Ἐπειδὰν
1669 277 1699 304 δέ
1725 289 1773 310 τις,
1799 281 1827 305 τὸ
1855 283 1923 306 καινόν

1145 320 1243 354 μαθὼν,
1258 319 1300 346 ἐπὶ
1324 322 1357 347 τὰ
1386 320 1525 353 ἰδιάζοντα
1549 323 1632 361 τρέψῃ
1660 325 1706 352 τὴν
1728 324 1838 361 Θεωρίαν,
1855 323 1923 351 δι’ὧν

1144 364 1290 401 χωρίζεται
1313 369 1359 391 τοῦ
1385 366 1471 403 ἐτέρου
1494 369 1523 393 τὸ
1557 368 1651 404 ἕτερον,
1682 368 1768 395 οὐκέτι
1790 370 1802 394 ὀ
1832 369 1922 396 ἑκάστου

1143 411 1314 445 γνωριστικὸς
1349 410 1423 446 λόγος
1459 416 1495 447 τῷ
1523 415 1582 450 περί
1603 416 1649 439 τοῦ
1672 413 1749 439 ἄλλον
1775 412 1820 439 διὰ
1840 415 1922 440 πάντων

1144 455 1374 490 συνενεχθήσεται,
1387 455 1434 482 κᾶν
1447 457 1471 482 ἓν
1481 466 1551 483 τισιν
1565 457 1654 495 εὑρεθῇ
1668 459 1698 484 τὸ
1712 460 1795 484 κοινὸν
1810 459 1879 495 ἶχων.

1177 544 1206 571 3.
1221 542 1303 570 Τοῦτο
1313 546 1398 570 τοίνυν
1413 547 1494 582 φαμέν
1510 554 1517 560 ·
1533 547 1562 572 τὸ
1586 544 1660 578 ἰδίως
1679 546 1811 583 λεγόμενον
1833 551 1865 583 τῷ
1885 551 1922 578 τῆς

1142 587 1312 620 ὑποστάσεως
1335 587 1484 618 δηλοῦσθαι
1520 591 1630 628 ῥήματι.
1657 591 1686 617 '0
1721 593 1772 628 γὰρ
1809 592 1921 628 ἄνθρωπον

1142 631 1218 658 εἰπὼν
1251 632 1445 670 ὶσκιδασμὲνην
1473 637 1531 662 τινὰ
1557 634 1676 662 διάνοιαν
1699 640 1736 672 τῷ
1756 636 1863 673 ἀορίστῳ
1885 641 1922 667 τῆς

1107 679 1109 682 ⁴
1142 680 1275 712 σημασίας
1302 682 1333 715 τῇ
1362 678 1426 716 ἀκοῇ
1457 679 1603 709 ἐνιποίησεν
1619 691 1625 698 ·
1648 682 1716 707 ὥστε
1742 683 1788 710 τὴν
1819 682 1859 717 μὲν
1887 682 1922 717 φύ-

1142 730 1182 746 σιν
1202 721 1229 747 ἐκ
1248 726 1295 749 τοῦ
1323 723 1446 760 ὀνόματος
1475 723 1636 758 δηλωθῆναι,
1657 726 1686 751 τὸ
1710 724 1739 752 δὲ
1760 726 1870 762 ὑφεστὼς
1893 725 1920 761 (8)

1139 768 1184 792 καὶ
1199 765 1356 804 δηλούμενον
1378 767 1453 800 ἰδίως
1482 770 1531 795 ὑπὸ
1547 773 1591 796 τοῦ
1619 771 1746 807 ὀνόματος
1769 771 1870 808 πρᾶγμά
1892 772 1919 806 μὴ

1140 813 1316 847 σημανθῆναι.
1339 813 1368 839 Ὀ
1398 811 1428 840 δὲ
1452 814 1552 840 Παῦλον
1572 815 1648 840 εἰπὼν
1661 813 1757 846 ἔδειξεν
1780 813 1803 841 ἓν
1829 819 1861 850 τῷ
1884 812 1921 843 δη·

259 863 427 899 signiﬁcata
442 860 654 888 subsistentem
669 856 983 891 naturam.Hocigitur
991 856 1078 892 hypo

1138 855 1252 893 λουμένῳ
1291 858 1341 884 ὑπό
1373 862 1419 884 τοῦ
1457 858 1583 895 ὀνόματος
1617 861 1753 897 πράγματι
1790 860 1920 896 ὑφεστῶσαν

260 908 348 937 stasis
364 909 418 941 est,
433 914 495 934 non
510 904 667 933 indeﬁnita
679 902 816 931 essentize
834 901 927 936 notio,
952 909 1019 937 quae
1044 900 1084 929 ob

260 949 553 982 communitatemrei
560 947 731 984 signiﬁcate
738 946 849 974 nullam
856 945 958 974 sedem
964 945 1084 981 reperit,

259 998 312 1026 sed
322 1005 388 1034 quae
398 994 482 1032 quod
495 1000 656 1022 commune
669 992 699 1020 in
712 991 814 1027 aliqua
828 998 859 1018 re
879 993 907 1018 et
921 990 1083 1018 incircum-

258 1042 403 1078 scriptum
417 1042 471 1074 est,
485 1047 537 1076 per
552 1037 732 1074 conspicuas
746 1035 942 1072 proprietates
962 1036 1085 1063 restrin-

259 1087 301 1123 git
316 1095 351 1115 ac
365 1083 598 1117 circumscribit;
614 1079 876 1118 quemadmodum
892 1081 921 1107 et
933 1080 1085 1115 Scriptura

258 1132 327 1168 ipsa
347 1130 423 1158 solet
437 1127 532 1156 simile
545 1126 702 1163 quidpiam
718 1125 826 1158 facere,
844 1132 910 1152 cum
927 1124 958 1151 in
982 1123 1084 1152 multis

258 1167 324 1205 aliis
349 1174 433 1208 locis,
453 1175 517 1200 tum
545 1171 575 1198 in
600 1169 725 1198 historia
748 1169 826 1197 Jobi.
850 1170 924 1196 Nam
948 1176 1016 1204 qua:
1045 1167 1084 1196 ad

257 1222 359 1258 ipsum
370 1218 496 1247 attinent
511 1216 844 1258 narratura,postquam
853 1213 950 1249 primo
960 1213 991 1241 id
1001 1213 1084 1250 quod

258 1271 420 1294 commune
433 1265 461 1290 et
479 1259 739 1292 commemoravit,
753 1261 782 1286 et
796 1257 879 1293 dixit,
902 1258 987 1286 homo
1000 1267 1006 1291 ;
1021 1260 1083 1285 sta-

257 1311 309 1339 tim
319 1308 431 1337 dirimit
440 1315 494 1343 per
504 1306 534 1333 id
547 1305 629 1341 quod
641 1303 796 1340 proprium
809 1302 1084 1338 est,addendo,qui—

256 1354 363 1383 dam”.
381 1352 437 1381 Sed
448 1350 580 1379 essentizc
591 1349 716 1386 quidem
729 1347 1010 1384 descriptionem,ut
1025 1355 1084 1374 ser-

255 1398 354 1427 monis
365 1396 519 1433 prop05ito
538 1394 611 1422 nihil
630 1393 848 1421 conducentem
861 1391 991 1420 reticuit:
1007 1391 1082 1419 illud

255 1447 354 1472 autem
370 1441 492 1478 quidam
502 1438 630 1476 propriis
640 1438 717 1466 notis
730 1437 884 1471 indicat,et
894 1436 993 1464 locum
1009 1436 1082 1464 refe-

253 1497 322 1518 rens
337 1488 365 1515 et
377 1493 497 1514 morum
516 1483 637 1518 indicia,
649 1485 677 1510 et
691 1489 882 1519 quaecunque
897 1480 1080 1509 extrinsecus

1138 903 1185 930 τὴν
1201 903 1286 938 φύσιν.
1302 906 1384 930 Τοῦτο
1404 901 1448 930 οὖν
1470 903 1539 930 ἐστιν
1566 905 1581 934 ἠ
1607 905 1763 939 ὑπόστασις,
1787 904 1837 941 οὐχ
1861 902 1920 933 ἠᾶό-

1137 956 1227 982 ριστος
1240 951 1289 978 τῆς
1312 948 1405 979 οὐσίας
1427 949 1520 985 ῖννοια,
1540 947 1673 986 μηδεμίαν
1699 950 1727 975 ἐκ
1751 953 1798 980 τῆς
1823 951 1920 977 κοινότη-

1137 1000 1181 1022 τος
1218 995 1264 1017 τοῦ
1303 995 1496 1030 σημαινομένου
1535 995 1629 1020 στάσιν
1666 994 1845 1031 εὑρίσκουσα,
1879 991 1921 1020 ἀλλ’

1138 1038 1153 1066 ἠ
1183 1038 1212 1063 τὸ
1240 1037 1278 1073 (9)
1299 1039 1383 1064 κοινὸν
1420 1048 1448 1064 τε
1484 1040 1529 1064 καὶ
1566 1037 1759 1075 ἀπερίγραπτον
1780 1037 1803 1064 ἐν
1830 1042 1863 1074 τῷ
1881 1039 1921 1064 τινὶ

1137 1083 1272 1119 πράγματι
1297 1080 1344 1108 διὰ
1378 1087 1428 1108 τῶν
1465 1082 1665 1119 ἐπιφαινομένων
1697 1081 1842 1120 ἰδιωμάτων
1863 1093 1919 1120 παρ-

1140 1131 1242 1153 ιστῶσα
1265 1129 1310 1153 καὶ
1341 1128 1539 1165 περιγράφουσα
1555 1136 1562 1143 ⁸
1585 1129 1617 1158 ὡς
1643 1130 1687 1154 καὶ
1712 1132 1743 1165 τῇ
1767 1131 1850 1166 Γραφῇ
1872 1129 1919 1154 σύν-

1138 1173 1198 1203 ηθες
1212 1174 1241 1198 τὸ
1261 1175 1377 1198 τοιοῦτον
1396 1177 1478 1199 ποιεῖν
1504 1174 1528 1198 ἓν
1555 1172 1639 1203 ἄλλοις
1660 1183 1688 1199 τε
1717 1173 1818 1204 πολλοῖς
1843 1175 1883 1198 καί
1899 1172 1917 1198 ἐν

1137 1221 1168 1253 τῇ
1191 1218 1259 1243 κατά
1284 1219 1327 1243 τόν
1357 1216 1415 1243 Ἰὼϐ
1444 1218 1562 1254 ἵστορίᾳ,
1593 1216 1697 1247 Ἐπειδὴ
1719 1218 1769 1254 γὰρ
1796 1217 1872 1254 ἔμελλε
1892 1218 1917 1242 τὰ

1136 1264 1196 1299 περὶ
1220 1262 1299 1288 αὑτοῦ
1326 1260 1488 1297 διηγεῖσθαι,
1510 1264 1633 1299 πρότερον
1658 1266 1705 1288 τοῦ
1720 1266 1805 1289 κοινοῦ
1835 1271 1917 1298 μνημο-

1136 1308 1262 1342 νεύσασα,
1295 1309 1339 1332 καὶ
1371 1306 1490 1340 εἰποῦσα,
1529 1307 1675 1344 ἄνθρωπος,
1701 1307 1776 1338 εὗθύς
1803 1306 1917 1342 ἀποτέμνει

1136 1356 1172 1387 τῷ
1200 1349 1330 1383 ἰδιάζοντι
1357 1351 1382 1377 ἐν
1414 1355 1445 1388 τῇ
1472 1352 1611 1388 προσθήκῃ
1637 1355 1695 1386 τοῦ,
1720 1362 1770 1384 τις.
1787 1351 1859 1378 Ἀλλὰ
1880 1355 1916 1380 τῆς

1136 1399 1180 1433 μὶν
1196 1397 1288 1429 οὐσίας
1302 1399 1349 1426 τὴν
1377 1398 1538 1435 ὑπογραφὴν,
1566 1399 1598 1428 ὡς
1624 1395 1702 1423 οὗδὶν
1729 1399 1850 1435 φέρουσαν
1872 1398 1917 1433 κέρ-

1136 1440 1183 1472 δος
1210 1443 1272 1478 πρὸς
1298 1443 1340 1468 τὸν
1365 1443 1531 1479 προκείμενον
1556 1445 1602 1467 τοῦ
1626 1441 1705 1477 λόγου
1724 1443 1828 1476 σκοπὸν,
1855 1440 1916 1467 ἐσιὼ-

1134 1497 1224 1516 πησε·
1253 1489 1295 1513 τὸν
1325 1485 1354 1513 δὲ
1382 1488 1439 1513 τινὰ
1477 1485 1525 1513 διὰ
1547 1491 1597 1513 τῶν
1623 1487 1726 1513 οἰκείων
1749 1487 1915 1524 γνωρισμάτων

254 1533 377 1562 collecta
395 1531 573 1559 distinctura
596 1528 679 1556 illum
696 1529 791 1560 erant,
804 1528 860 1554 eta
875 1525 1030 1553 communi
1043 1525 1078 1553 si-

1133 1532 1336 1568 χαρακτηρίζει,
1360 1534 1404 1557 καὶ
1419 1533 1497 1558 τόπον
1520 1531 1633 1567 λέγουσα
1656 1534 1702 1558 καὶ
1728 1533 1760 1558 τὰ
1789 1535 1832 1557 τοῦ
1853 1531 1915 1560 ἤθους

252 1578 395 1614 gniﬁcatu
406 1576 589 1611 separatura;
597 1572 674 1600 adeo
684 1575 715 1599 ut
723 1570 882 1608 perspicua
890 1570 920 1598 in
935 1569 1078 1598 omnibus

251 1625 331 1651 esset
345 1621 434 1654 illius,
450 1619 537 1654 cujus
551 1626 597 1645 res
609 1619 699 1652 gestae
712 1618 882 1649 narrantur,
903 1615 1076 1651 descriptio,

251 1676 288 1695 ex
302 1666 434 1698 nomine,
448 1672 485 1691 ex
495 1664 572 1696 loco,
588 1670 625 1689 ex
640 1661 734 1689 animi
745 1659 1024 1696 proprietatibus,ex
1038 1659 1074 1686 iis

250 1719 318 1748 quae
331 1709 515 1738 extrinsecus
538 1707 569 1735 in
597 1714 632 1734 eo
658 1704 928 1741 conspiciebantur.
950 1704 1036 1734 Quod
1051 1704 1074 1732 si

250 1754 386 1784 essentia:
401 1753 533 1781 dedisset
552 1751 710 1785 rationem,
722 1750 805 1777 nulla
820 1757 892 1777 sane
903 1748 1006 1776 fuisset
1025 1756 1074 1776 eo-

249 1808 327 1835 rum,
339 1808 406 1836 quae
421 1798 502 1826 dicta
517 1799 595 1830 sunt,
604 1797 634 1824 in
649 1797 764 1823 naturae
779 1794 975 1830 explicatione
985 1801 1073 1821 men—

248 1845 302 1874 tio.
320 1844 432 1872 Eadem
456 1842 537 1870 enim
556 1841 630 1869 ratio
653 1840 756 1868 fuisset
769 1848 804 1867 ac
817 1839 854 1866 de
870 1837 984 1866 Baldad
999 1839 1072 1866 Sau-

248 1889 337 1924 chita,
353 1888 450 1924 deque
466 1886 582 1923 Sophar
601 1885 736 1918 Minnmo,
748 1886 777 1912 et
789 1883 827 1912 de
841 1883 978 1919 singulis,
993 1891 1072 1919 quo-

247 1942 315 1962 rum
330 1933 372 1961 ibi
382 1932 494 1960 mentio
508 1930 551 1965 ﬁt,
562 1929 735 1958 hominibus
752 1930 786 1956 ‘6.
816 1929 913 1961 Quam
932 1928 1022 1963 igitur
1042 1927 1073 1955 in

247 1978 357 2007 nostris
372 1977 462 2005 rebus
478 1974 629 2010 agnovisti
643 1973 823 2001 discriminis
839 1974 985 2002 rationem
998 1973 1074 2000 inter

247 2022 409 2051 essentiam
420 2023 448 2049 et
458 2019 725 2056 hypostasim,eam
734 2021 761 2046 et
771 2019 811 2046 ad
818 2019 920 2047 divina
929 2019 1075 2053 dogmata

247 2067 440 2100 transferens,
456 2073 518 2093 non
533 2063 656 2093 errabis.
670 2065 710 2091 De
732 2064 828 2091 Patris
844 2064 972 2091 essentia
986 2064 1072 2100 quid-

235 2112 320 2149 quid
331 2113 351 2147 1
361 2112 413 2147 17
424 2110 476 2139 tibi
489 2111 628 2144 suggeret
640 2109 780 2143 cogitatio
796 2109 851 2144 (fas
866 2109 946 2137 enim
957 2116 1018 2137 non
1027 2110 1073 2138 est

247 2157 286 2186 ad
292 2160 402 2185 certam
409 2155 502 2183 ullam
511 2162 546 2182 ac
554 2153 710 2182 deﬁnitam
716 2153 927 2189 cogitationem
935 2154 1071 2182 animum

1132 1579 1312 1613 γνωρίσματα,
1337 1579 1382 1603 καὶ
1408 1577 1459 1602 ὅσα
1475 1580 1525 1602 τῶν
1561 1576 1650 1607 ἔξωθεν
1680 1575 1915 1614 συμπαραληφθέντα

1130 1622 1257 1658 χωρίζειν
1285 1621 1364 1647 αὐτὸν
1396 1623 1438 1647 καὶ
1468 1620 1579 1657 ἀφιστᾷν
1595 1620 1679 1657 ἔμελλε
1706 1626 1753 1653 τῆς
1773 1625 1855 1651 κοινῆς
1876 1629 1914 1648 ση-

1129 1669 1229 1703 μασίας
1246 1674 1253 1682 ”
1277 1668 1343 1693 ὥστε
1366 1664 1412 1692 διὰ
1431 1668 1533 1693 πάντων
1560 1666 1654 1704 ἐναργῆ
1677 1671 1724 1693 τοῦ
1752 1667 1913 1704 ἱοτορουμέιου

1128 1713 1249 1747 γενέσθαι
1282 1714 1329 1741 τὴν
1354 1712 1518 1748 ὑπογραφὴν,
1539 1710 1567 1737 ἐκ
1591 1715 1636 1736 τοῦ
1667 1711 1803 1748 ὀνόματος,
1826 1709 1850 1736 ἐκ
1878 1711 1914 1735 τοῦ

1126 1758 1218 1790 τόπου,
1234 1756 1261 1782 ἑκ
1282 1760 1332 1782 τῶν
1360 1760 1407 1786 τῆς
1435 1755 1528 1791 ψυχῆς
1557 1753 1719 1792 ἰδιωμάτων,
1746 1756 1772 1782 ἐκ
1795 1759 1840 1782 τῶν
1866 1753 1913 1785 ἔξω·

1129 1801 1168 1826 θεν
1184 1803 1243 1838 περὶ
1273 1801 1350 1827 αὐτόν
1371 1801 1560 1837 θεωρουμένων.
1588 1800 1620 1828 Εἰ
1645 1798 1674 1826 δὲ
1693 1802 1739 1827 τὸν
1767 1804 1810 1830 τῆς
1835 1799 1913 1827 οὐσίας

1127 1844 1218 1871 ἐδίδου
1249 1845 1324 1881 λόγον
1353 1847 1418 1880 (10),
1439 1843 1551 1881 οὐδεμία
1576 1844 1606 1871 ἂν
1635 1844 1735 1881 ἐγένετο
1759 1850 1806 1871 τῶν
1827 1844 1912 1881 εἰρημέ

1125 1900 1174 1916 νων
1199 1889 1222 1916 ἐν
1247 1894 1278 1926 τῇ
1309 1894 1354 1920 τῆς
1380 1891 1482 1926 φύσεως
1497 1889 1619 1926 ἑρμηνείᾳ
1645 1892 1747 1927 μνήμη.
1768 1890 1796 1916 Ὁ
1813 1890 1858 1926 γὰρ
1872 1886 1911 1913 αὖ·

1127 1937 1171 1965 τὸς
1194 1934 1224 1960 ἂν
1249 1933 1279 1964 ἦν
1294 1935 1378 1971 λόγος,
1403 1935 1429 1965 ὃς
1452 1937 1496 1961 καὶ
1516 1934 1558 1961 ἐπὶ
1577 1938 1622 1960 τοῦ
1636 1933 1746 1961 Βαλδὰδ
1771 1938 1814 1960 τοῦ
1829 1933 1912 1968 Σαυχί-

1127 1989 1183 2013 του,
1214 1982 1260 2006 καὶ
1279 1981 1361 2017 Σοφάρ
1386 1983 1434 2006 τοῦ
1462 1981 1600 2012 Μινναίου,
1620 1982 1665 2005 καὶ
1691 1979 1730 2016 ἐφ’
1751 1979 1853 2006 ἕκαστον
1870 1979 1911 2002 τῶν

1127 2023 1179 2050 ἐκεῖ
1197 2025 1421 2060 μνημονενθέντων
1448 2022 1600 2060 ἀνθρώπων.
1628 2023 1675 2049 ’⁷ον
1710 2026 1793 2050 τοίνυν
1820 2022 1842 2049 ἐν
1866 2023 1912 2050 τοῖς

1126 2068 1184 2094 καθ’
1210 2070 1276 2105 ἡμᾶς
1291 2069 1366 2104 ἔγνως
1394 2066 1523 2106 διαφορᾶς
1548 2068 1624 2105 λόγον
1657 2067 1700 2095 ἐπὶ
1723 2078 1749 2095 τε
1767 2072 1814 2099 τῆς
1832 2066 1911 2096 οὐσίας

1125 2116 1171 2139 καὶ
1185 2117 1232 2143 τῆς
1256 2114 1434 2147 ὑποστάσεως,
1455 2117 1544 2140 τοῦτον
1568 2113 1717 2150 μετατιθεὶς
1740 2115 1783 2140 καὶ
1805 2112 1844 2138 ἐπὶ
1869 2113 1910 2136 τῶν

1127 2158 1199 2184 θείων
1220 2156 1368 2194 δογμάτων,
1388 2158 1442 2194 οὐχ
1471 2157 1640 2195 ἀμαρτήσεις.
1662 2161 1720 2188 Πῶς
1747 2160 1775 2184 τὸ
1798 2155 1856 2183 εἶναι
1872 2157 1909 2180 τοῦ

247 2201 362 2236 sistere,
377 2209 413 2229 eo
426 2199 510 2237 quod
518 2206 698 2235 persuasum
708 2198 745 2226 sit
754 2198 834 2226 hanc
844 2199 1005 2226 essentiam
1020 2208 1070 2227 su-

1132 2204 1237 2239 πατρὸς,
1265 2204 1278 2229 ὃ
1300 2213 1326 2229 τι
1353 2203 1415 2229 ποτε
1453 2203 1604 2229 ὑποτίθεται
1629 2212 1676 2229 σου
1703 2204 1719 2232 ἠ
1744 2204 1824 2229 ἔννοια
1845 2200 1909 2236 (πρὸς

244 2255 300 2283 pra
310 2254 432 2274 omnem
448 2252 513 2272 esse
523 2243 755 2279 cogitationem),
767 2243 798 2270 id
811 2245 839 2271 et
851 2243 888 2271 de
904 2243 973 2272 Filio
987 2244 1069 2272 intel‘

243 2291 330 2326 liges,
342 2290 476 2318 similiter
489 2291 517 2316 et
527 2289 564 2316 de
578 2288 687 2324 Spiritu
705 2290 820 2316 sancto.
841 2289 916 2316 Nam
931 2289 1008 2317 ratio
1023 2289 1068 2317 in-

244 2335 336 2364 creati
346 2337 375 2362 et
385 2332 698 2369 incomprehensibilis
709 2340 770 2361 una
780 2334 808 2360 et
822 2333 929 2361 eadem
939 2334 969 2362 in
982 2334 1068 2362 Patre

244 2382 274 2409 et
283 2380 314 2407 in
323 2379 394 2407 Filio
404 2381 431 2406 et
441 2378 472 2405 in
483 2377 591 2413 Spiritu
597 2380 702 2405 sancto
711 2379 765 2405 est.
777 2379 878 2414 Neque
891 2377 972 2406 enim
987 2378 1069 2407 aliud

243 2424 342 2460 magis
356 2425 402 2452 est
415 2422 783 2458 incomprehensibile,aut
794 2423 973 2456 increatum,
986 2423 1069 2451 aliud

242 2468 508 2502 minus.Quoniam
521 2469 621 2496 autem
631 2469 748 2504 oportet
758 2475 811 2504 per
820 2468 958 2504 proprias
971 2468 1069 2497 notio.

279 2542 301 2560 ¹⁵
321 2541 406 2575 Jobr,
421 2543 445 2569 1.
486 2541 508 2558 ¹⁶
521 2539 577 2569 Job
592 2548 622 2576 11,
637 2540 682 2568 11.

276 2615 316 2647 (8)
331 2613 358 2640 ’Υ
379 2622 468 2644 sam;-
483 2613 547 2640 Duo
563 2619 636 2639 mss.
654 2611 809 2648 ὑφεστηκὸς.

276 2624 396 2675 (ΩὶἌζγ
413 2650 427 2675 ἡ
455 2650 494 2674 τό.
526 2648 572 2675 Sic
598 2656 670 2675 mss.
696 2656 803 2675 omnes

276 2651 314 2686 g9)
328 2647 396 2686 ’ᾼλγ
413 2650 427 2678 ἡ
455 2650 508 2686 τό..
526 2648 572 2676 Sic
598 2656 670 2675 mss.
696 2656 803 2676 omnes
827 2649 855 2676 et
877 2647 959 2684 apud
979 2651 1066 2686 Nyss.

240 2684 318 2712 Editi
334 2685 398 2711 ἀλλὰ
408 2686 447 2710 τά.
463 2683 541 2711 Infra
555 2686 622 2710 tres.
634 2691 708 2712 mss.
724 2685 752 2709 τὸ
766 2687 869 2710 τοιοῦτο
883 2683 976 2712 τὲοιιῖν.

276 2721 332 2756 (10)
345 2719 452 2757 Ἐνδίδον
467 2719 551 2755 λόγον.
565 2719 771 2757 Coisl.primus
783 2717 876 2757 ἐδήλου
887 2720 1066 2757 λογον,Ρ3,υΙο

238 2758 308 2792 post
328 2756 399 2783 editi
411 2759 458 2782 τοῦ
481 2756 774 2792 Σαγχίτου-ῌδθρῐθοέι
799 2756 919 2792 codices
937 2760 965 2785 et
980 2759 1064 2792 Nyss.

239 2788 273 2821 ilt
286 2791 317 2819 in
332 2793 424 2820 textu.
439 2788 572 2820 Subinde
584 2790 656 2818 editi
667 2788 725 2822 Πῶς
739 2788 794 2827 οὖν,
805 2791 858 2820 sed
877 2792 962 2821 deest
976 2788 1020 2820 οὗνν
1034 2793 1067 2821 in

1124 2246 1199 2274 οὐδὲν
1222 2248 1272 2285 γὰρ
1295 2247 1364 2273 ἐστιν
1390 2246 1595 2282 ἀποτεταγμένον
1618 2248 1704 2283 νόημα
1725 2246 1838 2282 (11)τὴν
1863 2243 1908 2280 ψυ-

1123 2295 1177 2329 χὴν
1207 2290 1356 2330 ἐπερείδειν
1384 2289 1431 2318 διὰ
1457 2293 1485 2317 τὸ
1518 2293 1658 2318 πεπεῖσθαι
1686 2291 1749 2318 αὐτὸ
1773 2291 1832 2327 ὑπὲρ
1865 2290 1907 2314 πᾶν

1124 2336 1187 2364 εἶναι
1201 2337 1307 2373 νόημα),
1330 2340 1407 2363 τοῦτο
1428 2338 1473 2363 καὶ
1499 2335 1542 2362 ἐπὶ
1569 2339 1614 2362 τοῦ
1642 2337 1705 2363 Υἱοῦ
1724 2338 1831 2370 νοήσεις,
1844 2336 1907 2360 τοῦτο

1122 2383 1246 2412 ὡσαύτως
1271 2383 1316 2408 καὶ
1334 2381 1376 2408 ἐπὶ
1394 2385 1440 2408 τοῦ
1468 2382 1612 2417 Πνεύματος
1635 2385 1681 2408 τοῦ
1709 2381 1796 2417 ἁγίου.
1813 2378 1840 2405 Ὁ
1865 2377 1906 2413 γὰρ

1121 2430 1168 2453 τοῦ
1192 2426 1318 2453 ἀχηνία-του
1343 2428 1389 2452 καὶ
1415 2429 1462 2452 τοῦ
1484 2425 1668 2455 ἀκαταλήπτου
1691 2425 1765 2462 λόγος
1784 2425 1817 2455 εἷς
1832 2423 1873 2449 καὶ
1895 2419 1906 2446 ὃ

1123 2471 1200 2503 αὐτὸς
1213 2470 1256 2498 ἐπί
1266 2480 1293 2498 τε
1317 2474 1364 2498 τοῦ
1388 2472 1491 2509 Πατρὸς
1512 2473 1558 2497 καὶ
1575 2474 1621 2497 τοῦ
1636 2471 1698 2497 Υἰοῦ
1725 2472 1827 2497 καὶτοῦ
1841 2467 1906 2503 ἁγίου

1122 2614 1232 2642 nostris
1251 2612 1419 2647 codicibus,
1431 2615 1460 2641 et
1475 2612 1657 2641 editionibus
1670 2613 1783 2647 Hagan.
1797 2612 1824 2640 et
1837 2606 1905 2638 Basi-

1122 2650 1214 2679 leensi
1229 2650 1336 2686 prima.
1353 2651 1418 2677 Mox
1433 2649 1496 2686 duo
1508 2649 1735 2686 mss.ﬁnor£9crat
1751 2657 1801 2686 σοι.

1159 2686 1212 2721 (11)
1228 2683 1332 2722 Minya.
1348 2687 1435 2722 Deest
1445 2685 1476 2713 in
1501 2684 1580 2722 Harl.
1593 2687 1622 2713 et
1643 2685 1711 2722 alio_
1725 2683 1834 2722 codice.
1855 2685 1903 2722 yet;

1122 2718 1326 2750 necessarium
1342 2721 1469 2749 videtur.
1482 2722 1513 2748 In
1526 2720 1632 2748 iisdem
1646 2719 1798 2748 codicibus
1809 2718 1904 2752 legitur

1123 2755 1277 2794 ἀντερείδειν.
1294 2756 1367 2785 Editi
1382 2754 1538 2794 ὑπερείδειν.
1565 2756 1701 2793 Quinque
1725 2763 1798 2783 mss.
1828 2750 1857 2781 ut
1876 2750 1902 2778 in

1120 2795 1212 2822 textu.
