2009 3145
59 148 112 176 333

62 220 116 244 σις,
144 210 204 236 οὔτε
235 213 282 240 τῆς
309 213 360 235 τῶν
392 210 562 236 ὑποστάσεων
591 207 720 246 διαφορᾶς
758 208 788 234 τὸ
817 211 862 237 τῆς
880 209 904 236 Δ

61 257 166 292 φύσιως
189 255 298 290 συνεχὲς
325 252 493 288 διασπώσης,
527 255 585 280 οὔτε
608 257 653 284 τῆς
679 253 745 280 κατὰ
759 254 806 282 τὴν
821 251 864 278 οὐ·

61 302 122 326 σίαν
144 301 294 329 κοινότητος
317 300 347 325 τό
377 297 480 328 ἰδιάζον
512 302 561 325 τὼν
589 298 779 335 γνωρισμάτων
803 296 863 323 ἀνα-

60 345 183 380 χιούσης
197 345 266 379 (20).
288 345 330 372 Μὴ
359 343 499 379 θαυμάσῃς
525 341 563 378 δὲ,
581 342 640 369 εἰτὸ
660 342 724 368 αὐτὸ
739 344 784 368 καὶ
800 351 863 368 συν-

63 391 178 426 ημμένον
212 390 256 414 καὶ
289 386 484 426 ὃιακικριμένον
512 387 576 414 εἶναί
605 397 696 424 φαμεν,
721 389 766 413 καί
806 396 865 413 τινα

61 434 224 470 ἐπινοοῦμεν,
255 434 341 470 ὥσπερ
366 432 390 459 ἐν
419 433 565 470 αἰνίγματι,
594 435 684 462 καινήν
710 434 755 458 καὶ
780 433 864 468 παρά-

64 478 143 511 δοξον
171 478 306 516 διάκρισιν
335 488 362 504 τι
382 481 556 515 συνημμένην,
587 480 631 504 καὶ
663 476 863 514 διακεκριμένην

65 525 219 560 συνάφεια-δ.
251 523 281 550 Εἰ
298 533 349 561 γαρ
376 526 411 559 μή
431 533 472 554 τις
495 525 632 560 ἐριστικῶς
658 525 703 549 καὶ
723 524 788 560 πρὸς
817 521 863 548 ἐπ·-

62 572 154 606 ήριιαν
175 568 268 594 ἀκούοι
289 568 347 603 (21)
376 571 422 593 τοῦ
443 567 532 603 λόγου,
552 570 597 594 καὶ
623 567 647 594 ἐν
661 571 716 598 τοῖς
730 567 865 598 αἰσθητοῖς

63 612 176 640 δυνατόν
190 612 247 639 ἔστι
266 615 295 639 το
308 616 424 639 τοιοῦτον
439 613 530 650 εὑρεῖν.

101 759 126 784 5.
145 757 196 782 Καὶ
220 764 270 791 μου
300 753 410 786 δέξασθε
437 756 481 781 τὸν
501 754 587 791 λόγον,
614 757 648 786 ὡς
661 753 811 791 ὑπόδειγμα
823 757 868 781 καὶ

65 802 143 827 σκιὰν
174 799 305 833 ἀληθείας,
339 799 390 835 οὐχ
428 800 462 831 ὡς
505 800 586 828 αὐτὴν
612 804 661 825 τῶν
707 800 867 836 πραγμάτων

64 845 199 875 ἀλήθειαν.
235 844 273 870 Οὐ
299 846 350 881 γὰρ
364 842 475 870 δυνατόν
496 844 553 870 ἐστ-ι
576 842 623 870 διὰ
633 845 735 870 πάντων
751 844 867 881 ἐφαρμο-

64 891 163 920 σθῆναι
182 891 210 915 τὸ
238 889 263 915 ἐν
290 893 345 920 τοῖς
359 887 540 926 ὑποδείγμασι
553 889 723 925 Θεωρούμενον
737 892 793 920 τοῖς
806 890 868 926 πρὸς
882 887 905 914 Β

62 935 107 964 aii;
128 938 178 960 τῶν
205 932 405 970 ὑποδειγμάτων
437 936 514 970 χρεία
527 932 766 970 παραλαμϐάνεται.
789 934 869 959 Πόθεν

63 977 111 1005 οὖν
143 988 222 1015 φαμεν
249 979 278 1004 τὸ
306 977 501 1014 διακεκιοιμςῇιον
529 978 584 1014 οἶμα
612 980 657 1004 καὶ
683 980 790 1014 συναφὲς
811 979 870 1013 (22)

66 1023 159 1049 ἐκτῶν
185 1024 249 1049 κατὰ
273 1025 319 1052 τὴν
349 1024 476 1051 αἴσθησιν
503 1024 566 1058 ἡμῖν
581 1025 789 1059 προφαινομένων
804 1022 868 1048 ἀνα-

63 1068 244 1104 λογίζεσθαι;
269 1065 340 1096 Ἠὃη
370 1069 432 1094 ποτὲ
453 1071 499 1093 τοῦ
524 1066 548 1093 ἐν
574 1071 604 1103 τῇ
628 1067 715 1103 νεφέλῃ
732 1067 808 1098 τόξου
822 1068 868 1095 τὴν

62 1111 225 1149 λαμπηδόνα
252 1114 321 1138 κατά
354 1114 383 1138 τὸ
413 1113 456 1150 ἔαρ
481 1113 612 1138 τεθέασαι·
643 1110 723 1138 ἐκεῖνο
750 1111 815 1147 λέγω
838 1112 868 1137 τὸ

62 1158 151 1193 τόξον,
181 1158 242 1194 ὅπερ
272 1158 284 1183 ὁ
308 1158 392 1187 κοινὸς
423 1156 499 1192 λόγος
516 1157 566 1193 ἶριν
587 1157 672 1182 εἴωθεν
689 1155 867 1193 ἐπονομάζειν·

62 1203 75 1229 ὃ
92 1212 173 1238 φασιν
201 1204 225 1228 οί
254 1204 312 1239 περὶ
334 1205 416 1228 ταῦτα
432 1199 512 1227 δεινοὶ
527 1203 585 1227 τότε
602 1202 791 1235 συνίστασθαι,
808 1202 868 1227 ὅταν

62 1247 259 1284 ἀνακεκραμέιη
287 1257 327 1277 τις
353 1251 368 1284 ῇ
400 1248 464 1284 πρὸς
489 1248 532 1272 τὸν
553 1245 616 1282 ὰέροι
643 1249 722 1280 νοτὶς,
747 1250 794 1277 τῆς
818 1250 868 1272 τῶν

60 1294 218 1329 πνευμάτων
246 1291 307 1328 βίας
333 1293 362 1317 τὸ
392 1291 416 1317 ἐν
444 1294 496 1321 τοῖς
517 1290 609 1327 ἀτμοῖς
628 1291 707 1327 ὑγρὸν
723 1293 767 1316 καὶ
780 1293 867 1326 παχὺ,

60 1335 178 1374 νεφῶδες
191 1335 244 1366 ἤδη
265 1338 407 1373 γενόμενον,
425 1336 457 1367 εἰς
481 1336 553 1362 ὑετὸν
569 1335 774 1366 amomoan
804 1339 869 1362 Συν-

63 1382 194 1408 ίστασθαι
219 1379 249 1407 δὲ
274 1380 395 1416 λέγουσιν
423 1384 514 1412 οντῶς.
543 1379 665 1407 Ἐπειδὰν
690 1381 705 1409 ὴ
728 1383 774 1406 τοῦ
793 1380 869 1409 ἡλίου

64 1426 139 1458 ἀκτὶς
166 1427 235 1452 κατὰ
255 1428 284 1452 τὸ
312 1426 421 1461 πλάγιον
447 1423 643 1463 ὑποδραμοῦσα
667 1427 696 1451 τὸ
721 1425 819 1451 πυκνόν
843 1434 870 1451 τε

64 1474 109 1498 καὶ
143 1472 285 1509 συνηρεφὲς
310 1475 358 1501 τῆς
371 1473 516 1506 νεφώσιως,
533 1474 587 1496 εἶτα
605 1471 673 1496 κατὰ
685 1471 714 1496 τὸ
729 1470 791 1496 εὐθὺ
802 1469 870 1506 νέφει

60 1520 112 1542 τινῖ
139 1518 184 1542 τὸν
210 1514 278 1542 ῖδιον
304 1514 396 1541 κύκλον
426 1514 635 1552 ἔνοιπερείσηται,
662 1515 714 1541 οἷον
725 1525 763 1546 τις
776 1517 867 1551 καμπή

62 1564 108 1588 καὶ
139 1558 266 1590 ἐπάνοδος
291 1564 337 1586 τοῦ
363 1561 447 1596 φωτὸς
485 1561 550 1596 πρὸς
574 1561 650 1586 ἑαυτὸ
676 1562 787 1595 γίνεται,
823 1564 904 1596 τῇ(ςο

64 1608 150 1642 αὐγῆς
170 1607 236 1643 πρὸς
250 1606 279 1631 τὸ
295 1605 404 1641 ἔμπαλιν
415 1603 465 1630 ἀπὸ
485 1608 530 1630 τοῦ
553 1604 634 1642 ὑγροῦ
665 1614 692 1630 τε
722 1607 766 1630 καὶ
794 1604 868 1630 στίλ-

63 1649 333 1681 ϐοντοςάναλυούσης
348 1651 413 1685 (23).
431 1647 539 1678 Ἐπειδὴ
557 1650 607 1685 γὰρ
624 1650 701 1686 φύσις
727 1648 784 1675 ἐστὶ
811 1653 869 1680 ταῖς

63 1693 213 1732 φλογώδεοί
236 1698 430 1731 μαρμαρυγαῖς,
458 1695 479 1720 εἰ
502 1703 553 1720 τινι
597 1696 655 1730 Λεὶῳ
683 1695 866 1730 προσπέσοιεν,

61 1742 126 1778 πρὸς
150 1740 245 1770 ἑαυτὰς
272 1739 349 1765 πάλιν
379 1739 583 1772 ἐπανακλᾶσοαι,
613 1738 764 1776 κυκλοτερὲς
778 1737 807 1765 δὲ
821 1742 867 1764 τοῦ

62 1785 138 1813 ἡλίου
165 1786 194 1810 τό
220 1788 326 1820 σχῆμα,
353 1785 381 1809 τὸ
407 1781 452 1810 διὰ
471 1787 516 1814 τῆς
541 1782 643 1814 ἀκτῖνος
663 1782 686 1808 ἐν
701 1783 825 1820 πῷύγρῷ
840 1793 867 1810 τε

62 1832 110 1855 καὶ
135 1829 196 1864 λείῳ
226 1832 272 1854 τοῦ
297 1828 370 1865 ἀέρος
391 1830 532 1864 γινόμενον·
563 1827 590 1859 ἐξ

66 1878 165 1910 σχῆμα
186 1878 232 1900 τοῦ
259 1873 368 1903 ἡλιακοῦ
396 1873 491 1899 κύκλου
525 1875 569 1899 καὶ
596 1874 608 1898 ὸ
633 1875 867 1910 παρακείμενοςτῷ

616 1827 734 1864 ἀνάγκης
760 1829 828 1854 κατὰ
838 1830 867 1854 τό

63 1921 132 1954 νέφει
166 1917 216 1956 ἀὴρ
241 1916 288 1944 διὰ
313 1922 359 1948 τῆς
396 1917 607 1947 ἁποστιλϐοὑσης
639 1917 723 1953 αὐγῆς
744 1918 866 1955 περιγρά,

65 1972 150 1999 φεταυ
180 1963 249 1999 Αὕτη
278 1965 363 1989 τοίνυν
390 1963 404 1991 ἡ
433 1962 500 1998 αὐγὴ
524 1964 568 1988 καὶ
598 1964 714 1998 συνεχής
731 1961 788 1988 ἔστι
802 1963 867 1998 πρὸς

65 2008 172 2042 ἑαυτὴν,
207 2010 252 2034 καὶ
281 2006 418 2044 διῄρηται.
440 2007 592 2045 Πολὺχροος
608 2007 665 2042 (24)
678 2007 728 2044 γάρ
746 2016 784 2037 τις
800 2010 866 2033 οὐσα

63 2056 109 2079 καὶ
134 2051 284 2086 πολυειδὴς,
309 2052 412 2089 ἀφανῶς
436 2056 490 2083 τοῖς
504 2052 629 2083 ποικίλοις
645 2053 734 2078 ἄνθεσι
751 2056 797 2083 τῆς
818 2051 867 2088 βα-

63 2102 115 2134 φῆς
144 2099 208 2135 πρὸς
237 2097 330 2126 ἑαυτὴν
353 2100 542 2133 χαταχιρνᾶται
569 2100 619 2122 τῶν
646 2096 865 2134 ἐτεροχροούντων

62 2145 112 2172 τὴν
137 2144 201 2180 πρὸς
220 2141 318 2170 ἄλληλα
349 2141 482 2178 συμϐολὴν
506 2141 532 2167 ἐκ
548 2145 598 2167 τῶν
612 2141 693 2176 ὄψεων
707 2142 780 2177 ἡμῶν
798 2142 866 2167 κατά

61 2189 93 2213 τὸ
113 2186 218 2217 λεληθὸς
240 2186 446 2213 ὑποκλέπτουσα·
481 2187 513 2216 ὡς
538 2188 573 2222 μὴ
613 2185 642 2211 ἂν
673 2185 866 2221 ἐπιγνωσθῆναι

64 2236 112 2258 τοῦ
136 2231 253 2267 γλαυκοῦ
275 2232 338 2269 πρὸς
362 2233 391 2257 τὸ
411 2231 542 2267 πυραυγὲς
566 2231 609 2256 τὸν
623 2228 670 2256 διὰ
692 2232 772 2266 μέσον
787 2232 865 2257 τόπον

64 2279 111 2302 τὸν
124 2277 267 2313 μιγνύοντα
354 2273 390 2302 δι’
407 2275 501 2301 ἑαυτοῦ
515 2277 561 2301 καὶ
574 2275 727 2312 χωρίζοντα
740 2277 787 2304 τὴν
815 2279 865 2301 τῶν

64 2325 158 2359 χροῶν
187 2320 336 2358 ἑτερότητα,
362 2324 377 2350 ἧ
409 2324 456 2346 τοῦ
483 2323 635 2356 πυρανγοῡς
645 2321 710 2357 πρὸς
721 2321 750 2346 τὸ
767 2321 864 2356 ωορφύ-

103 2385 162 2418 (20)
181 2383 369 2418 Ἀναχεούσης.
393 2383 474 2410 Unus
489 2383 560 2417 Reg.
574 2383 753 2418 συγχεούσης.
776 2381 868 2410 Paulo

66 2422 137 2456 post
147 2419 209 2456 duo
224 2427 296 2446 mss.
311 2420 413 2456 ἐφαμεν.

97 2444 303 2518 ’(ξίῖ-’ᾎῦξοᾲ
327 2444 377 2482 [sic
408 2444 492 2481 rHarl.
518 2456 546 2481 et
566 2453 653 2481 Coisl.
668 2453 784 2488 primus
798 2461 868 2481 cum

97 2491 104 2518 l
132 2498 166 2518 us
179 2490 336 2518 aliis.E(llli
351 2489 545 2518 ἀκούει.Ννες.
561 2488 690 2515 ἂκούοιτο.
709 2489 868 2518 Aliquanto

67 2491 166 2518 tribus
179 2491 336 2518 aliis.Edlli
351 2491 545 2525 (210‘5EL.NYSS.
561 2491 690 2515 ἁκούοιτο.
709 2491 868 2524 Aliquanto

67 2526 148 2566 infra
159 2533 220 2566 non
236 2525 355 2566 malein
375 2525 482 2566 eodem
513 2525 598 2566 Coisl.
620 2525 705 2566 deest
728 2529 785 2566 ςοῖς
800 2526 870 2561 post

69 2563 255 2601 θεωρούμενον.
267 2561 382 2601 Ibidem
401 2561 462 2588 duo
478 2569 550 2601 mss.
568 2561 777 2601 ἑφρρμοοοισθαι.

105 2595 175 2632 (22f
197 2599 316 2633 Συναφές.
343 2598 409 2624 Haec
438 2595 724 2633 scriptural‘codicis
736 2595 817 2624 Harl.
841 2597 870 2623 et

68 2633 201 2661 duorum
218 2632 286 2668 Reg.
303 2633 392 2667 longe
402 2632 587 2668 praeferenda
605 2632 731 2668 vulgatae
745 2633 868 2668 συμφυές.

71 2667 299 2705 υιιίιιιῇιιυίάθίω
315 2669 372 2696 hac
386 2667 459 2695 v’oce
475 2667 598 2696 Basilius
609 2667 665 2705 sub
676 2668 767 2695 ﬁnem
779 2667 868 2702 hujus

69 2703 215 2741 epistolae;
228 2704 280 2732 sed
296 2711 373 2738 eam,
388 2706 420 2731 ut
435 2711 489 2731 sua
503 2705 609 2740 sponte
625 2703 725 2730 minus
738 2710 859 2730 commo

70 2740 154 2766 dam.
171 2740 244 2766 lenit
259 2739 400 2766 addendo
413 2739 499 2766 οἱονεί,
516 2739 608 2766 Paulo
622 2741 691 2766 post
705 2738 776 2766 editi
786 2739 808 2764 si
823 2737 856 2766 δὴ

70 2739 154 2774 dam,
171 2740 244 2768 lenit
259 2739 400 2768 addendo
413 2739 499 2767 οἱονεί.
516 2739 608 2767 Paulo
622 2741 691 2775 post
705 2739 776 2766 editi
786 2739 808 2764 εἰ
823 2739 871 2767 δὴ-

71 2777 226 2841 3111;?
250 2783 323 2804 mss.
353 2775 374 2801 εἰ
396 2784 467 2802 ποτε.
484 2775 622 2811 Quinque
634 2773 684 2802 alii
696 2776 724 2802 et
738 2775 825 2810 Nyss.
840 2776 873 2803 ut

72 2819 103 2840 ω
118 2819 213 2840 textu.

541 145 789 175 EPISTOLARUM
804 143 944 173 CLASSIS
958 142 980 172 Ῑ.
998 143 1111 173 EPIST.
1128 145 1271 174 XXXVIII.

1694 148 1746 176 334·

922 206 1234 243 incomprehensibilis
1248 207 1484 245 deprehenditur
1514 209 1576 236 tum
1605 208 1745 245 societas,

916 253 980 279 tum
995 251 1158 286 distinctio,
1173 261 1271 290 neque
1287 253 1497 290 hypostasemn
1509 253 1678 282 differentia
1687 262 1743 283 na-

918 298 991 324 turze
1017 297 1262 333 conjunctionem
1286 297 1453 332 divellente,
1478 305 1577 334 neque
1605 299 1744 327 essentia:

918 341 1122 370 communitate
1128 342 1303 370 indiciorum
1311 343 1523 379 proprietatem
1531 342 1745 372 confundente.

919 386 959 413 Ne
974 386 1090 414 mireris
1101 389 1202 414 autem
1216 386 1239 414 si
1252 387 1334 414 idem
1345 387 1574 422 etconjunctum
1585 389 1613 415 et
1633 387 1743 416 discre-

918 432 981 458 tum
995 438 1060 458 esse
1071 430 1209 466 dicimus,
1220 434 1248 460 et
1258 431 1426 468 quamdam
1436 432 1705 467 cogitamus,velut
1715 432 1746 461 in

918 475 1087 509 aenigmate,
1098 483 1212 504 novam
1232 477 1318 512 119
1348 478 1376 504 et
1399 475 1611 504 admirabilem
1638 476 1749 505 discre-

918 520 1030 548 tionem
1045 521 1250 556 conjunctam,
1263 524 1291 549 et
1305 520 1548 556 coniunctionem
1575 522 1746 550 discretam.

920 565 1035 593 Etenim
1051 565 1075 592 si
1088 565 1156 601 quis
1171 573 1233 594 non
1248 573 1285 594 ex
1301 565 1504 593 contendendi
1514 568 1543 593 et
1558 565 1746 594 calumnian-

919 610 950 637 di
960 609 1060 638 studio
1072 618 1244 638 sermonem
1259 610 1345 639 audit
1359 612 1458 646 potest
1473 610 1565 638 etiam
1579 610 1610 638 in
1643 611 1746 647 rebus,

920 662 989 690 quae
1012 662 1106 683 sensu
1133 655 1350 692 percipiuntur,
1376 655 1526 692 quiddam
1555 655 1651 684 simile
1666 655 1748 684 inve-

920 699 990 727 niri.

957 746 983 772 5.
993 746 1034 772 Ac
1053 744 1145 772 verba
1154 744 1278 780 quidem
1292 751 1361 773 mea
1374 743 1512 780 accipite,
1523 745 1556 772 ut
1573 745 1749 781 exemplum

923 791 951 816 et
963 788 1104 817 umbram
1118 789 1261 825 veritatis,
1278 797 1340 817 non
1355 791 1388 817 ut
1401 789 1502 826 ipsam
1516 797 1617 817 rerum
1641 789 1750 817 verita-

923 835 992 862 tem.
1020 835 1084 862 Non
1105 834 1186 862 enim
1209 834 1274 862 ﬁeri
1300 836 1407 870 potest,
1436 836 1470 862 ut
1485 834 1609 862 omnino
1622 834 1751 870 quadret

923 878 954 906 id
968 878 1052 914 quod
1064 879 1095 906 in
1109 878 1255 915 exemplis
1266 878 1468 915 speculamur,
1485 886 1555 907 cum
1565 879 1613 912 iis,
1631 879 1668 907 ad
1681 887 1749 915 quas

925 931 999 950 usus
1012 923 1220 959 exemplorum
1232 923 1403 952 adhibetur.
1418 923 1502 951 Unde
1514 923 1604 958 igitur
1620 923 1750 951 dicimus

923 967 1085 996 discretum
1101 968 1191 996 simul
1205 968 1436 1003 etconjunctum
1449 975 1486 995 ex
1500 967 1547 1002 iis,
1558 975 1627 1004 quae
1639 968 1751 996 nostris

923 1012 1063 1040 sensibus
1078 1013 1244 1049 conspicua
1257 1014 1336 1046 sunt,
1353 1012 1570 1048 spectari?Jam
1582 1012 1655 1040 olim
1662 1020 1751 1040 arcus

922 1057 953 1085 in
965 1057 1046 1085 nube
1060 1057 1253 1094 splendorem
1266 1065 1360 1085 verno
1370 1059 1505 1094 tempore
1518 1057 1630 1091 vidisti;
1646 1065 1751 1086 arcum

922 1102 1007 1130 illum
1017 1102 1094 1138 dico,
1111 1111 1204 1138 quem
1216 1102 1387 1130 communis
1399 1102 1545 1138 loquendi
1561 1110 1633 1130 usus
1644 1102 1752 1131 iridem

923 1155 1031 1175 vocare
1059 1147 1234 1175 consuevit:
1265 1155 1357 1183 quem
1390 1146 1515 1183 quidem
1529 1146 1639 1174 harum
1650 1154 1752 1175 rerum

922 1192 1007 1228 periti
1020 1191 1123 1220 dicunt
1136 1191 1271 1226 conﬂari,
1283 1193 1348 1219 tum
1363 1199 1433 1219 cum
1448 1191 1632 1219 admiscetur
1643 1191 1753 1219 humor

924 1236 1033 1273 aliquis
1049 1236 1110 1264 aeri
1128 1246 1133 1270 ;
1151 1237 1180 1264 vi
1196 1238 1355 1265 ventorum
1368 1235 1399 1263 id
1413 1235 1498 1272 quod
1529 1236 1559 1264 in
1586 1235 1754 1272 vaporibus

923 1281 1085 1309 humidum
1099 1289 1134 1308 ac
1144 1289 1281 1309 crassum
1290 1280 1480 1308 estetfectum
1485 1280 1549 1316 jam
1557 1279 1753 1314 nebulosum,

922 1326 954 1353 in
967 1326 1102 1362 pluviam
1109 1326 1295 1361 exprimente
1308 1324 1644 1354 acresolvente.Ferunt
1652 1325 1754 1353 autem

923 1370 986 1398 ﬁeri
1000 1370 1057 1398 hoc
1071 1369 1175 1398 modo.
1194 1369 1247 1397 Ubi
1261 1369 1331 1397 solis
1339 1369 1442 1397 radius
1458 1369 1579 1406 oblique
1587 1368 1617 1397 id
1626 1369 1710 1406 quod
1721 1369 1754 1397 in

921 1414 1035 1443 nebula
1050 1414 1179 1442 densum
1196 1416 1224 1442 et
1235 1421 1368 1450 opacum
1383 1415 1437 1448 est,
1453 1413 1631 1450 penetravit,
1643 1413 1752 1442 deinde

922 1461 1003 1487 recta
1018 1458 1123 1487 orbem
1140 1466 1231 1486 suum
1244 1458 1275 1486 in
1291 1457 1393 1494 aliqua
1407 1457 1489 1485 nube
1499 1458 1651 1494 impressit
1665 1466 1671 1492 ;
1688 1457 1754 1494 qui-

921 1503 994 1532 dam
1021 1503 1144 1532 luminis
1169 1503 1258 1539 quasi
1284 1510 1478 1539 repercussus
1511 1510 1546 1530 ac
1569 1501 1684 1530 reditus
1711 1501 1752 1531 ad

923 1549 1058 1586 seipsum
1084 1548 1127 1583 ﬁt,
1153 1548 1314 1584 splendore
1338 1547 1377 1576 ab
1397 1555 1432 1575 eo
1446 1547 1528 1584 quod
1545 1547 1707 1575 humidum
1723 1549 1751 1576 et

923 1595 1020 1622 nitens
1029 1597 1074 1622 est
1085 1594 1268 1622 contrariam
1279 1593 1442 1630 inipartem
1469 1592 1750 1626 reﬂexo.Quoniam

922 1639 1004 1667 enim
1020 1647 1056 1667 ea
1070 1640 1147 1667 inest
1162 1638 1312 1667 ﬂammeis
1327 1638 1494 1673 fulgoribus
1504 1639 1624 1672 natura,
1641 1640 1672 1666 ut
1684 1638 1750 1666 siin

921 1693 986 1713 rem
1001 1684 1180 1721 quampiam
1191 1684 1298 1712 ltevem
1308 1683 1750 1715 inciderint,rursusreﬂectan-

922 1731 969 1757 tur
983 1729 1022 1757 ad
1034 1729 1225 1764 semetipsos,
1236 1727 1367 1756 rotunda
1380 1730 1425 1755 est
1434 1730 1534 1756 autem
1550 1727 1621 1755 solis
1639 1727 1749 1764 ﬁgura,

921 1782 989 1810 quae
1000 1781 1053 1810 per
1066 1773 1185 1801 radium
1200 1773 1231 1800 in
1245 1772 1372 1800 humido
1385 1772 1514 1808 laevique
1525 1780 1591 1800 aere
1604 1772 1750 1809 imprimi-

920 1820 979 1851 tur;
995 1820 1154 1854 propterea
1168 1817 1338 1845 necessario
1363 1817 1532 1844 secundum
1546 1817 1652 1845 solaris
1667 1817 1749 1845 orbis

920 1863 1061 1898 ﬁguram,
1095 1870 1146 1890 aer
1172 1862 1263 1890 etiam
1286 1862 1339 1898 qui
1363 1860 1437 1889 nubi
1450 1861 1609 1898 proximus
1625 1863 1678 1897 est,
1695 1869 1749 1898 per

921 1906 1179 1943 splendescentem
1193 1905 1342 1941 fulgorem
1371 1905 1633 1933 circumscribitur.
1646 1907 1748 1942 Itaque

921 1951 945 1979 is
959 1951 1059 1986 fulgor
1086 1953 1114 1978 et
1142 1951 1173 1978 in
1189 1958 1220 1978 se
1235 1950 1397 1978 continuus
1412 1953 1441 1978 et
1457 1949 1571 1978 divisus
1585 1952 1641 1978 est.
1656 1949 1748 1978 Multi-

921 1996 1002 2024 color
1012 1995 1093 2024 enim
1109 2003 1144 2024 ac
1156 1994 1349 2023 multiformis
1361 2002 1430 2022 cum
1458 1994 1505 2026 sit,
1533 2002 1636 2022 secum
1655 1995 1748 2022 variis

920 2041 1055 2069 tinctura:
1076 2039 1200 2068 ﬂoribus
1224 2039 1350 2067 latenter
1374 2038 1596 2073 commiscetur,
1612 2039 1748 2068 colorum

920 2086 996 2113 inter
1011 2093 1042 2112 se
1056 2084 1244 2112 diversorum
1273 2083 1506 2111 commissuram
1526 2086 1616 2120 atque
1640 2083 1750 2120 permi-

921 2129 1050 2158 stionem
1069 2128 1163 2157 oculis
1178 2128 1300 2160 nostris,
1320 2128 1440 2156 nemine
1469 2129 1624 2160 sentiente,
1647 2128 1748 2156 subri-

920 2174 1103 2211 piens;adeo
1119 2176 1150 2201 ut
1163 2181 1225 2200 non
1240 2174 1424 2207 agnoscatur
1431 2172 1549 2200 medius
1560 2172 1749 2200 intercedens

920 2219 1079 2248 caeruleum
1107 2219 1184 2246 inter
1194 2220 1222 2246 et
1242 2217 1365 2246 rutilum
1392 2217 1486 2252 locus,
1502 2225 1537 2245 ac
1551 2217 1682 2245 miscens
1695 2225 1750 2254 per

921 2273 952 2293 se
966 2268 995 2293 et
1010 2271 1155 2300 separans
1167 2262 1367 2291 diversitatem
1381 2262 1527 2297 colorum,
1556 2264 1608 2290 aut
1626 2262 1749 2291 rutilum

920 2310 996 2338 inter
1010 2311 1038 2337 et
1050 2316 1248 2345 purpureum,
1262 2309 1314 2336 aut
1324 2307 1416 2336 istum
1430 2307 1507 2335 inter
1521 2309 1550 2335 et
1560 2306 1747 2336 electrinum.

959 2381 1016 2416 (25)
1044 2380 1232 2410 ’Λναλυούο-ης.
1269 2379 1327 2416 Sic
1347 2387 1422 2416 mss.
1452 2385 1560 2416 omnes
1586 2380 1615 2406 et
1634 2379 1746 2416 >Nyss.

923 2424 978 2453 pro
991 2414 1027 2453 eo
1052 2416 1136 2453 quod
1165 2418 1241 2453 erat»
1260 2414 1442 2453 editionibus
1465 2414 1562 2442 Basilii
1586 2414 1752 2453 ὠδαλαμπουτ

924 2450 1078 2484 ΞτηςΕᾶίιὶὀ
1093 2453 1167 2486 Hag.
1187 2450 1374 2480 ἀναλαϐούσης.
1399 2450 1558 2486 Aliquanto
1587 2450 1752 2486 post'editi

923 2491 951 2516 et
972 2496 1048 2516 mss.
1071 2484 1202 2524 quatuor
1232 2486 1382 2523 κυκλοτερὲς
1395 2484 1437 2524 ,δὲ
1454 2484 1668 2524 ἦοῡτορρὶῆμοι,
1688 2485 1751 2524 -ὃιά

923 2528 980 2555 τῆς.
1007 2524 1064 2551 Sed
1080 2521 1190 2551 "melior
1204 2523 1268 2550 visa
1283 2525 1328 2550 est
1340 2521 1491 2558 scriptura
1505 2521 1614 2550 codicis
1623 2521 1751 2558 :Harlzet

923 2560 1012 2587 unius
1024 2567 1060 2586 ex
1075 2559 1171 2592 Regiis
1187 2566 1280 2594 quam
1296 2558 1386 2586 secuti
1401 2556 1516 2585 sumus.
1534 2557 1580 2585 sic
1595 2557 1685 2585 etiam
1710 2556 1750 2585 le-

923 2595 1001 2631 gitur
1012 2595 1093 2631 apud
1110 2596 1194 2630 Nyss.

961 2632 1013 2664 [24)
1031 2627 1190 2667 Πολύχροος.
1220 2628 1308 2657 Coisl.
1333 2630 1458 2665 uterque
1489 2630 1517 2657 et
1537 2635 1616 2656 unus
1642 2627 1751 2662 Regius

922 2666 1119 2702 πολύχρωμος..

961 2700 1018 2736 (23)
1042 2700 1125 2728 Τόπον
1159 2703 1202 2727 τόν
1231 2702 1380 2738 μιγνύοντα.
1419 2701 1484 2728 Duo
1522 2706 1594 2738 mss.
1621 2700 1673 2738 ,τὸν
1709 2708 1751 2735 μι-

924 2739 1031 2774 γνύντα.
1062 2737 1180 2773 Legitur
1204 2735 1286 2774 apud
1313 2738 1397 2772 Greg.
1428 2738 1514 2772 Nyss,
1530 2735 1588 2771 ὅρον
1600 2735 1644 2761 τὸν
1659 2744 1752 2772 μιγνυ-

925 2783 1009 2810 μενον.
