2009 3145
273 141 326 169 339

958 134 987 164 S.
1007 132 1135 162 BASILII
1153 134 1265 164 MAG-Nl
1907 142 1949 170 340

271 203 362 231 mista
385 201 577 238 proprietate,
606 209 675 238 quea
709 201 740 230 in
768 201 844 238 ipsis
877 197 1096 229 consideratur,

1158 207 1203 224 των
1223 198 1401 226 ἑνατινίσαντα
1416 202 1461 226 καὶ
1485 204 1532 232 τῆς
1547 204 1592 227 τοῦ
1618 200 1676 236 (38)
1709 202 1818 238 Πατρός
1845 201 1948 229 ὑποστά-

272 247 360 284 quasi
369 247 417 275 vel
429 249 543 275 Patrem
563 247 707 282 genitum,
729 247 778 275 vel
802 245 908 274 Filium
930 241 1099 278 ingenitum

271 293 374 321 animo
388 292 551 327 ﬁngamus,
566 291 619 319 sed
633 291 717 328 quod
730 291 794 319 ﬁeri
806 298 868 319 non
888 291 994 326 potest,
1018 290 1050 316 ut
1074 286 1099 314 si

272 337 345 365 alter
357 337 396 365 ab
410 336 502 364 altero
517 335 716 372 disjungatur,
726 336 791 371 jam
803 336 834 363 in
849 334 933 371 quod
949 333 1099 369 reliquum

271 381 368 416 fuerit,
384 389 437 416 per
450 389 482 408 se
495 380 594 408 solum
609 380 826 415 intelligamus.
852 381 926 407 Nam
952 378 1016 406 ﬁeri
1036 385 1098 406 non

271 428 380 462 potest,
393 427 426 453 ut
437 425 515 462 quis,
531 425 601 453 Filio
616 425 783 459 nominato,
800 424 890 452 etiam
908 431 970 451 non
990 422 1101 457 cogitet

272 470 309 498 de
325 471 417 503 Patre,
433 478 503 497 cum
518 469 681 506 appellatio
697 469 761 497 haec
777 477 829 505 per
844 468 1020 497 relationem
1047 468 1100 495 Pa-

271 517 347 544 trem
359 522 481 552 quoque
497 514 586 542 simul
600 514 720 542 indicet.

310 651 336 676 8.
353 647 501 681 Quoniam
514 647 604 682 igitur
617 647 670 684 qui
686 647 791 676 Filium
805 647 896 682 videt,
913 646 995 674 videt
1009 648 1037 675 et
1050 647 1102 674 Pa-

275 696 360 728 trem,
380 695 412 721 ut
427 693 466 721 ait
480 693 511 721 in
532 693 692 728 Evangelia
718 693 863 720 Dominus
880 693 915 727 *3,
943 694 1102 728 propterea

274 739 467 774 Unigenitum
490 737 664 774 hypostasis
689 737 782 766 Patris
807 738 1012 766 characterem
1035 744 1101 764 esse

273 782 459 819 pronuntiat.
483 782 515 810 Et
525 790 586 818 quo
601 781 699 816 magis
712 784 870 818 perspecta
883 781 936 810 ﬁat
949 781 1014 809 haec
1038 788 1102 808 sen-

273 826 375 858 tentia,
391 828 419 854 et
432 826 507 855 alias
527 826 664 863 Apostoli
679 834 768 855 voces
788 826 976 862 adjiciemus,
993 826 1024 853 in
1039 825 1103 862 qui-

1155 253 1218 274 σεως
1251 243 1274 270 ἰν
1312 247 1429 281 περινοίᾳ
1460 246 1591 281 γενέσθαι,
1625 245 1672 271 οὐκ
1714 245 1945 282 ἑπαλλασσομένης,

1153 286 1216 313 οὐδὲ
1249 291 1506 326 συναναμιγνυμένης
1538 293 1584 321 τῆς
1618 289 1849 328 έπιθιωρουμίνης
1874 291 1948 322 αὐτοῖς

1155 330 1298 367 ἰδιότητος,
1315 335 1375 364 dici;
1399 338 1435 370 τῷ
1463 337 1547 372 Πατρὶ
1571 337 1617 364 τὴν
1636 337 1777 371 γέννησινθ1
1806 336 1821 365 ἣ
1851 340 1885 371 τῷ
1906 338 1947 371 Υἱῲ

1154 378 1201 406 τὴν
1217 376 1371 414 ἀγεννησίαν
1395 378 1580 416 ἐπιμορφιέζειν
1597 390 1604 396 ·
1627 378 1681 405 ἀλλ’
1711 381 1750 410 ὡς
1779 379 1828 406 οὐκ
1856 378 1947 416 ἐνδεχο-

1154 431 1228 457 μενον
1246 424 1276 448 τὸ
1306 424 1390 461 ἕτερον
1413 428 1459 449 τοῦ
1483 424 1568 461 ἐτέρου
1602 422 1802 455 διαζεύξαντας
1831 424 1892 459 (39),
1920 425 1948 460 ἐν’

1155 466 1248 493 ἑαυτοῦ
1261 470 1341 504 μόνου
1354 468 1507 495 καταλαϐεῖν
1519 470 1548 495 τό
1562 468 1724 505 λειπόμενον.
1744 467 1819 495 Οὐδὲ
1834 470 1881 505 γάρ
1903 469 1948 496 ἐστι

1156 510 1276 545 δυνατόν,
1292 513 1351 539 Υἱόν
1366 513 1541 550 ὀνομάσαντα,
1557 516 1592 550 μὴ
1609 516 1653 540 καὶ
1668 516 1780 552 Πατρός
1797 513 1822 540 ἒν
1849 517 1948 551 περινοίᾳ

1155 558 1286 593 γενέσθαι,
1308 563 1435 594 σχιτικῶς
1456 563 1502 589 τῆς
1524 561 1705 597 προσηγορίας
1721 560 1824 590 ταύτης
1851 561 1893 586 κοιὶ
1915 563 1946 585 τον

1156 603 1260 638 Πατέρα
1275 605 1509 640 συνεμφαινούσης”

1192 648 1220 674 8.
1241 646 1348 677 Ἐπειδὴ
1364 651 1450 674 τοίνυν
1465 649 1479 674 ό
1492 648 1609 685 ἑωρακὼς
1622 650 1666 675 τὸν
1686 649 1752 675 Υἰόν
1777 649 1828 686 ὁρᾷ
1845 650 1885 674 τόν
1906 652 1946 675 ﬂa-

1156 692 1227 728 τέρα,
1259 693 1344 722 καθώς
1373 703 1450 729 φησιν
1486 693 1510 719 ἐν
1538 693 1709 729 Εὐαγγελὶοις
1744 694 1758 719 ὁ
1784 694 1887 730 Κύριος,
1912 691 1948 720 διὰ

1157 740 1231 762 τοῦτο
1246 739 1408 775 χαρακτῆρα
1423 747 1502 774 φησιν
1531 737 1596 764 εἰναι
1620 740 1664 764 τόν
1690 742 1827 774 Μονογινῆ
1845 742 1887 768 τῆς
1911 742 1946 764 τοῦ

1159 784 1261 819 Πατρός
1274 783 1453 814 ὑποστάσεως.
1483 785 1533 809 Καὶ
1556 785 1591 813 ὡς
1616 782 1647 809 ἂν
1660 783 1762 819 μᾶλλον
1788 783 1944 819 ἑπιγνωσθιίη

1155 827 1184 852 τὸ
1199 829 1293 863 νόημα,
1305 829 1350 853 καὶ
1362 827 1439 857 ἄλλοις
1452 827 1720 865 συμπαραληψόμεθα
1739 832 1788 854 τοῦ
1804 827 1944 854 ’Δποστόλου

273 871 333 899 bus
348 871 448 899 Filium
464 871 629 906 imaginem
640 870 691 899 Dei
706 870 864 898 invisibilis
873 871 907 905 ²⁴,
920 872 949 898 et
961 869 1102 898 eumdem

1158 872 1251 907 φωνὰς,
1273 871 1296 897 ἐν
1313 872 1354 902 αἷς
1369 873 1427 898 Υἱόν
1441 872 1526 898 εἰκόνα
1539 876 1585 898 τοῦ
1605 876 1672 899 Θεοῦ
1688 876 1738 898 τοῦ
1768 871 1889 910 ἀοράτου,
1912 874 1945 897 καὶ

274 924 395 944 rursum
414 916 555 944 bonitatis
569 915 666 951 ipsius
678 915 842 951 imaginem
858 923 923 943 esse
944 915 1024 948 dicit,
1041 922 1103 943 non

274 960 357 998 quod
369 960 488 988 differat
501 960 605 995 imago
617 960 656 988 ab
669 960 877 997 exemplari,si
890 960 1102 988 invisibilitatis

274 1005 477 1042 bonitatisque
496 1005 645 1034 habeatur
665 1005 752 1039 ratio,
779 1005 832 1034 sed
855 1007 888 1033 ut
908 1005 1103 1041 perspicuum

275 1050 313 1078 sit
326 1050 408 1078 idem
424 1058 488 1078 esse
512 1050 596 1086 quod
620 1050 784 1086 exemplar,
810 1050 926 1078 etiamsi
951 1049 1033 1078 aliud
1055 1049 1102 1078 sit.

275 1097 340 1124 Non
354 1095 434 1123 enim
449 1095 546 1131 possit
564 1095 706 1131 imaginis
722 1095 798 1123 ratio
823 1095 946 1129 servari,
969 1094 1026 1122 nisi
1050 1103 1104 1131 per

276 1140 379 1168 omnia
410 1139 607 1176 conspicuam
636 1147 671 1167 ac
699 1139 906 1175 cujuscunque
930 1138 1103 1166 ditlerentiaa

276 1185 430 1219 expertem
444 1183 555 1211 habeat
570 1183 805 1211 similitudinem.
822 1183 950 1210 Proinde
960 1182 1102 1217 imaginis

275 1227 532 1265 pulchritudinem
565 1228 617 1264 qui
640 1227 802 1264 perspexit,
825 1227 980 1263 exemplar
1003 1230 1103 1256 mente

276 1273 421 1309 concepit,
438 1272 613 1309 hypostasis
638 1275 770 1309 paternae
794 1273 938 1309 expressit
961 1272 1101 1308 efﬁgiem,

275 1317 361 1345 illum
373 1325 427 1353 per
441 1317 522 1345 hunc
536 1317 651 1352 videns,
668 1325 728 1345 non
741 1317 865 1352 ingeniti
879 1317 1026 1345 rationem
1037 1325 1103 1353 quae

275 1362 369 1390 Patris
384 1363 438 1396 est,
452 1362 483 1390 in
499 1361 596 1396 efﬁgie
612 1370 737 1390 cernens
754 1362 899 1398 (alioquin
914 1361 994 1390 idem
1018 1369 1103 1398 pror-

277 1415 330 1434 sus
349 1408 436 1439 esset,
448 1408 548 1434 etnon
564 1406 669 1441 aliud),
683 1406 736 1435 sed
753 1406 1005 1443 pulchritudinem
1019 1406 1103 1441 inge-

275 1451 370 1479 nitam
393 1451 424 1479 in
452 1451 551 1486 genita
574 1451 704 1479 intuens.
732 1451 997 1484 Quemadmodum
1023 1451 1103 1478 enim

275 1496 329 1533 qui
343 1497 375 1524 in
388 1504 465 1532 puro
480 1496 602 1532 speculo
624 1497 708 1531 122
723 1496 905 1532 impressam
921 1495 1024 1524 formae
1038 1503 1103 1531 spe-

1156 920 1204 947 τῆς
1220 915 1382 951 ἆγαθὸτητος
1405 917 1484 943 αὐτοῦ
1497 917 1574 943 πάλιν
1594 917 1681 944 εἰκόνα
1704 927 1789 954 φησιν
1805 927 1811 934 ·
1835 917 1895 953 οὐχὶ
1917 920 1943 950 τῷ

1158 958 1289 998 διαφέρειν
1312 965 1358 987 τοῦ
1386 962 1538 998 ἀρχετύπου
1562 964 1607 991 τὴν
1633 963 1732 997 εἰκόνα,
1763 963 1832 988 κατὰ
1850 963 1890 987 τόν
1913 964 1945 989 τῆς

1158 1005 1283 1041 ἀορασιας
1306 1006 1362 1041 (40)
1383 1008 1428 1032 καὶ
1449 1011 1496 1038 τῆς
1525 1006 1690 1042 ἀγαθότητος
1719 1006 1810 1043 λόγον,
1839 1006 1890 1032 ἀλλ’
1915 1006 1945 1030 ἱνα

1158 1048 1268 1086 δειχθῇ,
1282 1051 1321 1076 ὃτι
1341 1053 1434 1076 ταυτὸν
1453 1055 1490 1086 τῷ
1515 1053 1678 1089 πρωτοτύπῳ
1705 1051 1774 1087 ἐστὶ,
1805 1050 1852 1077 κᾶν
1878 1051 1944 1087 ἓτερον

1158 1093 1184 1131 ᾖ.
1199 1095 1238 1120 Οὔ
1252 1096 1302 1132 γὰρ
1318 1094 1348 1121 ἂν
1371 1096 1442 1126 ὁτῆς
1470 1095 1566 1126 εἰκόνος
1589 1095 1739 1125 διασωθείη
1770 1095 1856 1132 λόγος,
1882 1095 1901 1121 εἰ
1916 1096 1943 1130 μὴ

1158 1138 1204 1166 διὰ
1219 1141 1320 1166 πάντων
1334 1141 1363 1166 τό
1384 1140 1489 1178 ἐναργὲς
1516 1141 1576 1176 ἔχοι
1598 1141 1654 1176 (41)
1677 1143 1725 1167 καὶ
1753 1139 1941 1177 ἀπαράλλακτον.

1157 1184 1258 1210 Οὐκοῦν
1277 1185 1290 1210 ὁ
1305 1186 1334 1210 τὸ
1349 1188 1395 1215 τῆς
1411 1185 1507 1216 εἰκόνος
1531 1187 1700 1216 κατανοήσας
1719 1185 1815 1215 κάλλος
1839 1184 1863 1210 ἐν
1886 1192 1942 1219 περι-

1156 1231 1214 1265 νοίᾳ
1227 1232 1274 1256 τοῦ
1289 1228 1441 1266 ἀρχςτύπου
1455 1232 1564 1265 γίνεται,
1589 1232 1639 1256 Καὶ
1655 1231 1668 1256 ό
1683 1234 1733 1256 τοῦ
1752 1231 1816 1256 Υὶοῦ
1834 1231 1878 1258 τὴν
1891 1237 1941 1254 οιον-

1157 1277 1179 1300 ιὶ
1195 1276 1294 1310 μορφὴν
1317 1278 1347 1310 τῇ
1366 1272 1470 1310 διανοίᾳ
1497 1273 1591 1306 λαϐὼν,
1621 1278 1670 1305 τῆς
1691 1278 1825 1312 πατρικῆς
1847 1272 1941 1299 ὑποστά-

1159 1327 1223 1349 σεως
1235 1320 1278 1344 τὸν
1291 1323 1452 1356 χαρακτῆρα
1467 1318 1659 1350 ἁνςτυπὼσατο)
1677 1318 1783 1355 βλέπων
1797 1317 1844 1345 διὰ
1865 1318 1938 1343 τούτου

1157 1363 1260 1397 ἐκεῖνον¹
1276 1364 1306 1389 οὐ
1320 1365 1366 1392 τὴν
1383 1363 1534 1399 ἀγεννησίαν
1549 1367 1595 1390 τοῦ
1612 1365 1717 1401 Πατρός
1743 1363 1768 1389 ἐν
1780 1367 1817 1399 τῷ
1834 1362 1940 1388 ὰπεικονι-

1159 1418 1239 1444 σματι
1259 1407 1360 1444 βλέπων
1374 1407 1400 1442 (ἦ
1421 1409 1471 1445 γὰρ
1485 1407 1514 1433 ὰν
1531 1406 1548 1434 ὃ
1552 1409 1568 1434 ι’
1583 1408 1642 1434 ὅλου
1664 1410 1763 1435 ταυτὸν
1790 1407 1830 1442 ἦν,
1845 1409 1885 1433 καὶ
1899 1405 1938 1439 οὐχ

1157 1453 1261 1490 ἕτερον),
1278 1452 1341 1479 ἀλλὰ
1356 1454 1384 1478 τό
1399 1452 1534 1488 ἀγέννητον
1549 1453 1639 1484 κάλλος
1652 1453 1677 1480 ἑν
1689 1458 1727 1489 τῷ
1742 1463 1786 1490 γεν
1801 1456 1866 1487 νητῷ
1878 1458 1939 1477 κατο-

1156 1499 1280 1528 πτεύσας.
1296 1496 1395 1535 Ὥσπερ
1424 1499 1474 1534 γὰρ
1495 1499 1508 1523 ὁ
1529 1498 1553 1524 ἐν
1569 1503 1604 1534 τῷ
1625 1500 1737 1535 καθαρῷ
1756 1500 1887 1533 κατόπτρῳ
1903 1496 1937 1522 τὴν

276 1542 352 1569 ciem
365 1541 528 1578 perspexit,
546 1541 658 1569 claram
678 1541 813 1577 expressi
833 1540 934 1568 vultus
956 1541 1102 1575 cognitio-

1158 1544 1293 1579 γενομένην
1307 1547 1355 1574 τῆς
1367 1547 1466 1580 μορφῆς
1480 1544 1589 1579 ἔμφασιν
1605 1546 1786 1578 κατανοήσας,
1802 1543 1887 1579 ἐναργῆ
1905 1542 1939 1565 τοῦ

276 1593 347 1614 nem
362 1585 489 1621 adeptus
504 1588 549 1614 est
565 1594 571 1619 ;
590 1586 633 1613 sic
648 1586 700 1621 qui
716 1585 820 1613 Filium
835 1585 1018 1620 cognoverit,
1043 1585 1104 1613 efﬁ-

277 1632 356 1667 giem
371 1633 502 1667 paternae
518 1631 692 1667 hypostasis
705 1639 759 1666 per
773 1631 836 1658 Filii
849 1630 986 1659 notitiam
1001 1630 1103 1659 animo

278 1675 418 1712 suscepit.
435 1675 542 1703 Omnia
557 1675 637 1703 enim
659 1683 728 1711 quae
750 1675 843 1703 Patris
873 1677 953 1710 sunt,
983 1676 1106 1714 conspi:

278 1720 396 1748 ciuntur
409 1720 440 1748 in
455 1720 535 1751 Filio,
550 1722 578 1748 et
599 1720 702 1748 omnia
727 1728 795 1756 qua
820 1720 884 1747 Filii
905 1722 983 1755 sunt,
1010 1721 1103 1748 Patris

278 1768 360 1794 sunt:
378 1765 628 1802 quandoquidem
644 1768 672 1794 et
686 1767 766 1794 totus
789 1765 878 1794 Filius
893 1765 924 1793 in
944 1767 1027 1793 Patre
1041 1774 1105 1794 ma-

277 1813 338 1845 net,
355 1813 383 1838 et
397 1813 492 1839 totum
505 1819 609 1839 rursus
621 1811 714 1839 habet
727 1811 757 1839 in
769 1811 931 1847 semetipso
942 1812 1057 1839 Patrem
1069 1812 1103 1840 ²⁵.

279 1857 376 1889 Quare
389 1855 451 1883 Filii
466 1856 640 1892 hypostasis
655 1856 744 1892 quasi
768 1855 865 1884 forma
888 1863 922 1883 ac
944 1855 1036 1884 facies
1051 1858 1103 1891 est,

278 1908 340 1934 qua
362 1901 445 1929 Pater
464 1901 656 1936 cognoscitur
676 1909 682 1928 :
709 1903 738 1929 et
761 1900 853 1929 Patris
878 1900 1053 1936 hypostasis
1074 1902 1105 1930 in

278 1945 377 1974 forma
392 1945 453 1973 Filii
466 1946 650 1981 agnoscitur,
667 1947 808 1974 manente
824 1953 892 1981 quae
907 1945 938 1973 in
960 1945 1017 1973 illis
1034 1954 1104 1974 con-

280 1990 428 2019 sideratur
441 1991 622 2027 proprietate
642 1991 683 2019 ad
698 1991 813 2019 claram
835 1991 1044 2027 hypostasewn
1064 1991 1106 2020 di-

279 2034 465 2064 unctionem.

529 2148 703 2178 EPISTULA
722 2148 856 2177 XXXIX'.

1158 1587 1378 1617 ἀπεικονισθέντος
1403 1590 1544 1625 προσώπου
1572 1590 1616 1617 τὴν
1643 1592 1745 1623 γνῶσιν
1775 1588 1859 1623 ἔσχων
1874 1585 1937 1612 οὕτως

1158 1633 1170 1658 ό
1203 1634 1247 1658 τόν
1275 1633 1334 1659 Υῐόν
1359 1632 1477 1668 ἐπιγνοὺς
1508 1634 1551 1658 τόν
1575 1637 1741 1670 χαρακτῆρα
1762 1636 1810 1663 τῆς
1834 1631 1938 1665 πατρικῆς

1157 1678 1326 1708 ὑποστάσεως
1342 1675 1389 1703 διὰ
1402 1681 1447 1707 τῆς
1461 1680 1507 1703 τοῦ
1533 1678 1595 1704 Υὶοῦ
1615 1680 1740 1713 γνώσεως
1764 1677 1789 1703 ἐν
1860 1670 1938 1711 καρδίᾳ

1159 1720 1263 1753 ἐδέξατο
1275 1722 1342 1758 (42).
1354 1723 1442 1748 Πάντα
1454 1723 1503 1759 γὰρ
1519 1723 1553 1748 τὰ
1567 1725 1613 1748 τοῦ
1624 1724 1729 1760 Πατρός
1742 1721 1767 1748 ἐν
1777 1725 1812 1756 τῷ
1824 1720 1872 1753 Υὶῷ
1879 1717 1938 1743 καθο-

1158 1770 1245 1804 ρὸιτοιι⁵
1276 1769 1320 1792 καὶ
1340 1767 1425 1792 πάντα
1441 1768 1474 1793 τὰ
1504 1770 1551 1792 τοῦ
1578 1767 1641 1793 Υὶοῡ
1672 1770 1721 1793 τοῦ
1741 1767 1840 1802 Πατρός
1858 1763 1916 1790 ἐστιν
1931 1768 1936 1775 ‘

1159 1809 1248 1840 ἐπειδὴ
1265 1813 1310 1837 καὶ
1325 1811 1380 1842 ὅλος
1395 1813 1407 1838 ό
1422 1812 1482 1841 Υἱός
1509 1811 1532 1837 ἐν
1557 1815 1593 1847 τῷ
1617 1814 1705 1849 Πατρὶ
1732 1812 1810 1848 μένει,
1833 1809 1873 1834 καὶ
1895 1805 1937 1831 ἃον

1158 1858 1215 1894 ἔχει
1230 1857 1306 1883 πάλιν
1322 1856 1346 1883 ἐν
1374 1857 1457 1891 ἐαυτῷ
1472 1857 1517 1882 τόν
1537 1857 1649 1893 Πατέρα·
1675 1855 1758 1882 Ὠστι
1786 1855 1800 1884 ἡ
1823 1856 1865 1879 τοῦ
1890 1850 1937 1876 Υὶοῧ

1158 1902 1303 1932 ὑπόστασις
1319 1903 1395 1928 οἱονεὶ
1409 1903 1494 1938 μορφὴ
1511 1903 1555 1927 καὶ
1570 1902 1712 1937 πρόσωπον
1726 1902 1824 1936 γίνεται
1843 1900 1881 1925 τῆς
1902 1902 1938 1941 τήν

1159 1948 1262 1984 Πατρός
1275 1946 1455 1983 ἐπίγνὼσιως·
1480 1947 1525 1971 καὶ
1540 1946 1555 1974 ἡ
1581 1949 1628 1971 τοῦ
1648 1947 1754 1981 Πατρός
1776 1945 1907 1970 ὑπόστασις
1919 1946 1937 1962 ε’

1159 1996 1189 2028 τῇ
1207 1995 1252 2018 τοῦ
1263 1992 1324 2017 Υἱοῡ
1336 1995 1421 2027 μορφῇ
1442 1990 1652 2026 ἐπιγινώσκεται,
1664 1991 1795 2026 μενούσης
1808 1986 1889 2014 αὗτοῖς
1901 1985 1938 2010 τῆς

1160 2037 1380 2074 ἐπιθεωρουμένης
1405 2033 1533 2066 ἰδιότητος
1559 2034 1592 2066 Ii;
1625 2033 1761 2072 διάκρισιν
1789 2032 1874 2069 ἐναργῆ
1897 2029 1936 2053 τῶν

1160 2090 1340 2109 νποστασεων.

1436 2149 1605 2174 ΕΠΙΣΤΟΑΠ
1626 2146 1687 2175 .ie'.

769 2213 916 2241 Basiliam
927 2213 1037 2241 invitat
1050 2212 1193 2241 Julianus
1213 2213 1245 2239 ut
1260 2211 1301 2239 ad
1315 2219 1344 2239 se
1361 2211 1471 2239 veniat.

546 2274 688 2303 Julianus
707 2275 833 2303 Basilio.

315 2331 385 2359 Non
398 2331 508 2359 bellum
520 2331 691 2367 denuntias,
705 2332 746 2361 ait
759 2332 953 2369 proverbium
965 2341 972 2360 :
994 2334 1025 2361 at
1048 2340 1103 2367 ego

280 2375 393 2404 addam
408 2375 497 2404 etiam
509 2375 583 2404 illud
597 2377 751 2406 comoediae
765 2377 892 2405 veteris:
914 2378 937 2405 0
962 2378 1102 2406 nuntium

280 2420 438 2449 verborum
452 2424 631 2450 aureorum!
646 2423 709 2457 Age
722 2421 927 2458 igitur,reipsa
936 2422 1103 2457 ostende,et

316 2484 340 2502 ³³
359 2483 468 2512 Joann.
482 2492 537 2518 xw,
552 2486 578 2513 9.
620 2485 644 2502 “
661 2484 775 2514 Coloss.
790 2493 810 2520 1,
829 2487 870 2513 l5.

315 2547 322 2556 '
336 2546 419 2575 Alias
436 2548 524 2575 CCVI.

315 2584 370 2619 (38)
389 2585 439 2609 Καὶ
453 2587 500 2613 τῆς
515 2587 571 2620 τοῦ.
586 2585 627 2612 Ita
642 2585 756 2620 septem
768 2592 839 2611 mss.
850 2583 925 2611 Editi
940 2583 968 2610 ἐκ
983 2587 1030 2620 τῆς
1042 2587 1100 2611 τοῦ.

278 2619 371 2656 iidem
386 2627 460 2656 mss.
476 2619 568 2655 paulo
581 2622 648 2656 post
658 2621 788 2656 γενέσθαι,
800 2627 856 2656 pro
877 2627 913 2647 eo
937 2619 1021 2656 quod
1043 2621 1104 2647 erat

276 2655 308 2683 in
323 2654 408 2683 editis
423 2654 552 2690 γίνέσθαι.

314 2691 368 2725 (39)
386 2691 583 2722 Διαζεύξαντας.
596 2691 639 2719 Ita
652 2691 729 2719 Harl.
741 2691 910 2727 etquinque
921 2690 1003 2727 aliicl
1018 2693 1101 2725 Hreg.

277 2727 366 2762 Nyss.
379 2734 448 2754 cum
461 2727 642 2755 editionibus
660 2728 733 2760 Hag.
749 2726 874 2754 etBasil.
886 2726 994 2762 prima.
1008 2727 1101 2754 l'ltlitio

276 2761 450 2790 Parisiensis
480 2765 508 2790 ct
536 2763 669 2790 secunda
697 2761 1095 2794 Basileensis’dmgeﬁgmm.

275 2796 390 2825 Ibidem
404 2800 529 2826 vetustae
546 2798 691 2827 editiones
706 2801 734 2826 et
753 2806 825 2826 mss.
843 2800 934 2834 μόνον.
950 2798 1100 2827 Editiones

1412 2272 1551 2303 Ἰουλιανός
1573 2272 1709 2308 Βασιλεὺς).

1194 2332 1221 2358 ἸΙ
1251 2334 1295 2368 μὲν
1326 2334 1457 2368 παροιμία
1476 2333 1566 2367 φησὶν,
1601 2330 1638 2356 Οὐ
1673 2329 1782 2364 πόλεμον
1803 2325 1931 2366 ἀγγέίιλίξῗ

1736 2373 1770 2399 Ὦ,
1793 2368 1885 2407 χρυσόν
1898 2372 1931 2397 αγ-

1158 2377 1208 2413 ἐγὼ
1229 2375 1257 2403 δὲ
1272 2378 1412 2413 προσθείην
1429 2375 1456 2402 ἐκ
1475 2381 1521 2407 τῆς
1541 2373 1682 2411 κωμῳδίας
1699 2385 1706 2392 ν
1736 2373 1770 2399 Ὠ
1793 2376 1885 2407 χρυσον

1157 2421 1245 2457 γεέλας
1282 2422 1357 2448 ἐπῶν.
1396 2420 1448 2448 Ἵοι
1480 2419 1534 2455 οὖν,
1566 2421 1648 2457 ἔργοις
1685 2419 1748 2446 αὐτὸ
1785 2414 1871 2445 δεῖξονι
1897 2415 1930 2446 ’Ψ

910 2485 1106 2517 “Joan.x1v,
1123 2487 1164 2512 ll.

1164 2547 1340 2574 llasilecnsis
1356 2545 1490 2574 secunda
1503 2548 1531 2574 ct
1544 2545 1637 2582 Paris.
1654 2547 1738 2582 μόνον.
1828 2575 1833 2582 1
1858 2567 1928 2582 ΜΗ,

1166 2617 1171 2622 η
1197 2583 1252 2618 (ιο)
1267 2587 1320 2613 Τῆς
1334 2582 1468 2619 ἀορασιας.
1484 2583 1565 2610 Unus
1585 2576 1736 2615 cod.'aeg.
1753 2576 1930 2607 ττῆςοῦσίοίςκθΗ

1161 2629 1297 2649 «opacam;
1851 2645 1867 2649 _
1899 2635 1928 2649 :|::

1192 2637 1353 2690 ii‘l'idiiyvm.
1369 2655 1410 2681 lta
1422 2661 1474 2682 sex
1486 2662 1560 2682 mss.
1585 2655 1614 2681 et
1638 2654 1720 2687 Greg.
1745 2651 1826 2685 NySS-
1851 2637 1928 2671 Β³⁵ί¹ίί

1158 2690 1304 2718 editiones
1320 2691 1385 2725 ἔχει.

1193 2724 1334 2735 (“unusn—
1413 2725 1455 2735 n'.
1486 2733 1546 2735 "in,
1586 2733 1635 2735 ικᾼ
1663 2726 1686 2735 ,Α
1714 2724 1786 2735 1‘...”-
1817 2708 1910 2735 anLI

1413 2725 1459 2753 Sic
1486 2733 1558 2753 mss.
1584 2733 1636 2754 sex
1660 2726 1687 2752 et
1714 2724 1794 2756 Greg.
1817 2714 1926 2751 Nyss'm

1156 2760 1338 2790 editionibus
1355 2761 1455 2789 Basilii
1468 2760 1613 2795 ἐνεδέξατο.
