  <div class='ocr_page' id='page_1' title='image "/cluster/home/n/w/nwhite01/storage/ocr_20150623/32/njp.32101077772539/188.png"; bbox 0 0 2009 3145; ppageno 0'>
   <div class='ocr_carea' id='block_1_1' title="bbox 66 155 115 184">
    <p class='ocr_par' dir='ltr' id='par_1_1' title="bbox 66 155 115 184">
     <span class='ocr_line' id='line_1_1' title="bbox 66 155 115 184; baseline 0.041 -2"><span class='ocrx_word' id='word_1_1' title='bbox 66 155 115 184; x_wconf 71' lang='grc'>349</span> 
     </span>
    </p>
   </div>
   <div class='ocr_carea' id='block_1_2' title="bbox 562 150 1242 182">
    <p class='ocr_par' dir='ltr' id='par_1_2' title="bbox 562 150 1242 182">
     <span class='ocr_line' id='line_1_2' title="bbox 562 150 1242 182; baseline 0.003 -2"><span class='ocrx_word' id='word_1_2' title='bbox 562 151 808 181; x_wconf 77' lang='lat' dir='ltr'>EPISTOLARUM</span> <span class='ocrx_word' id='word_1_3' title='bbox 827 150 971 180; x_wconf 78' lang='lat' dir='ltr'>CLASSIS</span> <span class='ocrx_word' id='word_1_4' title='bbox 991 152 1011 180; x_wconf 89' lang='lat' dir='ltr'>l.</span> <span class='ocrx_word' id='word_1_5' title='bbox 1036 152 1143 182; x_wconf 84' lang='lat' dir='ltr'>EPIST.</span> <span class='ocrx_word' id='word_1_6' title='bbox 1164 154 1242 182; x_wconf 85' lang='lat' dir='ltr'>XLII.</span> 
     </span>
    </p>
   </div>
   <div class='ocr_carea' id='block_1_3' title="bbox 1690 155 1742 184">
    <p class='ocr_par' dir='ltr' id='par_1_3' title="bbox 1690 155 1742 184">
     <span class='ocr_line' id='line_1_3' title="bbox 1690 155 1742 184; baseline -0.019 0"><span class='ocrx_word' id='word_1_7' title='bbox 1690 155 1742 184; x_wconf 82' lang='lat'>350</span> 
     </span>
    </p>
   </div>
   <div class='ocr_carea' id='block_1_4' title="bbox 65 213 859 254">
    <p class='ocr_par' dir='ltr' id='par_1_4' title="bbox 65 213 859 254">
     <span class='ocr_line' id='line_1_4' title="bbox 65 213 859 254; baseline -0.005 -11"><span class='ocrx_word' id='word_1_8' title='bbox 65 217 209 254; x_wconf 81' lang='grc' dir='ltr'>ἔμπροσθεν</span> <span class='ocrx_word' id='word_1_9' title='bbox 224 215 431 251; x_wconf 78' lang='grc' dir='ltr'>ἐπεκτεινόμενος,</span> <span class='ocrx_word' id='word_1_10' title='bbox 448 215 516 241; x_wconf 81' lang='grc' dir='ltr'>κατὰ</span> <span class='ocrx_word' id='word_1_11' title='bbox 529 224 625 242; x_wconf 79' lang='grc' dir='ltr'>σκοπον</span> <span class='ocrx_word' id='word_1_12' title='bbox 641 213 729 241; x_wconf 80' lang='grc' dir='ltr'>διώκω</span> <span class='ocrx_word' id='word_1_13' title='bbox 741 215 796 250; x_wconf 87' lang='grc'>(78)</span> <span class='ocrx_word' id='word_1_14' title='bbox 819 213 859 241; x_wconf 79' lang='grc' dir='ltr'>ἐπι</span> 
     </span>
    </p>
   </div>
   <div class='ocr_carea' id='block_1_5' title="bbox 916 213 1741 254">
    <p class='ocr_par' dir='ltr' id='par_1_5' title="bbox 918 215 1741 253">
     <span class='ocr_line' id='line_1_5' title="bbox 918 215 1741 253; baseline 0.006 -12"><span class='ocrx_word' id='word_1_15' title='bbox 918 215 1044 243; x_wconf 68' lang='lat' dir='ltr'>cationi:</span> <span class='ocrx_word' id='word_1_16' title='bbox 1057 216 1091 244; x_wconf 73' lang='grc' dir='ltr'>ετ.</span> <span class='ocrx_word' id='word_1_17' title='bbox 1107 217 1182 245; x_wconf 87' lang='lat' dir='ltr'>Nam</span> <span class='ocrx_word' id='word_1_18' title='bbox 1196 216 1263 245; x_wconf 83' lang='lat' dir='ltr'>talis</span> <span class='ocrx_word' id='word_1_19' title='bbox 1281 217 1367 253; x_wconf 74' lang='lat'>126</span> <span class='ocrx_word' id='word_1_20' title='bbox 1376 218 1421 245; x_wconf 89' lang='lat' dir='ltr'>est</span> <span class='ocrx_word' id='word_1_21' title='bbox 1434 218 1496 246; x_wconf 86' lang='lat' dir='ltr'>tota</span> <span class='ocrx_word' id='word_1_22' title='bbox 1509 217 1668 246; x_wconf 87' lang='lat' dir='ltr'>hominum</span> <span class='ocrx_word' id='word_1_23' title='bbox 1680 218 1741 247; x_wconf 85' lang='lat' dir='ltr'>vita</span> 
     </span>
    </p>
   </div>
   <div class='ocr_carea' id='block_1_6' title="bbox 65 259 862 298">
    <p class='ocr_par' dir='ltr' id='par_1_6' title="bbox 65 259 862 298">
     <span class='ocr_line' id='line_1_6' title="bbox 65 259 862 298; baseline -0.004 -11"><span class='ocrx_word' id='word_1_24' title='bbox 65 264 91 287; x_wconf 78' lang='grc' dir='ltr'>τὸ</span> <span class='ocrx_word' id='word_1_25' title='bbox 108 261 232 298; x_wconf 72' lang='grc' dir='ltr'>βραϐεῖον</span> <span class='ocrx_word' id='word_1_26' title='bbox 247 265 292 291; x_wconf 73' lang='grc' dir='ltr'>τῆς</span> <span class='ocrx_word' id='word_1_27' title='bbox 312 260 363 286; x_wconf 82' lang='grc' dir='ltr'>οἰνω</span> <span class='ocrx_word' id='word_1_28' title='bbox 378 259 504 291; x_wconf 81' lang='grc' dir='ltr'>κλήσεως.</span> <span class='ocrx_word' id='word_1_29' title='bbox 529 263 652 291; x_wconf 74' lang='grc' dir='ltr'>Τοιοῦτος</span> <span class='ocrx_word' id='word_1_30' title='bbox 671 262 720 298; x_wconf 74' lang='grc' dir='ltr'>γὰρ</span> <span class='ocrx_word' id='word_1_31' title='bbox 745 261 862 296; x_wconf 70' lang='grc' dir='ltr'>ὑπάρχει</span> 
     </span>
    </p>
   </div>
   <div class='ocr_carea' id='block_1_7' title="bbox 65 303 860 342">
    <p class='ocr_par' dir='ltr' id='par_1_7' title="bbox 65 303 860 342">
     <span class='ocr_line' id='line_1_7' title="bbox 65 303 860 342; baseline -0.003 -10"><span class='ocrx_word' id='word_1_32' title='bbox 65 306 119 337; x_wconf 86' lang='grc' dir='ltr'>ὁλος</span> <span class='ocrx_word' id='word_1_33' title='bbox 133 307 146 332; x_wconf 85' lang='grc' dir='ltr'><strong><em>ὀ</em></strong></span> <span class='ocrx_word' id='word_1_34' title='bbox 162 310 212 332; x_wconf 77' lang='grc' dir='ltr'>τῶν</span> <span class='ocrx_word' id='word_1_35' title='bbox 227 305 366 341; x_wconf 81' lang='grc' dir='ltr'>ἀνθρώπων</span> <span class='ocrx_word' id='word_1_36' title='bbox 380 303 450 341; x_wconf 78' lang='grc' dir='ltr'>βίος,</span> <span class='ocrx_word' id='word_1_37' title='bbox 465 307 501 341; x_wconf 85' lang='grc' dir='ltr'>μὴ</span> <span class='ocrx_word' id='word_1_38' title='bbox 517 304 674 342; x_wconf 71' lang='grc' dir='ltr'>ἀρκούμενος</span> <span class='ocrx_word' id='word_1_39' title='bbox 688 309 741 337; x_wconf 81' lang='grc' dir='ltr'>τοῖς</span> <span class='ocrx_word' id='word_1_40' title='bbox 755 306 860 341; x_wconf 75' lang='grc' dir='ltr'>φθάσα-</span> 
     </span>
    </p>
   </div>
   <div class='ocr_carea' id='block_1_8' title="bbox 66 349 862 386">
    <p class='ocr_par' dir='ltr' id='par_1_8' title="bbox 66 349 862 386">
     <span class='ocr_line' id='line_1_8' title="bbox 66 349 862 386; baseline -0.001 -10"><span class='ocrx_word' id='word_1_41' title='bbox 66 360 115 383; x_wconf 81' lang='grc' dir='ltr'>σιν,</span> <span class='ocrx_word' id='word_1_42' title='bbox 131 350 196 376; x_wconf 77' lang='grc' dir='ltr'>ἀλλά</span> <span class='ocrx_word' id='word_1_43' title='bbox 211 351 362 386; x_wconf 73' lang='grc' dir='ltr'>τρεφόμενος</span> <span class='ocrx_word' id='word_1_44' title='bbox 377 350 405 376; x_wconf 68' lang='grc' dir='ltr'>οὗ</span> <span class='ocrx_word' id='word_1_45' title='bbox 435 353 488 380; x_wconf 83' lang='grc' dir='ltr'>τοῖς</span> <span class='ocrx_word' id='word_1_46' title='bbox 518 351 636 385; x_wconf 70' lang='grc' dir='ltr'>φθάσασι</span> <span class='ocrx_word' id='word_1_47' title='bbox 665 350 770 386; x_wconf 74' lang='grc' dir='ltr'>μᾶλλον,</span> <span class='ocrx_word' id='word_1_48' title='bbox 798 349 862 375; x_wconf 81' lang='grc' dir='ltr'>ἀλλά</span> 
     </span>
    </p>
   </div>
   <div class='ocr_carea' id='block_1_9' title="bbox 64 394 861 431">
    <p class='ocr_par' dir='ltr' id='par_1_9' title="bbox 64 394 861 431">
     <span class='ocr_line' id='line_1_9' title="bbox 64 394 861 431; baseline -0.001 -10"><span class='ocrx_word' id='word_1_49' title='bbox 64 399 117 426; x_wconf 86' lang='grc' dir='ltr'>τοῖς</span> <span class='ocrx_word' id='word_1_50' title='bbox 128 395 263 431; x_wconf 71' lang='grc' dir='ltr'>μέλλουσι.</span> <span class='ocrx_word' id='word_1_51' title='bbox 278 396 309 420; x_wconf 88' lang='grc' dir='ltr'>Τί</span> <span class='ocrx_word' id='word_1_52' title='bbox 321 395 371 430; x_wconf 79' lang='grc' dir='ltr'>γὰρ</span> <span class='ocrx_word' id='word_1_53' title='bbox 388 394 478 430; x_wconf 76' lang='grc' dir='ltr'>ὠφελεῖ</span> <span class='ocrx_word' id='word_1_54' title='bbox 500 395 633 431; x_wconf 71' lang='grc' dir='ltr'>ἄνθρωπον</span> <span class='ocrx_word' id='word_1_55' title='bbox 660 395 672 420; x_wconf 86' lang='grc' dir='ltr'><strong>ό</strong></span> <span class='ocrx_word' id='word_1_56' title='bbox 692 395 788 430; x_wconf 78' lang='grc' dir='ltr'>χθιζὸς</span> <span class='ocrx_word' id='word_1_57' title='bbox 816 398 861 424; x_wconf 82' lang='grc' dir='ltr'>τῆς</span> 
     </span>
    </p>
   </div>
   <div class='ocr_carea' id='block_1_10' title="bbox 64 439 860 477">
    <p class='ocr_par' dir='ltr' id='par_1_10' title="bbox 64 439 860 477">
     <span class='ocr_line' id='line_1_10' title="bbox 64 439 860 477; baseline -0.003 -11"><span class='ocrx_word' id='word_1_58' title='bbox 64 441 175 477; x_wconf 84' lang='grc' dir='ltr'>γαστρὸς</span> <span class='ocrx_word' id='word_1_59' title='bbox 190 441 276 476; x_wconf 81' lang='grc' dir='ltr'>κόρος,</span> <span class='ocrx_word' id='word_1_60' title='bbox 289 441 400 476; x_wconf 72' lang='grc' dir='ltr'>σήμερον</span> <span class='ocrx_word' id='word_1_61' title='bbox 417 443 464 470; x_wconf 83' lang='grc' dir='ltr'>τῆς</span> <span class='ocrx_word' id='word_1_62' title='bbox 479 439 593 475; x_wconf 72' lang='grc' dir='ltr'>ἐμφύτου</span> <span class='ocrx_word' id='word_1_63' title='bbox 605 441 693 470; x_wconf 80' lang='grc' dir='ltr'>πείνης</span> <span class='ocrx_word' id='word_1_64' title='bbox 705 442 751 468; x_wconf 73' lang='grc' dir='ltr'>τὴν</span> <span class='ocrx_word' id='word_1_65' title='bbox 765 439 860 465; x_wconf 80' lang='grc' dir='ltr'>οἰκείαν</span> 
     </span>
    </p>
   </div>
   <div class='ocr_carea' id='block_1_11' title="bbox 65 481 860 522">
    <p class='ocr_par' dir='ltr' id='par_1_11' title="bbox 65 481 860 522">
     <span class='ocr_line' id='line_1_11' title="bbox 65 481 860 522; baseline 0 -12"><span class='ocrx_word' id='word_1_66' title='bbox 65 489 112 516; x_wconf 86' lang='grc' dir='ltr'>τῆς</span> <span class='ocrx_word' id='word_1_67' title='bbox 125 484 246 522; x_wconf 80' lang='grc' dir='ltr'>βρώσεως</span> <span class='ocrx_word' id='word_1_68' title='bbox 257 485 426 521; x_wconf 71' lang='grc' dir='ltr'>παραμυθίαν</span> <span class='ocrx_word' id='word_1_69' title='bbox 441 486 477 520; x_wconf 80' lang='grc' dir='ltr'>μὴ</span> <span class='ocrx_word' id='word_1_70' title='bbox 494 485 670 520; x_wconf 68' lang='grc' dir='ltr'>εὑρισκούσης</span> <span class='ocrx_word' id='word_1_71' title='bbox 685 494 692 518; x_wconf 84' lang='grc'>;</span> <span class='ocrx_word' id='word_1_72' title='bbox 707 485 796 515; x_wconf 73' lang='grc' dir='ltr'>Οὕτως</span> <span class='ocrx_word' id='word_1_73' title='bbox 817 481 860 510; x_wconf 72' lang='grc' dir='ltr'>οὖν</span> 
     </span>
    </p>
   </div>
   <div class='ocr_carea' id='block_1_12' title="bbox 65 527 861 566">
    <p class='ocr_par' dir='ltr' id='par_1_12' title="bbox 65 527 861 566">
     <span class='ocr_line' id='line_1_12' title="bbox 65 527 861 566; baseline -0.001 -10"><span class='ocrx_word' id='word_1_74' title='bbox 65 527 127 556; x_wconf 63' lang='grc' dir='ltr'>οὐδὲ</span> <span class='ocrx_word' id='word_1_75' title='bbox 140 529 233 565; x_wconf 65' lang='grc' dir='ltr'>ψυχῆς</span> <span class='ocrx_word' id='word_1_76' title='bbox 246 527 339 566; x_wconf 75' lang='grc' dir='ltr'>κέρδος</span> <span class='ocrx_word' id='word_1_77' title='bbox 358 532 404 555; x_wconf 89' lang='grc' dir='ltr'>τοῦ</span> <span class='ocrx_word' id='word_1_78' title='bbox 426 529 552 565; x_wconf 76' lang='grc' dir='ltr'>χθεσινοῡ</span> <span class='ocrx_word' id='word_1_79' title='bbox 578 530 788 566; x_wconf 76' lang='grc' dir='ltr'>κατορθώματος,</span> <span class='ocrx_word' id='word_1_80' title='bbox 815 533 861 559; x_wconf 81' lang='grc' dir='ltr'>τῆς</span> 
     </span>
    </p>
   </div>
   <div class='ocr_carea' id='block_1_13' title="bbox 65 572 859 611">
    <p class='ocr_par' dir='ltr' id='par_1_13' title="bbox 65 572 859 611">
     <span class='ocr_line' id='line_1_13' title="bbox 65 572 859 611; baseline -0.001 -10"><span class='ocrx_word' id='word_1_81' title='bbox 65 578 203 610; x_wconf 81' lang='grc' dir='ltr'>σημερινῆς</span> <span class='ocrx_word' id='word_1_82' title='bbox 218 572 461 610; x_wconf 79' lang='grc' dir='ltr'>ἀπολιμπανομένου</span> <span class='ocrx_word' id='word_1_83' title='bbox 487 572 702 611; x_wconf 78' lang='grc' dir='ltr'>δικαιοπραγίας·</span> <span class='ocrx_word' id='word_1_84' title='bbox 734 574 795 600; x_wconf 77' lang='grc' dir='ltr'>Οἵον</span> <span class='ocrx_word' id='word_1_85' title='bbox 809 575 859 611; x_wconf 84' lang='grc' dir='ltr'>γὰρ</span> 
     </span>
    </p>
   </div>
   <div class='ocr_carea' id='block_1_14' title="bbox 64 618 552 656">
    <p class='ocr_par' dir='ltr' id='par_1_14' title="bbox 64 618 552 656">
     <span class='ocr_line' id='line_1_14' title="bbox 64 618 552 656; baseline 0 -11"><span class='ocrx_word' id='word_1_86' title='bbox 64 618 126 655; x_wconf 79' lang='grc' dir='ltr'>εὕρω</span> <span class='ocrx_word' id='word_1_87' title='bbox 140 628 178 652; x_wconf 84' lang='grc' dir='ltr'>σε,</span> <span class='ocrx_word' id='word_1_88' title='bbox 195 621 274 654; x_wconf 71' lang='grc' dir='ltr'>φησι,</span> <span class='ocrx_word' id='word_1_89' title='bbox 290 619 405 645; x_wconf 75' lang='grc' dir='ltr'>τοιοῦτον</span> <span class='ocrx_word' id='word_1_90' title='bbox 418 627 446 644; x_wconf 82' lang='grc' dir='ltr'>σε</span> <span class='ocrx_word' id='word_1_91' title='bbox 461 622 552 656; x_wconf 80' lang='grc' dir='ltr'>κρινῶ.</span> 
     </span>
    </p>
   </div>
   <div class='ocr_carea' id='block_1_15' title="bbox 96 661 860 699">
    <p class='ocr_par' dir='ltr' id='par_1_15' title="bbox 96 661 860 699">
     <span class='ocr_line' id='line_1_15' title="bbox 96 661 860 699; baseline -0.001 -9"><span class='ocrx_word' id='word_1_92' title='bbox 96 665 121 691; x_wconf 83' lang='grc'><strong>2.</strong></span> <span class='ocrx_word' id='word_1_93' title='bbox 137 663 238 689; x_wconf 71' lang='grc' dir='ltr'>Οὗκοῦν</span> <span class='ocrx_word' id='word_1_94' title='bbox 254 664 364 699; x_wconf 78' lang='grc' dir='ltr'>μάταιος</span> <span class='ocrx_word' id='word_1_95' title='bbox 378 664 423 699; x_wconf 72' lang='grc' dir='ltr'>μεν</span> <span class='ocrx_word' id='word_1_96' title='bbox 437 666 482 689; x_wconf 78' lang='grc' dir='ltr'>τοῦ</span> <span class='ocrx_word' id='word_1_97' title='bbox 493 661 598 689; x_wconf 75' lang='grc' dir='ltr'>δικαίου</span> <span class='ocrx_word' id='word_1_98' title='bbox 613 663 724 697; x_wconf 80' lang='grc' dir='ltr'>ὀκόπος,</span> <span class='ocrx_word' id='word_1_99' title='bbox 739 662 860 699; x_wconf 73' lang='grc' dir='ltr'>ἀνέγκλη-</span> 
     </span>
    </p>
   </div>
   <div class='ocr_carea' id='block_1_16' title="bbox 64 705 859 744">
    <p class='ocr_par' dir='ltr' id='par_1_16' title="bbox 64 705 859 744">
     <span class='ocr_line' id='line_1_16' title="bbox 64 705 859 744; baseline -0.001 -10"><span class='ocrx_word' id='word_1_100' title='bbox 64 717 104 739; x_wconf 78' lang='grc' dir='ltr'>τος</span> <span class='ocrx_word' id='word_1_101' title='bbox 119 705 147 734; x_wconf 66' lang='grc' dir='ltr'>δι</span> <span class='ocrx_word' id='word_1_102' title='bbox 162 710 207 734; x_wconf 79' lang='grc' dir='ltr'>καὶ</span> <span class='ocrx_word' id='word_1_103' title='bbox 220 711 268 734; x_wconf 74' lang='grc' dir='ltr'>τοῦ</span> <span class='ocrx_word' id='word_1_104' title='bbox 285 707 439 744; x_wconf 77' lang='grc' dir='ltr'>ἀμαρτωλοῡ</span> <span class='ocrx_word' id='word_1_105' title='bbox 455 708 468 732; x_wconf 82' lang='grc' dir='ltr'><strong><em>ὁ</em></strong></span> <span class='ocrx_word' id='word_1_106' title='bbox 481 710 584 744; x_wconf 75' lang='grc' dir='ltr'>τρόπος,</span> <span class='ocrx_word' id='word_1_107' title='bbox 607 707 786 744; x_wconf 73' lang='grc' dir='ltr'>ἐπιγενομένης</span> <span class='ocrx_word' id='word_1_108' title='bbox 804 707 859 743; x_wconf 78' lang='grc'>(79)</span> 
     </span>
    </p>
   </div>
   <div class='ocr_carea' id='block_1_17' title="bbox 64 751 858 788">
    <p class='ocr_par' dir='ltr' id='par_1_17' title="bbox 64 751 858 788">
     <span class='ocr_line' id='line_1_17' title="bbox 64 751 858 788; baseline 0 -10"><span class='ocrx_word' id='word_1_109' title='bbox 64 751 199 787; x_wconf 69' lang='grc' dir='ltr'>ἄναλλαγῆς</span> <span class='ocrx_word' id='word_1_110' title='bbox 212 762 218 768; x_wconf 89' lang='grc'>·</span> <span class='ocrx_word' id='word_1_111' title='bbox 236 755 274 787; x_wconf 83' lang='grc' dir='ltr'>τῷ</span> <span class='ocrx_word' id='word_1_112' title='bbox 285 753 330 788; x_wconf 66' lang='grc' dir='ltr'>μὲν</span> <span class='ocrx_word' id='word_1_113' title='bbox 347 751 396 778; x_wconf 78' lang='grc' dir='ltr'>ἀπὸ</span> <span class='ocrx_word' id='word_1_114' title='bbox 412 756 457 778; x_wconf 80' lang='grc' dir='ltr'>τοῦ</span> <span class='ocrx_word' id='word_1_115' title='bbox 472 754 616 788; x_wconf 84' lang='grc' dir='ltr'>κρείττονος</span> <span class='ocrx_word' id='word_1_116' title='bbox 641 752 683 778; x_wconf 72' lang='grc' dir='ltr'>ἐπὶ</span> <span class='ocrx_word' id='word_1_117' title='bbox 703 754 732 778; x_wconf 88' lang='grc' dir='ltr'>τὸ</span> <span class='ocrx_word' id='word_1_118' title='bbox 758 756 858 788; x_wconf 85' lang='grc' dir='ltr'>χεῖρον,</span> 
     </span>
    </p>
   </div>
   <div class='ocr_carea' id='block_1_18' title="bbox 65 795 855 834">
    <p class='ocr_par' dir='ltr' id='par_1_18' title="bbox 65 795 855 834">
     <span class='ocr_line' id='line_1_18' title="bbox 65 795 855 834; baseline -0.001 -11"><span class='ocrx_word' id='word_1_119' title='bbox 65 801 97 832; x_wconf 78' lang='grc' dir='ltr'>τῷ</span> <span class='ocrx_word' id='word_1_120' title='bbox 112 795 139 823; x_wconf 65' lang='grc' dir='ltr'>δὴ</span> <span class='ocrx_word' id='word_1_121' title='bbox 155 796 204 823; x_wconf 74' lang='grc' dir='ltr'>ἀπὸ</span> <span class='ocrx_word' id='word_1_122' title='bbox 220 800 270 822; x_wconf 76' lang='grc' dir='ltr'>τοῦ</span> <span class='ocrx_word' id='word_1_123' title='bbox 284 798 403 833; x_wconf 77' lang='grc' dir='ltr'>χείρονος</span> <span class='ocrx_word' id='word_1_124' title='bbox 424 795 466 823; x_wconf 74' lang='grc' dir='ltr'>ἐπὶ</span> <span class='ocrx_word' id='word_1_125' title='bbox 487 798 516 823; x_wconf 85' lang='grc' dir='ltr'>τὸ</span> <span class='ocrx_word' id='word_1_126' title='bbox 526 800 642 834; x_wconf 81' lang='grc' dir='ltr'>κρεῖττον</span> <span class='ocrx_word' id='word_1_127' title='bbox 657 796 855 832; x_wconf 78' lang='grc' dir='ltr'>μεταϐληθὲνττ.</span> 
     </span>
    </p>
   </div>
   <div class='ocr_carea' id='block_1_19' title="bbox 65 840 859 878">
    <p class='ocr_par' dir='ltr' id='par_1_19' title="bbox 65 840 859 878">
     <span class='ocr_line' id='line_1_19' title="bbox 65 840 859 878; baseline 0.001 -12"><span class='ocrx_word' id='word_1_128' title='bbox 65 844 147 867; x_wconf 69' lang='grc' dir='ltr'>Ταῦτα</span> <span class='ocrx_word' id='word_1_129' title='bbox 160 840 205 866; x_wconf 85' lang='grc' dir='ltr'>καὶ</span> <span class='ocrx_word' id='word_1_130' title='bbox 220 844 270 867; x_wconf 70' lang='grc' dir='ltr'>τοῦ</span> <span class='ocrx_word' id='word_1_131' title='bbox 286 840 410 872; x_wconf 77' lang='grc' dir='ltr'>Ἰεζεκιὴλ</span> <span class='ocrx_word' id='word_1_132' title='bbox 424 842 459 872; x_wconf 83' lang='grc' dir='ltr'>ὡς</span> <span class='ocrx_word' id='word_1_133' title='bbox 483 840 510 867; x_wconf 76' lang='grc' dir='ltr'>ἐκ</span> <span class='ocrx_word' id='word_1_134' title='bbox 534 844 675 878; x_wconf 82' lang='grc' dir='ltr'><strong>προσώπου</strong></span> <span class='ocrx_word' id='word_1_135' title='bbox 699 845 745 867; x_wconf 69' lang='grc' dir='ltr'>τοῦ</span> <span class='ocrx_word' id='word_1_136' title='bbox 762 843 859 878; x_wconf 79' lang='grc' dir='ltr'>Κυρίου</span> 
     </span>
    </p>
   </div>
   <div class='ocr_carea' id='block_1_20' title="bbox 917 261 1742 298">
    <p class='ocr_par' dir='ltr' id='par_1_20' title="bbox 917 261 1742 298">
     <span class='ocr_line' id='line_1_20' title="bbox 917 261 1742 298; baseline 0.005 -11"><span class='ocrx_word' id='word_1_137' title='bbox 917 267 978 287; x_wconf 90' lang='lat' dir='ltr'>non</span> <span class='ocrx_word' id='word_1_138' title='bbox 1001 262 1142 289; x_wconf 88' lang='lat' dir='ltr'>contenta</span> <span class='ocrx_word' id='word_1_139' title='bbox 1161 261 1196 289; x_wconf 84' lang='lat' dir='ltr'>iis</span> <span class='ocrx_word' id='word_1_140' title='bbox 1217 270 1283 298; x_wconf 62' lang='lat' dir='ltr'>quae</span> <span class='ocrx_word' id='word_1_141' title='bbox 1308 264 1538 298; x_wconf 65' lang='lat' dir='ltr'>praecesserunt,</span> <span class='ocrx_word' id='word_1_142' title='bbox 1560 262 1614 290; x_wconf 90' lang='lat' dir='ltr'>sed</span> <span class='ocrx_word' id='word_1_143' title='bbox 1630 264 1742 292; x_wconf 86' lang='lat' dir='ltr'>nutrita</span> 
     </span>
    </p>
   </div>
   <div class='ocr_carea' id='block_1_21' title="bbox 916 305 1739 343">
    <p class='ocr_par' dir='ltr' id='par_1_21' title="bbox 916 305 1739 343">
     <span class='ocr_line' id='line_1_21' title="bbox 916 305 1739 343; baseline 0.005 -11"><span class='ocrx_word' id='word_1_144' title='bbox 916 311 978 332; x_wconf 88' lang='lat' dir='ltr'>non</span> <span class='ocrx_word' id='word_1_145' title='bbox 997 305 1093 340; x_wconf 80' lang='lat' dir='ltr'>magis</span> <span class='ocrx_word' id='word_1_146' title='bbox 1112 307 1265 342; x_wconf 70' lang='lat' dir='ltr'>praeteritis</span> <span class='ocrx_word' id='word_1_147' title='bbox 1292 315 1385 343; x_wconf 87' lang='lat' dir='ltr'>quam</span> <span class='ocrx_word' id='word_1_148' title='bbox 1415 306 1531 334; x_wconf 85' lang='lat' dir='ltr'>futuris.</span> <span class='ocrx_word' id='word_1_149' title='bbox 1559 306 1636 340; x_wconf 84' lang='lat' dir='ltr'>Quid</span> <span class='ocrx_word' id='word_1_150' title='bbox 1658 307 1739 336; x_wconf 90' lang='lat' dir='ltr'>enim</span> 
     </span>
    </p>
   </div>
   <div class='ocr_carea' id='block_1_22' title="bbox 915 349 1738 386">
    <p class='ocr_par' dir='ltr' id='par_1_22' title="bbox 915 349 1738 386">
     <span class='ocr_line' id='line_1_22' title="bbox 915 349 1738 386; baseline 0.005 -10"><span class='ocrx_word' id='word_1_151' title='bbox 915 349 1038 384; x_wconf 82' lang='lat' dir='ltr'>prodest</span> <span class='ocrx_word' id='word_1_152' title='bbox 1060 350 1176 378; x_wconf 86' lang='lat' dir='ltr'>homini</span> <span class='ocrx_word' id='word_1_153' title='bbox 1194 351 1333 379; x_wconf 84' lang='lat' dir='ltr'>hesterna</span> <span class='ocrx_word' id='word_1_154' title='bbox 1363 351 1473 379; x_wconf 77' lang='lat' dir='ltr'>ventris</span> <span class='ocrx_word' id='word_1_155' title='bbox 1494 351 1626 386; x_wconf 79' lang='lat' dir='ltr'>satietas,</span> <span class='ocrx_word' id='word_1_156' title='bbox 1646 352 1738 380; x_wconf 85' lang='lat' dir='ltr'>hodie</span> 
     </span>
    </p>
   </div>
   <div class='ocr_carea' id='block_1_23' title="bbox 915 393 1738 425">
    <p class='ocr_par' dir='ltr' id='par_1_23' title="bbox 915 393 1738 425">
     <span class='ocr_line' id='line_1_23' title="bbox 915 393 1738 425; baseline 0.005 -5"><span class='ocrx_word' id='word_1_157' title='bbox 915 393 1005 422; x_wconf 88' lang='lat' dir='ltr'>insita</span> <span class='ocrx_word' id='word_1_158' title='bbox 1033 394 1112 422; x_wconf 84' lang='lat' dir='ltr'>fame</span> <span class='ocrx_word' id='word_1_159' title='bbox 1127 396 1310 424; x_wconf 91' lang='lat' dir='ltr'>conveniens</span> <span class='ocrx_word' id='word_1_160' title='bbox 1335 396 1393 424; x_wconf 82' lang='lat' dir='ltr'>cibi</span> <span class='ocrx_word' id='word_1_161' title='bbox 1408 396 1550 424; x_wconf 81' lang='lat' dir='ltr'>solatium</span> <span class='ocrx_word' id='word_1_162' title='bbox 1571 404 1632 424; x_wconf 87' lang='lat' dir='ltr'>non</span> <span class='ocrx_word' id='word_1_163' title='bbox 1654 397 1738 425; x_wconf 91' lang='lat' dir='ltr'>inve-</span> 
     </span>
    </p>
   </div>
   <div class='ocr_carea' id='block_1_24' title="bbox 915 438 1740 477">
    <p class='ocr_par' dir='ltr' id='par_1_24' title="bbox 915 438 1740 477">
     <span class='ocr_line' id='line_1_24' title="bbox 915 438 1740 477; baseline 0.005 -11"><span class='ocrx_word' id='word_1_164' title='bbox 915 438 1014 466; x_wconf 89' lang='lat' dir='ltr'>niente</span> <span class='ocrx_word' id='word_1_165' title='bbox 1027 439 1041 467; x_wconf 59' lang='grc' dir='ltr'>εἰ</span> <span class='ocrx_word' id='word_1_166' title='bbox 1057 439 1102 467; x_wconf 87' lang='lat' dir='ltr'>Sic</span> <span class='ocrx_word' id='word_1_167' title='bbox 1115 440 1204 475; x_wconf 81' lang='lat' dir='ltr'>igitur</span> <span class='ocrx_word' id='word_1_168' title='bbox 1213 448 1312 477; x_wconf 90' lang='lat' dir='ltr'>neque</span> <span class='ocrx_word' id='word_1_169' title='bbox 1327 440 1433 469; x_wconf 78' lang='lat' dir='ltr'>animae</span> <span class='ocrx_word' id='word_1_170' title='bbox 1447 440 1566 468; x_wconf 90' lang='lat' dir='ltr'>lucrum</span> <span class='ocrx_word' id='word_1_171' title='bbox 1588 441 1683 469; x_wconf 86' lang='lat' dir='ltr'>ullum</span> <span class='ocrx_word' id='word_1_172' title='bbox 1704 449 1740 470; x_wconf 82' lang='lat' dir='ltr'>ex</span> 
     </span>
    </p>
   </div>
   <div class='ocr_carea' id='block_1_25' title="bbox 914 483 1739 522">
    <p class='ocr_par' dir='ltr' id='par_1_25' title="bbox 914 483 1739 522">
     <span class='ocr_line' id='line_1_25' title="bbox 914 483 1739 522; baseline 0.005 -12"><span class='ocrx_word' id='word_1_173' title='bbox 914 485 992 511; x_wconf 90' lang='lat' dir='ltr'>recte</span> <span class='ocrx_word' id='word_1_174' title='bbox 1008 483 1086 512; x_wconf 83' lang='lat' dir='ltr'>facto</span> <span class='ocrx_word' id='word_1_175' title='bbox 1101 484 1338 521; x_wconf 84' lang='lat' dir='ltr'>hesterno,quod</span> <span class='ocrx_word' id='word_1_176' title='bbox 1349 485 1387 513; x_wconf 88' lang='lat' dir='ltr'>ab</span> <span class='ocrx_word' id='word_1_177' title='bbox 1396 485 1541 514; x_wconf 86' lang='lat' dir='ltr'>hodierno</span> <span class='ocrx_word' id='word_1_178' title='bbox 1557 494 1647 522; x_wconf 87' lang='lat' dir='ltr'>opere</span> <span class='ocrx_word' id='word_1_179' title='bbox 1656 487 1739 522; x_wconf 80' lang='lat' dir='ltr'>justo</span> 
     </span>
    </p>
   </div>
   <div class='ocr_carea' id='block_1_26' title="bbox 914 527 1735 566">
    <p class='ocr_par' dir='ltr' id='par_1_26' title="bbox 914 527 1735 566">
     <span class='ocr_line' id='line_1_26' title="bbox 914 527 1735 566; baseline 0.005 -11"><span class='ocrx_word' id='word_1_180' title='bbox 914 527 1069 556; x_wconf 79' lang='lat' dir='ltr'>deseritur.</span> <span class='ocrx_word' id='word_1_181' title='bbox 1086 529 1211 563; x_wconf 72' lang='lat' dir='ltr'>Qualem</span> <span class='ocrx_word' id='word_1_182' title='bbox 1230 532 1318 564; x_wconf 71' lang='lat' dir='ltr'>enim,</span> <span class='ocrx_word' id='word_1_183' title='bbox 1335 529 1441 566; x_wconf 88' lang='lat' dir='ltr'>inquit,</span> <span class='ocrx_word' id='word_1_184' title='bbox 1457 531 1573 566; x_wconf 76' lang='lat' dir='ltr'>reperio</span> <span class='ocrx_word' id='word_1_185' title='bbox 1589 534 1627 563; x_wconf 82' lang='lat' dir='ltr'>te,</span> <span class='ocrx_word' id='word_1_186' title='bbox 1645 531 1735 560; x_wconf 79' lang='lat' dir='ltr'>talem</span> 
     </span>
    </p>
   </div>
   <div class='ocr_carea' id='block_1_27' title="bbox 916 573 1068 608">
    <p class='ocr_par' dir='ltr' id='par_1_27' title="bbox 916 573 1068 608">
     <span class='ocr_line' id='line_1_27' title="bbox 916 573 1068 608; baseline 0.02 -8"><span class='ocrx_word' id='word_1_187' title='bbox 916 574 943 600; x_wconf 81' lang='lat' dir='ltr'>te</span> <span class='ocrx_word' id='word_1_188' title='bbox 951 573 1068 608; x_wconf 78' lang='lat' dir='ltr'>judico.</span> 
     </span>
    </p>
   </div>
   <div class='ocr_carea' id='block_1_28' title="bbox 950 663 1735 700">
    <p class='ocr_par' dir='ltr' id='par_1_28' title="bbox 950 663 1735 700">
     <span class='ocr_line' id='line_1_28' title="bbox 950 663 1735 700; baseline 0.004 -11"><span class='ocrx_word' id='word_1_189' title='bbox 950 664 978 690; x_wconf 84' lang='lat'>2.</span> <span class='ocrx_word' id='word_1_190' title='bbox 998 663 1100 698; x_wconf 84' lang='lat' dir='ltr'>Itaque</span> <span class='ocrx_word' id='word_1_191' title='bbox 1118 670 1216 692; x_wconf 90' lang='lat' dir='ltr'>vanus</span> <span class='ocrx_word' id='word_1_192' title='bbox 1234 665 1278 691; x_wconf 88' lang='lat' dir='ltr'>est</span> <span class='ocrx_word' id='word_1_193' title='bbox 1294 663 1367 699; x_wconf 81' lang='lat' dir='ltr'>justi</span> <span class='ocrx_word' id='word_1_194' title='bbox 1385 663 1483 697; x_wconf 84' lang='lat' dir='ltr'>labor,</span> <span class='ocrx_word' id='word_1_195' title='bbox 1503 663 1644 700; x_wconf 86' lang='lat' dir='ltr'>inculpati</span> <span class='ocrx_word' id='word_1_196' title='bbox 1663 664 1735 692; x_wconf 87' lang='lat' dir='ltr'>item</span> 
     </span>
    </p>
   </div>
   <div class='ocr_carea' id='block_1_29' title="bbox 915 707 1738 744">
    <p class='ocr_par' dir='ltr' id='par_1_29' title="bbox 915 707 1738 744">
     <span class='ocr_line' id='line_1_29' title="bbox 915 707 1738 744; baseline 0.004 -10"><span class='ocrx_word' id='word_1_197' title='bbox 915 709 984 734; x_wconf 86' lang='lat' dir='ltr'>sunt</span> <span class='ocrx_word' id='word_1_198' title='bbox 999 707 1164 743; x_wconf 71' lang='lat' dir='ltr'>peccatoris</span> <span class='ocrx_word' id='word_1_199' title='bbox 1179 716 1289 743; x_wconf 89' lang='lat' dir='ltr'>mores,</span> <span class='ocrx_word' id='word_1_200' title='bbox 1305 708 1533 744; x_wconf 83' lang='lat' dir='ltr'>superveniente</span> <span class='ocrx_word' id='word_1_201' title='bbox 1551 709 1738 738; x_wconf 88' lang='lat' dir='ltr'>immutatio-</span> 
     </span>
    </p>
   </div>
   <div class='ocr_carea' id='block_1_30' title="bbox 914 751 1738 788">
    <p class='ocr_par' dir='ltr' id='par_1_30' title="bbox 914 751 1738 788">
     <span class='ocr_line' id='line_1_30' title="bbox 914 751 1738 788; baseline 0.004 -9"><span class='ocrx_word' id='word_1_202' title='bbox 914 759 951 779; x_wconf 88' lang='lat' dir='ltr'>ne</span> <span class='ocrx_word' id='word_1_203' title='bbox 964 759 970 784; x_wconf 86' lang='lat'><strong>;</strong></span> <span class='ocrx_word' id='word_1_204' title='bbox 988 751 1070 779; x_wconf 78' lang='lat' dir='ltr'>alteri</span> <span class='ocrx_word' id='word_1_205' title='bbox 1085 752 1208 788; x_wconf 87' lang='lat' dir='ltr'>quidem</span> <span class='ocrx_word' id='word_1_206' title='bbox 1220 761 1238 781; x_wconf 90' lang='lat' dir='ltr'>a</span> <span class='ocrx_word' id='word_1_207' title='bbox 1247 752 1352 781; x_wconf 87' lang='lat' dir='ltr'>virtute</span> <span class='ocrx_word' id='word_1_208' title='bbox 1365 753 1405 781; x_wconf 91' lang='lat' dir='ltr'>ad</span> <span class='ocrx_word' id='word_1_209' title='bbox 1416 753 1624 787; x_wconf 83' lang='lat' dir='ltr'>vitium,alteri</span> <span class='ocrx_word' id='word_1_210' title='bbox 1637 756 1738 782; x_wconf 85' lang='lat' dir='ltr'>autem</span> 
     </span>
    </p>
   </div>
   <div class='ocr_carea' id='block_1_31' title="bbox 914 796 1738 827">
    <p class='ocr_par' dir='ltr' id='par_1_31' title="bbox 914 796 1738 827">
     <span class='ocr_line' id='line_1_31' title="bbox 914 796 1738 827; baseline 0.004 -3"><span class='ocrx_word' id='word_1_211' title='bbox 914 805 933 824; x_wconf 74' lang='grc' dir='ltr'>ιι</span> <span class='ocrx_word' id='word_1_212' title='bbox 948 796 1018 824; x_wconf 87' lang='lat' dir='ltr'>vitio</span> <span class='ocrx_word' id='word_1_213' title='bbox 1031 797 1068 825; x_wconf 87' lang='lat' dir='ltr'>ad</span> <span class='ocrx_word' id='word_1_214' title='bbox 1083 797 1220 826; x_wconf 81' lang='lat' dir='ltr'>virtutem</span> <span class='ocrx_word' id='word_1_215' title='bbox 1237 798 1389 826; x_wconf 86' lang='lat' dir='ltr'>translato.</span> <span class='ocrx_word' id='word_1_216' title='bbox 1416 800 1482 826; x_wconf 64' lang='lat' dir='ltr'>Haec</span> <span class='ocrx_word' id='word_1_217' title='bbox 1505 801 1534 827; x_wconf 91' lang='lat' dir='ltr'>et</span> <span class='ocrx_word' id='word_1_218' title='bbox 1557 798 1738 827; x_wconf 81' lang='lat' dir='ltr'>Ezechielem</span> 
     </span>
    </p>
   </div>
   <div class='ocr_carea' id='block_1_32' title="bbox 914 840 1737 877">
    <p class='ocr_par' dir='ltr' id='par_1_32' title="bbox 914 840 1737 877">
     <span class='ocr_line' id='line_1_32' title="bbox 914 840 1737 877; baseline 0.004 -9"><span class='ocrx_word' id='word_1_219' title='bbox 914 840 994 868; x_wconf 89' lang='lat' dir='ltr'>velut</span> <span class='ocrx_word' id='word_1_220' title='bbox 1008 849 1045 869; x_wconf 80' lang='lat' dir='ltr'>ex</span> <span class='ocrx_word' id='word_1_221' title='bbox 1066 849 1198 877; x_wconf 81' lang='lat' dir='ltr'>persona</span> <span class='ocrx_word' id='word_1_222' title='bbox 1222 842 1339 871; x_wconf 87' lang='lat' dir='ltr'>Domini</span> <span class='ocrx_word' id='word_1_223' title='bbox 1359 842 1519 871; x_wconf 84' lang='lat' dir='ltr'>docentem</span> <span class='ocrx_word' id='word_1_224' title='bbox 1539 843 1645 872; x_wconf 90' lang='lat' dir='ltr'>audire</span> <span class='ocrx_word' id='word_1_225' title='bbox 1658 843 1737 871; x_wconf 91' lang='lat' dir='ltr'>licet.</span> 
     </span>
    </p>
   </div>
   <div class='ocr_carea' id='block_1_33' title="bbox 65 883 859 924">
    <p class='ocr_par' dir='ltr' id='par_1_33' title="bbox 65 883 858 921">
     <span class='ocr_line' id='line_1_33' title="bbox 65 883 858 921; baseline -0.001 -10"><span class='ocrx_word' id='word_1_226' title='bbox 65 883 266 921; x_wconf 73' lang='grc' dir='ltr'>δογματίζοντος</span> <span class='ocrx_word' id='word_1_227' title='bbox 280 886 348 911; x_wconf 72' lang='grc' dir='ltr'>ἔστιν</span> <span class='ocrx_word' id='word_1_228' title='bbox 362 884 485 912; x_wconf 73' lang='grc' dir='ltr'>ἀκοῦσαι.</span> <span class='ocrx_word' id='word_1_229' title='bbox 498 884 556 912; x_wconf 80' lang='grc' dir='ltr'>Ἐὰν</span> <span class='ocrx_word' id='word_1_230' title='bbox 565 886 627 921; x_wconf 81' lang='grc' dir='ltr'>γὰρ,</span> <span class='ocrx_word' id='word_1_231' title='bbox 640 887 729 921; x_wconf 71' lang='grc' dir='ltr'>φησὶν,</span> <span class='ocrx_word' id='word_1_232' title='bbox 742 884 858 916; x_wconf 71' lang='grc' dir='ltr'>ἐκκλίνας</span> 
     </span>
    </p>
   </div>
   <div class='ocr_carea' id='block_1_34' title="bbox 916 883 1739 924">
    <p class='ocr_par' dir='ltr' id='par_1_34' title="bbox 916 885 1739 924">
     <span class='ocr_line' id='line_1_34' title="bbox 916 885 1739 924; baseline 0.002 -10"><span class='ocrx_word' id='word_1_233' title='bbox 916 885 944 914; x_wconf 87' lang='lat' dir='ltr'>Si</span> <span class='ocrx_word' id='word_1_234' title='bbox 957 886 1048 921; x_wconf 88' lang='lat' dir='ltr'>enim,</span> <span class='ocrx_word' id='word_1_235' title='bbox 1065 886 1170 922; x_wconf 85' lang='lat' dir='ltr'>inquit,</span> <span class='ocrx_word' id='word_1_236' title='bbox 1183 887 1284 922; x_wconf 87' lang='lat' dir='ltr'>justus</span> <span class='ocrx_word' id='word_1_237' title='bbox 1305 887 1457 916; x_wconf 87' lang='lat' dir='ltr'>declinans</span> <span class='ocrx_word' id='word_1_238' title='bbox 1486 887 1653 924; x_wconf 83' lang='lat' dir='ltr'>deliquerit,</span> <span class='ocrx_word' id='word_1_239' title='bbox 1676 895 1739 916; x_wconf 88' lang='lat' dir='ltr'>non</span> 
     </span>
    </p>
   </div>
   <div class='ocr_carea' id='block_1_35' title="bbox 66 927 858 966">
    <p class='ocr_par' dir='ltr' id='par_1_35' title="bbox 66 927 858 966">
     <span class='ocr_line' id='line_1_35' title="bbox 66 927 858 966; baseline -0.001 -11"><span class='ocrx_word' id='word_1_240' title='bbox 66 930 77 955; x_wconf 81' lang='grc' dir='ltr'><strong>ό</strong></span> <span class='ocrx_word' id='word_1_241' title='bbox 92 927 191 961; x_wconf 80' lang='grc' dir='ltr'>δίκαιος</span> <span class='ocrx_word' id='word_1_242' title='bbox 200 929 392 966; x_wconf 75' lang='grc' dir='ltr'>πλημμελήσῃ,</span> <span class='ocrx_word' id='word_1_243' title='bbox 403 930 432 956; x_wconf 68' lang='grc' dir='ltr'>οὐ</span> <span class='ocrx_word' id='word_1_244' title='bbox 448 932 484 966; x_wconf 81' lang='grc' dir='ltr'>μὴ</span> <span class='ocrx_word' id='word_1_245' title='bbox 497 930 605 966; x_wconf 80' lang='grc' dir='ltr'>μνησθω</span> <span class='ocrx_word' id='word_1_246' title='bbox 619 934 668 956; x_wconf 76' lang='grc' dir='ltr'>τῶν</span> <span class='ocrx_word' id='word_1_247' title='bbox 684 927 858 955; x_wconf 71' lang='grc' dir='ltr'>δικαιοσυνῶν</span> 
     </span>
    </p>
   </div>
   <div class='ocr_carea' id='block_1_36' title="bbox 68 973 858 1011">
    <p class='ocr_par' dir='ltr' id='par_1_36' title="bbox 68 973 858 1011">
     <span class='ocr_line' id='line_1_36' title="bbox 68 973 858 1011; baseline 0 -11"><span class='ocrx_word' id='word_1_248' title='bbox 68 975 100 1000; x_wconf 79' lang='grc' dir='ltr'>ὧν</span> <span class='ocrx_word' id='word_1_249' title='bbox 115 973 226 1004; x_wconf 77' lang='grc' dir='ltr'>ἐποίησεν</span> <span class='ocrx_word' id='word_1_250' title='bbox 241 975 390 1011; x_wconf 81' lang='grc' dir='ltr'>εμπροσθιν</span> <span class='ocrx_word' id='word_1_251' title='bbox 405 976 473 1009; x_wconf 91' lang='grc'>(80).</span> <span class='ocrx_word' id='word_1_252' title='bbox 492 974 545 1001; x_wconf 79' lang='grc' dir='ltr'>ἀλλ’</span> <span class='ocrx_word' id='word_1_253' title='bbox 557 974 581 1000; x_wconf 78' lang='grc' dir='ltr'>ἐν</span> <span class='ocrx_word' id='word_1_254' title='bbox 596 978 626 1011; x_wconf 78' lang='grc' dir='ltr'>τῇ</span> <span class='ocrx_word' id='word_1_255' title='bbox 649 974 764 1011; x_wconf 79' lang='grc' dir='ltr'>ἁμαρτίᾳ</span> <span class='ocrx_word' id='word_1_256' title='bbox 779 975 858 1000; x_wconf 73' lang='grc' dir='ltr'>αὑτοῦ</span> 
     </span>
    </p>
   </div>
   <div class='ocr_carea' id='block_1_37' title="bbox 66 1017 856 1057">
    <p class='ocr_par' dir='ltr' id='par_1_37' title="bbox 66 1017 856 1057">
     <span class='ocr_line' id='line_1_37' title="bbox 66 1017 856 1057; baseline 0.001 -13"><span class='ocrx_word' id='word_1_257' title='bbox 66 1018 234 1047; x_wconf 81' lang='grc' dir='ltr'>ἀποθανεῖται.</span> <span class='ocrx_word' id='word_1_258' title='bbox 257 1021 291 1046; x_wconf 89' lang='grc' dir='ltr'>Τὸ</span> <span class='ocrx_word' id='word_1_259' title='bbox 308 1017 338 1046; x_wconf 62' lang='grc' dir='ltr'>δὲ</span> <span class='ocrx_word' id='word_1_260' title='bbox 351 1019 414 1045; x_wconf 79' lang='grc' dir='ltr'>αὐτὸ</span> <span class='ocrx_word' id='word_1_261' title='bbox 428 1029 494 1055; x_wconf 75' lang='grc' dir='ltr'>φησι</span> <span class='ocrx_word' id='word_1_262' title='bbox 508 1022 621 1056; x_wconf 75' lang='grc' dir='ltr'>καὶπερὶ</span> <span class='ocrx_word' id='word_1_263' title='bbox 634 1023 679 1045; x_wconf 78' lang='grc' dir='ltr'>τοῦ</span> <span class='ocrx_word' id='word_1_264' title='bbox 693 1019 856 1057; x_wconf 80' lang='grc' dir='ltr'>ἀμαρτωλοὺ·</span> 
     </span>
    </p>
   </div>
   <div class='ocr_carea' id='block_1_38' title="bbox 65 1062 858 1102">
    <p class='ocr_par' dir='ltr' id='par_1_38' title="bbox 65 1062 858 1102">
     <span class='ocr_line' id='line_1_38' title="bbox 65 1062 858 1102; baseline 0 -12"><span class='ocrx_word' id='word_1_265' title='bbox 65 1064 120 1090; x_wconf 73' lang='grc' dir='ltr'>Ἐὰν</span> <span class='ocrx_word' id='word_1_266' title='bbox 134 1064 297 1102; x_wconf 73' lang='grc' dir='ltr'>ἐπιστρέψας</span> <span class='ocrx_word' id='word_1_267' title='bbox 310 1067 410 1100; x_wconf 78' lang='grc' dir='ltr'>ποιήσῃ</span> <span class='ocrx_word' id='word_1_268' title='bbox 430 1062 610 1100; x_wconf 79' lang='grc' dir='ltr'>δικαιοσύνην,</span> <span class='ocrx_word' id='word_1_269' title='bbox 626 1066 694 1096; x_wconf 84' lang='grc' dir='ltr'>ζωὴν</span> <span class='ocrx_word' id='word_1_270' title='bbox 712 1065 820 1095; x_wconf 75' lang='grc' dir='ltr'>ζήσεται</span> <span class='ocrx_word' id='word_1_271' title='bbox 835 1063 858 1090; x_wconf 80' lang='grc' dir='ltr'>ἐν</span> 
     </span>
    </p>
   </div>
   <div class='ocr_carea' id='block_1_39' title="bbox 65 1108 860 1146">
    <p class='ocr_par' dir='ltr' id='par_1_39' title="bbox 65 1108 860 1146">
     <span class='ocr_line' id='line_1_39' title="bbox 65 1108 860 1146; baseline 0.001 -12"><span class='ocrx_word' id='word_1_272' title='bbox 65 1108 134 1144; x_wconf 70' lang='grc' dir='ltr'>αὐτῇ.</span> <span class='ocrx_word' id='word_1_273' title='bbox 162 1113 215 1136; x_wconf 81' lang='grc' dir='ltr'>Ποῦ</span> <span class='ocrx_word' id='word_1_274' title='bbox 229 1110 285 1146; x_wconf 78' lang='grc' dir='ltr'>γὰρ</span> <span class='ocrx_word' id='word_1_275' title='bbox 315 1109 339 1135; x_wconf 78' lang='grc' dir='ltr'>οἱ</span> <span class='ocrx_word' id='word_1_276' title='bbox 364 1112 486 1136; x_wconf 78' lang='grc' dir='ltr'>τοσοῦτοι</span> <span class='ocrx_word' id='word_1_277' title='bbox 512 1112 611 1138; x_wconf 79' lang='grc' dir='ltr'>Μωϋσῆ</span> <span class='ocrx_word' id='word_1_278' title='bbox 633 1113 678 1134; x_wconf 68' lang='grc' dir='ltr'>τοῦ</span> <span class='ocrx_word' id='word_1_279' title='bbox 706 1109 860 1145; x_wconf 82' lang='grc' dir='ltr'>θεράποντος</span> 
     </span>
    </p>
   </div>
   <div class='ocr_carea' id='block_1_40' title="bbox 64 1152 859 1190">
    <p class='ocr_par' dir='ltr' id='par_1_40' title="bbox 64 1152 859 1190">
     <span class='ocr_line' id='line_1_40' title="bbox 64 1152 859 1190; baseline 0 -11"><span class='ocrx_word' id='word_1_280' title='bbox 64 1156 141 1187; x_wconf 81' lang='grc' dir='ltr'>πονοι,</span> <span class='ocrx_word' id='word_1_281' title='bbox 157 1158 204 1184; x_wconf 83' lang='grc' dir='ltr'>τῆς</span> <span class='ocrx_word' id='word_1_282' title='bbox 219 1153 246 1180; x_wconf 82' lang='grc' dir='ltr'>ἐν</span> <span class='ocrx_word' id='word_1_283' title='bbox 265 1157 363 1190; x_wconf 80' lang='grc' dir='ltr'>στιγμῇ</span> <span class='ocrx_word' id='word_1_284' title='bbox 381 1154 434 1187; x_wconf 82' lang='grc'>(81)</span> <span class='ocrx_word' id='word_1_285' title='bbox 447 1152 594 1189; x_wconf 77' lang='grc' dir='ltr'>ἀντιλογίας</span> <span class='ocrx_word' id='word_1_286' title='bbox 615 1153 859 1190; x_wconf 64' lang='grc' dir='ltr'>παραγραψαμένης</span> 
     </span>
    </p>
   </div>
   <div class='ocr_carea' id='block_1_41' title="bbox 65 1196 858 1234">
    <p class='ocr_par' dir='ltr' id='par_1_41' title="bbox 65 1196 858 1234">
     <span class='ocr_line' id='line_1_41' title="bbox 65 1196 858 1234; baseline 0 -10"><span class='ocrx_word' id='word_1_287' title='bbox 65 1198 138 1224; x_wconf 67' lang='grc' dir='ltr'>αὐτοῦ</span> <span class='ocrx_word' id='word_1_288' title='bbox 153 1201 200 1227; x_wconf 71' lang='grc' dir='ltr'>τὴν</span> <span class='ocrx_word' id='word_1_289' title='bbox 214 1199 255 1229; x_wconf 86' lang='grc' dir='ltr'>εἰς</span> <span class='ocrx_word' id='word_1_290' title='bbox 274 1200 321 1228; x_wconf 86' lang='grc' dir='ltr'>τὴν</span> <span class='ocrx_word' id='word_1_291' title='bbox 336 1202 383 1234; x_wconf 85' lang='grc' dir='ltr'>γῆν</span> <span class='ocrx_word' id='word_1_292' title='bbox 411 1202 454 1229; x_wconf 70' lang='grc' dir='ltr'>τῆς</span> <span class='ocrx_word' id='word_1_293' title='bbox 478 1198 634 1234; x_wconf 66' lang='grc' dir='ltr'>ἐπαγγελίας</span> <span class='ocrx_word' id='word_1_294' title='bbox 662 1196 784 1231; x_wconf 80' lang='grc' dir='ltr'>ε’ίσοδον;</span> <span class='ocrx_word' id='word_1_295' title='bbox 805 1202 858 1225; x_wconf 79' lang='grc' dir='ltr'>Ποῦ</span> 
     </span>
    </p>
   </div>
   <div class='ocr_carea' id='block_1_42' title="bbox 66 1241 857 1280">
    <p class='ocr_par' dir='ltr' id='par_1_42' title="bbox 66 1241 857 1280">
     <span class='ocr_line' id='line_1_42' title="bbox 66 1241 857 1280; baseline -0.001 -11"><span class='ocrx_word' id='word_1_296' title='bbox 66 1241 92 1268; x_wconf 73' lang='grc' dir='ltr'>δι</span> <span class='ocrx_word' id='word_1_297' title='bbox 104 1246 145 1269; x_wconf 80' lang='grc' dir='ltr'>καὶ</span> <span class='ocrx_word' id='word_1_298' title='bbox 157 1244 171 1272; x_wconf 80' lang='grc' dir='ltr'>ἡ</span> <span class='ocrx_word' id='word_1_299' title='bbox 188 1247 234 1269; x_wconf 79' lang='grc' dir='ltr'>τοῦ</span> <span class='ocrx_word' id='word_1_300' title='bbox 255 1244 332 1274; x_wconf 82' lang='grc' dir='ltr'>Γιεζῆ</span> <span class='ocrx_word' id='word_1_301' title='bbox 351 1245 548 1279; x_wconf 66' lang='grc' dir='ltr'>συναναστροφὴ</span> <span class='ocrx_word' id='word_1_302' title='bbox 565 1244 630 1280; x_wconf 85' lang='grc' dir='ltr'>πρὸς</span> <span class='ocrx_word' id='word_1_303' title='bbox 644 1245 687 1269; x_wconf 81' lang='grc' dir='ltr'>τὸν</span> <span class='ocrx_word' id='word_1_304' title='bbox 701 1242 857 1276; x_wconf 79' lang='grc' dir='ltr'>Ἐλισσαῖον,</span> 
     </span>
    </p>
   </div>
   <div class='ocr_carea' id='block_1_43' title="bbox 64 1284 860 1325">
    <p class='ocr_par' dir='ltr' id='par_1_43' title="bbox 64 1284 860 1325">
     <span class='ocr_line' id='line_1_43' title="bbox 64 1284 860 1325; baseline 0.001 -13"><span class='ocrx_word' id='word_1_305' title='bbox 64 1286 275 1325; x_wconf 72' lang='grc' dir='ltr'>ιριλοχρηματίας</span> <span class='ocrx_word' id='word_1_306' title='bbox 289 1288 370 1324; x_wconf 80' lang='grc' dir='ltr'>χάριν</span> <span class='ocrx_word' id='word_1_307' title='bbox 389 1287 483 1324; x_wconf 73' lang='grc' dir='ltr'>λέπραν</span> <span class='ocrx_word' id='word_1_308' title='bbox 510 1286 744 1323; x_wconf 74' lang='grc' dir='ltr'>ὶπισπασαμένου;</span> <span class='ocrx_word' id='word_1_309' title='bbox 773 1289 805 1313; x_wconf 88' lang='grc' dir='ltr'>Τί</span> <span class='ocrx_word' id='word_1_310' title='bbox 831 1284 860 1313; x_wconf 73' lang='grc' dir='ltr'>δὲ</span> 
     </span>
    </p>
   </div>
   <div class='ocr_carea' id='block_1_44' title="bbox 63 1331 859 1368">
    <p class='ocr_par' dir='ltr' id='par_1_44' title="bbox 63 1331 859 1368">
     <span class='ocr_line' id='line_1_44' title="bbox 63 1331 859 1368; baseline 0.001 -11"><span class='ocrx_word' id='word_1_311' title='bbox 63 1334 104 1358; x_wconf 80' lang='grc' dir='ltr'>καὶ</span> <span class='ocrx_word' id='word_1_312' title='bbox 115 1337 159 1358; x_wconf 71' lang='grc' dir='ltr'>τοῦ</span> <span class='ocrx_word' id='word_1_313' title='bbox 175 1332 294 1363; x_wconf 82' lang='grc' dir='ltr'>πλήθους</span> <span class='ocrx_word' id='word_1_314' title='bbox 307 1336 353 1363; x_wconf 86' lang='grc' dir='ltr'>τῆς</span> <span class='ocrx_word' id='word_1_315' title='bbox 370 1334 465 1368; x_wconf 72' lang='grc' dir='ltr'>σοφίας</span> <span class='ocrx_word' id='word_1_316' title='bbox 478 1336 514 1367; x_wconf 84' lang='grc' dir='ltr'>τῷ</span> <span class='ocrx_word' id='word_1_317' title='bbox 534 1331 679 1368; x_wconf 82' lang='grc' dir='ltr'>Σολομῶντι</span> <span class='ocrx_word' id='word_1_318' title='bbox 701 1331 799 1368; x_wconf 71' lang='grc' dir='ltr'>ὄφελος,</span> <span class='ocrx_word' id='word_1_319' title='bbox 815 1333 859 1358; x_wconf 80' lang='grc' dir='ltr'>καὶ</span> 
     </span>
    </p>
   </div>
   <div class='ocr_carea' id='block_1_45' title="bbox 63 1375 860 1414">
    <p class='ocr_par' dir='ltr' id='par_1_45' title="bbox 63 1375 860 1414">
     <span class='ocr_line' id='line_1_45' title="bbox 63 1375 860 1414; baseline -0.003 -11"><span class='ocrx_word' id='word_1_320' title='bbox 63 1377 76 1405; x_wconf 78' lang='grc' dir='ltr'><em>ἡ</em></span> <span class='ocrx_word' id='word_1_321' title='bbox 93 1376 264 1414; x_wconf 76' lang='grc' dir='ltr'>προλαϐοῦσα</span> <span class='ocrx_word' id='word_1_322' title='bbox 278 1378 386 1406; x_wconf 80' lang='grc' dir='ltr'>τοιαύτη</span> <span class='ocrx_word' id='word_1_323' title='bbox 399 1377 482 1403; x_wconf 72' lang='grc' dir='ltr'>ἔννοια</span> <span class='ocrx_word' id='word_1_324' title='bbox 496 1377 532 1407; x_wconf 85' lang='grc' dir='ltr'>εἰς</span> <span class='ocrx_word' id='word_1_325' title='bbox 547 1378 611 1403; x_wconf 82' lang='grc' dir='ltr'>Θεὸν</span> <span class='ocrx_word' id='word_1_326' title='bbox 627 1377 693 1411; x_wconf 85' lang='grc'>(82),</span> <span class='ocrx_word' id='word_1_327' title='bbox 709 1376 816 1412; x_wconf 76' lang='grc' dir='ltr'>ὕστερον</span> <span class='ocrx_word' id='word_1_328' title='bbox 833 1375 860 1402; x_wconf 74' lang='grc' dir='ltr'>ἐκ</span> 
     </span>
    </p>
   </div>
   <div class='ocr_carea' id='block_1_46' title="bbox 63 1419 858 1458">
    <p class='ocr_par' dir='ltr' id='par_1_46' title="bbox 63 1419 858 1458">
     <span class='ocr_line' id='line_1_46' title="bbox 63 1419 858 1458; baseline -0.001 -11"><span class='ocrx_word' id='word_1_329' title='bbox 63 1425 103 1451; x_wconf 78' lang='grc' dir='ltr'>τῆς</span> <span class='ocrx_word' id='word_1_330' title='bbox 115 1423 324 1457; x_wconf 80' lang='grc' dir='ltr'>γυναικομανίας</span> <span class='ocrx_word' id='word_1_331' title='bbox 339 1421 375 1452; x_wconf 82' lang='grc' dir='ltr'>εὶς</span> <span class='ocrx_word' id='word_1_332' title='bbox 397 1419 608 1458; x_wconf 77' lang='grc' dir='ltr'>εἰδωλολατρείαν</span> <span class='ocrx_word' id='word_1_333' title='bbox 630 1420 710 1447; x_wconf 75' lang='grc' dir='ltr'>αὐτον</span> <span class='ocrx_word' id='word_1_334' title='bbox 725 1420 858 1447; x_wconf 74' lang='grc' dir='ltr'>ἐκπεπτω-</span> 
     </span>
    </p>
   </div>
   <div class='ocr_carea' id='block_1_47' title="bbox 62 1464 859 1504">
    <p class='ocr_par' dir='ltr' id='par_1_47' title="bbox 62 1464 859 1504">
     <span class='ocr_line' id='line_1_47' title="bbox 62 1464 859 1504; baseline 0 -13"><span class='ocrx_word' id='word_1_335' title='bbox 62 1466 230 1500; x_wconf 76' lang='grc' dir='ltr'>κότος;’Δλλ’</span> <span class='ocrx_word' id='word_1_336' title='bbox 245 1464 311 1492; x_wconf 73' lang='grc' dir='ltr'>οὐδὲ</span> <span class='ocrx_word' id='word_1_337' title='bbox 335 1467 379 1492; x_wconf 80' lang='grc' dir='ltr'>τὸν</span> <span class='ocrx_word' id='word_1_338' title='bbox 394 1467 522 1504; x_wconf 78' lang='grc' dir='ltr'>μακάριον</span> <span class='ocrx_word' id='word_1_339' title='bbox 542 1464 624 1492; x_wconf 59' lang='lat' dir='ltr'>usto“</span> <span class='ocrx_word' id='word_1_340' title='bbox 645 1466 658 1491; x_wconf 89' lang='grc' dir='ltr'><strong><em>ὁ</em></strong></span> <span class='ocrx_word' id='word_1_341' title='bbox 681 1467 859 1502; x_wconf 79' lang='grc' dir='ltr'>μετεωρισμὸς</span> 
     </span>
    </p>
   </div>
   <div class='ocr_carea' id='block_1_48' title="bbox 63 1508 858 1547">
    <p class='ocr_par' dir='ltr' id='par_1_48' title="bbox 63 1508 858 1547">
     <span class='ocr_line' id='line_1_48' title="bbox 63 1508 858 1547; baseline -0.001 -10"><span class='ocrx_word' id='word_1_342' title='bbox 63 1509 152 1546; x_wconf 70' lang='grc' dir='ltr'>ἀφῆκεν</span> <span class='ocrx_word' id='word_1_343' title='bbox 167 1510 328 1547; x_wconf 71' lang='grc' dir='ltr'>ἀνέγκλητον</span> <span class='ocrx_word' id='word_1_344' title='bbox 345 1508 393 1536; x_wconf 81' lang='grc' dir='ltr'>διὰ</span> <span class='ocrx_word' id='word_1_345' title='bbox 404 1512 451 1540; x_wconf 82' lang='grc' dir='ltr'>τὴν</span> <span class='ocrx_word' id='word_1_346' title='bbox 478 1511 512 1541; x_wconf 83' lang='grc' dir='ltr'>εἰς</span> <span class='ocrx_word' id='word_1_347' title='bbox 539 1513 585 1540; x_wconf 82' lang='grc' dir='ltr'>τὴν</span> <span class='ocrx_word' id='word_1_348' title='bbox 609 1514 654 1537; x_wconf 77' lang='grc' dir='ltr'>τοῦ</span> <span class='ocrx_word' id='word_1_349' title='bbox 683 1511 740 1546; x_wconf 85' lang='grc'>(83)</span> <span class='ocrx_word' id='word_1_350' title='bbox 762 1510 858 1546; x_wconf 79' lang='grc' dir='ltr'>Οὐρίου</span> 
     </span>
    </p>
   </div>
   <div class='ocr_carea' id='block_1_49' title="bbox 912 930 1738 968">
    <p class='ocr_par' dir='ltr' id='par_1_49' title="bbox 912 930 1738 968">
     <span class='ocr_line' id='line_1_49' title="bbox 912 930 1738 968; baseline 0.002 -9"><span class='ocrx_word' id='word_1_351' title='bbox 912 930 1096 959; x_wconf 88' lang='lat' dir='ltr'>recordabor</span> <span class='ocrx_word' id='word_1_352' title='bbox 1110 939 1216 959; x_wconf 90' lang='lat' dir='ltr'>eorum</span> <span class='ocrx_word' id='word_1_353' title='bbox 1231 940 1298 968; x_wconf 68' lang='lat' dir='ltr'>quas</span> <span class='ocrx_word' id='word_1_354' title='bbox 1316 932 1395 968; x_wconf 87' lang='lat' dir='ltr'>juste</span> <span class='ocrx_word' id='word_1_355' title='bbox 1411 932 1479 960; x_wconf 84' lang='lat' dir='ltr'>fecit</span> <span class='ocrx_word' id='word_1_356' title='bbox 1494 935 1600 961; x_wconf 89' lang='lat' dir='ltr'>antea:</span> <span class='ocrx_word' id='word_1_357' title='bbox 1627 932 1681 961; x_wconf 88' lang='lat' dir='ltr'>sed</span> <span class='ocrx_word' id='word_1_358' title='bbox 1707 933 1738 961; x_wconf 88' lang='lat' dir='ltr'>in</span> 
     </span>
    </p>
   </div>
   <div class='ocr_carea' id='block_1_50' title="bbox 913 971 1738 1013">
    <p class='ocr_par' dir='ltr' id='par_1_50' title="bbox 913 971 1738 1013">
     <span class='ocr_line' id='line_1_50' title="bbox 913 971 1738 1013; baseline 0.002 -10"><span class='ocrx_word' id='word_1_359' title='bbox 913 971 1037 1011; x_wconf 86' lang='lat' dir='ltr'>peccato</span> <span class='ocrx_word' id='word_1_360' title='bbox 1049 983 1103 1004; x_wconf 91' lang='lat' dir='ltr'>suo</span> <span class='ocrx_word' id='word_1_361' title='bbox 1120 976 1261 1004; x_wconf 92' lang='lat' dir='ltr'>morietur</span> <span class='ocrx_word' id='word_1_362' title='bbox 1271 978 1305 1004; x_wconf 78' lang='grc'>’⁸.</span> <span class='ocrx_word' id='word_1_363' title='bbox 1320 977 1392 1004; x_wconf 87' lang='lat' dir='ltr'>Dicit</span> <span class='ocrx_word' id='word_1_364' title='bbox 1402 979 1504 1005; x_wconf 88' lang='lat' dir='ltr'>autem</span> <span class='ocrx_word' id='word_1_365' title='bbox 1516 977 1649 1013; x_wconf 87' lang='lat' dir='ltr'>idipsum</span> <span class='ocrx_word' id='word_1_366' title='bbox 1662 979 1691 1005; x_wconf 87' lang='lat' dir='ltr'>et</span> <span class='ocrx_word' id='word_1_367' title='bbox 1700 977 1738 1006; x_wconf 90' lang='lat' dir='ltr'>de</span> 
     </span>
    </p>
   </div>
   <div class='ocr_carea' id='block_1_51' title="bbox 914 1020 1739 1057">
    <p class='ocr_par' dir='ltr' id='par_1_51' title="bbox 914 1020 1739 1057">
     <span class='ocr_line' id='line_1_51' title="bbox 914 1020 1739 1057; baseline 0.005 -10"><span class='ocrx_word' id='word_1_368' title='bbox 914 1023 1086 1056; x_wconf 80' lang='lat' dir='ltr'>peccatore:</span> <span class='ocrx_word' id='word_1_369' title='bbox 1110 1020 1139 1049; x_wconf 91' lang='lat' dir='ltr'>Si</span> <span class='ocrx_word' id='word_1_370' title='bbox 1153 1021 1350 1049; x_wconf 80' lang='lat' dir='ltr'>considerans</span> <span class='ocrx_word' id='word_1_371' title='bbox 1364 1021 1466 1050; x_wconf 82' lang='lat' dir='ltr'>fecerit</span> <span class='ocrx_word' id='word_1_372' title='bbox 1486 1022 1637 1057; x_wconf 77' lang='lat' dir='ltr'>justitiam</span> <span class='ocrx_word' id='word_1_373' title='bbox 1660 1022 1739 1051; x_wconf 82' lang='lat' dir='ltr'>vivet</span> 
     </span>
    </p>
   </div>
   <div class='ocr_carea' id='block_1_52' title="bbox 913 1064 1738 1100">
    <p class='ocr_par' dir='ltr' id='par_1_52' title="bbox 913 1064 1738 1100">
     <span class='ocr_line' id='line_1_52' title="bbox 913 1064 1738 1100; baseline 0.004 -8"><span class='ocrx_word' id='word_1_374' title='bbox 913 1064 944 1092; x_wconf 91' lang='lat' dir='ltr'>in</span> <span class='ocrx_word' id='word_1_375' title='bbox 959 1064 1026 1100; x_wconf 89' lang='lat' dir='ltr'>ipsa</span> <span class='ocrx_word' id='word_1_376' title='bbox 1036 1066 1070 1092; x_wconf 69' lang='grc'>³⁸.</span> <span class='ocrx_word' id='word_1_377' title='bbox 1089 1065 1153 1098; x_wconf 89' lang='lat' dir='ltr'>Quo</span> <span class='ocrx_word' id='word_1_378' title='bbox 1168 1065 1249 1094; x_wconf 92' lang='lat' dir='ltr'>enim</span> <span class='ocrx_word' id='word_1_379' title='bbox 1264 1068 1308 1094; x_wconf 89' lang='lat' dir='ltr'>tot</span> <span class='ocrx_word' id='word_1_380' title='bbox 1329 1074 1365 1094; x_wconf 84' lang='lat' dir='ltr'>ac</span> <span class='ocrx_word' id='word_1_381' title='bbox 1387 1066 1459 1094; x_wconf 83' lang='lat' dir='ltr'>tanti</span> <span class='ocrx_word' id='word_1_382' title='bbox 1483 1066 1604 1095; x_wconf 84' lang='lat' dir='ltr'>labores</span> <span class='ocrx_word' id='word_1_383' title='bbox 1630 1066 1738 1095; x_wconf 81' lang='lat' dir='ltr'>famuli</span> 
     </span>
    </p>
   </div>
   <div class='ocr_carea' id='block_1_53' title="bbox 913 1108 1739 1146">
    <p class='ocr_par' dir='ltr' id='par_1_53' title="bbox 913 1108 1739 1146">
     <span class='ocr_line' id='line_1_53' title="bbox 913 1108 1739 1146; baseline 0.005 -10"><span class='ocrx_word' id='word_1_384' title='bbox 913 1108 1033 1145; x_wconf 79' lang='lat' dir='ltr'>Moysis,</span> <span class='ocrx_word' id='word_1_385' title='bbox 1047 1117 1117 1137; x_wconf 90' lang='lat' dir='ltr'>cum</span> <span class='ocrx_word' id='word_1_386' title='bbox 1132 1109 1234 1146; x_wconf 88' lang='lat' dir='ltr'>ipsum</span> <span class='ocrx_word' id='word_1_387' title='bbox 1249 1110 1296 1138; x_wconf 91' lang='lat' dir='ltr'>vel</span> <span class='ocrx_word' id='word_1_388' title='bbox 1309 1110 1399 1138; x_wconf 90' lang='lat' dir='ltr'>unius</span> <span class='ocrx_word' id='word_1_389' title='bbox 1418 1110 1565 1139; x_wconf 89' lang='lat' dir='ltr'>momenti</span> <span class='ocrx_word' id='word_1_390' title='bbox 1588 1111 1739 1140; x_wconf 89' lang='lat' dir='ltr'>contradi-</span> 
     </span>
    </p>
   </div>
   <div class='ocr_carea' id='block_1_54' title="bbox 914 1153 1739 1190">
    <p class='ocr_par' dir='ltr' id='par_1_54' title="bbox 914 1153 1739 1190">
     <span class='ocr_line' id='line_1_54' title="bbox 914 1153 1739 1190; baseline 0.004 -9"><span class='ocrx_word' id='word_1_391' title='bbox 914 1153 972 1182; x_wconf 91' lang='lat' dir='ltr'>ctio</span> <span class='ocrx_word' id='word_1_392' title='bbox 986 1156 1069 1182; x_wconf 80' lang='lat' dir='ltr'>terrae</span> <span class='ocrx_word' id='word_1_393' title='bbox 1091 1154 1248 1190; x_wconf 67' lang='lat' dir='ltr'>promissas</span> <span class='ocrx_word' id='word_1_394' title='bbox 1259 1155 1342 1183; x_wconf 88' lang='lat' dir='ltr'>aditu</span> <span class='ocrx_word' id='word_1_395' title='bbox 1358 1156 1511 1184; x_wconf 79' lang='lat' dir='ltr'>arcuerit?</span> <span class='ocrx_word' id='word_1_396' title='bbox 1529 1157 1593 1189; x_wconf 88' lang='lat' dir='ltr'>Quo</span> <span class='ocrx_word' id='word_1_397' title='bbox 1617 1158 1645 1184; x_wconf 88' lang='lat' dir='ltr'>et</span> <span class='ocrx_word' id='word_1_398' title='bbox 1659 1155 1739 1184; x_wconf 90' lang='lat' dir='ltr'>Giezi</span> 
     </span>
    </p>
   </div>
   <div class='ocr_carea' id='block_1_55' title="bbox 913 1198 1736 1236">
    <p class='ocr_par' dir='ltr' id='par_1_55' title="bbox 913 1198 1736 1236">
     <span class='ocr_line' id='line_1_55' title="bbox 913 1198 1736 1236; baseline 0.002 -10"><span class='ocrx_word' id='word_1_399' title='bbox 913 1206 984 1226; x_wconf 88' lang='lat' dir='ltr'>cum</span> <span class='ocrx_word' id='word_1_400' title='bbox 1000 1198 1103 1226; x_wconf 66' lang='lat' dir='ltr'>Elissac</span> <span class='ocrx_word' id='word_1_401' title='bbox 1114 1199 1279 1230; x_wconf 86' lang='lat' dir='ltr'>convictus,</span> <span class='ocrx_word' id='word_1_402' title='bbox 1295 1207 1366 1228; x_wconf 90' lang='lat' dir='ltr'>cum</span> <span class='ocrx_word' id='word_1_403' title='bbox 1387 1199 1445 1228; x_wconf 89' lang='lat' dir='ltr'>sibi</span> <span class='ocrx_word' id='word_1_404' title='bbox 1470 1199 1587 1236; x_wconf 88' lang='lat' dir='ltr'>lepram</span> <span class='ocrx_word' id='word_1_405' title='bbox 1601 1200 1736 1236; x_wconf 79' lang='lat' dir='ltr'>pecuniae</span> 
     </span>
    </p>
   </div>
   <div class='ocr_carea' id='block_1_56' title="bbox 914 1243 1738 1280">
    <p class='ocr_par' dir='ltr' id='par_1_56' title="bbox 914 1243 1738 1280">
     <span class='ocr_line' id='line_1_56' title="bbox 914 1243 1738 1280; baseline 0.004 -10"><span class='ocrx_word' id='word_1_406' title='bbox 914 1251 1017 1271; x_wconf 86' lang='lat' dir='ltr'>amore</span> <span class='ocrx_word' id='word_1_407' title='bbox 1027 1243 1164 1271; x_wconf 85' lang='lat' dir='ltr'>asciverit</span> <span class='ocrx_word' id='word_1_408' title='bbox 1178 1244 1191 1271; x_wconf 71' lang='lat'>‘2</span> <span class='ocrx_word' id='word_1_409' title='bbox 1207 1243 1284 1276; x_wconf 88' lang='lat' dir='ltr'>Quid</span> <span class='ocrx_word' id='word_1_410' title='bbox 1299 1247 1328 1272; x_wconf 87' lang='lat' dir='ltr'>et</span> <span class='ocrx_word' id='word_1_411' title='bbox 1341 1244 1496 1280; x_wconf 59' lang='lat' dir='ltr'>sapientiae</span> <span class='ocrx_word' id='word_1_412' title='bbox 1515 1244 1676 1273; x_wconf 87' lang='lat' dir='ltr'>multitudo</span> <span class='ocrx_word' id='word_1_413' title='bbox 1687 1245 1738 1274; x_wconf 89' lang='lat' dir='ltr'>Sa-</span> 
     </span>
    </p>
   </div>
   <div class='ocr_carea' id='block_1_57' title="bbox 914 1287 1737 1325">
    <p class='ocr_par' dir='ltr' id='par_1_57' title="bbox 914 1287 1737 1325">
     <span class='ocr_line' id='line_1_57' title="bbox 914 1287 1737 1325; baseline 0.002 -10"><span class='ocrx_word' id='word_1_414' title='bbox 914 1287 1067 1316; x_wconf 89' lang='lat' dir='ltr'>lomonem</span> <span class='ocrx_word' id='word_1_415' title='bbox 1081 1288 1168 1323; x_wconf 85' lang='lat' dir='ltr'>juvit,</span> <span class='ocrx_word' id='word_1_416' title='bbox 1190 1290 1350 1325; x_wconf 82' lang='lat' dir='ltr'>tantusque</span> <span class='ocrx_word' id='word_1_417' title='bbox 1369 1289 1420 1317; x_wconf 90' lang='lat' dir='ltr'>Dei</span> <span class='ocrx_word' id='word_1_418' title='bbox 1449 1296 1534 1317; x_wconf 86' lang='lat' dir='ltr'>amor</span> <span class='ocrx_word' id='word_1_419' title='bbox 1561 1289 1737 1325; x_wconf 77' lang='lat' dir='ltr'>praeteritus,</span> 
     </span>
    </p>
   </div>
   <div class='ocr_carea' id='block_1_58' title="bbox 915 1332 1739 1368">
    <p class='ocr_par' dir='ltr' id='par_1_58' title="bbox 915 1332 1739 1368">
     <span class='ocr_line' id='line_1_58' title="bbox 915 1332 1739 1368; baseline 0.004 -9"><span class='ocrx_word' id='word_1_420' title='bbox 915 1340 984 1360; x_wconf 91' lang='lat' dir='ltr'>cum</span> <span class='ocrx_word' id='word_1_421' title='bbox 999 1332 1196 1368; x_wconf 87' lang='lat' dir='ltr'>postmodum</span> <span class='ocrx_word' id='word_1_422' title='bbox 1216 1332 1322 1361; x_wconf 88' lang='lat' dir='ltr'>insano</span> <span class='ocrx_word' id='word_1_423' title='bbox 1344 1333 1503 1361; x_wconf 85' lang='lat' dir='ltr'>mulierum</span> <span class='ocrx_word' id='word_1_424' title='bbox 1532 1341 1635 1362; x_wconf 89' lang='lat' dir='ltr'>amore</span> <span class='ocrx_word' id='word_1_425' title='bbox 1654 1333 1739 1362; x_wconf 89' lang='lat' dir='ltr'>dela—</span> 
     </span>
    </p>
   </div>
   <div class='ocr_carea' id='block_1_59' title="bbox 914 1376 1740 1413">
    <p class='ocr_par' dir='ltr' id='par_1_59' title="bbox 914 1376 1740 1413">
     <span class='ocr_line' id='line_1_59' title="bbox 914 1376 1740 1413; baseline 0.002 -9"><span class='ocrx_word' id='word_1_426' title='bbox 914 1384 987 1413; x_wconf 89' lang='lat' dir='ltr'>psus</span> <span class='ocrx_word' id='word_1_427' title='bbox 1000 1376 1078 1404; x_wconf 87' lang='lat' dir='ltr'>sitin</span> <span class='ocrx_word' id='word_1_428' title='bbox 1091 1376 1293 1405; x_wconf 84' lang='lat' dir='ltr'>idololatriam</span> <span class='ocrx_word' id='word_1_429' title='bbox 1304 1378 1317 1405; x_wconf 67' lang='grc' dir='ltr'>Τ</span> <span class='ocrx_word' id='word_1_430' title='bbox 1334 1377 1391 1406; x_wconf 90' lang='lat' dir='ltr'>Sed</span> <span class='ocrx_word' id='word_1_431' title='bbox 1402 1385 1502 1413; x_wconf 85' lang='lat' dir='ltr'>neque</span> <span class='ocrx_word' id='word_1_432' title='bbox 1515 1378 1638 1406; x_wconf 82' lang='lat' dir='ltr'>beatum</span> <span class='ocrx_word' id='word_1_433' title='bbox 1656 1378 1740 1406; x_wconf 86' lang='lat' dir='ltr'>Davi-</span> 
     </span>
    </p>
   </div>
   <div class='ocr_carea' id='block_1_60' title="bbox 915 1421 1739 1458">
    <p class='ocr_par' dir='ltr' id='par_1_60' title="bbox 915 1421 1739 1458">
     <span class='ocr_line' id='line_1_60' title="bbox 915 1421 1739 1458; baseline 0.001 -9"><span class='ocrx_word' id='word_1_434' title='bbox 915 1421 985 1449; x_wconf 89' lang='lat' dir='ltr'>dem</span> <span class='ocrx_word' id='word_1_435' title='bbox 1017 1421 1125 1449; x_wconf 88' lang='lat' dir='ltr'>mentis</span> <span class='ocrx_word' id='word_1_436' title='bbox 1157 1421 1305 1450; x_wconf 88' lang='lat' dir='ltr'>aberratio</span> <span class='ocrx_word' id='word_1_437' title='bbox 1335 1421 1524 1458; x_wconf 85' lang='lat' dir='ltr'>inculpatum</span> <span class='ocrx_word' id='word_1_438' title='bbox 1547 1423 1671 1456; x_wconf 86' lang='lat' dir='ltr'>dimisit,</span> <span class='ocrx_word' id='word_1_439' title='bbox 1699 1422 1739 1450; x_wconf 93' lang='lat' dir='ltr'>ob</span> 
     </span>
    </p>
   </div>
   <div class='ocr_carea' id='block_1_61' title="bbox 914 1465 1737 1501">
    <p class='ocr_par' dir='ltr' id='par_1_61' title="bbox 914 1465 1737 1501">
     <span class='ocr_line' id='line_1_61' title="bbox 914 1465 1737 1501; baseline 0.001 -8"><span class='ocrx_word' id='word_1_440' title='bbox 914 1465 1084 1493; x_wconf 87' lang='lat' dir='ltr'>admissum</span> <span class='ocrx_word' id='word_1_441' title='bbox 1095 1465 1125 1493; x_wconf 91' lang='lat' dir='ltr'>in</span> <span class='ocrx_word' id='word_1_442' title='bbox 1136 1473 1260 1493; x_wconf 83' lang='lat' dir='ltr'>uxorem</span> <span class='ocrx_word' id='word_1_443' title='bbox 1272 1465 1347 1493; x_wconf 69' lang='lat' dir='ltr'>Uriie</span> <span class='ocrx_word' id='word_1_444' title='bbox 1360 1469 1529 1501; x_wconf 83' lang='lat' dir='ltr'>peccatum.</span> <span class='ocrx_word' id='word_1_445' title='bbox 1540 1466 1618 1494; x_wconf 82' lang='lat' dir='ltr'>Satis</span> <span class='ocrx_word' id='word_1_446' title='bbox 1635 1468 1737 1494; x_wconf 86' lang='lat' dir='ltr'>autem</span> 
     </span>
    </p>
   </div>
   <div class='ocr_carea' id='block_1_62' title="bbox 915 1510 1735 1546">
    <p class='ocr_par' dir='ltr' id='par_1_62' title="bbox 915 1510 1735 1546">
     <span class='ocr_line' id='line_1_62' title="bbox 915 1510 1735 1546; baseline 0.001 -8"><span class='ocrx_word' id='word_1_447' title='bbox 915 1512 1032 1539; x_wconf 86' lang='lat' dir='ltr'>essetet</span> <span class='ocrx_word' id='word_1_448' title='bbox 1040 1510 1122 1538; x_wconf 67' lang='lat' dir='ltr'>Iudae</span> <span class='ocrx_word' id='word_1_449' title='bbox 1138 1518 1156 1538; x_wconf 89' lang='lat' dir='ltr'>a</span> <span class='ocrx_word' id='word_1_450' title='bbox 1170 1510 1275 1538; x_wconf 89' lang='lat' dir='ltr'>virtute</span> <span class='ocrx_word' id='word_1_451' title='bbox 1290 1510 1330 1538; x_wconf 87' lang='lat' dir='ltr'>ad</span> <span class='ocrx_word' id='word_1_452' title='bbox 1349 1510 1454 1538; x_wconf 89' lang='lat' dir='ltr'>vitium</span> <span class='ocrx_word' id='word_1_453' title='bbox 1475 1510 1589 1546; x_wconf 86' lang='lat' dir='ltr'>lapsus,</span> <span class='ocrx_word' id='word_1_454' title='bbox 1603 1510 1643 1538; x_wconf 91' lang='lat' dir='ltr'>ad</span> <span class='ocrx_word' id='word_1_455' title='bbox 1656 1518 1735 1544; x_wconf 89' lang='lat' dir='ltr'>eum,</span> 
     </span>
    </p>
   </div>
   <div class='ocr_carea' id='block_1_63' title="bbox 62 1553 859 1602">
    <p class='ocr_par' dir='ltr' id='par_1_63' title="bbox 62 1553 859 1593">
     <span class='ocr_line' id='line_1_63' title="bbox 62 1553 859 1593; baseline -0.003 -10"><span class='ocrx_word' id='word_1_456' title='bbox 62 1556 243 1592; x_wconf 78' lang='grc' dir='ltr'>πλημμιλειαν.</span> <span class='ocrx_word' id='word_1_457' title='bbox 278 1555 371 1593; x_wconf 79' lang='grc' dir='ltr'>Ἤρκει</span> <span class='ocrx_word' id='word_1_458' title='bbox 395 1554 425 1582; x_wconf 66' lang='grc' dir='ltr'>δὲ</span> <span class='ocrx_word' id='word_1_459' title='bbox 453 1558 498 1582; x_wconf 81' lang='grc' dir='ltr'>καὶ</span> <span class='ocrx_word' id='word_1_460' title='bbox 522 1557 536 1585; x_wconf 83' lang='grc' dir='ltr'><strong>ἡ</strong></span> <span class='ocrx_word' id='word_1_461' title='bbox 561 1560 606 1582; x_wconf 77' lang='grc' dir='ltr'>τοῦ</span> <span class='ocrx_word' id='word_1_462' title='bbox 632 1553 721 1582; x_wconf 82' lang='grc' dir='ltr'>Ἰούδα</span> <span class='ocrx_word' id='word_1_463' title='bbox 744 1554 794 1582; x_wconf 83' lang='grc' dir='ltr'>ἀπὸ</span> <span class='ocrx_word' id='word_1_464' title='bbox 813 1559 859 1582; x_wconf 79' lang='grc' dir='ltr'>τοῦ</span> 
     </span>
    </p>
   </div>
   <div class='ocr_carea' id='block_1_64' title="bbox 916 1553 1736 1602">
    <p class='ocr_par' dir='ltr' id='par_1_64' title="bbox 916 1554 1736 1591">
     <span class='ocr_line' id='line_1_64' title="bbox 916 1554 1736 1591; baseline 0.001 -9"><span class='ocrx_word' id='word_1_465' title='bbox 916 1555 967 1591; x_wconf 89' lang='lat' dir='ltr'>qui</span> <span class='ocrx_word' id='word_1_466' title='bbox 981 1555 1074 1583; x_wconf 87' lang='lat' dir='ltr'>vitam</span> <span class='ocrx_word' id='word_1_467' title='bbox 1085 1554 1253 1583; x_wconf 89' lang='lat' dir='ltr'>secundum</span> <span class='ocrx_word' id='word_1_468' title='bbox 1262 1556 1356 1583; x_wconf 89' lang='lat' dir='ltr'>Deum</span> <span class='ocrx_word' id='word_1_469' title='bbox 1367 1554 1439 1590; x_wconf 84' lang='lat' dir='ltr'>agit,</span> <span class='ocrx_word' id='word_1_470' title='bbox 1451 1555 1736 1584; x_wconf 87' lang='lat' dir='ltr'>communiendum:</span> 
     </span>
    </p>
   </div>
   <div class='ocr_carea' id='block_1_65' title="bbox 63 1599 859 1638">
    <p class='ocr_par' dir='ltr' id='par_1_65' title="bbox 63 1599 859 1638">
     <span class='ocr_line' id='line_1_65' title="bbox 63 1599 859 1638; baseline -0.001 -11"><span class='ocrx_word' id='word_1_471' title='bbox 63 1604 196 1638; x_wconf 76' lang='grc' dir='ltr'>κρείττονος</span> <span class='ocrx_word' id='word_1_472' title='bbox 212 1601 252 1632; x_wconf 84' lang='grc' dir='ltr'>εἰς</span> <span class='ocrx_word' id='word_1_473' title='bbox 268 1602 297 1627; x_wconf 84' lang='grc' dir='ltr'>τό</span> <span class='ocrx_word' id='word_1_474' title='bbox 318 1604 406 1638; x_wconf 83' lang='grc' dir='ltr'>χεῖρον</span> <span class='ocrx_word' id='word_1_475' title='bbox 431 1601 607 1637; x_wconf 79' lang='grc' dir='ltr'>μετάπτωσις,</span> <span class='ocrx_word' id='word_1_476' title='bbox 632 1602 694 1638; x_wconf 88' lang='grc' dir='ltr'>πρὸς</span> <span class='ocrx_word' id='word_1_477' title='bbox 719 1599 859 1636; x_wconf 75' lang='grc' dir='ltr'>ἀσφάλειαν</span> 
     </span>
    </p>
   </div>
   <div class='ocr_carea' id='block_1_66' title="bbox 63 1644 860 1682">
    <p class='ocr_par' dir='ltr' id='par_1_66' title="bbox 63 1644 860 1682">
     <span class='ocr_line' id='line_1_66' title="bbox 63 1644 860 1682; baseline -0.001 -11"><span class='ocrx_word' id='word_1_478' title='bbox 63 1650 104 1672; x_wconf 77' lang='grc' dir='ltr'>τοῦ</span> <span class='ocrx_word' id='word_1_479' title='bbox 118 1647 184 1673; x_wconf 77' lang='grc' dir='ltr'>κατὰ</span> <span class='ocrx_word' id='word_1_480' title='bbox 198 1647 269 1673; x_wconf 86' lang='grc' dir='ltr'>Θεὸν</span> <span class='ocrx_word' id='word_1_481' title='bbox 284 1645 492 1682; x_wconf 74' lang='grc' dir='ltr'>πολιτευομένου,</span> <span class='ocrx_word' id='word_1_482' title='bbox 509 1646 547 1679; x_wconf 86' lang='grc' dir='ltr'>ὃς,</span> <span class='ocrx_word' id='word_1_483' title='bbox 561 1644 586 1671; x_wconf 77' lang='grc' dir='ltr'>ἐν</span> <span class='ocrx_word' id='word_1_484' title='bbox 605 1646 742 1676; x_wconf 82' lang='grc' dir='ltr'>τοσούτοις</span> <span class='ocrx_word' id='word_1_485' title='bbox 754 1647 860 1682; x_wconf 82' lang='grc' dir='ltr'>χρόνοις</span> 
     </span>
    </p>
   </div>
   <div class='ocr_carea' id='block_1_67' title="bbox 64 1689 860 1728">
    <p class='ocr_par' dir='ltr' id='par_1_67' title="bbox 64 1689 860 1728">
     <span class='ocr_line' id='line_1_67' title="bbox 64 1689 860 1728; baseline -0.001 -12"><span class='ocrx_word' id='word_1_486' title='bbox 64 1691 229 1726; x_wconf 72' lang='grc' dir='ltr'>μαθητευθεὶς</span> <span class='ocrx_word' id='word_1_487' title='bbox 245 1694 285 1725; x_wconf 78' lang='grc' dir='ltr'>τῷ</span> <span class='ocrx_word' id='word_1_488' title='bbox 300 1694 418 1728; x_wconf 82' lang='grc' dir='ltr'>Χριστῷ,</span> <span class='ocrx_word' id='word_1_489' title='bbox 440 1690 548 1726; x_wconf 82' lang='grc' dir='ltr'>ὕστερον</span> <span class='ocrx_word' id='word_1_490' title='bbox 564 1693 650 1727; x_wconf 80' lang='grc' dir='ltr'>μικρῷ</span> <span class='ocrx_word' id='word_1_491' title='bbox 673 1689 791 1726; x_wconf 80' lang='grc' dir='ltr'>λήμματι</span> <span class='ocrx_word' id='word_1_492' title='bbox 816 1690 860 1715; x_wconf 87' lang='grc' dir='ltr'>τόν</span> 
     </span>
    </p>
   </div>
   <div class='ocr_carea' id='block_1_68' title="bbox 65 1733 859 1772">
    <p class='ocr_par' dir='ltr' id='par_1_68' title="bbox 65 1733 859 1772">
     <span class='ocr_line' id='line_1_68' title="bbox 65 1733 859 1772; baseline 0 -12"><span class='ocrx_word' id='word_1_493' title='bbox 65 1733 221 1762; x_wconf 71' lang='grc' dir='ltr'>διδάσκαλον</span> <span class='ocrx_word' id='word_1_494' title='bbox 254 1734 452 1771; x_wconf 75' lang='grc' dir='ltr'>ἀπεμπολήσας,</span> <span class='ocrx_word' id='word_1_495' title='bbox 469 1735 552 1770; x_wconf 74' lang='grc' dir='ltr'>ἑαυτῷ</span> <span class='ocrx_word' id='word_1_496' title='bbox 579 1734 696 1770; x_wconf 78' lang='grc' dir='ltr'>ἀγχόνην</span> <span class='ocrx_word' id='word_1_497' title='bbox 723 1733 859 1772; x_wconf 77' lang='grc' dir='ltr'>ἐπραγμα-</span> 
     </span>
    </p>
   </div>
   <div class='ocr_carea' id='block_1_69' title="bbox 65 1777 858 1815">
    <p class='ocr_par' dir='ltr' id='par_1_69' title="bbox 65 1777 858 1815">
     <span class='ocr_line' id='line_1_69' title="bbox 65 1777 858 1815; baseline 0 -10"><span class='ocrx_word' id='word_1_498' title='bbox 65 1781 175 1808; x_wconf 53' lang='lat' dir='ltr'>renarro.</span> <span class='ocrx_word' id='word_1_499' title='bbox 191 1783 279 1807; x_wconf 77' lang='grc' dir='ltr'><strong>Τοῦτο</strong></span> <span class='ocrx_word' id='word_1_500' title='bbox 305 1778 348 1806; x_wconf 73' lang='grc' dir='ltr'>οὖν</span> <span class='ocrx_word' id='word_1_501' title='bbox 377 1782 493 1815; x_wconf 75' lang='grc' dir='ltr'>γνωστόν</span> <span class='ocrx_word' id='word_1_502' title='bbox 523 1789 564 1806; x_wconf 87' lang='grc' dir='ltr'>σοι</span> <span class='ocrx_word' id='word_1_503' title='bbox 584 1780 649 1805; x_wconf 78' lang='grc' dir='ltr'>ἔστω</span> <span class='ocrx_word' id='word_1_504' title='bbox 674 1779 739 1815; x_wconf 64' lang='grc'>(84),</span> <span class='ocrx_word' id='word_1_505' title='bbox 756 1777 858 1815; x_wconf 72' lang='grc' dir='ltr'>ἀδελφὲ,</span> 
     </span>
    </p>
   </div>
   <div class='ocr_carea' id='block_1_70' title="bbox 67 1822 860 1861">
    <p class='ocr_par' dir='ltr' id='par_1_70' title="bbox 67 1822 860 1861">
     <span class='ocr_line' id='line_1_70' title="bbox 67 1822 860 1861; baseline -0.001 -12"><span class='ocrx_word' id='word_1_506' title='bbox 67 1824 103 1849; x_wconf 77' lang='grc' dir='ltr'>ὁτι</span> <span class='ocrx_word' id='word_1_507' title='bbox 121 1825 171 1860; x_wconf 69' lang='grc' dir='ltr'>οὐχ</span> <span class='ocrx_word' id='word_1_508' title='bbox 204 1824 216 1850; x_wconf 85' lang='grc' dir='ltr'><strong><em>ὀ</em></strong></span> <span class='ocrx_word' id='word_1_509' title='bbox 236 1824 325 1854; x_wconf 83' lang='grc' dir='ltr'>καλῶς</span> <span class='ocrx_word' id='word_1_510' title='bbox 349 1823 505 1861; x_wconf 79' lang='grc' dir='ltr'>ἀρχόμενος,</span> <span class='ocrx_word' id='word_1_511' title='bbox 528 1822 599 1854; x_wconf 74' lang='grc' dir='ltr'>οὗτος</span> <span class='ocrx_word' id='word_1_512' title='bbox 626 1823 718 1854; x_wconf 76' lang='grc' dir='ltr'>τέλειος</span> <span class='ocrx_word' id='word_1_513' title='bbox 734 1834 740 1840; x_wconf 87' lang='grc'><strong>·</strong></span> <span class='ocrx_word' id='word_1_514' title='bbox 768 1822 822 1849; x_wconf 79' lang='grc' dir='ltr'>ἀλλ’</span> <span class='ocrx_word' id='word_1_515' title='bbox 847 1823 860 1848; x_wconf 87' lang='grc' dir='ltr'><strong><em>ὁ</em></strong></span> 
     </span>
    </p>
   </div>
   <div class='ocr_carea' id='block_1_71' title="bbox 67 1867 858 1905">
    <p class='ocr_par' dir='ltr' id='par_1_71' title="bbox 67 1867 858 1905">
     <span class='ocr_line' id='line_1_71' title="bbox 67 1867 858 1905; baseline 0.004 -12"><span class='ocrx_word' id='word_1_516' title='bbox 67 1868 141 1899; x_wconf 77' lang='grc' dir='ltr'>καλῶς</span> <span class='ocrx_word' id='word_1_517' title='bbox 170 1869 366 1905; x_wconf 75' lang='grc' dir='ltr'>ἁποτιθέμενος,</span> <span class='ocrx_word' id='word_1_518' title='bbox 397 1869 471 1900; x_wconf 71' lang='grc' dir='ltr'><strong>οὗτος</strong></span> <span class='ocrx_word' id='word_1_519' title='bbox 495 1867 604 1905; x_wconf 83' lang='grc' dir='ltr'>δόκιμος</span> <span class='ocrx_word' id='word_1_520' title='bbox 629 1869 700 1905; x_wconf 79' lang='grc' dir='ltr'>παρὰ</span> <span class='ocrx_word' id='word_1_521' title='bbox 719 1872 786 1903; x_wconf 72' lang='grc' dir='ltr'>Θεῷ,</span> <span class='ocrx_word' id='word_1_522' title='bbox 816 1869 858 1896; x_wconf 76' lang='grc' dir='ltr'>Μὴ</span> 
     </span>
    </p>
   </div>
   <div class='ocr_carea' id='block_1_72' title="bbox 66 1911 860 1949">
    <p class='ocr_par' dir='ltr' id='par_1_72' title="bbox 66 1911 860 1949">
     <span class='ocr_line' id='line_1_72' title="bbox 66 1911 860 1949; baseline 0 -11"><span class='ocrx_word' id='word_1_523' title='bbox 66 1911 105 1939; x_wconf 72' lang='grc' dir='ltr'>οὖν</span> <span class='ocrx_word' id='word_1_524' title='bbox 121 1912 170 1949; x_wconf 75' lang='grc' dir='ltr'>δῷς</span> <span class='ocrx_word' id='word_1_525' title='bbox 185 1914 268 1940; x_wconf 79' lang='grc' dir='ltr'>ὗπνον</span> <span class='ocrx_word' id='word_1_526' title='bbox 283 1917 336 1944; x_wconf 88' lang='grc' dir='ltr'>τοῖς</span> <span class='ocrx_word' id='word_1_527' title='bbox 365 1913 516 1949; x_wconf 67' lang='grc' dir='ltr'>ὀφθαλμοῖς,</span> <span class='ocrx_word' id='word_1_528' title='bbox 539 1911 643 1949; x_wconf 70' lang='grc' dir='ltr'>αδελφε,</span> <span class='ocrx_word' id='word_1_529' title='bbox 668 1911 738 1949; x_wconf 74' lang='grc' dir='ltr'>μηδέ</span> <span class='ocrx_word' id='word_1_530' title='bbox 761 1922 860 1938; x_wconf 84' lang='grc' dir='ltr'>νυστα-</span> 
     </span>
    </p>
   </div>
   <div class='ocr_carea' id='block_1_73' title="bbox 66 1955 861 1995">
    <p class='ocr_par' dir='ltr' id='par_1_73' title="bbox 66 1955 861 1995">
     <span class='ocr_line' id='line_1_73' title="bbox 66 1955 861 1995; baseline -0.003 -11"><span class='ocrx_word' id='word_1_531' title='bbox 66 1959 125 1993; x_wconf 79' lang='grc' dir='ltr'>γμόν</span> <span class='ocrx_word' id='word_1_532' title='bbox 150 1963 206 1989; x_wconf 85' lang='grc' dir='ltr'>σοῖς</span> <span class='ocrx_word' id='word_1_533' title='bbox 231 1958 382 1995; x_wconf 74' lang='grc' dir='ltr'>βλεφάροις,</span> <span class='ocrx_word' id='word_1_534' title='bbox 412 1959 453 1984; x_wconf 83' lang='grc' dir='ltr'>ἵνα</span> <span class='ocrx_word' id='word_1_535' title='bbox 482 1959 569 1994; x_wconf 74' lang='grc' dir='ltr'>σωθῇς</span> <span class='ocrx_word' id='word_1_536' title='bbox 597 1958 684 1993; x_wconf 82' lang='grc' dir='ltr'>ὥσπερ</span> <span class='ocrx_word' id='word_1_537' title='bbox 712 1955 808 1994; x_wconf 79' lang='grc' dir='ltr'>δορκὰς</span> <span class='ocrx_word' id='word_1_538' title='bbox 833 1956 861 1982; x_wconf 73' lang='grc' dir='ltr'>ἐκ</span> 
     </span>
    </p>
   </div>
   <div class='ocr_carea' id='block_1_74' title="bbox 67 2000 860 2040">
    <p class='ocr_par' dir='ltr' id='par_1_74' title="bbox 67 2000 860 2040">
     <span class='ocr_line' id='line_1_74' title="bbox 67 2000 860 2040; baseline 0 -12"><span class='ocrx_word' id='word_1_539' title='bbox 67 2001 178 2038; x_wconf 81' lang='grc' dir='ltr'>βρόχων,</span> <span class='ocrx_word' id='word_1_540' title='bbox 193 2005 240 2030; x_wconf 78' lang='grc' dir='ltr'>καὶ</span> <span class='ocrx_word' id='word_1_541' title='bbox 271 2003 357 2039; x_wconf 81' lang='grc' dir='ltr'>ὥσπερ</span> <span class='ocrx_word' id='word_1_542' title='bbox 387 2004 471 2040; x_wconf 78' lang='grc' dir='ltr'>ὄρνεον</span> <span class='ocrx_word' id='word_1_543' title='bbox 502 2001 529 2028; x_wconf 76' lang='grc' dir='ltr'>ἐκ</span> <span class='ocrx_word' id='word_1_544' title='bbox 552 2000 676 2038; x_wconf 76' lang='grc' dir='ltr'>παγίδος.</span> <span class='ocrx_word' id='word_1_545' title='bbox 706 2001 784 2028; x_wconf 73' lang='grc' dir='ltr'>Βλεπε</span> <span class='ocrx_word' id='word_1_546' title='bbox 797 2002 860 2038; x_wconf 78' lang='grc' dir='ltr'>γὰρ,</span> 
     </span>
    </p>
   </div>
   <div class='ocr_carea' id='block_1_75' title="bbox 65 2045 860 2084">
    <p class='ocr_par' dir='ltr' id='par_1_75' title="bbox 65 2045 860 2084">
     <span class='ocr_line' id='line_1_75' title="bbox 65 2045 860 2084; baseline -0.001 -11"><span class='ocrx_word' id='word_1_547' title='bbox 65 2047 101 2073; x_wconf 85' lang='grc' dir='ltr'>ὃτι</span> <span class='ocrx_word' id='word_1_548' title='bbox 125 2050 180 2083; x_wconf 81' lang='lat'>(85)</span> <span class='ocrx_word' id='word_1_549' title='bbox 206 2047 231 2074; x_wconf 81' lang='grc' dir='ltr'>ἐν</span> <span class='ocrx_word' id='word_1_550' title='bbox 263 2049 334 2084; x_wconf 76' lang='grc' dir='ltr'>μέσῳ</span> <span class='ocrx_word' id='word_1_551' title='bbox 362 2045 483 2083; x_wconf 77' lang='grc' dir='ltr'>παγίδων</span> <span class='ocrx_word' id='word_1_552' title='bbox 511 2045 676 2080; x_wconf 78' lang='grc' dir='ltr'>διαϐαίνεις,</span> <span class='ocrx_word' id='word_1_553' title='bbox 705 2048 750 2073; x_wconf 83' lang='grc' dir='ltr'>καὶ</span> <span class='ocrx_word' id='word_1_554' title='bbox 777 2045 860 2072; x_wconf 72' lang='grc' dir='ltr'>ἒπάνω</span> 
     </span>
    </p>
   </div>
   <div class='ocr_carea' id='block_1_76' title="bbox 64 2090 860 2129">
    <p class='ocr_par' dir='ltr' id='par_1_76' title="bbox 64 2090 860 2129">
     <span class='ocr_line' id='line_1_76' title="bbox 64 2090 860 2129; baseline 0 -11"><span class='ocrx_word' id='word_1_555' title='bbox 64 2094 162 2128; x_wconf 81' lang='grc' dir='ltr'>τείχους</span> <span class='ocrx_word' id='word_1_556' title='bbox 191 2092 296 2129; x_wconf 73' lang='grc' dir='ltr'>ὑψηλοῦ</span> <span class='ocrx_word' id='word_1_557' title='bbox 322 2096 481 2129; x_wconf 74' lang='grc' dir='ltr'>περιπατεῖς,</span> <span class='ocrx_word' id='word_1_558' title='bbox 507 2093 563 2119; x_wconf 80' lang='grc' dir='ltr'>ὅθεν</span> <span class='ocrx_word' id='word_1_559' title='bbox 591 2092 638 2119; x_wconf 73' lang='grc' dir='ltr'>οὐκ</span> <span class='ocrx_word' id='word_1_560' title='bbox 659 2090 796 2118; x_wconf 79' lang='grc' dir='ltr'>ἀκίνδυνον</span> <span class='ocrx_word' id='word_1_561' title='bbox 823 2095 860 2126; x_wconf 83' lang='grc' dir='ltr'>τῷ</span> 
     </span>
    </p>
   </div>
   <div class='ocr_carea' id='block_1_77' title="bbox 65 2134 860 2174">
    <p class='ocr_par' dir='ltr' id='par_1_77' title="bbox 65 2134 860 2174">
     <span class='ocr_line' id='line_1_77' title="bbox 65 2134 860 2174; baseline -0.001 -11"><span class='ocrx_word' id='word_1_562' title='bbox 65 2139 234 2164; x_wconf 74' lang='grc' dir='ltr'>καταπεσόντι</span> <span class='ocrx_word' id='word_1_563' title='bbox 265 2139 294 2164; x_wconf 89' lang='grc' dir='ltr'>τὸ</span> <span class='ocrx_word' id='word_1_564' title='bbox 320 2141 424 2173; x_wconf 84' lang='grc' dir='ltr'>πτῶμα.</span> <span class='ocrx_word' id='word_1_565' title='bbox 452 2139 495 2166; x_wconf 79' lang='grc' dir='ltr'>Μὴ</span> <span class='ocrx_word' id='word_1_566' title='bbox 528 2134 571 2162; x_wconf 81' lang='grc' dir='ltr'>οὖν</span> <span class='ocrx_word' id='word_1_567' title='bbox 596 2136 688 2167; x_wconf 71' lang='grc' dir='ltr'>εὐθέως</span> <span class='ocrx_word' id='word_1_568' title='bbox 724 2136 759 2168; x_wconf 81' lang='grc' dir='ltr'>εἰς</span> <span class='ocrx_word' id='word_1_569' title='bbox 784 2135 860 2174; x_wconf 75' lang='grc' dir='ltr'>ακρό-</span> 
     </span>
    </p>
   </div>
   <div class='ocr_carea' id='block_1_78' title="bbox 65 2179 860 2218">
    <p class='ocr_par' dir='ltr' id='par_1_78' title="bbox 65 2179 860 2218">
     <span class='ocr_line' id='line_1_78' title="bbox 65 2179 860 2218; baseline 0.001 -12"><span class='ocrx_word' id='word_1_570' title='bbox 65 2190 128 2210; x_wconf 67' lang='lat' dir='ltr'>rma</span> <span class='ocrx_word' id='word_1_571' title='bbox 156 2182 296 2213; x_wconf 75' lang='grc' dir='ltr'>ἀσκήσεως</span> <span class='ocrx_word' id='word_1_572' title='bbox 326 2181 441 2218; x_wconf 69' lang='grc' dir='ltr'>ἐκτείνῃς</span> <span class='ocrx_word' id='word_1_573' title='bbox 478 2183 586 2211; x_wconf 73' lang='grc' dir='ltr'>σεαυτόν</span> <span class='ocrx_word' id='word_1_574' title='bbox 611 2191 617 2198; x_wconf 94' lang='grc'><strong>·</strong></span> <span class='ocrx_word' id='word_1_575' title='bbox 650 2180 765 2217; x_wconf 77' lang='grc' dir='ltr'>μαλιστα</span> <span class='ocrx_word' id='word_1_576' title='bbox 790 2179 860 2217; x_wconf 74' lang='grc' dir='ltr'>μηδὲ</span> 
     </span>
    </p>
   </div>
   <div class='ocr_carea' id='block_1_79' title="bbox 67 2224 858 2263">
    <p class='ocr_par' dir='ltr' id='par_1_79' title="bbox 67 2224 858 2263">
     <span class='ocr_line' id='line_1_79' title="bbox 67 2224 858 2263; baseline 0 -12"><span class='ocrx_word' id='word_1_577' title='bbox 67 2226 196 2263; x_wconf 46' lang='lat' dir='ltr'>saepe”;</span> <span class='ocrx_word' id='word_1_578' title='bbox 211 2228 269 2262; x_wconf 87' lang='grc'>(86)</span> <span class='ocrx_word' id='word_1_579' title='bbox 286 2231 397 2262; x_wconf 65' lang='grc' dir='ltr'>σεαυτῷ,</span> <span class='ocrx_word' id='word_1_580' title='bbox 416 2227 458 2252; x_wconf 87' lang='grc' dir='ltr'>ἵνα</span> <span class='ocrx_word' id='word_1_581' title='bbox 481 2228 517 2262; x_wconf 90' lang='grc' dir='ltr'>μὴ</span> <span class='ocrx_word' id='word_1_582' title='bbox 534 2224 560 2257; x_wconf 79' lang='grc' dir='ltr'>ἐξ</span> <span class='ocrx_word' id='word_1_583' title='bbox 579 2225 696 2263; x_wconf 77' lang='grc' dir='ltr'>ἀπειρίας</span> <span class='ocrx_word' id='word_1_584' title='bbox 720 2225 763 2261; x_wconf 73' lang='grc' dir='ltr'>ἀφ’</span> <span class='ocrx_word' id='word_1_585' title='bbox 775 2225 858 2261; x_wconf 72' lang='grc' dir='ltr'>ὑψους</span> 
     </span>
    </p>
   </div>
   <div class='ocr_carea' id='block_1_80' title="bbox 66 2269 858 2308">
    <p class='ocr_par' dir='ltr' id='par_1_80' title="bbox 66 2269 858 2308">
     <span class='ocr_line' id='line_1_80' title="bbox 66 2269 858 2308; baseline -0.004 -9"><span class='ocrx_word' id='word_1_586' title='bbox 66 2274 110 2300; x_wconf 81' lang='grc' dir='ltr'>τῆς</span> <span class='ocrx_word' id='word_1_587' title='bbox 130 2270 266 2302; x_wconf 78' lang='grc' dir='ltr'>ἀσκήσεως</span> <span class='ocrx_word' id='word_1_588' title='bbox 294 2273 386 2308; x_wconf 79' lang='grc' dir='ltr'>πέσῃς.</span> <span class='ocrx_word' id='word_1_589' title='bbox 419 2273 547 2307; x_wconf 79' lang='grc' dir='ltr'>Κρεῖσσον</span> <span class='ocrx_word' id='word_1_590' title='bbox 574 2271 625 2306; x_wconf 85' lang='grc' dir='ltr'>γὰρ</span> <span class='ocrx_word' id='word_1_591' title='bbox 649 2271 664 2299; x_wconf 81' lang='grc' dir='ltr'><strong>ἠ</strong></span> <span class='ocrx_word' id='word_1_592' title='bbox 689 2269 746 2296; x_wconf 80' lang='grc' dir='ltr'>κατ’</span> <span class='ocrx_word' id='word_1_593' title='bbox 772 2269 858 2306; x_wconf 80' lang='grc' dir='ltr'>ὀλίγον</span> 
     </span>
    </p>
   </div>
   <div class='ocr_carea' id='block_1_81' title="bbox 66 2313 859 2354">
    <p class='ocr_par' dir='ltr' id='par_1_81' title="bbox 66 2313 859 2354">
     <span class='ocr_line' id='line_1_81' title="bbox 66 2313 859 2354; baseline 0.001 -14"><span class='ocrx_word' id='word_1_594' title='bbox 66 2319 190 2353; x_wconf 83' lang='grc' dir='ltr'>προκοπή.</span> <span class='ocrx_word' id='word_1_595' title='bbox 213 2317 287 2344; x_wconf 79' lang='grc' dir='ltr'>Κατὰ</span> <span class='ocrx_word' id='word_1_596' title='bbox 314 2318 406 2354; x_wconf 84' lang='grc' dir='ltr'>μικρὸν</span> <span class='ocrx_word' id='word_1_597' title='bbox 437 2316 481 2343; x_wconf 79' lang='grc' dir='ltr'>οὖν</span> <span class='ocrx_word' id='word_1_598' title='bbox 506 2315 598 2342; x_wconf 69' lang='grc' dir='ltr'>κλέπτε</span> <span class='ocrx_word' id='word_1_599' title='bbox 623 2315 670 2346; x_wconf 82' lang='grc' dir='ltr'>τὰς</span> <span class='ocrx_word' id='word_1_600' title='bbox 693 2313 790 2347; x_wconf 79' lang='grc' dir='ltr'>ἡδονὰς</span> <span class='ocrx_word' id='word_1_601' title='bbox 814 2318 859 2341; x_wconf 82' lang='grc' dir='ltr'>τοῦ</span> 
     </span>
    </p>
   </div>
   <div class='ocr_carea' id='block_1_82' title="bbox 459 2406 466 2421">
    <p class='ocr_par' dir='ltr' id='par_1_82' title="bbox 459 2406 466 2421">
     <span class='ocr_line' id='line_1_82' title="bbox 459 2406 466 2421; baseline 0 0"><span class='ocrx_word' id='word_1_602' title='bbox 459 2406 466 2421; x_wconf 77' lang='grc' dir='ltr'>ι</span> 
     </span>
    </p>
   </div>
   <div class='ocr_carea' id='block_1_83' title="bbox 100 2404 482 2449">
    <p class='ocr_par' dir='ltr' id='par_1_83' title="bbox 100 2404 482 2449">
     <span class='ocr_line' id='line_1_83' title="bbox 100 2404 482 2449; baseline 0.005 -18"><span class='ocrx_word' id='word_1_603' title='bbox 100 2404 248 2449; x_wconf 44' lang='lat' dir='ltr'>’7uPhilip.</span> <span class='ocrx_word' id='word_1_604' title='bbox 279 2413 321 2440; x_wconf 81' lang='grc' dir='ltr'>ιιι,</span> <span class='ocrx_word' id='word_1_605' title='bbox 360 2404 402 2440; x_wconf 83' lang='grc'>13,</span> <span class='ocrx_word' id='word_1_606' title='bbox 442 2406 482 2433; x_wconf 72' lang='grc'>14.</span> 
     </span>
    </p>
   </div>
   <div class='ocr_carea' id='block_1_84' title="bbox 67 2446 131 2474">
    <p class='ocr_par' dir='ltr' id='par_1_84' title="bbox 67 2446 131 2474">
     <span class='ocr_line' id='line_1_84' title="bbox 67 2446 131 2474; baseline 0.031 -8"><span class='ocrx_word' id='word_1_607' title='bbox 67 2446 131 2474; x_wconf 77' lang='lat' dir='ltr'>w,5</span> 
     </span>
    </p>
   </div>
   <div class='ocr_carea' id='block_1_85' title="bbox 521 2403 857 2439">
    <p class='ocr_par' dir='ltr' id='par_1_85' title="bbox 521 2403 857 2439">
     <span class='ocr_line' id='line_1_85' title="bbox 521 2403 857 2439; baseline 0 -7"><span class='ocrx_word' id='word_1_608' title='bbox 521 2404 545 2422; x_wconf 74' lang='grc'>³⁸</span> <span class='ocrx_word' id='word_1_609' title='bbox 576 2403 680 2432; x_wconf 89' lang='lat' dir='ltr'>Ezech.</span> <span class='ocrx_word' id='word_1_610' title='bbox 714 2405 791 2439; x_wconf 80' lang='lat' dir='ltr'>xmn,</span> <span class='ocrx_word' id='word_1_611' title='bbox 813 2404 857 2432; x_wconf 77' lang='grc'>24.</span> 
     </span>
    </p>
   </div>
   <div class='ocr_carea' id='block_1_86' title="bbox 99 2527 860 2566">
    <p class='ocr_par' dir='ltr' id='par_1_86' title="bbox 99 2527 860 2566">
     <span class='ocr_line' id='line_1_86' title="bbox 99 2527 860 2566; baseline 0.001 -9"><span class='ocrx_word' id='word_1_612' title='bbox 99 2529 268 2566; x_wconf 47' lang='lat' dir='ltr'>(mimum.</span> <span class='ocrx_word' id='word_1_613' title='bbox 283 2531 353 2566; x_wconf 68' lang='lat' dir='ltr'>Reg.</span> <span class='ocrx_word' id='word_1_614' title='bbox 376 2529 527 2558; x_wconf 85' lang='lat' dir='ltr'>secundus</span> <span class='ocrx_word' id='word_1_615' title='bbox 543 2527 656 2559; x_wconf 76' lang='grc' dir='ltr'>διώκων.</span> <span class='ocrx_word' id='word_1_616' title='bbox 672 2529 766 2559; x_wconf 90' lang='lat' dir='ltr'>Paulo</span> <span class='ocrx_word' id='word_1_617' title='bbox 788 2531 860 2566; x_wconf 89' lang='lat' dir='ltr'>post</span> 
     </span>
    </p>
   </div>
   <div class='ocr_carea' id='block_1_87' title="bbox 67 2565 617 2606">
    <p class='ocr_par' dir='ltr' id='par_1_87' title="bbox 67 2565 617 2606">
     <span class='ocr_line' id='line_1_87' title="bbox 67 2565 617 2606; baseline 0.004 -16"><span class='ocrx_word' id='word_1_618' title='bbox 67 2565 221 2606; x_wconf 31' lang='lat' dir='ltr'>exleod‘em</span> <span class='ocrx_word' id='word_1_619' title='bbox 237 2565 476 2606; x_wconf 49' lang='lat' dir='ltr'>additi&#39;6).o;_pos_t</span> <span class='ocrx_word' id='word_1_620' title='bbox 490 2567 617 2604; x_wconf 77' lang='grc' dir='ltr'>ὑπάρχει,</span> 
     </span>
    </p>
   </div>
   <div class='ocr_carea' id='block_1_88' title="bbox 68 2600 858 2640">
    <p class='ocr_par' dir='ltr' id='par_1_88' title="bbox 68 2600 858 2640">
     <span class='ocr_line' id='line_1_88' title="bbox 68 2600 858 2640; baseline 0.005 -14"><span class='ocrx_word' id='word_1_621' title='bbox 68 2634 73 2639; x_wconf 87' lang='lat'>_</span> <span class='ocrx_word' id='word_1_622' title='bbox 98 2600 369 2640; x_wconf 49' lang='grc' dir='ltr'>(Ἰψςετξιγενομένης.</span> <span class='ocrx_word' id='word_1_623' title='bbox 391 2600 437 2630; x_wconf 87' lang='lat' dir='ltr'>Sic</span> <span class='ocrx_word' id='word_1_624' title='bbox 450 2602 512 2630; x_wconf 91' lang='lat' dir='ltr'>duo</span> <span class='ocrx_word' id='word_1_625' title='bbox 526 2600 610 2638; x_wconf 68' lang='lat' dir='ltr'>mss,</span> <span class='ocrx_word' id='word_1_626' title='bbox 633 2601 742 2630; x_wconf 86' lang='lat' dir='ltr'>melius</span> <span class='ocrx_word' id='word_1_627' title='bbox 762 2609 858 2638; x_wconf 86' lang='lat' dir='ltr'>quam</span> 
     </span>
    </p>
   </div>
   <div class='ocr_carea' id='block_1_89' title="bbox 67 2636 370 2674">
    <p class='ocr_par' dir='ltr' id='par_1_89' title="bbox 67 2636 370 2674">
     <span class='ocr_line' id='line_1_89' title="bbox 67 2636 370 2674; baseline 0.013 -13"><span class='ocrx_word' id='word_1_628' title='bbox 67 2636 95 2661; x_wconf 88' lang='lat' dir='ltr'>in</span> <span class='ocrx_word' id='word_1_629' title='bbox 105 2636 189 2674; x_wconf 68' lang='lat' dir='ltr'>editis</span> <span class='ocrx_word' id='word_1_630' title='bbox 203 2636 370 2674; x_wconf 68' lang='grc' dir='ltr'>ἐπειγομένης.</span> 
     </span>
    </p>
   </div>
   <div class='ocr_carea' id='block_1_90' title="bbox 101 2670 858 2712">
    <p class='ocr_par' dir='ltr' id='par_1_90' title="bbox 101 2670 858 2712">
     <span class='ocr_line' id='line_1_90' title="bbox 101 2670 858 2712; baseline 0.005 -14"><span class='ocrx_word' id='word_1_631' title='bbox 101 2670 445 2712; x_wconf 58' lang='lat' dir='ltr'>(8_0)&quot;Epnp&#39;oa&#39;_9w.peest</span> <span class='ocrx_word' id='word_1_632' title='bbox 459 2673 490 2701; x_wconf 91' lang='lat' dir='ltr'>in</span> <span class='ocrx_word' id='word_1_633' title='bbox 510 2675 579 2709; x_wconf 82' lang='lat' dir='ltr'>Reg.</span> <span class='ocrx_word' id='word_1_634' title='bbox 602 2673 748 2703; x_wconf 86' lang='lat' dir='ltr'>secundo.</span> <span class='ocrx_word' id='word_1_635' title='bbox 766 2673 858 2702; x_wconf 88' lang='lat' dir='ltr'>Paulo</span> 
     </span>
    </p>
   </div>
   <div class='ocr_carea' id='block_1_91' title="bbox 66 2707 485 2740">
    <p class='ocr_par' dir='ltr' id='par_1_91' title="bbox 66 2707 485 2740">
     <span class='ocr_line' id='line_1_91' title="bbox 66 2707 485 2740; baseline 0.01 -7"><span class='ocrx_word' id='word_1_636' title='bbox 66 2709 131 2740; x_wconf 91' lang='lat' dir='ltr'>post</span> <span class='ocrx_word' id='word_1_637' title='bbox 144 2707 226 2735; x_wconf 87' lang='lat' dir='ltr'>idem</span> <span class='ocrx_word' id='word_1_638' title='bbox 241 2707 334 2737; x_wconf 81' lang='lat' dir='ltr'>codex</span> <span class='ocrx_word' id='word_1_639' title='bbox 349 2710 389 2736; x_wconf 84' lang='grc' dir='ltr'>ὅτι</span> <span class='ocrx_word' id='word_1_640' title='bbox 405 2709 485 2740; x_wconf 79' lang='grc' dir='ltr'>ζωὴν.</span> 
     </span>
    </p>
   </div>
   <div class='ocr_carea' id='block_1_92' title="bbox 100 2742 858 2782">
    <p class='ocr_par' dir='ltr' id='par_1_92' title="bbox 100 2742 858 2782">
     <span class='ocr_line' id='line_1_92' title="bbox 100 2742 858 2782; baseline -0.004 -8"><span class='ocrx_word' id='word_1_641' title='bbox 100 2742 220 2778; x_wconf 80' lang='grc' dir='ltr'>(8¹)Τῆς</span> <span class='ocrx_word' id='word_1_642' title='bbox 236 2744 257 2769; x_wconf 78' lang='grc' dir='ltr'>ἐν</span> <span class='ocrx_word' id='word_1_643' title='bbox 271 2749 382 2782; x_wconf 72' lang='grc' dir='ltr'>στιγμῇ.</span> <span class='ocrx_word' id='word_1_644' title='bbox 399 2747 469 2780; x_wconf 84' lang='lat' dir='ltr'>Reg.</span> <span class='ocrx_word' id='word_1_645' title='bbox 489 2745 646 2782; x_wconf 84' lang='lat' dir='ltr'>secundus</span> <span class='ocrx_word' id='word_1_646' title='bbox 667 2748 714 2776; x_wconf 76' lang='grc' dir='ltr'>τῆς</span> <span class='ocrx_word' id='word_1_647' title='bbox 744 2749 858 2782; x_wconf 80' lang='grc' dir='ltr'>στιγμῆς</span> 
     </span>
    </p>
   </div>
   <div class='ocr_carea' id='block_1_93' title="bbox 68 2780 670 2816">
    <p class='ocr_par' dir='ltr' id='par_1_93' title="bbox 68 2780 670 2816">
     <span class='ocr_line' id='line_1_93' title="bbox 68 2780 670 2816; baseline 0.005 -10"><span class='ocrx_word' id='word_1_648' title='bbox 68 2780 122 2816; x_wconf 65' lang='grc' dir='ltr'>τῆςΞ</span> <span class='ocrx_word' id='word_1_649' title='bbox 133 2786 203 2816; x_wconf 57' lang='lat' dir='ltr'>cum</span> <span class='ocrx_word' id='word_1_650' title='bbox 217 2780 397 2809; x_wconf 70' lang='lat' dir='ltr'>momentum</span> <span class='ocrx_word' id='word_1_651' title='bbox 411 2781 670 2816; x_wconf 73' lang='lat' dir='ltr'>cqntradz’ctionis.</span> 
     </span>
    </p>
   </div>
   <div class='ocr_carea' id='block_1_94' title="bbox 101 2813 859 2848">
    <p class='ocr_par' dir='ltr' id='par_1_94' title="bbox 101 2813 859 2848">
     <span class='ocr_line' id='line_1_94' title="bbox 101 2813 859 2848; baseline 0.005 -8"><span class='ocrx_word' id='word_1_652' title='bbox 101 2813 155 2848; x_wconf 86' lang='grc'>(82)</span> <span class='ocrx_word' id='word_1_653' title='bbox 167 2814 268 2843; x_wconf 81' lang='grc' dir='ltr'>Ἐννοια</span> <span class='ocrx_word' id='word_1_654' title='bbox 281 2816 317 2847; x_wconf 81' lang='grc' dir='ltr'>εἰς</span> <span class='ocrx_word' id='word_1_655' title='bbox 343 2819 417 2845; x_wconf 79' lang='grc' dir='ltr'>Θεὸν.</span> <span class='ocrx_word' id='word_1_656' title='bbox 438 2814 526 2846; x_wconf 80' lang='lat' dir='ltr'>Recte</span> <span class='ocrx_word' id='word_1_657' title='bbox 546 2816 688 2846; x_wconf 83' lang='lat' dir='ltr'>observat</span> <span class='ocrx_word' id='word_1_658' title='bbox 712 2815 859 2845; x_wconf 86' lang='lat' dir='ltr'>Combeﬁ-</span> 
     </span>
    </p>
   </div>
   <div class='ocr_carea' id='block_1_95' title="bbox 876 2253 898 2281">
    <p class='ocr_par' dir='ltr' id='par_1_95' title="bbox 876 2253 898 2281">
     <span class='ocr_line' id='line_1_95' title="bbox 876 2253 898 2281; baseline 0 0"><span class='ocrx_word' id='word_1_659' title='bbox 876 2253 898 2281; x_wconf 90' lang='lat' dir='ltr'>D</span> 
     </span>
    </p>
   </div>
   <div class='ocr_carea' id='block_1_96' title="bbox 915 1599 1737 1636">
    <p class='ocr_par' dir='ltr' id='par_1_96' title="bbox 915 1599 1737 1636">
     <span class='ocr_line' id='line_1_96' title="bbox 915 1599 1737 1636; baseline 0 -8"><span class='ocrx_word' id='word_1_660' title='bbox 915 1599 967 1636; x_wconf 88' lang='lat' dir='ltr'>qui</span> <span class='ocrx_word' id='word_1_661' title='bbox 982 1599 1099 1628; x_wconf 84' lang='lat' dir='ltr'>tamdiu</span> <span class='ocrx_word' id='word_1_662' title='bbox 1114 1599 1220 1628; x_wconf 85' lang='lat' dir='ltr'>Christi</span> <span class='ocrx_word' id='word_1_663' title='bbox 1232 1599 1411 1636; x_wconf 87' lang='lat' dir='ltr'>discipulus,</span> <span class='ocrx_word' id='word_1_664' title='bbox 1420 1602 1526 1636; x_wconf 83' lang='lat' dir='ltr'>postea</span> <span class='ocrx_word' id='word_1_665' title='bbox 1540 1599 1687 1635; x_wconf 71' lang='lat' dir='ltr'>magistro</span> <span class='ocrx_word' id='word_1_666' title='bbox 1697 1600 1737 1628; x_wconf 90' lang='lat' dir='ltr'>ob</span> 
     </span>
    </p>
   </div>
   <div class='ocr_carea' id='block_1_97' title="bbox 915 1643 1737 1683">
    <p class='ocr_par' dir='ltr' id='par_1_97' title="bbox 915 1643 1737 1683">
     <span class='ocr_line' id='line_1_97' title="bbox 915 1643 1737 1683; baseline 0.001 -11"><span class='ocrx_word' id='word_1_667' title='bbox 915 1644 1058 1679; x_wconf 80' lang='lat' dir='ltr'>exiguum</span> <span class='ocrx_word' id='word_1_668' title='bbox 1071 1643 1189 1672; x_wconf 87' lang='lat' dir='ltr'>lucrum</span> <span class='ocrx_word' id='word_1_669' title='bbox 1204 1643 1368 1678; x_wconf 81' lang='lat' dir='ltr'>divendita,</span> <span class='ocrx_word' id='word_1_670' title='bbox 1385 1644 1443 1673; x_wconf 86' lang='lat' dir='ltr'>sibi</span> <span class='ocrx_word' id='word_1_671' title='bbox 1452 1644 1516 1681; x_wconf 87' lang='lat' dir='ltr'>ipse</span> <span class='ocrx_word' id='word_1_672' title='bbox 1530 1644 1674 1683; x_wconf 75' lang='lat' dir='ltr'>laqueum</span> <span class='ocrx_word' id='word_1_673' title='bbox 1687 1653 1737 1681; x_wconf 87' lang='lat' dir='ltr'>pa-</span> 
     </span>
    </p>
   </div>
   <div class='ocr_carea' id='block_1_98' title="bbox 913 1688 1737 1725">
    <p class='ocr_par' dir='ltr' id='par_1_98' title="bbox 913 1688 1737 1725">
     <span class='ocr_line' id='line_1_98' title="bbox 913 1688 1737 1725; baseline 0 -8"><span class='ocrx_word' id='word_1_674' title='bbox 913 1689 1000 1722; x_wconf 88' lang='lat' dir='ltr'>ravit,</span> <span class='ocrx_word' id='word_1_675' title='bbox 1016 1688 1091 1716; x_wconf 90' lang='lat' dir='ltr'>lllud</span> <span class='ocrx_word' id='word_1_676' title='bbox 1107 1689 1206 1724; x_wconf 84' lang='lat' dir='ltr'>itaque</span> <span class='ocrx_word' id='word_1_677' title='bbox 1217 1691 1408 1725; x_wconf 87' lang='lat' dir='ltr'>perspectum</span> <span class='ocrx_word' id='word_1_678' title='bbox 1422 1689 1474 1717; x_wconf 88' lang='lat' dir='ltr'>tibi</span> <span class='ocrx_word' id='word_1_679' title='bbox 1485 1689 1531 1721; x_wconf 88' lang='lat' dir='ltr'>sit,</span> <span class='ocrx_word' id='word_1_680' title='bbox 1552 1689 1651 1722; x_wconf 80' lang='lat' dir='ltr'>frater,</span> <span class='ocrx_word' id='word_1_681' title='bbox 1675 1697 1737 1717; x_wconf 89' lang='lat' dir='ltr'>non</span> 
     </span>
    </p>
   </div>
   <div class='ocr_carea' id='block_1_99' title="bbox 915 1733 1739 1770">
    <p class='ocr_par' dir='ltr' id='par_1_99' title="bbox 915 1733 1739 1770">
     <span class='ocr_line' id='line_1_99' title="bbox 915 1733 1739 1770; baseline -0.001 -8"><span class='ocrx_word' id='word_1_682' title='bbox 915 1741 983 1762; x_wconf 90' lang='lat' dir='ltr'>eum</span> <span class='ocrx_word' id='word_1_683' title='bbox 1009 1733 1060 1770; x_wconf 87' lang='lat' dir='ltr'>qui</span> <span class='ocrx_word' id='word_1_684' title='bbox 1081 1733 1158 1761; x_wconf 86' lang='lat' dir='ltr'>bene</span> <span class='ocrx_word' id='word_1_685' title='bbox 1181 1734 1295 1770; x_wconf 91' lang='lat' dir='ltr'>incipit,</span> <span class='ocrx_word' id='word_1_686' title='bbox 1317 1734 1483 1770; x_wconf 82' lang='lat' dir='ltr'>perfectum</span> <span class='ocrx_word' id='word_1_687' title='bbox 1506 1742 1589 1762; x_wconf 87' lang='lat' dir='ltr'>esse:</span> <span class='ocrx_word' id='word_1_688' title='bbox 1616 1734 1668 1762; x_wconf 89' lang='lat' dir='ltr'>sed</span> <span class='ocrx_word' id='word_1_689' title='bbox 1687 1734 1739 1770; x_wconf 89' lang='lat' dir='ltr'>qui</span> 
     </span>
    </p>
   </div>
   <div class='ocr_carea' id='block_1_100' title="bbox 914 1777 1739 1814">
    <p class='ocr_par' dir='ltr' id='par_1_100' title="bbox 914 1777 1739 1814">
     <span class='ocr_line' id='line_1_100' title="bbox 914 1777 1739 1814; baseline 0.001 -9"><span class='ocrx_word' id='word_1_690' title='bbox 914 1777 990 1806; x_wconf 90' lang='lat' dir='ltr'>bene</span> <span class='ocrx_word' id='word_1_691' title='bbox 1009 1777 1126 1811; x_wconf 87' lang='lat' dir='ltr'>desinit,</span> <span class='ocrx_word' id='word_1_692' title='bbox 1143 1786 1213 1806; x_wconf 90' lang='lat' dir='ltr'>eum</span> <span class='ocrx_word' id='word_1_693' title='bbox 1228 1786 1292 1806; x_wconf 84' lang='lat' dir='ltr'>esse</span> <span class='ocrx_word' id='word_1_694' title='bbox 1316 1778 1374 1806; x_wconf 92' lang='lat' dir='ltr'>Deo</span> <span class='ocrx_word' id='word_1_695' title='bbox 1387 1778 1560 1814; x_wconf 88' lang='lat' dir='ltr'>probatum.</span> <span class='ocrx_word' id='word_1_696' title='bbox 1584 1780 1624 1806; x_wconf 89' lang='lat' dir='ltr'>Ne</span> <span class='ocrx_word' id='word_1_697' title='bbox 1649 1778 1739 1814; x_wconf 78' lang='lat' dir='ltr'>igitur</span> 
     </span>
    </p>
   </div>
   <div class='ocr_carea' id='block_1_101' title="bbox 914 1821 1738 1858">
    <p class='ocr_par' dir='ltr' id='par_1_101' title="bbox 914 1821 1738 1858">
     <span class='ocr_line' id='line_1_101' title="bbox 914 1821 1738 1858; baseline 0.001 -9"><span class='ocrx_word' id='word_1_698' title='bbox 914 1821 1043 1854; x_wconf 81' lang='lat' dir='ltr'>dederis,</span> <span class='ocrx_word' id='word_1_699' title='bbox 1055 1822 1153 1855; x_wconf 84' lang='lat' dir='ltr'>frater,</span> <span class='ocrx_word' id='word_1_700' title='bbox 1175 1830 1316 1850; x_wconf 88' lang='lat' dir='ltr'>somnum</span> <span class='ocrx_word' id='word_1_701' title='bbox 1335 1822 1439 1857; x_wconf 86' lang='lat' dir='ltr'>oculis,</span> <span class='ocrx_word' id='word_1_702' title='bbox 1463 1830 1561 1858; x_wconf 90' lang='lat' dir='ltr'>neque</span> <span class='ocrx_word' id='word_1_703' title='bbox 1584 1822 1738 1858; x_wconf 85' lang='lat' dir='ltr'>palpebris</span> 
     </span>
    </p>
   </div>
   <div class='ocr_carea' id='block_1_102' title="bbox 914 1867 1736 1902">
    <p class='ocr_par' dir='ltr' id='par_1_102' title="bbox 914 1867 1736 1902">
     <span class='ocr_line' id='line_1_102' title="bbox 914 1867 1736 1902; baseline 0 -8"><span class='ocrx_word' id='word_1_704' title='bbox 914 1867 973 1894; x_wconf 90' lang='lat' dir='ltr'>tuis</span> <span class='ocrx_word' id='word_1_705' title='bbox 987 1867 1231 1895; x_wconf 83' lang='lat' dir='ltr'>dormitationem</span> <span class='ocrx_word' id='word_1_706' title='bbox 1242 1868 1277 1902; x_wconf 80' lang='grc' dir='ltr'>³ο,</span> <span class='ocrx_word' id='word_1_707' title='bbox 1287 1870 1318 1895; x_wconf 94' lang='lat' dir='ltr'>ut</span> <span class='ocrx_word' id='word_1_708' title='bbox 1327 1867 1428 1895; x_wconf 88' lang='lat' dir='ltr'>salvus</span> <span class='ocrx_word' id='word_1_709' title='bbox 1441 1867 1495 1895; x_wconf 81' lang='lat' dir='ltr'>fias</span> <span class='ocrx_word' id='word_1_710' title='bbox 1506 1867 1587 1894; x_wconf 88' lang='lat' dir='ltr'>velut</span> <span class='ocrx_word' id='word_1_711' title='bbox 1596 1867 1688 1895; x_wconf 88' lang='lat' dir='ltr'>dama</span> <span class='ocrx_word' id='word_1_712' title='bbox 1700 1875 1736 1895; x_wconf 84' lang='lat' dir='ltr'>ex</span> 
     </span>
    </p>
   </div>
   <div class='ocr_carea' id='block_1_103' title="bbox 915 1910 1737 1948">
    <p class='ocr_par' dir='ltr' id='par_1_103' title="bbox 915 1910 1737 1948">
     <span class='ocr_line' id='line_1_103' title="bbox 915 1910 1737 1948; baseline 0 -10"><span class='ocrx_word' id='word_1_713' title='bbox 915 1910 1063 1945; x_wconf 82' lang='lat' dir='ltr'>cassibus,</span> <span class='ocrx_word' id='word_1_714' title='bbox 1077 1913 1105 1939; x_wconf 89' lang='lat' dir='ltr'>et</span> <span class='ocrx_word' id='word_1_715' title='bbox 1120 1911 1200 1939; x_wconf 90' lang='lat' dir='ltr'>velut</span> <span class='ocrx_word' id='word_1_716' title='bbox 1215 1911 1279 1939; x_wconf 83' lang='lat' dir='ltr'>avis</span> <span class='ocrx_word' id='word_1_717' title='bbox 1290 1919 1326 1939; x_wconf 84' lang='lat' dir='ltr'>ex</span> <span class='ocrx_word' id='word_1_718' title='bbox 1339 1911 1456 1948; x_wconf 83' lang='lat' dir='ltr'>laqueis</span> <span class='ocrx_word' id='word_1_719' title='bbox 1465 1912 1500 1938; x_wconf 83' lang='grc'>³¹.</span> <span class='ocrx_word' id='word_1_720' title='bbox 1512 1910 1675 1939; x_wconf 86' lang='lat' dir='ltr'>Considera</span> <span class='ocrx_word' id='word_1_721' title='bbox 1684 1918 1737 1947; x_wconf 86' lang='lat' dir='ltr'>per</span> 
     </span>
    </p>
   </div>
   <div class='ocr_carea' id='block_1_104' title="bbox 914 1955 1739 1992">
    <p class='ocr_par' dir='ltr' id='par_1_104' title="bbox 914 1955 1739 1992">
     <span class='ocr_line' id='line_1_104' title="bbox 914 1955 1739 1992; baseline 0 -9"><span class='ocrx_word' id='word_1_722' title='bbox 914 1955 1030 1983; x_wconf 86' lang='lat' dir='ltr'>medios</span> <span class='ocrx_word' id='word_1_723' title='bbox 1042 1958 1068 1983; x_wconf 90' lang='lat' dir='ltr'>te</span> <span class='ocrx_word' id='word_1_724' title='bbox 1077 1955 1204 1992; x_wconf 89' lang='lat' dir='ltr'>laqueos</span> <span class='ocrx_word' id='word_1_725' title='bbox 1217 1955 1354 1988; x_wconf 86' lang='lat' dir='ltr'>transire,</span> <span class='ocrx_word' id='word_1_726' title='bbox 1366 1958 1395 1983; x_wconf 92' lang='lat' dir='ltr'>et</span> <span class='ocrx_word' id='word_1_727' title='bbox 1405 1963 1498 1992; x_wconf 87' lang='lat' dir='ltr'>supra</span> <span class='ocrx_word' id='word_1_728' title='bbox 1507 1955 1658 1984; x_wconf 85' lang='lat' dir='ltr'>excelsum</span> <span class='ocrx_word' id='word_1_729' title='bbox 1673 1963 1739 1984; x_wconf 88' lang='lat' dir='ltr'>mu-</span> 
     </span>
    </p>
   </div>
   <div class='ocr_carea' id='block_1_105' title="bbox 914 1999 1737 2036">
    <p class='ocr_par' dir='ltr' id='par_1_105' title="bbox 914 1999 1737 2036">
     <span class='ocr_line' id='line_1_105' title="bbox 914 1999 1737 2036; baseline 0 -8"><span class='ocrx_word' id='word_1_730' title='bbox 914 2007 982 2028; x_wconf 89' lang='lat' dir='ltr'>rum</span> <span class='ocrx_word' id='word_1_731' title='bbox 997 1999 1165 2034; x_wconf 84' lang='lat' dir='ltr'>ambulare,</span> <span class='ocrx_word' id='word_1_732' title='bbox 1174 2007 1211 2028; x_wconf 85' lang='lat' dir='ltr'>ex</span> <span class='ocrx_word' id='word_1_733' title='bbox 1219 2007 1281 2036; x_wconf 88' lang='lat' dir='ltr'>quo</span> <span class='ocrx_word' id='word_1_734' title='bbox 1291 2000 1481 2036; x_wconf 89' lang='lat' dir='ltr'>periculosus</span> <span class='ocrx_word' id='word_1_735' title='bbox 1495 1999 1616 2028; x_wconf 87' lang='lat' dir='ltr'>cadenti</span> <span class='ocrx_word' id='word_1_736' title='bbox 1623 1999 1737 2036; x_wconf 87' lang='lat' dir='ltr'>lapsus.</span> 
     </span>
    </p>
   </div>
   <div class='ocr_carea' id='block_1_106' title="bbox 915 2044 1738 2081">
    <p class='ocr_par' dir='ltr' id='par_1_106' title="bbox 915 2044 1738 2081">
     <span class='ocr_line' id='line_1_106' title="bbox 915 2044 1738 2081; baseline 0.001 -9"><span class='ocrx_word' id='word_1_737' title='bbox 915 2045 1103 2080; x_wconf 84' lang='lat' dir='ltr'>Quapropter</span> <span class='ocrx_word' id='word_1_738' title='bbox 1111 2052 1149 2072; x_wconf 91' lang='lat' dir='ltr'>ne</span> <span class='ocrx_word' id='word_1_739' title='bbox 1164 2044 1262 2072; x_wconf 88' lang='lat' dir='ltr'>statim</span> <span class='ocrx_word' id='word_1_740' title='bbox 1275 2044 1313 2072; x_wconf 85' lang='lat' dir='ltr'>ad</span> <span class='ocrx_word' id='word_1_741' title='bbox 1333 2045 1400 2073; x_wconf 77' lang='lat' dir='ltr'>vitae</span> <span class='ocrx_word' id='word_1_742' title='bbox 1414 2044 1548 2073; x_wconf 65' lang='lat' dir='ltr'>asceticaa</span> <span class='ocrx_word' id='word_1_743' title='bbox 1568 2045 1686 2081; x_wconf 85' lang='lat' dir='ltr'>apicem</span> <span class='ocrx_word' id='word_1_744' title='bbox 1698 2047 1738 2073; x_wconf 85' lang='lat' dir='ltr'>te-</span> 
     </span>
    </p>
   </div>
   <div class='ocr_carea' id='block_1_107' title="bbox 913 2088 1737 2126">
    <p class='ocr_par' dir='ltr' id='par_1_107' title="bbox 913 2088 1737 2126">
     <span class='ocr_line' id='line_1_107' title="bbox 913 2088 1737 2126; baseline 0.001 -10"><span class='ocrx_word' id='word_1_745' title='bbox 913 2089 1076 2125; x_wconf 88' lang='lat' dir='ltr'>metipsum</span> <span class='ocrx_word' id='word_1_746' title='bbox 1095 2088 1256 2117; x_wconf 86' lang='lat' dir='ltr'>intendas:</span> <span class='ocrx_word' id='word_1_747' title='bbox 1278 2089 1410 2117; x_wconf 82' lang='lat' dir='ltr'>maxime</span> <span class='ocrx_word' id='word_1_748' title='bbox 1437 2097 1509 2118; x_wconf 89' lang='lat' dir='ltr'>vero</span> <span class='ocrx_word' id='word_1_749' title='bbox 1532 2097 1571 2117; x_wconf 90' lang='lat' dir='ltr'>ne</span> <span class='ocrx_word' id='word_1_750' title='bbox 1599 2089 1651 2117; x_wconf 87' lang='lat' dir='ltr'>tibi</span> <span class='ocrx_word' id='word_1_751' title='bbox 1671 2089 1737 2126; x_wconf 92' lang='lat' dir='ltr'>ipse</span> 
     </span>
    </p>
   </div>
   <div class='ocr_carea' id='block_1_108' title="bbox 914 2133 1738 2169">
    <p class='ocr_par' dir='ltr' id='par_1_108' title="bbox 914 2133 1738 2169">
     <span class='ocr_line' id='line_1_108' title="bbox 914 2133 1738 2169; baseline 0 -7"><span class='ocrx_word' id='word_1_752' title='bbox 914 2133 1062 2169; x_wconf 89' lang='lat' dir='ltr'>conﬁdas,</span> <span class='ocrx_word' id='word_1_753' title='bbox 1076 2135 1108 2161; x_wconf 91' lang='lat' dir='ltr'>ut</span> <span class='ocrx_word' id='word_1_754' title='bbox 1120 2141 1158 2161; x_wconf 90' lang='lat' dir='ltr'>ne</span> <span class='ocrx_word' id='word_1_755' title='bbox 1174 2133 1214 2162; x_wconf 88' lang='lat' dir='ltr'>ob</span> <span class='ocrx_word' id='word_1_756' title='bbox 1232 2133 1414 2169; x_wconf 83' lang='lat' dir='ltr'>imperitiam</span> <span class='ocrx_word' id='word_1_757' title='bbox 1427 2142 1463 2162; x_wconf 86' lang='lat' dir='ltr'>ex</span> <span class='ocrx_word' id='word_1_758' title='bbox 1483 2142 1604 2162; x_wconf 88' lang='lat' dir='ltr'>summo</span> <span class='ocrx_word' id='word_1_759' title='bbox 1619 2133 1738 2162; x_wconf 88' lang='lat' dir='ltr'>ascetici</span> 
     </span>
    </p>
   </div>
   <div class='ocr_carea' id='block_1_109' title="bbox 913 2177 1738 2214">
    <p class='ocr_par' dir='ltr' id='par_1_109' title="bbox 913 2177 1738 2214">
     <span class='ocr_line' id='line_1_109' title="bbox 913 2177 1738 2214; baseline 0 -8"><span class='ocrx_word' id='word_1_760' title='bbox 913 2178 1037 2207; x_wconf 86' lang='lat' dir='ltr'>instituti</span> <span class='ocrx_word' id='word_1_761' title='bbox 1050 2177 1174 2206; x_wconf 86' lang='lat' dir='ltr'>labaris.</span> <span class='ocrx_word' id='word_1_762' title='bbox 1189 2179 1264 2206; x_wconf 85' lang='lat' dir='ltr'>Nam</span> <span class='ocrx_word' id='word_1_763' title='bbox 1277 2178 1370 2206; x_wconf 85' lang='lat' dir='ltr'>satius</span> <span class='ocrx_word' id='word_1_764' title='bbox 1379 2178 1467 2206; x_wconf 86' lang='lat' dir='ltr'>fuerit</span> <span class='ocrx_word' id='word_1_765' title='bbox 1485 2178 1632 2214; x_wconf 86' lang='lat' dir='ltr'>paulatim</span> <span class='ocrx_word' id='word_1_766' title='bbox 1646 2178 1738 2214; x_wconf 84' lang='lat' dir='ltr'>proti-</span> 
     </span>
    </p>
   </div>
   <div class='ocr_carea' id='block_1_110' title="bbox 913 2222 1737 2260">
    <p class='ocr_par' dir='ltr' id='par_1_110' title="bbox 913 2222 1737 2260">
     <span class='ocr_line' id='line_1_110' title="bbox 913 2222 1737 2260; baseline -0.001 -9"><span class='ocrx_word' id='word_1_767' title='bbox 913 2230 989 2252; x_wconf 90' lang='lat' dir='ltr'>cere.</span> <span class='ocrx_word' id='word_1_768' title='bbox 1004 2224 1106 2260; x_wconf 85' lang='lat' dir='ltr'>Itaque</span> <span class='ocrx_word' id='word_1_769' title='bbox 1116 2222 1284 2258; x_wconf 83' lang='lat' dir='ltr'>voluptates</span> <span class='ocrx_word' id='word_1_770' title='bbox 1298 2222 1366 2250; x_wconf 68' lang='lat' dir='ltr'>vita:</span> <span class='ocrx_word' id='word_1_771' title='bbox 1376 2222 1490 2250; x_wconf 89' lang='lat' dir='ltr'>sensim</span> <span class='ocrx_word' id='word_1_772' title='bbox 1498 2222 1737 2256; x_wconf 86' lang='lat' dir='ltr'>subtrahe,tuam</span> 
     </span>
    </p>
   </div>
   <div class='ocr_carea' id='block_1_111' title="bbox 913 2266 1732 2301">
    <p class='ocr_par' dir='ltr' id='par_1_111' title="bbox 913 2266 1732 2301">
     <span class='ocr_line' id='line_1_111' title="bbox 913 2266 1732 2301; baseline -0.001 -6"><span class='ocrx_word' id='word_1_773' title='bbox 913 2275 1035 2296; x_wconf 88' lang='lat' dir='ltr'>omnem</span> <span class='ocrx_word' id='word_1_774' title='bbox 1051 2266 1299 2295; x_wconf 87' lang='lat' dir='ltr'>consuetudinem</span> <span class='ocrx_word' id='word_1_775' title='bbox 1313 2266 1429 2301; x_wconf 86' lang='lat' dir='ltr'>delens,</span> <span class='ocrx_word' id='word_1_776' title='bbox 1444 2273 1482 2294; x_wconf 88' lang='lat' dir='ltr'>ne</span> <span class='ocrx_word' id='word_1_777' title='bbox 1497 2266 1572 2294; x_wconf 87' lang='lat' dir='ltr'>forte</span> <span class='ocrx_word' id='word_1_778' title='bbox 1592 2266 1617 2294; x_wconf 92' lang='lat' dir='ltr'>si</span> <span class='ocrx_word' id='word_1_779' title='bbox 1631 2266 1732 2294; x_wconf 88' lang='lat' dir='ltr'>subito</span> 
     </span>
    </p>
   </div>
   <div class='ocr_carea' id='block_1_112' title="bbox 913 2310 1736 2348">
    <p class='ocr_par' dir='ltr' id='par_1_112' title="bbox 913 2310 1736 2348">
     <span class='ocr_line' id='line_1_112' title="bbox 913 2310 1736 2348; baseline -0.002 -6"><span class='ocrx_word' id='word_1_780' title='bbox 913 2319 1019 2342; x_wconf 89' lang='lat' dir='ltr'>omnes</span> <span class='ocrx_word' id='word_1_781' title='bbox 1033 2310 1124 2340; x_wconf 87' lang='lat' dir='ltr'>simul</span> <span class='ocrx_word' id='word_1_782' title='bbox 1137 2311 1306 2348; x_wconf 87' lang='lat' dir='ltr'>voluptates</span> <span class='ocrx_word' id='word_1_783' title='bbox 1319 2311 1453 2345; x_wconf 85' lang='lat' dir='ltr'>irritaris,</span> <span class='ocrx_word' id='word_1_784' title='bbox 1470 2310 1523 2339; x_wconf 86' lang='lat' dir='ltr'>tibi</span> <span class='ocrx_word' id='word_1_785' title='bbox 1536 2311 1600 2348; x_wconf 88' lang='lat' dir='ltr'>ipse</span> <span class='ocrx_word' id='word_1_786' title='bbox 1615 2311 1736 2340; x_wconf 83' lang='lat' dir='ltr'>turbam</span> 
     </span>
    </p>
   </div>
   <div class='ocr_carea' id='block_1_113' title="bbox 913 2402 1183 2436">
    <p class='ocr_par' dir='ltr' id='par_1_113' title="bbox 913 2402 1183 2436">
     <span class='ocr_line' id='line_1_113' title="bbox 913 2402 1183 2436; baseline 0 -6"><span class='ocrx_word' id='word_1_787' title='bbox 913 2404 936 2421; x_wconf 75' lang='grc'>³⁸</span> <span class='ocrx_word' id='word_1_788' title='bbox 956 2402 1029 2431; x_wconf 81' lang='lat' dir='ltr'>ibid.</span> <span class='ocrx_word' id='word_1_789' title='bbox 1057 2404 1101 2436; x_wconf 82' lang='lat'>27,</span> <span class='ocrx_word' id='word_1_790' title='bbox 1139 2404 1183 2430; x_wconf 88' lang='lat'>28.</span> 
     </span>
    </p>
   </div>
   <div class='ocr_carea' id='block_1_114' title="bbox 1240 2401 1736 2437">
    <p class='ocr_par' dir='ltr' id='par_1_114' title="bbox 1240 2401 1736 2437">
     <span class='ocr_line' id='line_1_114' title="bbox 1240 2401 1736 2437; baseline 0.006 -8"><span class='ocrx_word' id='word_1_791' title='bbox 1240 2402 1264 2419; x_wconf 84' lang='grc' dir='ltr'>³ο</span> <span class='ocrx_word' id='word_1_792' title='bbox 1283 2401 1358 2430; x_wconf 88' lang='lat' dir='ltr'>Psal.</span> <span class='ocrx_word' id='word_1_793' title='bbox 1393 2409 1488 2437; x_wconf 76' lang='lat' dir='ltr'>cxxxr,</span> <span class='ocrx_word' id='word_1_794' title='bbox 1521 2403 1547 2430; x_wconf 86' lang='grc'>4.</span> <span class='ocrx_word' id='word_1_795' title='bbox 1605 2403 1627 2420; x_wconf 86' lang='grc'>³¹</span> <span class='ocrx_word' id='word_1_796' title='bbox 1649 2404 1736 2432; x_wconf 88' lang='lat' dir='ltr'>Prov.</span> 
     </span>
    </p>
   </div>
   <div class='ocr_carea' id='block_1_115' title="bbox 914 2527 1734 2565">
    <p class='ocr_par' dir='ltr' id='par_1_115' title="bbox 914 2527 1734 2565">
     <span class='ocr_line' id='line_1_115' title="bbox 914 2527 1734 2565; baseline -0.001 -9"><span class='ocrx_word' id='word_1_797' title='bbox 914 2528 983 2565; x_wconf 78' lang='lat' dir='ltr'>sius</span> <span class='ocrx_word' id='word_1_798' title='bbox 992 2527 1154 2565; x_wconf 81' lang='lat' dir='ltr'>legendum</span> <span class='ocrx_word' id='word_1_799' title='bbox 1169 2529 1255 2554; x_wconf 82' lang='grc' dir='ltr'>εὔνοια</span> <span class='ocrx_word' id='word_1_800' title='bbox 1270 2527 1305 2559; x_wconf 85' lang='grc' dir='ltr'>εἰς</span> <span class='ocrx_word' id='word_1_801' title='bbox 1327 2529 1398 2562; x_wconf 81' lang='grc' dir='ltr'>Θεὸν,</span> <span class='ocrx_word' id='word_1_802' title='bbox 1424 2527 1515 2565; x_wconf 87' lang='lat' dir='ltr'>idque</span> <span class='ocrx_word' id='word_1_803' title='bbox 1535 2527 1566 2556; x_wconf 89' lang='lat' dir='ltr'>in</span> <span class='ocrx_word' id='word_1_804' title='bbox 1591 2527 1734 2564; x_wconf 85' lang='lat' dir='ltr'>interpre-</span> 
     </span>
    </p>
   </div>
   <div class='ocr_carea' id='block_1_116' title="bbox 913 2564 1246 2593">
    <p class='ocr_par' dir='ltr' id='par_1_116' title="bbox 913 2564 1246 2593">
     <span class='ocr_line' id='line_1_116' title="bbox 913 2564 1246 2593; baseline -0.009 0"><span class='ocrx_word' id='word_1_805' title='bbox 913 2564 1007 2593; x_wconf 85' lang='lat' dir='ltr'>tando</span> <span class='ocrx_word' id='word_1_806' title='bbox 1021 2564 1114 2591; x_wconf 86' lang='lat' dir='ltr'>secuti</span> <span class='ocrx_word' id='word_1_807' title='bbox 1129 2571 1246 2591; x_wconf 84' lang='lat' dir='ltr'>sumus.</span> 
     </span>
    </p>
   </div>
   <div class='ocr_carea' id='block_1_117' title="bbox 949 2598 1734 2635">
    <p class='ocr_par' dir='ltr' id='par_1_117' title="bbox 949 2598 1734 2635">
     <span class='ocr_line' id='line_1_117' title="bbox 949 2598 1734 2635; baseline 0 -7"><span class='ocrx_word' id='word_1_808' title='bbox 949 2601 1006 2635; x_wconf 83' lang='lat'>(83)</span> <span class='ocrx_word' id='word_1_809' title='bbox 1023 2599 1066 2630; x_wconf 82' lang='grc' dir='ltr'>Εἰς</span> <span class='ocrx_word' id='word_1_810' title='bbox 1080 2601 1126 2628; x_wconf 82' lang='grc' dir='ltr'>τὴν</span> <span class='ocrx_word' id='word_1_811' title='bbox 1139 2603 1195 2626; x_wconf 83' lang='grc' dir='ltr'>τοῦ.</span> <span class='ocrx_word' id='word_1_812' title='bbox 1212 2599 1259 2628; x_wconf 86' lang='lat' dir='ltr'>Sic</span> <span class='ocrx_word' id='word_1_813' title='bbox 1279 2599 1341 2627; x_wconf 92' lang='lat' dir='ltr'>duo</span> <span class='ocrx_word' id='word_1_814' title='bbox 1356 2599 1474 2628; x_wconf 84' lang='lat' dir='ltr'>codices</span> <span class='ocrx_word' id='word_1_815' title='bbox 1496 2607 1568 2627; x_wconf 88' lang='lat' dir='ltr'>mss.</span> <span class='ocrx_word' id='word_1_816' title='bbox 1584 2598 1671 2635; x_wconf 17' lang='lat' dir='ltr'>rEditi</span> <span class='ocrx_word' id='word_1_817' title='bbox 1701 2598 1734 2628; x_wconf 80' lang='grc' dir='ltr'>εὶς</span> 
     </span>
    </p>
   </div>
   <div class='ocr_carea' id='block_1_118' title="bbox 914 2634 1733 2672">
    <p class='ocr_par' dir='ltr' id='par_1_118' title="bbox 914 2634 1733 2672">
     <span class='ocr_line' id='line_1_118' title="bbox 914 2634 1733 2672; baseline -0.001 -10"><span class='ocrx_word' id='word_1_818' title='bbox 914 2639 968 2672; x_wconf 58' lang='grc' dir='ltr'>τοῦ.</span> <span class='ocrx_word' id='word_1_819' title='bbox 986 2635 1100 2672; x_wconf 81' lang='lat' dir='ltr'>ibidem</span> <span class='ocrx_word' id='word_1_820' title='bbox 1113 2635 1183 2663; x_wconf 83' lang='lat' dir='ltr'>editi</span> <span class='ocrx_word' id='word_1_821' title='bbox 1198 2635 1281 2672; x_wconf 81' lang='grc' dir='ltr'>ἀρκεῖ.</span> <span class='ocrx_word' id='word_1_822' title='bbox 1299 2636 1363 2662; x_wconf 90' lang='lat' dir='ltr'>Duo</span> <span class='ocrx_word' id='word_1_823' title='bbox 1387 2635 1505 2663; x_wconf 88' lang='lat' dir='ltr'>codices</span> <span class='ocrx_word' id='word_1_824' title='bbox 1529 2637 1561 2662; x_wconf 89' lang='lat' dir='ltr'>ut</span> <span class='ocrx_word' id='word_1_825' title='bbox 1581 2634 1612 2662; x_wconf 89' lang='lat' dir='ltr'>in</span> <span class='ocrx_word' id='word_1_826' title='bbox 1639 2636 1733 2662; x_wconf 85' lang='lat' dir='ltr'>textu.</span> 
     </span>
    </p>
   </div>
   <div class='ocr_carea' id='block_1_119' title="bbox 913 2670 1539 2712">
    <p class='ocr_par' dir='ltr' id='par_1_119' title="bbox 913 2670 1539 2712">
     <span class='ocr_line' id='line_1_119' title="bbox 913 2670 1539 2712; baseline -0.005 -13"><span class='ocrx_word' id='word_1_827' title='bbox 1019 2670 1111 2712; x_wconf 64' lang='lat' dir='ltr'>paulo</span> <span class='ocrx_word' id='word_1_828' title='bbox 1123 2673 1192 2712; x_wconf 73' lang='lat' dir='ltr'>post</span> <span class='ocrx_word' id='word_1_829' title='bbox 1204 2670 1376 2712; x_wconf 65' lang='grc' dir='ltr'>μαθητευθεὶς</span> <span class='ocrx_word' id='word_1_830' title='bbox 1389 2675 1426 2706; x_wconf 86' lang='grc' dir='ltr'>τῷ</span> <span class='ocrx_word' id='word_1_831' title='bbox 1441 2672 1539 2708; x_wconf 75' lang='grc' dir='ltr'>Κυρίῳ.</span> 
     </span>
    </p>
   </div>
   <div class='ocr_carea' id='block_1_120' title="bbox 950 2706 1492 2743">
    <p class='ocr_par' dir='ltr' id='par_1_120' title="bbox 950 2706 1492 2743">
     <span class='ocr_line' id='line_1_120' title="bbox 950 2706 1492 2743; baseline -0.002 -8"><span class='ocrx_word' id='word_1_832' title='bbox 950 2708 1007 2743; x_wconf 74' lang='grc'>(84)</span> <span class='ocrx_word' id='word_1_833' title='bbox 1021 2706 1224 2743; x_wconf 58' lang='grc' dir='ltr'>Ἔστωίῡεοεῐ</span> <span class='ocrx_word' id='word_1_834' title='bbox 1236 2707 1297 2743; x_wconf 12' lang='lat' dir='ltr'>inid</span> <span class='ocrx_word' id='word_1_835' title='bbox 1304 2706 1402 2743; x_wconf 82' lang='lat' dir='ltr'>uobus</span> <span class='ocrx_word' id='word_1_836' title='bbox 1417 2706 1492 2743; x_wconf 74' lang='lat' dir='ltr'>mss.</span> 
     </span>
    </p>
   </div>
   <div class='ocr_carea' id='block_1_121' title="bbox 948 2740 1733 2779">
    <p class='ocr_par' dir='ltr' id='par_1_121' title="bbox 948 2740 1733 2779">
     <span class='ocr_line' id='line_1_121' title="bbox 948 2740 1733 2779; baseline -0.004 -8"><span class='ocrx_word' id='word_1_837' title='bbox 948 2740 1004 2778; x_wconf 65' lang='lat'>(85)</span> <span class='ocrx_word' id='word_1_838' title='bbox 1014 2742 1096 2779; x_wconf 52' lang='lat' dir='ltr'>plays</span> <span class='ocrx_word' id='word_1_839' title='bbox 1110 2743 1170 2779; x_wconf 81' lang='grc' dir='ltr'>γὰρ,</span> <span class='ocrx_word' id='word_1_840' title='bbox 1187 2743 1237 2770; x_wconf 85' lang='grc' dir='ltr'>ὃτι.</span> <span class='ocrx_word' id='word_1_841' title='bbox 1251 2742 1297 2770; x_wconf 91' lang='lat' dir='ltr'>Sic</span> <span class='ocrx_word' id='word_1_842' title='bbox 1311 2742 1373 2770; x_wconf 92' lang='lat' dir='ltr'>duo</span> <span class='ocrx_word' id='word_1_843' title='bbox 1388 2742 1517 2774; x_wconf 86' lang='lat' dir='ltr'>codices,</span> <span class='ocrx_word' id='word_1_844' title='bbox 1545 2740 1622 2769; x_wconf 88' lang='lat' dir='ltr'>alius</span> <span class='ocrx_word' id='word_1_845' title='bbox 1645 2740 1733 2778; x_wconf 79' lang='grc' dir='ltr'>βλέπε,</span> 
     </span>
    </p>
   </div>
   <div class='ocr_carea' id='block_1_122' title="bbox 914 2777 1219 2819">
    <p class='ocr_par' dir='ltr' id='par_1_122' title="bbox 914 2777 1219 2819">
     <span class='ocr_line' id='line_1_122' title="bbox 914 2777 1219 2819; baseline -0.003 -14"><span class='ocrx_word' id='word_1_846' title='bbox 914 2777 975 2819; x_wconf 45' lang='grc' dir='ltr'>ὅττί.Δ</span> <span class='ocrx_word' id='word_1_847' title='bbox 980 2777 1054 2819; x_wconf 50' lang='grc' dir='ltr'>ξόξῆ</span> <span class='ocrx_word' id='word_1_848' title='bbox 1067 2777 1159 2819; x_wconf 51' lang='lat' dir='ltr'>gigni,</span> <span class='ocrx_word' id='word_1_849' title='bbox 1176 2779 1219 2819; x_wconf 48' lang='grc' dir='ltr'>ὡς,</span> 
     </span>
    </p>
   </div>
   <div class='ocr_carea' id='block_1_123' title="bbox 950 2812 1646 2851">
    <p class='ocr_par' dir='ltr' id='par_1_123' title="bbox 950 2812 1646 2851">
     <span class='ocr_line' id='line_1_123' title="bbox 950 2812 1646 2851; baseline -0.003 -9"><span class='ocrx_word' id='word_1_850' title='bbox 950 2814 1006 2850; x_wconf 77' lang='lat'><strong>(86)</strong></span> <span class='ocrx_word' id='word_1_851' title='bbox 1018 2812 1172 2851; x_wconf 74' lang='grc' dir='ltr'>θαρῥήσης.</span> <span class='ocrx_word' id='word_1_852' title='bbox 1189 2813 1235 2842; x_wconf 92' lang='lat' dir='ltr'>Sic</span> <span class='ocrx_word' id='word_1_853' title='bbox 1253 2813 1315 2842; x_wconf 89' lang='lat' dir='ltr'>duo</span> <span class='ocrx_word' id='word_1_854' title='bbox 1327 2821 1403 2842; x_wconf 85' lang='lat' dir='ltr'>mss.</span> <span class='ocrx_word' id='word_1_855' title='bbox 1420 2812 1494 2842; x_wconf 83' lang='lat' dir='ltr'>Editi</span> <span class='ocrx_word' id='word_1_856' title='bbox 1514 2812 1646 2850; x_wconf 76' lang='grc' dir='ltr'>θαῤῥήσῃ.</span> 
     </span>
    </p>
   </div>
  </div>
