  <div class='ocr_page' id='page_1' title='image "/cluster/home/n/w/nwhite01/storage/ocr_20150623/32/njp.32101077772539/191.png"; bbox 0 0 2009 3145; ppageno 0'>
   <div class='ocr_carea' id='block_1_1' title="bbox 272 135 324 164">
    <p class='ocr_par' dir='ltr' id='par_1_1' title="bbox 272 135 324 164">
     <span class='ocr_line' id='line_1_1' title="bbox 272 135 324 164; baseline 0 -1"><span class='ocrx_word' id='word_1_1' title='bbox 272 135 324 164; x_wconf 74' lang='lat'><strong>355</strong></span> 
     </span>
    </p>
   </div>
   <div class='ocr_carea' id='block_1_2' title="bbox 949 132 1947 167">
    <p class='ocr_par' dir='ltr' id='par_1_2' title="bbox 949 132 1947 167">
     <span class='ocr_line' id='line_1_2' title="bbox 949 132 1947 167; baseline 0.006 -6"><span class='ocrx_word' id='word_1_2' title='bbox 949 133 978 161; x_wconf 90' lang='lat' dir='ltr'>S.</span> <span class='ocrx_word' id='word_1_3' title='bbox 998 132 1124 162; x_wconf 77' lang='lat' dir='ltr'>BASILH</span> <span class='ocrx_word' id='word_1_4' title='bbox 1142 132 1264 162; x_wconf 78' lang='lat' dir='ltr'>MAGNI.</span> <span class='ocrx_word' id='word_1_5' title='bbox 1898 139 1947 167; x_wconf 78' lang='lat'>356</span> 
     </span>
    </p>
   </div>
   <div class='ocr_carea' id='block_1_3' title="bbox 272 195 1084 234">
    <p class='ocr_par' dir='ltr' id='par_1_3' title="bbox 272 195 1082 232">
     <span class='ocr_line' id='line_1_3' title="bbox 272 195 1082 232; baseline -0.002 -7"><span class='ocrx_word' id='word_1_6' title='bbox 272 196 443 232; x_wconf 77' lang='lat' dir='ltr'>aenigmata,</span> <span class='ocrx_word' id='word_1_7' title='bbox 477 195 663 232; x_wconf 78' lang='lat' dir='ltr'>explicantur</span> <span class='ocrx_word' id='word_1_8' title='bbox 698 195 865 232; x_wconf 83' lang='lat' dir='ltr'>apostolica</span> <span class='ocrx_word' id='word_1_9' title='bbox 899 195 1082 224; x_wconf 86' lang='lat' dir='ltr'>documenta</span> 
     </span>
    </p>
   </div>
   <div class='ocr_carea' id='block_1_4' title="bbox 1142 195 1951 234">
    <p class='ocr_par' dir='ltr' id='par_1_4' title="bbox 1150 195 1951 234">
     <span class='ocr_line' id='line_1_4' title="bbox 1150 195 1951 234; baseline 0.006 -12"><span class='ocrx_word' id='word_1_10' title='bbox 1150 195 1325 232; x_wconf 68' lang='grc' dir='ltr'>ἀποκαλύψεις</span> <span class='ocrx_word' id='word_1_11' title='bbox 1351 199 1532 234; x_wconf 83' lang='grc' dir='ltr'>παροιμιακῶν</span> <span class='ocrx_word' id='word_1_12' title='bbox 1569 196 1739 234; x_wconf 75' lang='grc' dir='ltr'>αἰνιγμάτων,</span> <span class='ocrx_word' id='word_1_13' title='bbox 1770 198 1861 231; x_wconf 79' lang='grc' dir='ltr'>λύσεις</span> <span class='ocrx_word' id='word_1_14' title='bbox 1889 201 1951 227; x_wconf 78' lang='grc' dir='ltr'>ἀπο-</span> 
     </span>
    </p>
   </div>
   <div class='ocr_carea' id='block_1_5' title="bbox 272 241 1094 278">
    <p class='ocr_par' dir='ltr' id='par_1_5' title="bbox 272 241 1094 278">
     <span class='ocr_line' id='line_1_5' title="bbox 272 241 1094 278; baseline -0.002 -8"><span class='ocrx_word' id='word_1_15' title='bbox 272 243 464 278; x_wconf 83' lang='lat' dir='ltr'>exponuntur</span> <span class='ocrx_word' id='word_1_16' title='bbox 478 241 656 277; x_wconf 58' lang='lat' dir='ltr'>evangelica</span> <span class='ocrx_word' id='word_1_17' title='bbox 683 241 846 274; x_wconf 67' lang='lat' dir='ltr'>sententiae,</span> <span class='ocrx_word' id='word_1_18' title='bbox 865 241 1017 275; x_wconf 78' lang='lat' dir='ltr'>theologia</span> <span class='ocrx_word' id='word_1_19' title='bbox 1043 248 1094 268; x_wconf 83' lang='lat' dir='ltr'>au-</span> 
     </span>
    </p>
   </div>
   <div class='ocr_carea' id='block_1_6' title="bbox 271 285 1094 322">
    <p class='ocr_par' dir='ltr' id='par_1_6' title="bbox 271 285 1094 322">
     <span class='ocr_line' id='line_1_6' title="bbox 271 285 1094 322; baseline -0.002 -7"><span class='ocrx_word' id='word_1_20' title='bbox 271 286 368 320; x_wconf 89' lang='lat' dir='ltr'>ditur;</span> <span class='ocrx_word' id='word_1_21' title='bbox 384 286 443 314; x_wconf 92' lang='lat' dir='ltr'>illic</span> <span class='ocrx_word' id='word_1_22' title='bbox 458 293 638 320; x_wconf 85' lang='lat' dir='ltr'>congressus</span> <span class='ocrx_word' id='word_1_23' title='bbox 653 285 779 314; x_wconf 82' lang='lat' dir='ltr'>fratrum</span> <span class='ocrx_word' id='word_1_24' title='bbox 804 285 1013 322; x_wconf 77' lang='lat' dir='ltr'>spiritualium,</span> <span class='ocrx_word' id='word_1_25' title='bbox 1030 293 1094 313; x_wconf 82' lang='lat' dir='ltr'>ma-</span> 
     </span>
    </p>
   </div>
   <div class='ocr_carea' id='block_1_7' title="bbox 271 330 1093 368">
    <p class='ocr_par' dir='ltr' id='par_1_7' title="bbox 271 330 1093 368">
     <span class='ocr_line' id='line_1_7' title="bbox 271 330 1093 368; baseline -0.002 -9"><span class='ocrx_word' id='word_1_26' title='bbox 271 339 363 368; x_wconf 83' lang='lat' dir='ltr'>gnam</span> <span class='ocrx_word' id='word_1_27' title='bbox 379 330 587 359; x_wconf 84' lang='lat' dir='ltr'>occurentibus</span> <span class='ocrx_word' id='word_1_28' title='bbox 600 338 637 358; x_wconf 85' lang='lat' dir='ltr'>ex</span> <span class='ocrx_word' id='word_1_29' title='bbox 665 330 766 359; x_wconf 90' lang='lat' dir='ltr'>vultus</span> <span class='ocrx_word' id='word_1_30' title='bbox 785 332 909 367; x_wconf 89' lang='lat' dir='ltr'>aspectu</span> <span class='ocrx_word' id='word_1_31' title='bbox 937 330 1093 358; x_wconf 77' lang='lat' dir='ltr'>utilitatem</span> 
     </span>
    </p>
   </div>
   <div class='ocr_carea' id='block_1_8' title="bbox 269 374 1091 412">
    <p class='ocr_par' dir='ltr' id='par_1_8' title="bbox 269 374 1091 412">
     <span class='ocr_line' id='line_1_8' title="bbox 269 374 1091 412; baseline -0.001 -9"><span class='ocrx_word' id='word_1_32' title='bbox 269 375 478 412; x_wconf 60' lang='lat' dir='ltr'>praebentium.</span> <span class='ocrx_word' id='word_1_33' title='bbox 501 377 543 403; x_wconf 88' lang='lat' dir='ltr'>Tu</span> <span class='ocrx_word' id='word_1_34' title='bbox 573 378 673 403; x_wconf 88' lang='lat' dir='ltr'>autem</span> <span class='ocrx_word' id='word_1_35' title='bbox 700 377 727 404; x_wconf 89' lang='lat' dir='ltr'>te</span> <span class='ocrx_word' id='word_1_36' title='bbox 741 375 805 412; x_wconf 90' lang='lat' dir='ltr'>ipse</span> <span class='ocrx_word' id='word_1_37' title='bbox 821 375 938 403; x_wconf 87' lang='lat' dir='ltr'>atantis</span> <span class='ocrx_word' id='word_1_38' title='bbox 953 374 1042 402; x_wconf 91' lang='lat' dir='ltr'>bonis</span> <span class='ocrx_word' id='word_1_39' title='bbox 1052 374 1091 403; x_wconf 85' lang='lat' dir='ltr'>ef-</span> 
     </span>
    </p>
   </div>
   <div class='ocr_carea' id='block_1_9' title="bbox 269 418 1093 456">
    <p class='ocr_par' dir='ltr' id='par_1_9' title="bbox 269 418 1093 456">
     <span class='ocr_line' id='line_1_9' title="bbox 269 418 1093 456; baseline -0.002 -8"><span class='ocrx_word' id='word_1_40' title='bbox 269 421 361 448; x_wconf 83' lang='lat' dir='ltr'>fecisti</span> <span class='ocrx_word' id='word_1_41' title='bbox 385 420 526 456; x_wconf 85' lang='lat' dir='ltr'>alienum,</span> <span class='ocrx_word' id='word_1_42' title='bbox 551 422 640 456; x_wconf 87' lang='lat' dir='ltr'>atque</span> <span class='ocrx_word' id='word_1_43' title='bbox 665 419 712 447; x_wconf 89' lang='lat' dir='ltr'>hic</span> <span class='ocrx_word' id='word_1_44' title='bbox 735 419 855 448; x_wconf 86' lang='lat' dir='ltr'>desides</span> <span class='ocrx_word' id='word_1_45' title='bbox 871 419 1042 447; x_wconf 86' lang='lat' dir='ltr'>belluarum</span> <span class='ocrx_word' id='word_1_46' title='bbox 1062 418 1093 447; x_wconf 90' lang='lat' dir='ltr'>in</span> 
     </span>
    </p>
   </div>
   <div class='ocr_carea' id='block_1_10' title="bbox 268 464 1092 494">
    <p class='ocr_par' dir='ltr' id='par_1_10' title="bbox 268 464 1092 494">
     <span class='ocr_line' id='line_1_10' title="bbox 268 464 1092 494; baseline -0.002 -1"><span class='ocrx_word' id='word_1_47' title='bbox 268 473 384 494; x_wconf 88' lang='lat' dir='ltr'>morem</span> <span class='ocrx_word' id='word_1_48' title='bbox 415 465 565 493; x_wconf 76' lang='lat' dir='ltr'>efferatus.</span> <span class='ocrx_word' id='word_1_49' title='bbox 603 464 688 492; x_wconf 85' lang='lat' dir='ltr'>Vides</span> <span class='ocrx_word' id='word_1_50' title='bbox 712 464 792 492; x_wconf 87' lang='lat' dir='ltr'>enim</span> <span class='ocrx_word' id='word_1_51' title='bbox 825 465 873 492; x_wconf 86' lang='lat' dir='ltr'>hic</span> <span class='ocrx_word' id='word_1_52' title='bbox 900 464 1092 492; x_wconf 76' lang='lat' dir='ltr'>solitudinem</span> 
     </span>
    </p>
   </div>
   <div class='ocr_carea' id='block_1_11' title="bbox 268 509 1092 546">
    <p class='ocr_par' dir='ltr' id='par_1_11' title="bbox 268 509 1092 546">
     <span class='ocr_line' id='line_1_11' title="bbox 268 509 1092 546; baseline -0.002 -7"><span class='ocrx_word' id='word_1_53' title='bbox 268 518 423 546; x_wconf 84' lang='lat' dir='ltr'>magnam,</span> <span class='ocrx_word' id='word_1_54' title='bbox 450 509 701 538; x_wconf 85' lang='lat' dir='ltr'>inhumanitatem</span> <span class='ocrx_word' id='word_1_55' title='bbox 727 517 788 538; x_wconf 90' lang='lat' dir='ltr'>non</span> <span class='ocrx_word' id='word_1_56' title='bbox 811 509 973 543; x_wconf 86' lang='lat' dir='ltr'>modicam,</span> <span class='ocrx_word' id='word_1_57' title='bbox 999 517 1092 546; x_wconf 90' lang='lat' dir='ltr'>penu-</span> 
     </span>
    </p>
   </div>
   <div class='ocr_carea' id='block_1_12' title="bbox 267 553 1091 591">
    <p class='ocr_par' dir='ltr' id='par_1_12' title="bbox 267 553 1091 591">
     <span class='ocr_line' id='line_1_12' title="bbox 267 553 1091 591; baseline -0.004 -7"><span class='ocrx_word' id='word_1_58' title='bbox 267 556 344 584; x_wconf 93' lang='lat' dir='ltr'>riam</span> <span class='ocrx_word' id='word_1_59' title='bbox 360 555 515 590; x_wconf 62' lang='lat' dir='ltr'>doctrinae,</span> <span class='ocrx_word' id='word_1_60' title='bbox 526 555 758 591; x_wconf 89' lang='lat' dir='ltr'>disjunctionem</span> <span class='ocrx_word' id='word_1_61' title='bbox 775 563 793 583; x_wconf 89' lang='lat' dir='ltr'>a</span> <span class='ocrx_word' id='word_1_62' title='bbox 805 555 958 590; x_wconf 86' lang='lat' dir='ltr'>fratribus,</span> <span class='ocrx_word' id='word_1_63' title='bbox 975 562 1010 582; x_wconf 86' lang='lat' dir='ltr'>ac</span> <span class='ocrx_word' id='word_1_64' title='bbox 1034 553 1091 590; x_wconf 90' lang='lat' dir='ltr'>spi-</span> 
     </span>
    </p>
   </div>
   <div class='ocr_carea' id='block_1_13' title="bbox 267 599 1090 635">
    <p class='ocr_par' dir='ltr' id='par_1_13' title="bbox 267 599 1090 635">
     <span class='ocr_line' id='line_1_13' title="bbox 267 599 1090 635; baseline -0.001 -7"><span class='ocrx_word' id='word_1_65' title='bbox 267 601 359 628; x_wconf 85' lang='lat' dir='ltr'>ritum</span> <span class='ocrx_word' id='word_1_66' title='bbox 382 608 454 635; x_wconf 88' lang='lat' dir='ltr'>erga</span> <span class='ocrx_word' id='word_1_67' title='bbox 476 599 526 628; x_wconf 86' lang='lat' dir='ltr'>Dei</span> <span class='ocrx_word' id='word_1_68' title='bbox 548 600 728 628; x_wconf 85' lang='lat' dir='ltr'>mandatum</span> <span class='ocrx_word' id='word_1_69' title='bbox 752 600 840 628; x_wconf 91' lang='lat' dir='ltr'>valde</span> <span class='ocrx_word' id='word_1_70' title='bbox 855 600 980 628; x_wconf 80' lang='lat' dir='ltr'>inertem</span> <span class='ocrx_word' id='word_1_71' title='bbox 995 607 1029 627; x_wconf 93' lang='lat' dir='ltr'>ac</span> <span class='ocrx_word' id='word_1_72' title='bbox 1043 607 1090 627; x_wconf 89' lang='lat' dir='ltr'>so-</span> 
     </span>
    </p>
   </div>
   <div class='ocr_carea' id='block_1_14' title="bbox 268 644 1090 681">
    <p class='ocr_par' dir='ltr' id='par_1_14' title="bbox 268 644 1090 681">
     <span class='ocr_line' id='line_1_14' title="bbox 268 644 1090 681; baseline -0.002 -7"><span class='ocrx_word' id='word_1_73' title='bbox 268 645 401 674; x_wconf 90' lang='lat' dir='ltr'>cordem.</span> <span class='ocrx_word' id='word_1_74' title='bbox 419 647 493 674; x_wconf 90' lang='lat' dir='ltr'>Cum</span> <span class='ocrx_word' id='word_1_75' title='bbox 509 645 599 680; x_wconf 88' lang='lat' dir='ltr'>igitur</span> <span class='ocrx_word' id='word_1_76' title='bbox 609 645 718 673; x_wconf 87' lang='lat' dir='ltr'>talibus</span> <span class='ocrx_word' id='word_1_77' title='bbox 733 653 767 673; x_wconf 81' lang='lat' dir='ltr'>ac</span> <span class='ocrx_word' id='word_1_78' title='bbox 784 645 874 673; x_wconf 87' lang='lat' dir='ltr'>tantis</span> <span class='ocrx_word' id='word_1_79' title='bbox 896 647 924 673; x_wconf 90' lang='lat' dir='ltr'>te</span> <span class='ocrx_word' id='word_1_80' title='bbox 947 644 1090 681; x_wconf 84' lang='lat' dir='ltr'>speciosis</span> 
     </span>
    </p>
   </div>
   <div class='ocr_carea' id='block_1_15' title="bbox 267 690 1091 727">
    <p class='ocr_par' dir='ltr' id='par_1_15' title="bbox 267 690 1091 727">
     <span class='ocr_line' id='line_1_15' title="bbox 267 690 1091 727; baseline -0.002 -8"><span class='ocrx_word' id='word_1_81' title='bbox 267 691 434 719; x_wconf 84' lang='lat' dir='ltr'>rationibus</span> <span class='ocrx_word' id='word_1_82' title='bbox 442 697 538 727; x_wconf 87' lang='lat' dir='ltr'>prava</span> <span class='ocrx_word' id='word_1_83' title='bbox 552 690 712 726; x_wconf 82' lang='lat' dir='ltr'>insurgens</span> <span class='ocrx_word' id='word_1_84' title='bbox 731 691 871 726; x_wconf 76' lang='lat' dir='ltr'>cogitatio</span> <span class='ocrx_word' id='word_1_85' title='bbox 887 690 1024 724; x_wconf 78' lang='lat' dir='ltr'>frangere</span> <span class='ocrx_word' id='word_1_86' title='bbox 1039 697 1091 717; x_wconf 86' lang='lat' dir='ltr'>vo-</span> 
     </span>
    </p>
   </div>
   <div class='ocr_carea' id='block_1_16' title="bbox 266 734 1090 771">
    <p class='ocr_par' dir='ltr' id='par_1_16' title="bbox 266 734 1090 771">
     <span class='ocr_line' id='line_1_16' title="bbox 266 734 1090 771; baseline -0.002 -7"><span class='ocrx_word' id='word_1_87' title='bbox 266 735 353 764; x_wconf 80' lang='lat' dir='ltr'>luerit</span> <span class='ocrx_word' id='word_1_88' title='bbox 369 745 376 769; x_wconf 91' lang='lat'><strong>;</strong></span> <span class='ocrx_word' id='word_1_89' title='bbox 392 742 512 771; x_wconf 90' lang='lat' dir='ltr'>oppone</span> <span class='ocrx_word' id='word_1_90' title='bbox 529 735 554 763; x_wconf 92' lang='lat' dir='ltr'>ei</span> <span class='ocrx_word' id='word_1_91' title='bbox 569 742 622 771; x_wconf 90' lang='lat' dir='ltr'>per</span> <span class='ocrx_word' id='word_1_92' title='bbox 636 735 718 771; x_wconf 86' lang='lat' dir='ltr'>piam</span> <span class='ocrx_word' id='word_1_93' title='bbox 726 735 982 763; x_wconf 75' lang='lat' dir='ltr'>ratiocinationem</span> <span class='ocrx_word' id='word_1_94' title='bbox 993 734 1090 770; x_wconf 85' lang='lat' dir='ltr'>ipsius</span> 
     </span>
    </p>
   </div>
   <div class='ocr_carea' id='block_1_17' title="bbox 265 779 1090 817">
    <p class='ocr_par' dir='ltr' id='par_1_17' title="bbox 265 779 1090 817">
     <span class='ocr_line' id='line_1_17' title="bbox 265 779 1090 817; baseline -0.001 -9"><span class='ocrx_word' id='word_1_95' title='bbox 265 781 308 809; x_wconf 89' lang='lat' dir='ltr'>rei</span> <span class='ocrx_word' id='word_1_96' title='bbox 321 779 546 817; x_wconf 76' lang='lat' dir='ltr'>experientiam,</span> <span class='ocrx_word' id='word_1_97' title='bbox 561 779 664 808; x_wconf 89' lang='lat' dir='ltr'>dicens</span> <span class='ocrx_word' id='word_1_98' title='bbox 680 789 685 807; x_wconf 93' lang='lat'>:</span> <span class='ocrx_word' id='word_1_99' title='bbox 705 779 957 816; x_wconf 84' lang='lat' dir='ltr'>Quandoquidem</span> <span class='ocrx_word' id='word_1_100' title='bbox 972 781 1003 807; x_wconf 91' lang='lat' dir='ltr'>tu</span> <span class='ocrx_word' id='word_1_101' title='bbox 1016 779 1090 807; x_wconf 87' lang='lat' dir='ltr'>mihi</span> 
     </span>
    </p>
   </div>
   <div class='ocr_carea' id='block_1_18' title="bbox 266 824 1090 861">
    <p class='ocr_par' dir='ltr' id='par_1_18' title="bbox 266 824 1090 861">
     <span class='ocr_line' id='line_1_18' title="bbox 266 824 1090 861; baseline -0.002 -8"><span class='ocrx_word' id='word_1_102' title='bbox 266 824 341 853; x_wconf 88' lang='lat' dir='ltr'>dicis</span> <span class='ocrx_word' id='word_1_103' title='bbox 362 825 444 853; x_wconf 87' lang='lat' dir='ltr'>bona</span> <span class='ocrx_word' id='word_1_104' title='bbox 470 832 534 852; x_wconf 87' lang='lat' dir='ltr'>esse</span> <span class='ocrx_word' id='word_1_105' title='bbox 559 832 626 861; x_wconf 66' lang='lat' dir='ltr'>qua:</span> <span class='ocrx_word' id='word_1_106' title='bbox 650 824 681 852; x_wconf 89' lang='lat' dir='ltr'>in</span> <span class='ocrx_word' id='word_1_107' title='bbox 704 824 819 852; x_wconf 87' lang='lat' dir='ltr'>mundo</span> <span class='ocrx_word' id='word_1_108' title='bbox 835 826 913 858; x_wconf 90' lang='lat' dir='ltr'>sunt,</span> <span class='ocrx_word' id='word_1_109' title='bbox 930 826 1090 860; x_wconf 80' lang='lat' dir='ltr'>propterea</span> 
     </span>
    </p>
   </div>
   <div class='ocr_carea' id='block_1_19' title="bbox 265 865 1084 905">
    <p class='ocr_par' dir='ltr' id='par_1_19' title="bbox 265 868 1084 905">
     <span class='ocr_line' id='line_1_19' title="bbox 265 868 1084 905; baseline -0.002 -7"><span class='ocrx_word' id='word_1_110' title='bbox 265 877 337 905; x_wconf 86' lang='lat' dir='ltr'>ergo</span> <span class='ocrx_word' id='word_1_111' title='bbox 352 869 421 897; x_wconf 91' lang='lat' dir='ltr'>illuc</span> <span class='ocrx_word' id='word_1_112' title='bbox 435 869 656 904; x_wconf 81' lang='lat' dir='ltr'>transmigravi,</span> <span class='ocrx_word' id='word_1_113' title='bbox 672 868 831 904; x_wconf 82' lang='lat' dir='ltr'>indignum</span> <span class='ocrx_word' id='word_1_114' title='bbox 848 869 997 905; x_wconf 87' lang='lat' dir='ltr'>meipsum</span> <span class='ocrx_word' id='word_1_115' title='bbox 1010 868 1084 904; x_wconf 91' lang='lat' dir='ltr'>judi-</span> 
     </span>
    </p>
   </div>
   <div class='ocr_carea' id='block_1_20' title="bbox 1142 865 1798 905">
    <p class='ocr_par' dir='ltr' id='par_1_20' title="bbox 1145 865 1798 905">
     <span class='ocr_line' id='line_1_20' title="bbox 1145 865 1798 905; baseline 0.003 -12"><span class='ocrx_word' id='word_1_116' title='bbox 1145 868 1219 900; x_wconf 75' lang='grc' dir='ltr'>εἰναι,</span> <span class='ocrx_word' id='word_1_117' title='bbox 1247 865 1294 893; x_wconf 75' lang='grc' dir='ltr'>διὰ</span> <span class='ocrx_word' id='word_1_118' title='bbox 1318 871 1393 893; x_wconf 73' lang='grc' dir='ltr'>τοῦτο</span> <span class='ocrx_word' id='word_1_119' title='bbox 1423 866 1470 903; x_wconf 80' lang='grc' dir='ltr'>ἐγὼ</span> <span class='ocrx_word' id='word_1_120' title='bbox 1504 866 1614 894; x_wconf 70' lang='grc' dir='ltr'>ἐνταῦθα</span> <span class='ocrx_word' id='word_1_121' title='bbox 1646 871 1798 905; x_wconf 78' lang='grc' dir='ltr'>μετῴκησα,</span> 
     </span>
    </p>
   </div>
   <div class='ocr_carea' id='block_1_21' title="bbox 265 913 1088 943">
    <p class='ocr_par' dir='ltr' id='par_1_21' title="bbox 265 913 1088 943">
     <span class='ocr_line' id='line_1_21' title="bbox 265 913 1088 943; baseline -0.002 -1"><span class='ocrx_word' id='word_1_122' title='bbox 265 922 338 943; x_wconf 89' lang='lat' dir='ltr'>cans</span> <span class='ocrx_word' id='word_1_123' title='bbox 353 914 459 942; x_wconf 91' lang='lat' dir='ltr'>mundi</span> <span class='ocrx_word' id='word_1_124' title='bbox 481 914 578 942; x_wconf 89' lang='lat' dir='ltr'>bonis.</span> <span class='ocrx_word' id='word_1_125' title='bbox 597 913 672 941; x_wconf 89' lang='lat' dir='ltr'>Sunt</span> <span class='ocrx_word' id='word_1_126' title='bbox 686 913 766 941; x_wconf 90' lang='lat' dir='ltr'>enim</span> <span class='ocrx_word' id='word_1_127' title='bbox 782 913 887 941; x_wconf 91' lang='lat' dir='ltr'>mundi</span> <span class='ocrx_word' id='word_1_128' title='bbox 902 913 991 941; x_wconf 87' lang='lat' dir='ltr'>bonis</span> <span class='ocrx_word' id='word_1_129' title='bbox 1006 913 1088 941; x_wconf 92' lang='lat' dir='ltr'>mala</span> 
     </span>
    </p>
   </div>
   <div class='ocr_carea' id='block_1_22' title="bbox 264 958 1089 994">
    <p class='ocr_par' dir='ltr' id='par_1_22' title="bbox 264 958 1089 994">
     <span class='ocr_line' id='line_1_22' title="bbox 264 958 1089 994; baseline -0.002 -7"><span class='ocrx_word' id='word_1_130' title='bbox 264 959 404 994; x_wconf 84' lang='lat' dir='ltr'>admista,</span> <span class='ocrx_word' id='word_1_131' title='bbox 427 966 462 986; x_wconf 88' lang='lat' dir='ltr'>ac</span> <span class='ocrx_word' id='word_1_132' title='bbox 481 958 570 993; x_wconf 84' lang='lat' dir='ltr'>longe</span> <span class='ocrx_word' id='word_1_133' title='bbox 595 960 778 994; x_wconf 83' lang='lat' dir='ltr'>exsuperant</span> <span class='ocrx_word' id='word_1_134' title='bbox 801 958 892 986; x_wconf 91' lang='lat' dir='ltr'>mala.</span> <span class='ocrx_word' id='word_1_135' title='bbox 918 959 992 986; x_wconf 89' lang='lat' dir='ltr'>Nam</span> <span class='ocrx_word' id='word_1_136' title='bbox 1018 965 1089 985; x_wconf 91' lang='lat' dir='ltr'>cum</span> 
     </span>
    </p>
   </div>
   <div class='ocr_carea' id='block_1_23' title="bbox 264 1003 1088 1041">
    <p class='ocr_par' dir='ltr' id='par_1_23' title="bbox 264 1003 1088 1041">
     <span class='ocr_line' id='line_1_23' title="bbox 264 1003 1088 1041; baseline -0.004 -8"><span class='ocrx_word' id='word_1_137' title='bbox 264 1004 430 1041; x_wconf 75' lang='lat' dir='ltr'>aliquando</span> <span class='ocrx_word' id='word_1_138' title='bbox 450 1004 643 1032; x_wconf 82' lang='lat' dir='ltr'>accessissem</span> <span class='ocrx_word' id='word_1_139' title='bbox 660 1003 699 1031; x_wconf 86' lang='lat' dir='ltr'>ad</span> <span class='ocrx_word' id='word_1_140' title='bbox 714 1003 882 1040; x_wconf 88' lang='lat' dir='ltr'>spirituales</span> <span class='ocrx_word' id='word_1_141' title='bbox 912 1005 1088 1038; x_wconf 88' lang='lat' dir='ltr'>conventus,</span> 
     </span>
    </p>
   </div>
   <div class='ocr_carea' id='block_1_24' title="bbox 264 1048 1089 1084">
    <p class='ocr_par' dir='ltr' id='par_1_24' title="bbox 264 1048 1089 1084">
     <span class='ocr_line' id='line_1_24' title="bbox 264 1048 1089 1084; baseline -0.001 -7"><span class='ocrx_word' id='word_1_142' title='bbox 264 1049 295 1077; x_wconf 87' lang='lat' dir='ltr'>in</span> <span class='ocrx_word' id='word_1_143' title='bbox 321 1057 416 1077; x_wconf 91' lang='lat' dir='ltr'>unum</span> <span class='ocrx_word' id='word_1_144' title='bbox 441 1049 562 1077; x_wconf 85' lang='lat' dir='ltr'>fratrem</span> <span class='ocrx_word' id='word_1_145' title='bbox 585 1048 634 1076; x_wconf 84' lang='lat' dir='ltr'>vix</span> <span class='ocrx_word' id='word_1_146' title='bbox 661 1048 783 1076; x_wconf 86' lang='lat' dir='ltr'>tandem</span> <span class='ocrx_word' id='word_1_147' title='bbox 808 1048 976 1084; x_wconf 85' lang='lat' dir='ltr'>incidi,qui</span> <span class='ocrx_word' id='word_1_148' title='bbox 996 1049 1089 1076; x_wconf 91' lang='lat' dir='ltr'>Deum</span> 
     </span>
    </p>
   </div>
   <div class='ocr_carea' id='block_1_25' title="bbox 264 1092 1088 1129">
    <p class='ocr_par' dir='ltr' id='par_1_25' title="bbox 264 1092 1088 1129">
     <span class='ocr_line' id='line_1_25' title="bbox 264 1092 1088 1129; baseline -0.002 -7"><span class='ocrx_word' id='word_1_149' title='bbox 264 1094 366 1123; x_wconf 87' lang='lat' dir='ltr'>timere</span> <span class='ocrx_word' id='word_1_150' title='bbox 381 1094 540 1122; x_wconf 79' lang='lat' dir='ltr'>videbatur</span> <span class='ocrx_word' id='word_1_151' title='bbox 554 1101 560 1126; x_wconf 88' lang='lat'><strong>;</strong></span> <span class='ocrx_word' id='word_1_152' title='bbox 575 1093 628 1121; x_wconf 90' lang='lat' dir='ltr'>sed</span> <span class='ocrx_word' id='word_1_153' title='bbox 645 1093 669 1120; x_wconf 91' lang='lat' dir='ltr'>is</span> <span class='ocrx_word' id='word_1_154' title='bbox 681 1093 838 1121; x_wconf 88' lang='lat' dir='ltr'>tenebatur</span> <span class='ocrx_word' id='word_1_155' title='bbox 852 1093 938 1129; x_wconf 77' lang='lat'>129</span> <span class='ocrx_word' id='word_1_156' title='bbox 951 1093 1008 1120; x_wconf 89' lang='lat' dir='ltr'>sub</span> <span class='ocrx_word' id='word_1_157' title='bbox 1023 1092 1088 1121; x_wconf 90' lang='lat' dir='ltr'>dia-</span> 
     </span>
    </p>
   </div>
   <div class='ocr_carea' id='block_1_26' title="bbox 263 1137 1089 1175">
    <p class='ocr_par' dir='ltr' id='par_1_26' title="bbox 263 1137 1089 1175">
     <span class='ocr_line' id='line_1_26' title="bbox 263 1137 1089 1175; baseline -0.002 -8"><span class='ocrx_word' id='word_1_158' title='bbox 263 1138 353 1172; x_wconf 89' lang='lat' dir='ltr'>bolo;</span> <span class='ocrx_word' id='word_1_159' title='bbox 379 1141 468 1175; x_wconf 88' lang='lat' dir='ltr'>atque</span> <span class='ocrx_word' id='word_1_160' title='bbox 482 1147 518 1167; x_wconf 84' lang='lat' dir='ltr'>ex</span> <span class='ocrx_word' id='word_1_161' title='bbox 533 1138 598 1174; x_wconf 91' lang='lat' dir='ltr'>ipso</span> <span class='ocrx_word' id='word_1_162' title='bbox 615 1137 711 1166; x_wconf 82' lang='lat' dir='ltr'>audivi</span> <span class='ocrx_word' id='word_1_163' title='bbox 726 1137 841 1173; x_wconf 89' lang='lat' dir='ltr'>lepidos</span> <span class='ocrx_word' id='word_1_164' title='bbox 867 1145 1031 1172; x_wconf 89' lang='lat' dir='ltr'>sermones,</span> <span class='ocrx_word' id='word_1_165' title='bbox 1060 1139 1089 1165; x_wconf 90' lang='lat' dir='ltr'>et</span> 
     </span>
    </p>
   </div>
   <div class='ocr_carea' id='block_1_27' title="bbox 263 1182 1086 1219">
    <p class='ocr_par' dir='ltr' id='par_1_27' title="bbox 263 1182 1086 1219">
     <span class='ocr_line' id='line_1_27' title="bbox 263 1182 1086 1219; baseline -0.001 -8"><span class='ocrx_word' id='word_1_166' title='bbox 263 1183 408 1212; x_wconf 85' lang='lat' dir='ltr'>conﬁctas</span> <span class='ocrx_word' id='word_1_167' title='bbox 421 1183 461 1211; x_wconf 87' lang='lat' dir='ltr'>ad</span> <span class='ocrx_word' id='word_1_168' title='bbox 471 1183 577 1211; x_wconf 90' lang='lat' dir='ltr'>obvios</span> <span class='ocrx_word' id='word_1_169' title='bbox 592 1190 728 1219; x_wconf 87' lang='lat' dir='ltr'>quosque</span> <span class='ocrx_word' id='word_1_170' title='bbox 739 1182 934 1219; x_wconf 87' lang='lat' dir='ltr'>decipiendos</span> <span class='ocrx_word' id='word_1_171' title='bbox 957 1182 1086 1210; x_wconf 86' lang='lat' dir='ltr'>fabulas.</span> 
     </span>
    </p>
   </div>
   <div class='ocr_carea' id='block_1_28' title="bbox 263 1227 1088 1264">
    <p class='ocr_par' dir='ltr' id='par_1_28' title="bbox 263 1227 1088 1264">
     <span class='ocr_line' id='line_1_28' title="bbox 263 1227 1088 1264; baseline -0.002 -8"><span class='ocrx_word' id='word_1_172' title='bbox 263 1228 368 1256; x_wconf 85' lang='lat' dir='ltr'>Multos</span> <span class='ocrx_word' id='word_1_173' title='bbox 395 1230 462 1264; x_wconf 86' lang='lat' dir='ltr'>post</span> <span class='ocrx_word' id='word_1_174' title='bbox 482 1227 582 1264; x_wconf 88' lang='lat' dir='ltr'>ipsum</span> <span class='ocrx_word' id='word_1_175' title='bbox 616 1227 728 1255; x_wconf 78' lang='lat' dir='ltr'>offendi</span> <span class='ocrx_word' id='word_1_176' title='bbox 755 1227 846 1261; x_wconf 88' lang='lat' dir='ltr'>fures,</span> <span class='ocrx_word' id='word_1_177' title='bbox 870 1229 1015 1263; x_wconf 86' lang='lat' dir='ltr'>raptores,</span> <span class='ocrx_word' id='word_1_178' title='bbox 1044 1229 1088 1263; x_wconf 86' lang='lat' dir='ltr'>ty-</span> 
     </span>
    </p>
   </div>
   <div class='ocr_carea' id='block_1_29' title="bbox 263 1271 1088 1308">
    <p class='ocr_par' dir='ltr' id='par_1_29' title="bbox 263 1271 1088 1308">
     <span class='ocr_line' id='line_1_29' title="bbox 263 1271 1088 1308; baseline -0.001 -8"><span class='ocrx_word' id='word_1_179' title='bbox 263 1281 386 1300; x_wconf 90' lang='lat' dir='ltr'>rannos.</span> <span class='ocrx_word' id='word_1_180' title='bbox 404 1272 467 1300; x_wconf 88' lang='lat' dir='ltr'>Vidi</span> <span class='ocrx_word' id='word_1_181' title='bbox 492 1272 644 1300; x_wconf 84' lang='lat' dir='ltr'>ebriorum</span> <span class='ocrx_word' id='word_1_182' title='bbox 658 1271 790 1308; x_wconf 88' lang='lat' dir='ltr'>speciem</span> <span class='ocrx_word' id='word_1_183' title='bbox 818 1272 991 1300; x_wconf 90' lang='lat' dir='ltr'>indecoram</span> <span class='ocrx_word' id='word_1_184' title='bbox 1006 1281 1012 1306; x_wconf 86' lang='lat'><strong>;</strong></span> <span class='ocrx_word' id='word_1_185' title='bbox 1027 1271 1088 1300; x_wconf 90' lang='lat' dir='ltr'>vidi</span> 
     </span>
    </p>
   </div>
   <div class='ocr_carea' id='block_1_30' title="bbox 261 1316 1087 1353">
    <p class='ocr_par' dir='ltr' id='par_1_30' title="bbox 261 1316 1087 1353">
     <span class='ocr_line' id='line_1_30' title="bbox 261 1316 1087 1353; baseline -0.001 -8"><span class='ocrx_word' id='word_1_186' title='bbox 261 1317 440 1353; x_wconf 87' lang='lat' dir='ltr'>sanguinem</span> <span class='ocrx_word' id='word_1_187' title='bbox 455 1325 673 1353; x_wconf 84' lang='lat' dir='ltr'>oppressorum</span> <span class='ocrx_word' id='word_1_188' title='bbox 690 1326 696 1350; x_wconf 87' lang='lat'><strong>;</strong></span> <span class='ocrx_word' id='word_1_189' title='bbox 711 1316 772 1344; x_wconf 87' lang='lat' dir='ltr'>vidi</span> <span class='ocrx_word' id='word_1_190' title='bbox 788 1325 909 1353; x_wconf 89' lang='lat' dir='ltr'>quoque</span> <span class='ocrx_word' id='word_1_191' title='bbox 925 1316 1087 1344; x_wconf 87' lang='lat' dir='ltr'>mulierum</span> 
     </span>
    </p>
   </div>
   <div class='ocr_carea' id='block_1_31' title="bbox 260 1361 1085 1399">
    <p class='ocr_par' dir='ltr' id='par_1_31' title="bbox 260 1361 1085 1399">
     <span class='ocr_line' id='line_1_31' title="bbox 260 1361 1085 1399; baseline -0.001 -9"><span class='ocrx_word' id='word_1_192' title='bbox 260 1361 526 1399; x_wconf 78' lang='lat' dir='ltr'>pulchritudinem,</span> <span class='ocrx_word' id='word_1_193' title='bbox 542 1369 603 1398; x_wconf 87' lang='lat' dir='ltr'>qua</span> <span class='ocrx_word' id='word_1_194' title='bbox 627 1361 772 1398; x_wconf 87' lang='lat' dir='ltr'>pudicitia</span> <span class='ocrx_word' id='word_1_195' title='bbox 786 1369 856 1389; x_wconf 90' lang='lat' dir='ltr'>mea</span> <span class='ocrx_word' id='word_1_196' title='bbox 878 1361 1085 1397; x_wconf 87' lang='lat' dir='ltr'>torquebatur.</span> 
     </span>
    </p>
   </div>
   <div class='ocr_carea' id='block_1_32' title="bbox 259 1405 1082 1442">
    <p class='ocr_par' dir='ltr' id='par_1_32' title="bbox 259 1405 1082 1442">
     <span class='ocr_line' id='line_1_32' title="bbox 259 1405 1082 1442; baseline -0.002 -7"><span class='ocrx_word' id='word_1_197' title='bbox 259 1409 299 1435; x_wconf 78' lang='lat' dir='ltr'>Ac</span> <span class='ocrx_word' id='word_1_198' title='bbox 314 1406 520 1435; x_wconf 80' lang='lat' dir='ltr'>fornicationis</span> <span class='ocrx_word' id='word_1_199' title='bbox 547 1405 671 1442; x_wconf 86' lang='lat' dir='ltr'>quidem</span> <span class='ocrx_word' id='word_1_200' title='bbox 696 1414 773 1442; x_wconf 86' lang='lat' dir='ltr'>opus</span> <span class='ocrx_word' id='word_1_201' title='bbox 799 1406 890 1441; x_wconf 72' lang='lat' dir='ltr'>effugi</span> <span class='ocrx_word' id='word_1_202' title='bbox 902 1415 909 1440; x_wconf 83' lang='lat'><strong>;</strong></span> <span class='ocrx_word' id='word_1_203' title='bbox 926 1406 982 1434; x_wconf 90' lang='lat' dir='ltr'>sed</span> <span class='ocrx_word' id='word_1_204' title='bbox 994 1405 1082 1441; x_wconf 85' lang='lat' dir='ltr'>virgi-</span> 
     </span>
    </p>
   </div>
   <div class='ocr_carea' id='block_1_33' title="bbox 259 1451 1086 1488">
    <p class='ocr_par' dir='ltr' id='par_1_33' title="bbox 259 1451 1086 1488">
     <span class='ocr_line' id='line_1_33' title="bbox 259 1451 1086 1488; baseline -0.002 -8"><span class='ocrx_word' id='word_1_205' title='bbox 259 1451 383 1480; x_wconf 87' lang='lat' dir='ltr'>nitatem</span> <span class='ocrx_word' id='word_1_206' title='bbox 410 1459 510 1479; x_wconf 87' lang='lat' dir='ltr'>meam</span> <span class='ocrx_word' id='word_1_207' title='bbox 535 1451 633 1479; x_wconf 86' lang='lat' dir='ltr'>cordis</span> <span class='ocrx_word' id='word_1_208' title='bbox 660 1451 840 1486; x_wconf 84' lang='lat' dir='ltr'>cogitatione</span> <span class='ocrx_word' id='word_1_209' title='bbox 866 1451 1032 1488; x_wconf 89' lang='lat' dir='ltr'>inquinavi.</span> <span class='ocrx_word' id='word_1_210' title='bbox 1053 1451 1086 1478; x_wconf 90' lang='lat' dir='ltr'>Et</span> 
     </span>
    </p>
   </div>
   <div class='ocr_carea' id='block_1_34' title="bbox 259 1494 1082 1532">
    <p class='ocr_par' dir='ltr' id='par_1_34' title="bbox 259 1494 1082 1532">
     <span class='ocr_line' id='line_1_34' title="bbox 259 1494 1082 1532; baseline -0.002 -8"><span class='ocrx_word' id='word_1_211' title='bbox 259 1496 370 1524; x_wconf 91' lang='lat' dir='ltr'>multos</span> <span class='ocrx_word' id='word_1_212' title='bbox 385 1495 508 1532; x_wconf 88' lang='lat' dir='ltr'>quidem</span> <span class='ocrx_word' id='word_1_213' title='bbox 525 1503 681 1524; x_wconf 88' lang='lat' dir='ltr'>sermones</span> <span class='ocrx_word' id='word_1_214' title='bbox 709 1495 818 1523; x_wconf 76' lang='lat' dir='ltr'>animae</span> <span class='ocrx_word' id='word_1_215' title='bbox 843 1495 928 1523; x_wconf 87' lang='lat' dir='ltr'>utiles</span> <span class='ocrx_word' id='word_1_216' title='bbox 956 1494 1082 1528; x_wconf 87' lang='lat' dir='ltr'>audivi;</span> 
     </span>
    </p>
   </div>
   <div class='ocr_carea' id='block_1_35' title="bbox 259 1539 1120 1576">
    <p class='ocr_par' dir='ltr' id='par_1_35' title="bbox 259 1539 1120 1576">
     <span class='ocr_line' id='line_1_35' title="bbox 259 1539 1120 1576; baseline -0.002 -7"><span class='ocrx_word' id='word_1_217' title='bbox 259 1541 312 1569; x_wconf 92' lang='lat' dir='ltr'>sed</span> <span class='ocrx_word' id='word_1_218' title='bbox 324 1542 426 1569; x_wconf 88' lang='lat' dir='ltr'>tamen</span> <span class='ocrx_word' id='word_1_219' title='bbox 444 1540 560 1568; x_wconf 91' lang='lat' dir='ltr'>nullum</span> <span class='ocrx_word' id='word_1_220' title='bbox 571 1539 652 1576; x_wconf 89' lang='lat' dir='ltr'>apud</span> <span class='ocrx_word' id='word_1_221' title='bbox 662 1539 840 1574; x_wconf 82' lang='lat' dir='ltr'>magistrum</span> <span class='ocrx_word' id='word_1_222' title='bbox 850 1539 946 1576; x_wconf 91' lang='lat' dir='ltr'>reperi</span> <span class='ocrx_word' id='word_1_223' title='bbox 959 1539 1083 1574; x_wconf 84' lang='lat' dir='ltr'>dignam</span> <span class='ocrx_word' id='word_1_224' title='bbox 1100 1549 1120 1576; x_wconf 74' lang='grc' dir='ltr'>ρ</span> 
     </span>
    </p>
   </div>
   <div class='ocr_carea' id='block_1_36' title="bbox 259 1583 1084 1613">
    <p class='ocr_par' dir='ltr' id='par_1_36' title="bbox 259 1583 1084 1613">
     <span class='ocr_line' id='line_1_36' title="bbox 259 1583 1084 1613; baseline -0.002 0"><span class='ocrx_word' id='word_1_225' title='bbox 259 1585 449 1613; x_wconf 82' lang='lat' dir='ltr'>sermonibus</span> <span class='ocrx_word' id='word_1_226' title='bbox 462 1585 611 1612; x_wconf 83' lang='lat' dir='ltr'>virtutem.</span> <span class='ocrx_word' id='word_1_227' title='bbox 633 1585 700 1612; x_wconf 85' lang='lat' dir='ltr'>Post</span> <span class='ocrx_word' id='word_1_228' title='bbox 715 1584 771 1612; x_wconf 89' lang='lat' dir='ltr'>hoc</span> <span class='ocrx_word' id='word_1_229' title='bbox 786 1592 891 1612; x_wconf 89' lang='lat' dir='ltr'>rursus</span> <span class='ocrx_word' id='word_1_230' title='bbox 915 1583 1018 1611; x_wconf 87' lang='lat' dir='ltr'>audivi</span> <span class='ocrx_word' id='word_1_231' title='bbox 1042 1584 1084 1611; x_wconf 87' lang='lat' dir='ltr'>in-</span> 
     </span>
    </p>
   </div>
   <div class='ocr_carea' id='block_1_37' title="bbox 258 1628 1083 1665">
    <p class='ocr_par' dir='ltr' id='par_1_37' title="bbox 258 1628 1083 1665">
     <span class='ocr_line' id='line_1_37' title="bbox 258 1628 1083 1665; baseline -0.002 -7"><span class='ocrx_word' id='word_1_232' title='bbox 258 1629 462 1658; x_wconf 86' lang='lat' dir='ltr'>numerabiles</span> <span class='ocrx_word' id='word_1_233' title='bbox 487 1629 660 1663; x_wconf 83' lang='lat' dir='ltr'>tragcedias,</span> <span class='ocrx_word' id='word_1_234' title='bbox 690 1637 756 1665; x_wconf 75' lang='lat' dir='ltr'>quae</span> <span class='ocrx_word' id='word_1_235' title='bbox 783 1628 963 1657; x_wconf 78' lang='lat' dir='ltr'>effeminatis</span> <span class='ocrx_word' id='word_1_236' title='bbox 986 1629 1083 1656; x_wconf 85' lang='lat' dir='ltr'>modis</span> 
     </span>
    </p>
   </div>
   <div class='ocr_carea' id='block_1_38' title="bbox 259 1673 1084 1702">
    <p class='ocr_par' dir='ltr' id='par_1_38' title="bbox 259 1673 1084 1702">
     <span class='ocr_line' id='line_1_38' title="bbox 259 1673 1084 1702; baseline -0.001 0"><span class='ocrx_word' id='word_1_237' title='bbox 259 1674 396 1702; x_wconf 88' lang='lat' dir='ltr'>animum</span> <span class='ocrx_word' id='word_1_238' title='bbox 424 1673 575 1701; x_wconf 82' lang='lat' dir='ltr'>subibunt.</span> <span class='ocrx_word' id='word_1_239' title='bbox 596 1675 709 1701; x_wconf 84' lang='lat' dir='ltr'>Rursus</span> <span class='ocrx_word' id='word_1_240' title='bbox 737 1673 836 1701; x_wconf 88' lang='lat' dir='ltr'>audivi</span> <span class='ocrx_word' id='word_1_241' title='bbox 858 1673 1004 1701; x_wconf 88' lang='lat' dir='ltr'>citharam</span> <span class='ocrx_word' id='word_1_242' title='bbox 1016 1681 1084 1701; x_wconf 49' lang='lat' dir='ltr'>sua.</span> 
     </span>
    </p>
   </div>
   <div class='ocr_carea' id='block_1_39' title="bbox 257 1718 1082 1754">
    <p class='ocr_par' dir='ltr' id='par_1_39' title="bbox 257 1718 1082 1754">
     <span class='ocr_line' id='line_1_39' title="bbox 257 1718 1082 1754; baseline 0 -8"><span class='ocrx_word' id='word_1_243' title='bbox 257 1719 332 1747; x_wconf 86' lang='lat' dir='ltr'>viter</span> <span class='ocrx_word' id='word_1_244' title='bbox 345 1721 549 1753; x_wconf 88' lang='lat' dir='ltr'>resonantem,</span> <span class='ocrx_word' id='word_1_245' title='bbox 561 1718 700 1754; x_wconf 85' lang='lat' dir='ltr'>plausum</span> <span class='ocrx_word' id='word_1_246' title='bbox 709 1718 894 1751; x_wconf 84' lang='lat' dir='ltr'>saltantium,</span> <span class='ocrx_word' id='word_1_247' title='bbox 909 1726 1082 1746; x_wconf 89' lang='lat' dir='ltr'>scurrarum</span> 
     </span>
    </p>
   </div>
   <div class='ocr_carea' id='block_1_40' title="bbox 258 1762 1082 1796">
    <p class='ocr_par' dir='ltr' id='par_1_40' title="bbox 258 1762 1082 1796">
     <span class='ocr_line' id='line_1_40' title="bbox 258 1762 1082 1796; baseline -0.001 -5"><span class='ocrx_word' id='word_1_248' title='bbox 258 1771 371 1796; x_wconf 87' lang='lat' dir='ltr'>vocem,</span> <span class='ocrx_word' id='word_1_249' title='bbox 389 1762 580 1791; x_wconf 86' lang='lat' dir='ltr'>stoliditatem</span> <span class='ocrx_word' id='word_1_250' title='bbox 594 1762 732 1796; x_wconf 85' lang='lat' dir='ltr'>multam,</span> <span class='ocrx_word' id='word_1_251' title='bbox 750 1762 882 1796; x_wconf 85' lang='lat' dir='ltr'>facetias,</span> <span class='ocrx_word' id='word_1_252' title='bbox 904 1762 999 1790; x_wconf 70' lang='lat' dir='ltr'>turba:</span> <span class='ocrx_word' id='word_1_253' title='bbox 1028 1763 1082 1790; x_wconf 91' lang='lat' dir='ltr'>im-</span> 
     </span>
    </p>
   </div>
   <div class='ocr_carea' id='block_1_41' title="bbox 257 1806 1079 1843">
    <p class='ocr_par' dir='ltr' id='par_1_41' title="bbox 257 1806 1079 1843">
     <span class='ocr_line' id='line_1_41' title="bbox 257 1806 1079 1843; baseline -0.001 -8"><span class='ocrx_word' id='word_1_254' title='bbox 257 1815 370 1836; x_wconf 66' lang='lat' dir='ltr'>mensae</span> <span class='ocrx_word' id='word_1_255' title='bbox 394 1807 568 1836; x_wconf 83' lang='lat' dir='ltr'>clamorem.</span> <span class='ocrx_word' id='word_1_256' title='bbox 595 1807 658 1835; x_wconf 87' lang='lat' dir='ltr'>Vidi</span> <span class='ocrx_word' id='word_1_257' title='bbox 681 1806 832 1843; x_wconf 83' lang='lat' dir='ltr'>lacrymas</span> <span class='ocrx_word' id='word_1_258' title='bbox 871 1806 1079 1843; x_wconf 83' lang='lat' dir='ltr'>spoliatorum,</span> 
     </span>
    </p>
   </div>
   <div class='ocr_carea' id='block_1_42' title="bbox 258 1850 1079 1888">
    <p class='ocr_par' dir='ltr' id='par_1_42' title="bbox 258 1850 1079 1888">
     <span class='ocr_line' id='line_1_42' title="bbox 258 1850 1079 1888; baseline -0.002 -8"><span class='ocrx_word' id='word_1_259' title='bbox 258 1852 376 1880; x_wconf 88' lang='lat' dir='ltr'>dolores</span> <span class='ocrx_word' id='word_1_260' title='bbox 401 1860 505 1880; x_wconf 86' lang='lat' dir='ltr'>eorum</span> <span class='ocrx_word' id='word_1_261' title='bbox 530 1851 581 1888; x_wconf 89' lang='lat' dir='ltr'>qui</span> <span class='ocrx_word' id='word_1_262' title='bbox 611 1850 841 1879; x_wconf 82' lang='lat' dir='ltr'>abducebantur</span> <span class='ocrx_word' id='word_1_263' title='bbox 871 1858 888 1878; x_wconf 76' lang='grc' dir='ltr'>δ.</span> <span class='ocrx_word' id='word_1_264' title='bbox 910 1851 1079 1887; x_wconf 84' lang='lat' dir='ltr'>tyrannide,</span> 
     </span>
    </p>
   </div>
   <div class='ocr_carea' id='block_1_43' title="bbox 257 1895 1083 1933">
    <p class='ocr_par' dir='ltr' id='par_1_43' title="bbox 257 1895 1083 1933">
     <span class='ocr_line' id='line_1_43' title="bbox 257 1895 1083 1933; baseline -0.001 -8"><span class='ocrx_word' id='word_1_265' title='bbox 257 1897 400 1933; x_wconf 85' lang='lat' dir='ltr'>ejulatum</span> <span class='ocrx_word' id='word_1_266' title='bbox 423 1904 527 1925; x_wconf 90' lang='lat' dir='ltr'>eorum</span> <span class='ocrx_word' id='word_1_267' title='bbox 555 1895 608 1932; x_wconf 86' lang='lat' dir='ltr'>qui</span> <span class='ocrx_word' id='word_1_268' title='bbox 636 1895 864 1932; x_wconf 86' lang='lat' dir='ltr'>torquebantur.</span> <span class='ocrx_word' id='word_1_269' title='bbox 895 1896 927 1922; x_wconf 83' lang='lat' dir='ltr'>Et</span> <span class='ocrx_word' id='word_1_270' title='bbox 952 1895 1025 1930; x_wconf 90' lang='lat' dir='ltr'>vidi,</span> <span class='ocrx_word' id='word_1_271' title='bbox 1054 1898 1083 1924; x_wconf 89' lang='lat' dir='ltr'>et</span> 
     </span>
    </p>
   </div>
   <div class='ocr_carea' id='block_1_44' title="bbox 257 1939 1082 1976">
    <p class='ocr_par' dir='ltr' id='par_1_44' title="bbox 257 1939 1082 1976">
     <span class='ocr_line' id='line_1_44' title="bbox 257 1939 1082 1976; baseline -0.004 -6"><span class='ocrx_word' id='word_1_272' title='bbox 257 1950 326 1970; x_wconf 88' lang='lat' dir='ltr'>ecce</span> <span class='ocrx_word' id='word_1_273' title='bbox 351 1950 413 1970; x_wconf 90' lang='lat' dir='ltr'>non</span> <span class='ocrx_word' id='word_1_274' title='bbox 438 1943 501 1969; x_wconf 86' lang='lat' dir='ltr'>erat</span> <span class='ocrx_word' id='word_1_275' title='bbox 526 1942 692 1969; x_wconf 88' lang='lat' dir='ltr'>conventus</span> <span class='ocrx_word' id='word_1_276' title='bbox 717 1939 889 1976; x_wconf 82' lang='lat' dir='ltr'>spiritualis,</span> <span class='ocrx_word' id='word_1_277' title='bbox 917 1939 969 1967; x_wconf 92' lang='lat' dir='ltr'>sed</span> <span class='ocrx_word' id='word_1_278' title='bbox 998 1948 1082 1968; x_wconf 86' lang='lat' dir='ltr'>mare</span> 
     </span>
    </p>
   </div>
   <div class='ocr_carea' id='block_1_45' title="bbox 257 1983 1081 2020">
    <p class='ocr_par' dir='ltr' id='par_1_45' title="bbox 257 1983 1081 2020">
     <span class='ocr_line' id='line_1_45' title="bbox 257 1983 1081 2020; baseline -0.001 -7"><span class='ocrx_word' id='word_1_279' title='bbox 257 1985 353 2013; x_wconf 90' lang='lat' dir='ltr'>ventis</span> <span class='ocrx_word' id='word_1_280' title='bbox 380 1985 526 2020; x_wconf 87' lang='lat' dir='ltr'>agitatum</span> <span class='ocrx_word' id='word_1_281' title='bbox 555 1992 590 2012; x_wconf 85' lang='lat' dir='ltr'>ac</span> <span class='ocrx_word' id='word_1_282' title='bbox 619 1983 785 2017; x_wconf 86' lang='lat' dir='ltr'>turbatum,</span> <span class='ocrx_word' id='word_1_283' title='bbox 802 1991 907 2012; x_wconf 90' lang='lat' dir='ltr'>omnes</span> <span class='ocrx_word' id='word_1_284' title='bbox 921 1983 1010 2012; x_wconf 89' lang='lat' dir='ltr'>simul</span> <span class='ocrx_word' id='word_1_285' title='bbox 1025 1984 1081 2012; x_wconf 88' lang='lat' dir='ltr'>ﬂu-</span> 
     </span>
    </p>
   </div>
   <div class='ocr_carea' id='block_1_46' title="bbox 258 2028 1081 2063">
    <p class='ocr_par' dir='ltr' id='par_1_46' title="bbox 258 2028 1081 2063">
     <span class='ocr_line' id='line_1_46' title="bbox 258 2028 1081 2063; baseline 0 -6"><span class='ocrx_word' id='word_1_286' title='bbox 258 2029 354 2057; x_wconf 90' lang='lat' dir='ltr'>ctibus</span> <span class='ocrx_word' id='word_1_287' title='bbox 368 2030 428 2058; x_wconf 86' lang='lat' dir='ltr'>suis</span> <span class='ocrx_word' id='word_1_288' title='bbox 449 2031 565 2057; x_wconf 86' lang='lat' dir='ltr'>tentans</span> <span class='ocrx_word' id='word_1_289' title='bbox 579 2028 716 2057; x_wconf 89' lang='lat' dir='ltr'>obruere.</span> <span class='ocrx_word' id='word_1_290' title='bbox 735 2028 785 2056; x_wconf 90' lang='lat' dir='ltr'>Dic</span> <span class='ocrx_word' id='word_1_291' title='bbox 809 2028 892 2062; x_wconf 88' lang='lat' dir='ltr'>mihi,</span> <span class='ocrx_word' id='word_1_292' title='bbox 908 2036 925 2056; x_wconf 92' lang='grc' dir='ltr'>ο</span> <span class='ocrx_word' id='word_1_293' title='bbox 941 2028 1081 2063; x_wconf 85' lang='lat' dir='ltr'>cogitatio</span> 
     </span>
    </p>
   </div>
   <div class='ocr_carea' id='block_1_47' title="bbox 257 2072 1081 2110">
    <p class='ocr_par' dir='ltr' id='par_1_47' title="bbox 257 2072 1081 2110">
     <span class='ocr_line' id='line_1_47' title="bbox 257 2072 1081 2110; baseline 0 -9"><span class='ocrx_word' id='word_1_294' title='bbox 257 2074 349 2106; x_wconf 86' lang='lat' dir='ltr'>mala,</span> <span class='ocrx_word' id='word_1_295' title='bbox 376 2076 404 2101; x_wconf 89' lang='lat' dir='ltr'>et</span> <span class='ocrx_word' id='word_1_296' title='bbox 431 2074 620 2110; x_wconf 86' lang='lat' dir='ltr'>temporariae</span> <span class='ocrx_word' id='word_1_297' title='bbox 645 2072 804 2109; x_wconf 85' lang='lat' dir='ltr'>voluptatis</span> <span class='ocrx_word' id='word_1_298' title='bbox 829 2081 863 2101; x_wconf 88' lang='lat' dir='ltr'>ac</span> <span class='ocrx_word' id='word_1_299' title='bbox 880 2081 964 2100; x_wconf 62' lang='lat' dir='ltr'>vanan</span> <span class='ocrx_word' id='word_1_300' title='bbox 980 2073 1081 2108; x_wconf 74' lang='lat' dir='ltr'>gloriae</span> 
     </span>
    </p>
   </div>
   <div class='ocr_carea' id='block_1_48' title="bbox 257 2117 1083 2155">
    <p class='ocr_par' dir='ltr' id='par_1_48' title="bbox 257 2117 1083 2155">
     <span class='ocr_line' id='line_1_48' title="bbox 257 2117 1083 2155; baseline 0 -9"><span class='ocrx_word' id='word_1_301' title='bbox 257 2118 388 2149; x_wconf 74' lang='lat' dir='ltr'>daemon.</span> <span class='ocrx_word' id='word_1_302' title='bbox 412 2117 486 2155; x_wconf 89' lang='lat' dir='ltr'>quid</span> <span class='ocrx_word' id='word_1_303' title='bbox 500 2117 573 2146; x_wconf 87' lang='lat' dir='ltr'>mihi</span> <span class='ocrx_word' id='word_1_304' title='bbox 587 2119 631 2146; x_wconf 84' lang='lat' dir='ltr'>est</span> <span class='ocrx_word' id='word_1_305' title='bbox 645 2117 730 2151; x_wconf 75' lang='lat' dir='ltr'>lucri,</span> <span class='ocrx_word' id='word_1_306' title='bbox 744 2117 768 2145; x_wconf 90' lang='lat' dir='ltr'>si</span> <span class='ocrx_word' id='word_1_307' title='bbox 785 2117 850 2145; x_wconf 64' lang='lat' dir='ltr'>haec</span> <span class='ocrx_word' id='word_1_308' title='bbox 863 2119 892 2145; x_wconf 86' lang='lat' dir='ltr'>et</span> <span class='ocrx_word' id='word_1_309' title='bbox 906 2119 1038 2153; x_wconf 88' lang='lat' dir='ltr'>spectem</span> <span class='ocrx_word' id='word_1_310' title='bbox 1054 2119 1083 2146; x_wconf 90' lang='lat' dir='ltr'>et</span> 
     </span>
    </p>
   </div>
   <div class='ocr_carea' id='block_1_49' title="bbox 294 2204 1081 2244">
    <p class='ocr_par' dir='ltr' id='par_1_49' title="bbox 294 2204 1081 2244">
     <span class='ocr_line' id='line_1_49' title="bbox 294 2204 1081 2244; baseline -0.005 -8"><span class='ocrx_word' id='word_1_311' title='bbox 294 2209 331 2244; x_wconf 78' lang='lat'>(3)</span> <span class='ocrx_word' id='word_1_312' title='bbox 355 2208 507 2244; x_wconf 78' lang='grc' dir='ltr'>Νοημοίτων.</span> <span class='ocrx_word' id='word_1_313' title='bbox 524 2207 595 2241; x_wconf 79' lang='lat' dir='ltr'>Reg.</span> <span class='ocrx_word' id='word_1_314' title='bbox 620 2205 776 2244; x_wconf 69' lang='lat' dir='ltr'>secundus</span> <span class='ocrx_word' id='word_1_315' title='bbox 801 2204 999 2242; x_wconf 74' lang='grc' dir='ltr'>διαταγμάτων.</span> <span class='ocrx_word' id='word_1_316' title='bbox 1026 2206 1081 2234; x_wconf 84' lang='lat' dir='ltr'>Ma-</span> 
     </span>
    </p>
   </div>
   <div class='ocr_carea' id='block_1_50' title="bbox 256 2241 733 2278">
    <p class='ocr_par' dir='ltr' id='par_1_50' title="bbox 256 2241 733 2278">
     <span class='ocr_line' id='line_1_50' title="bbox 256 2241 733 2278; baseline -0.004 -7"><span class='ocrx_word' id='word_1_317' title='bbox 256 2241 401 2272; x_wconf 63' lang='lat' dir='ltr'>zarihteus</span> <span class='ocrx_word' id='word_1_318' title='bbox 411 2241 484 2271; x_wconf 61' lang='lat' dir='ltr'>&#39;cod.</span> <span class='ocrx_word' id='word_1_319' title='bbox 501 2241 733 2278; x_wconf 71' lang='grc' dir='ltr'>παραγγελμάτων.</span> 
     </span>
    </p>
   </div>
   <div class='ocr_carea' id='block_1_51' title="bbox 289 2276 1080 2317">
    <p class='ocr_par' dir='ltr' id='par_1_51' title="bbox 289 2276 1080 2317">
     <span class='ocr_line' id='line_1_51' title="bbox 289 2276 1080 2317; baseline -0.005 -12"><span class='ocrx_word' id='word_1_320' title='bbox 289 2281 328 2315; x_wconf 75' lang='grc'>(4)</span> <span class='ocrx_word' id='word_1_321' title='bbox 351 2281 504 2317; x_wconf 77' lang='grc' dir='ltr'>Συντυχίαι.</span> <span class='ocrx_word' id='word_1_322' title='bbox 535 2276 615 2317; x_wconf 28' lang='lat' dir='ltr'>Reg...</span> <span class='ocrx_word' id='word_1_323' title='bbox 634 2276 786 2305; x_wconf 56' lang='lat' dir='ltr'>secundus</span> <span class='ocrx_word' id='word_1_324' title='bbox 811 2279 948 2317; x_wconf 44' lang='grc' dir='ltr'>Συντυχία.</span> <span class='ocrx_word' id='word_1_325' title='bbox 966 2276 1080 2317; x_wconf 74' lang='grc' dir='ltr'>μεγάλην</span> 
     </span>
    </p>
   </div>
   <div class='ocr_carea' id='block_1_52' title="bbox 256 2312 1080 2350">
    <p class='ocr_par' dir='ltr' id='par_1_52' title="bbox 256 2312 1080 2350">
     <span class='ocr_line' id='line_1_52' title="bbox 256 2312 1080 2350; baseline -0.004 -9"><span class='ocrx_word' id='word_1_326' title='bbox 256 2312 323 2345; x_wconf 54' lang='grc' dir='ltr'>τοῖς</span> <span class='ocrx_word' id='word_1_327' title='bbox 344 2312 573 2350; x_wconf 57' lang='grc' dir='ltr'>συντυγχάνουσιν</span> <span class='ocrx_word' id='word_1_328' title='bbox 607 2312 634 2339; x_wconf 83' lang='grc' dir='ltr'>ίκ</span> <span class='ocrx_word' id='word_1_329' title='bbox 654 2317 705 2350; x_wconf 66' lang='grc' dir='ltr'>Δτῆς</span> <span class='ocrx_word' id='word_1_330' title='bbox 737 2314 890 2350; x_wconf 79' lang='grc' dir='ltr'>προσούσης</span> <span class='ocrx_word' id='word_1_331' title='bbox 917 2312 1005 2350; x_wconf 47' lang='lat' dir='ltr'>adﬁci;</span> <span class='ocrx_word' id='word_1_332' title='bbox 1034 2316 1080 2338; x_wconf 83' lang='grc' dir='ltr'>τοῦ</span> 
     </span>
    </p>
   </div>
   <div class='ocr_carea' id='block_1_53' title="bbox 256 2348 1081 2386">
    <p class='ocr_par' dir='ltr' id='par_1_53' title="bbox 256 2348 1081 2386">
     <span class='ocr_line' id='line_1_53' title="bbox 256 2348 1081 2386; baseline -0.001 -9"><span class='ocrx_word' id='word_1_333' title='bbox 256 2352 401 2386; x_wconf 78' lang='grc' dir='ltr'>Πνεύματος</span> <span class='ocrx_word' id='word_1_334' title='bbox 420 2348 529 2386; x_wconf 58' lang='grc' dir='ltr'>χάριτος</span> <span class='ocrx_word' id='word_1_335' title='bbox 544 2351 589 2378; x_wconf 81' lang='grc' dir='ltr'>τὴν</span> <span class='ocrx_word' id='word_1_336' title='bbox 603 2348 722 2384; x_wconf 70' lang='grc' dir='ltr'>ὠφέλειαν</span> <span class='ocrx_word' id='word_1_337' title='bbox 738 2348 894 2386; x_wconf 76' lang='grc' dir='ltr'>παρέχουσα</span> <span class='ocrx_word' id='word_1_338' title='bbox 910 2357 916 2375; x_wconf 90' lang='lat'>:</span> <span class='ocrx_word' id='word_1_339' title='bbox 935 2348 1081 2386; x_wconf 47' lang='lat' dir='ltr'>(fratrum</span> 
     </span>
    </p>
   </div>
   <div class='ocr_carea' id='block_1_54' title="bbox 255 2384 1081 2421">
    <p class='ocr_par' dir='ltr' id='par_1_54' title="bbox 255 2384 1081 2421">
     <span class='ocr_line' id='line_1_54' title="bbox 255 2384 1081 2421; baseline -0.004 -7"><span class='ocrx_word' id='word_1_340' title='bbox 255 2384 464 2421; x_wconf 68' lang='lat' dir='ltr'>spiritualium</span> <span class='ocrx_word' id='word_1_341' title='bbox 476 2392 652 2419; x_wconf 80' lang='lat' dir='ltr'>congressus</span> <span class='ocrx_word' id='word_1_342' title='bbox 661 2384 802 2421; x_wconf 65' lang='lat' dir='ltr'>magnam</span> <span class='ocrx_word' id='word_1_343' title='bbox 811 2384 1081 2421; x_wconf 59' lang='lat' dir='ltr'>congredientibus</span> 
     </span>
    </p>
   </div>
   <div class='ocr_carea' id='block_1_55' title="bbox 255 2419 1026 2455">
    <p class='ocr_par' dir='ltr' id='par_1_55' title="bbox 255 2419 1026 2455">
     <span class='ocr_line' id='line_1_55' title="bbox 255 2419 1026 2455; baseline -0.006 -4"><span class='ocrx_word' id='word_1_344' title='bbox 255 2419 293 2451; x_wconf 68' lang='grc' dir='ltr'>εἶτ</span> <span class='ocrx_word' id='word_1_345' title='bbox 307 2422 398 2450; x_wconf 78' lang='lat' dir='ltr'>insita</span> <span class='ocrx_word' id='word_1_346' title='bbox 412 2421 473 2448; x_wconf 74' lang='lat' dir='ltr'>illis</span> <span class='ocrx_word' id='word_1_347' title='bbox 487 2421 620 2455; x_wconf 74' lang='lat' dir='ltr'>Spiritus</span> <span class='ocrx_word' id='word_1_348' title='bbox 632 2421 734 2455; x_wconf 81' lang='lat' dir='ltr'>gratia</span> <span class='ocrx_word' id='word_1_349' title='bbox 747 2420 905 2447; x_wconf 73' lang='lat' dir='ltr'>utilitatem</span> <span class='ocrx_word' id='word_1_350' title='bbox 914 2419 1026 2454; x_wconf 81' lang='lat' dir='ltr'>ferens.</span> 
     </span>
    </p>
   </div>
   <div class='ocr_carea' id='block_1_56' title="bbox 292 2454 1081 2493">
    <p class='ocr_par' dir='ltr' id='par_1_56' title="bbox 292 2454 1081 2493">
     <span class='ocr_line' id='line_1_56' title="bbox 292 2454 1081 2493; baseline -0.003 -8"><span class='ocrx_word' id='word_1_351' title='bbox 292 2458 329 2493; x_wconf 81' lang='grc'>(5)</span> <span class='ocrx_word' id='word_1_352' title='bbox 357 2460 385 2483; x_wconf 78' lang='grc' dir='ltr'>Σε</span> <span class='ocrx_word' id='word_1_353' title='bbox 412 2455 483 2493; x_wconf 73' lang='grc' dir='ltr'>θέλῃ.</span> <span class='ocrx_word' id='word_1_354' title='bbox 510 2454 682 2484; x_wconf 84' lang='lat' dir='ltr'>Pronomen</span> <span class='ocrx_word' id='word_1_355' title='bbox 701 2454 838 2483; x_wconf 88' lang='lat' dir='ltr'>additum</span> <span class='ocrx_word' id='word_1_356' title='bbox 864 2462 901 2482; x_wconf 76' lang='lat' dir='ltr'>ex</span> <span class='ocrx_word' id='word_1_357' title='bbox 928 2454 1018 2490; x_wconf 86' lang='lat' dir='ltr'>Regio</span> <span class='ocrx_word' id='word_1_358' title='bbox 1035 2463 1081 2483; x_wconf 91' lang='lat' dir='ltr'>se-</span> 
     </span>
    </p>
   </div>
   <div class='ocr_carea' id='block_1_57' title="bbox 255 2493 366 2522">
    <p class='ocr_par' dir='ltr' id='par_1_57' title="bbox 255 2493 366 2522">
     <span class='ocr_line' id='line_1_57' title="bbox 255 2493 366 2522; baseline 0.009 -1"><span class='ocrx_word' id='word_1_359' title='bbox 255 2493 366 2522; x_wconf 91' lang='lat' dir='ltr'>cundo.</span> 
     </span>
    </p>
   </div>
   <div class='ocr_carea' id='block_1_58' title="bbox 291 2525 1080 2565">
    <p class='ocr_par' dir='ltr' id='par_1_58' title="bbox 291 2525 1080 2565">
     <span class='ocr_line' id='line_1_58' title="bbox 291 2525 1080 2565; baseline -0.004 -10"><span class='ocrx_word' id='word_1_360' title='bbox 291 2529 330 2563; x_wconf 81' lang='lat'>(6)</span> <span class='ocrx_word' id='word_1_361' title='bbox 357 2530 575 2565; x_wconf 74' lang='grc' dir='ltr'>Παραγενόμενος.</span> <span class='ocrx_word' id='word_1_362' title='bbox 603 2528 649 2556; x_wconf 88' lang='lat' dir='ltr'>Sic</span> <span class='ocrx_word' id='word_1_363' title='bbox 681 2526 742 2554; x_wconf 92' lang='lat' dir='ltr'>duo</span> <span class='ocrx_word' id='word_1_364' title='bbox 768 2534 841 2554; x_wconf 85' lang='lat' dir='ltr'>mss.</span> <span class='ocrx_word' id='word_1_365' title='bbox 867 2525 942 2554; x_wconf 84' lang='lat' dir='ltr'>Edili</span> <span class='ocrx_word' id='word_1_366' title='bbox 965 2535 1080 2562; x_wconf 79' lang='grc' dir='ltr'>παραγι-</span> 
     </span>
    </p>
   </div>
   <div class='ocr_carea' id='block_1_59' title="bbox 254 2574 367 2591">
    <p class='ocr_par' dir='ltr' id='par_1_59' title="bbox 254 2574 367 2591">
     <span class='ocr_line' id='line_1_59' title="bbox 254 2574 367 2591; baseline -0.009 0"><span class='ocrx_word' id='word_1_367' title='bbox 254 2574 367 2591; x_wconf 75' lang='grc' dir='ltr'>νοιιενος.</span> 
     </span>
    </p>
   </div>
   <div class='ocr_carea' id='block_1_60' title="bbox 284 2575 1079 2636">
    <p class='ocr_par' dir='ltr' id='par_1_60' title="bbox 284 2575 1079 2636">
     <span class='ocr_line' id='line_1_60' title="bbox 284 2575 1079 2636; baseline -0.004 -10"><span class='ocrx_word' id='word_1_368' title='bbox 408 2601 454 2636; x_wconf 65' lang='grc' dir='ltr'>μὶν</span> <span class='ocrx_word' id='word_1_369' title='bbox 478 2597 574 2636; x_wconf 75' lang='grc' dir='ltr'>δοκεῖν.</span> <span class='ocrx_word' id='word_1_370' title='bbox 605 2598 652 2626; x_wconf 81' lang='lat' dir='ltr'>Sic</span> <span class='ocrx_word' id='word_1_371' title='bbox 668 2599 748 2636; x_wconf 46' lang='grc' dir='ltr'>ᾕρεε.</span> <span class='ocrx_word' id='word_1_372' title='bbox 775 2596 936 2636; x_wconf 84' lang='lat' dir='ltr'>secundus.</span> <span class='ocrx_word' id='word_1_373' title='bbox 953 2597 1029 2625; x_wconf 86' lang='lat' dir='ltr'>Editi</span> <span class='ocrx_word' id='word_1_374' title='bbox 1043 2601 1079 2633; x_wconf 82' lang='grc' dir='ltr'>τῷ</span> 
     </span>
    </p>
   </div>
   <div class='ocr_carea' id='block_1_61' title="bbox 254 2632 976 2673">
    <p class='ocr_par' dir='ltr' id='par_1_61' title="bbox 254 2632 976 2673">
     <span class='ocr_line' id='line_1_61' title="bbox 254 2632 976 2673; baseline -0.004 -10"><span class='ocrx_word' id='word_1_375' title='bbox 254 2632 298 2673; x_wconf 64' lang='grc' dir='ltr'>μὲν</span> <span class='ocrx_word' id='word_1_376' title='bbox 319 2632 422 2673; x_wconf 67' lang='grc' dir='ltr'>’δοκεῖῂ</span> <span class='ocrx_word' id='word_1_377' title='bbox 439 2635 536 2673; x_wconf 69' lang='lat' dir='ltr'>Paulo</span> <span class='ocrx_word' id='word_1_378' title='bbox 543 2636 610 2670; x_wconf 90' lang='lat' dir='ltr'>post</span> <span class='ocrx_word' id='word_1_379' title='bbox 620 2633 678 2661; x_wconf 90' lang='lat' dir='ltr'>cod</span> <span class='ocrx_word' id='word_1_380' title='bbox 692 2634 762 2673; x_wconf 55' lang='lat' dir='ltr'>Man.</span> <span class='ocrx_word' id='word_1_381' title='bbox 779 2632 976 2673; x_wconf 69' lang='grc' dir='ltr'>πεπλεγμένους.</span> 
     </span>
    </p>
   </div>
   <div class='ocr_carea' id='block_1_62' title="bbox 289 2668 989 2706">
    <p class='ocr_par' dir='ltr' id='par_1_62' title="bbox 289 2668 989 2706">
     <span class='ocr_line' id='line_1_62' title="bbox 289 2668 989 2706; baseline -0.003 -7"><span class='ocrx_word' id='word_1_382' title='bbox 289 2674 329 2706; x_wconf 90' lang='grc'>(8)</span> <span class='ocrx_word' id='word_1_383' title='bbox 342 2672 404 2698; x_wconf 80' lang='grc' dir='ltr'>Μετ’</span> <span class='ocrx_word' id='word_1_384' title='bbox 418 2671 505 2697; x_wconf 73' lang='grc' dir='ltr'>αὐτόν.</span> <span class='ocrx_word' id='word_1_385' title='bbox 522 2668 586 2697; x_wconf 75' lang='lat' dir='ltr'>Duo</span> <span class='ocrx_word' id='word_1_386' title='bbox 603 2677 675 2706; x_wconf 58' lang='lat' dir='ltr'>mss.</span> <span class='ocrx_word' id='word_1_387' title='bbox 691 2670 745 2706; x_wconf 62' lang='grc' dir='ltr'>μετ’</span> <span class='ocrx_word' id='word_1_388' title='bbox 761 2668 851 2706; x_wconf 71' lang='grc' dir='ltr'>αὐτον,</span> <span class='ocrx_word' id='word_1_389' title='bbox 868 2677 934 2706; x_wconf 72' lang='lat' dir='ltr'>eum</span> <span class='ocrx_word' id='word_1_390' title='bbox 945 2676 989 2697; x_wconf 90' lang='lat' dir='ltr'>eo.</span> 
     </span>
    </p>
   </div>
   <div class='ocr_carea' id='block_1_63' title="bbox 291 2704 1078 2742">
    <p class='ocr_par' dir='ltr' id='par_1_63' title="bbox 291 2704 1078 2742">
     <span class='ocr_line' id='line_1_63' title="bbox 291 2704 1078 2742; baseline -0.005 -7"><span class='ocrx_word' id='word_1_391' title='bbox 291 2704 327 2741; x_wconf 75' lang='grc'>(9)</span> <span class='ocrx_word' id='word_1_392' title='bbox 347 2709 384 2733; x_wconf 75' lang='lat' dir='ltr'>Tr)</span> <span class='ocrx_word' id='word_1_393' title='bbox 405 2708 514 2742; x_wconf 80' lang='grc' dir='ltr'>αἰματα.</span> <span class='ocrx_word' id='word_1_394' title='bbox 540 2707 651 2742; x_wconf 66' lang='lat' dir='ltr'>Auctor</span> <span class='ocrx_word' id='word_1_395' title='bbox 670 2704 760 2738; x_wconf 83' lang='lat' dir='ltr'>huius</span> <span class='ocrx_word' id='word_1_396' title='bbox 777 2704 919 2742; x_wconf 64' lang='lat' dir='ltr'>epistolae,</span> <span class='ocrx_word' id='word_1_397' title='bbox 940 2712 1030 2742; x_wconf 74' lang='lat' dir='ltr'>quem</span> <span class='ocrx_word' id='word_1_398' title='bbox 1047 2704 1078 2732; x_wconf 88' lang='lat' dir='ltr'>in</span> 
     </span>
    </p>
   </div>
   <div class='ocr_carea' id='block_1_64' title="bbox 254 2739 1079 2776">
    <p class='ocr_par' dir='ltr' id='par_1_64' title="bbox 254 2739 1079 2776">
     <span class='ocr_line' id='line_1_64' title="bbox 254 2739 1079 2776; baseline -0.004 -6"><span class='ocrx_word' id='word_1_399' title='bbox 254 2739 412 2770; x_wconf 58' lang='lat' dir='ltr'>Palaestina</span> <span class='ocrx_word' id='word_1_400' title='bbox 426 2739 533 2770; x_wconf 76' lang='lat' dir='ltr'>vixisse</span> <span class='ocrx_word' id='word_1_401' title='bbox 543 2748 604 2768; x_wconf 89' lang='lat' dir='ltr'>non</span> <span class='ocrx_word' id='word_1_402' title='bbox 619 2739 745 2768; x_wconf 88' lang='lat' dir='ltr'>obscure</span> <span class='ocrx_word' id='word_1_403' title='bbox 756 2739 1079 2776; x_wconf 46' lang='lat' dir='ltr'>perspisciturﬁidetur</span> 
     </span>
    </p>
   </div>
   <div class='ocr_carea' id='block_1_65' title="bbox 252 2776 1078 2813">
    <p class='ocr_par' dir='ltr' id='par_1_65' title="bbox 252 2776 1078 2813">
     <span class='ocr_line' id='line_1_65' title="bbox 252 2776 1078 2813; baseline -0.002 -7"><span class='ocrx_word' id='word_1_404' title='bbox 252 2777 388 2806; x_wconf 87' lang='lat' dir='ltr'>horribili</span> <span class='ocrx_word' id='word_1_405' title='bbox 401 2777 542 2806; x_wconf 86' lang='lat' dir='ltr'>vitiorum</span> <span class='ocrx_word' id='word_1_406' title='bbox 549 2776 749 2813; x_wconf 72' lang='lat' dir='ltr'>picturahanc</span> <span class='ocrx_word' id='word_1_407' title='bbox 758 2776 1078 2813; x_wconf 81' lang='lat' dir='ltr'>potissimumgentem</span> 
     </span>
    </p>
   </div>
   <div class='ocr_carea' id='block_1_66' title="bbox 253 2811 1078 2848">
    <p class='ocr_par' dir='ltr' id='par_1_66' title="bbox 253 2811 1078 2848">
     <span class='ocr_line' id='line_1_66' title="bbox 253 2811 1078 2848; baseline -0.004 -6"><span class='ocrx_word' id='word_1_408' title='bbox 253 2815 368 2842; x_wconf 86' lang='lat' dir='ltr'>notare.</span> <span class='ocrx_word' id='word_1_409' title='bbox 381 2811 669 2842; x_wconf 63' lang='lat' dir='ltr'>llliusnarrationem</span> <span class='ocrx_word' id='word_1_410' title='bbox 675 2811 996 2848; x_wconf 79' lang='lat' dir='ltr'>conﬁrmatGi-egorius</span> <span class='ocrx_word' id='word_1_411' title='bbox 1006 2812 1078 2848; x_wconf 85' lang='lat' dir='ltr'>Nys-</span> 
     </span>
    </p>
   </div>
   <div class='ocr_carea' id='block_1_67' title="bbox 1151 240 1951 281">
    <p class='ocr_par' dir='ltr' id='par_1_67' title="bbox 1151 240 1951 281">
     <span class='ocr_line' id='line_1_67' title="bbox 1151 240 1951 281; baseline 0.005 -15"><span class='ocrx_word' id='word_1_412' title='bbox 1151 240 1275 267; x_wconf 84' lang='grc' dir='ltr'>στολικὼν</span> <span class='ocrx_word' id='word_1_413' title='bbox 1311 240 1497 278; x_wconf 73' lang='grc' dir='ltr'>διδαγμάτων,</span> <span class='ocrx_word' id='word_1_414' title='bbox 1535 242 1705 278; x_wconf 77' lang='grc' dir='ltr'>εὖαγγελικῶν</span> <span class='ocrx_word' id='word_1_415' title='bbox 1737 245 1875 280; x_wconf 73' lang='grc' dir='ltr'>νοημάτων</span> <span class='ocrx_word' id='word_1_416' title='bbox 1916 246 1951 281; x_wconf 82' lang='lat'>(3)</span> 
     </span>
    </p>
   </div>
   <div class='ocr_carea' id='block_1_68' title="bbox 1149 284 1951 326">
    <p class='ocr_par' dir='ltr' id='par_1_68' title="bbox 1149 284 1951 326">
     <span class='ocr_line' id='line_1_68' title="bbox 1149 284 1951 326; baseline 0.005 -14"><span class='ocrx_word' id='word_1_417' title='bbox 1149 286 1260 322; x_wconf 72' lang='grc' dir='ltr'>ἔκθεσις⁵</span> <span class='ocrx_word' id='word_1_418' title='bbox 1291 287 1424 323; x_wconf 76' lang='grc' dir='ltr'>θεολογίας</span> <span class='ocrx_word' id='word_1_419' title='bbox 1450 284 1583 323; x_wconf 76' lang='grc' dir='ltr'>ἀκρόασις,</span> <span class='ocrx_word' id='word_1_420' title='bbox 1626 286 1742 324; x_wconf 74' lang='grc' dir='ltr'>ἀδελφῶν</span> <span class='ocrx_word' id='word_1_421' title='bbox 1779 294 1951 326; x_wconf 79' lang='grc' dir='ltr'>πνευματκῶν</span> 
     </span>
    </p>
   </div>
   <div class='ocr_carea' id='block_1_69' title="bbox 1150 331 1952 369">
    <p class='ocr_par' dir='ltr' id='par_1_69' title="bbox 1150 331 1952 369">
     <span class='ocr_line' id='line_1_69' title="bbox 1150 331 1952 369; baseline 0.006 -13"><span class='ocrx_word' id='word_1_422' title='bbox 1150 333 1293 367; x_wconf 77' lang='grc' dir='ltr'>συντυχίαι</span> <span class='ocrx_word' id='word_1_423' title='bbox 1318 332 1366 367; x_wconf 73' lang='grc'>(4),</span> <span class='ocrx_word' id='word_1_424' title='bbox 1392 332 1505 368; x_wconf 75' lang='grc' dir='ltr'>μεγάλην</span> <span class='ocrx_word' id='word_1_425' title='bbox 1533 335 1589 362; x_wconf 87' lang='grc' dir='ltr'>τοῖς</span> <span class='ocrx_word' id='word_1_426' title='bbox 1617 331 1822 369; x_wconf 68' lang='grc' dir='ltr'>ἐντυγχάνουσιν</span> <span class='ocrx_word' id='word_1_427' title='bbox 1847 334 1875 360; x_wconf 69' lang='grc' dir='ltr'>ἐκ</span> <span class='ocrx_word' id='word_1_428' title='bbox 1905 340 1952 366; x_wconf 74' lang='grc' dir='ltr'>τῆς</span> 
     </span>
    </p>
   </div>
   <div class='ocr_carea' id='block_1_70' title="bbox 1149 376 1952 415">
    <p class='ocr_par' dir='ltr' id='par_1_70' title="bbox 1149 376 1952 415">
     <span class='ocr_line' id='line_1_70' title="bbox 1149 376 1952 415; baseline 0.004 -13"><span class='ocrx_word' id='word_1_429' title='bbox 1149 376 1207 406; x_wconf 70' lang='grc' dir='ltr'>θεας</span> <span class='ocrx_word' id='word_1_430' title='bbox 1235 379 1281 402; x_wconf 85' lang='grc' dir='ltr'>τοῦ</span> <span class='ocrx_word' id='word_1_431' title='bbox 1307 378 1448 414; x_wconf 81' lang='grc' dir='ltr'>προσώπου</span> <span class='ocrx_word' id='word_1_432' title='bbox 1477 378 1523 406; x_wconf 86' lang='grc' dir='ltr'>τὴν</span> <span class='ocrx_word' id='word_1_433' title='bbox 1553 376 1674 412; x_wconf 70' lang='grc' dir='ltr'>ὠφέλειαν</span> <span class='ocrx_word' id='word_1_434' title='bbox 1699 379 1878 415; x_wconf 75' lang='grc' dir='ltr'>παρεχόντων.</span> <span class='ocrx_word' id='word_1_435' title='bbox 1918 382 1952 406; x_wconf 74' lang='grc' dir='ltr'>Σὺ</span> 
     </span>
    </p>
   </div>
   <div class='ocr_carea' id='block_1_71' title="bbox 1149 419 1953 458">
    <p class='ocr_par' dir='ltr' id='par_1_71' title="bbox 1149 419 1953 458">
     <span class='ocr_line' id='line_1_71' title="bbox 1149 419 1953 458; baseline 0.005 -12"><span class='ocrx_word' id='word_1_436' title='bbox 1149 419 1188 453; x_wconf 63' lang='grc' dir='ltr'>δί,</span> <span class='ocrx_word' id='word_1_437' title='bbox 1205 422 1333 447; x_wconf 75' lang='grc' dir='ltr'>τοσούτων</span> <span class='ocrx_word' id='word_1_438' title='bbox 1359 420 1463 456; x_wconf 77' lang='grc' dir='ltr'>ἀγαθῶν</span> <span class='ocrx_word' id='word_1_439' title='bbox 1483 420 1614 458; x_wconf 82' lang='grc' dir='ltr'>ἀλλότριον</span> <span class='ocrx_word' id='word_1_440' title='bbox 1644 424 1751 448; x_wconf 82' lang='grc' dir='ltr'>σεαυτόν</span> <span class='ocrx_word' id='word_1_441' title='bbox 1777 427 1953 454; x_wconf 72' lang='grc' dir='ltr'>καταστήσας</span> 
     </span>
    </p>
   </div>
   <div class='ocr_carea' id='block_1_72' title="bbox 1147 464 1953 505">
    <p class='ocr_par' dir='ltr' id='par_1_72' title="bbox 1147 464 1953 505">
     <span class='ocr_line' id='line_1_72' title="bbox 1147 464 1953 505; baseline 0.004 -14"><span class='ocrx_word' id='word_1_442' title='bbox 1147 465 1264 494; x_wconf 65' lang='grc' dir='ltr'>κάθησαι</span> <span class='ocrx_word' id='word_1_443' title='bbox 1279 464 1371 492; x_wconf 68' lang='grc' dir='ltr'>ἐνθάδε</span> <span class='ocrx_word' id='word_1_444' title='bbox 1390 465 1577 503; x_wconf 75' lang='grc' dir='ltr'>ἐξηγριωμένος</span> <span class='ocrx_word' id='word_1_445' title='bbox 1589 468 1654 498; x_wconf 83' lang='grc' dir='ltr'>ἴσως</span> <span class='ocrx_word' id='word_1_446' title='bbox 1668 471 1722 498; x_wconf 77' lang='grc' dir='ltr'>τοῖς</span> <span class='ocrx_word' id='word_1_447' title='bbox 1737 469 1841 505; x_wconf 73' lang='grc' dir='ltr'>θηρσὶν.</span> <span class='ocrx_word' id='word_1_448' title='bbox 1868 468 1953 505; x_wconf 74' lang='grc' dir='ltr'>Ὁρᾷς</span> 
     </span>
    </p>
   </div>
   <div class='ocr_carea' id='block_1_73' title="bbox 1146 510 1951 549">
    <p class='ocr_par' dir='ltr' id='par_1_73' title="bbox 1146 510 1951 549">
     <span class='ocr_line' id='line_1_73' title="bbox 1146 510 1951 549; baseline 0.004 -13"><span class='ocrx_word' id='word_1_449' title='bbox 1146 511 1197 548; x_wconf 84' lang='grc' dir='ltr'>γὰρ</span> <span class='ocrx_word' id='word_1_450' title='bbox 1228 510 1339 537; x_wconf 78' lang='grc' dir='ltr'>ἐνταῦθα</span> <span class='ocrx_word' id='word_1_451' title='bbox 1363 511 1472 548; x_wconf 75' lang='grc' dir='ltr'>ἱρημίαν</span> <span class='ocrx_word' id='word_1_452' title='bbox 1498 510 1604 544; x_wconf 75' lang='grc' dir='ltr'>πολλὴν,</span> <span class='ocrx_word' id='word_1_453' title='bbox 1632 511 1817 549; x_wconf 74' lang='grc' dir='ltr'>ἀπανθρωπίαν</span> <span class='ocrx_word' id='word_1_454' title='bbox 1835 513 1884 539; x_wconf 64' lang='grc' dir='ltr'>οὐκ</span> <span class='ocrx_word' id='word_1_455' title='bbox 1900 513 1951 540; x_wconf 79' lang='grc' dir='ltr'>ὀλί-</span> 
     </span>
    </p>
   </div>
   <div class='ocr_carea' id='block_1_74' title="bbox 1146 553 1950 595">
    <p class='ocr_par' dir='ltr' id='par_1_74' title="bbox 1146 553 1950 595">
     <span class='ocr_line' id='line_1_74' title="bbox 1146 553 1950 595; baseline 0.005 -15"><span class='ocrx_word' id='word_1_456' title='bbox 1146 565 1205 590; x_wconf 77' lang='grc' dir='ltr'>γην.</span> <span class='ocrx_word' id='word_1_457' title='bbox 1221 554 1330 592; x_wconf 80' lang='grc' dir='ltr'>ἀπορίαν</span> <span class='ocrx_word' id='word_1_458' title='bbox 1350 553 1536 591; x_wconf 79' lang='grc' dir='ltr'>διδασκαλιας,</span> <span class='ocrx_word' id='word_1_459' title='bbox 1552 554 1667 593; x_wconf 73' lang='grc' dir='ltr'>ἀδελφῶν</span> <span class='ocrx_word' id='word_1_460' title='bbox 1692 556 1873 595; x_wconf 71' lang='grc' dir='ltr'>ἀλλοτρίωσιν,</span> <span class='ocrx_word' id='word_1_461' title='bbox 1904 561 1950 584; x_wconf 80' lang='grc' dir='ltr'>καὶ</span> 
     </span>
    </p>
   </div>
   <div class='ocr_carea' id='block_1_75' title="bbox 1146 599 1949 639">
    <p class='ocr_par' dir='ltr' id='par_1_75' title="bbox 1146 599 1949 639">
     <span class='ocr_line' id='line_1_75' title="bbox 1146 599 1949 639; baseline 0.005 -14"><span class='ocrx_word' id='word_1_462' title='bbox 1146 601 1175 626; x_wconf 83' lang='grc' dir='ltr'>τὸ</span> <span class='ocrx_word' id='word_1_463' title='bbox 1198 603 1299 636; x_wconf 79' lang='grc' dir='ltr'>πνεῦμα</span> <span class='ocrx_word' id='word_1_464' title='bbox 1326 602 1385 637; x_wconf 87' lang='grc' dir='ltr'>πιρὶ</span> <span class='ocrx_word' id='word_1_465' title='bbox 1410 602 1456 630; x_wconf 79' lang='grc' dir='ltr'>τὴν</span> <span class='ocrx_word' id='word_1_466' title='bbox 1483 599 1586 630; x_wconf 78' lang='grc' dir='ltr'>ἄντολήν</span> <span class='ocrx_word' id='word_1_467' title='bbox 1612 604 1658 627; x_wconf 84' lang='grc' dir='ltr'>τοῦ</span> <span class='ocrx_word' id='word_1_468' title='bbox 1683 605 1749 628; x_wconf 78' lang='grc' dir='ltr'>Θεοῦ</span> <span class='ocrx_word' id='word_1_469' title='bbox 1776 602 1871 639; x_wconf 83' lang='grc' dir='ltr'>ἀργίαν</span> <span class='ocrx_word' id='word_1_470' title='bbox 1887 604 1949 639; x_wconf 81' lang='grc' dir='ltr'>ἔχον</span> 
     </span>
    </p>
   </div>
   <div class='ocr_carea' id='block_1_76' title="bbox 1145 643 1949 683">
    <p class='ocr_par' dir='ltr' id='par_1_76' title="bbox 1145 643 1949 683">
     <span class='ocr_line' id='line_1_76' title="bbox 1145 643 1949 683; baseline 0.005 -13"><span class='ocrx_word' id='word_1_471' title='bbox 1145 643 1250 674; x_wconf 75' lang='grc' dir='ltr'>πολλὴν.</span> <span class='ocrx_word' id='word_1_472' title='bbox 1279 647 1359 670; x_wconf 86' lang='grc' dir='ltr'>Ὀταν</span> <span class='ocrx_word' id='word_1_473' title='bbox 1386 643 1430 670; x_wconf 83' lang='grc' dir='ltr'>οὖν</span> <span class='ocrx_word' id='word_1_474' title='bbox 1459 646 1593 676; x_wconf 76' lang='grc' dir='ltr'>τοιαύταις</span> <span class='ocrx_word' id='word_1_475' title='bbox 1616 648 1661 672; x_wconf 84' lang='grc' dir='ltr'>καὶ</span> <span class='ocrx_word' id='word_1_476' title='bbox 1678 648 1821 678; x_wconf 73' lang='grc' dir='ltr'>τοσαύταις</span> <span class='ocrx_word' id='word_1_477' title='bbox 1841 647 1949 683; x_wconf 76' lang='grc' dir='ltr'>εὐλογο-</span> 
     </span>
    </p>
   </div>
   <div class='ocr_carea' id='block_1_77' title="bbox 1146 688 1949 728">
    <p class='ocr_par' dir='ltr' id='par_1_77' title="bbox 1146 688 1949 728">
     <span class='ocr_line' id='line_1_77' title="bbox 1146 688 1949 728; baseline 0.005 -14"><span class='ocrx_word' id='word_1_478' title='bbox 1146 690 1237 725; x_wconf 75' lang='grc' dir='ltr'>φανέσι</span> <span class='ocrx_word' id='word_1_479' title='bbox 1280 688 1442 726; x_wconf 71' lang='grc' dir='ltr'>προφάσεσιν</span> <span class='ocrx_word' id='word_1_480' title='bbox 1482 688 1652 716; x_wconf 68' lang='grc' dir='ltr'>ἐπαναστᾶσα</span> <span class='ocrx_word' id='word_1_481' title='bbox 1682 691 1697 719; x_wconf 85' lang='grc' dir='ltr'>ἡ</span> <span class='ocrx_word' id='word_1_482' title='bbox 1732 693 1835 728; x_wconf 89' lang='grc' dir='ltr'>πονηρά</span> <span class='ocrx_word' id='word_1_483' title='bbox 1864 693 1949 718; x_wconf 69' lang='grc' dir='ltr'>ἔννοια</span> 
     </span>
    </p>
   </div>
   <div class='ocr_carea' id='block_1_78' title="bbox 1145 732 1946 772">
    <p class='ocr_par' dir='ltr' id='par_1_78' title="bbox 1145 732 1946 772">
     <span class='ocr_line' id='line_1_78' title="bbox 1145 732 1946 772; baseline 0.006 -14"><span class='ocrx_word' id='word_1_484' title='bbox 1145 732 1307 770; x_wconf 79' lang='grc' dir='ltr'>καταρρῆξαί</span> <span class='ocrx_word' id='word_1_485' title='bbox 1336 743 1365 759; x_wconf 81' lang='grc' dir='ltr'>σε</span> <span class='ocrx_word' id='word_1_486' title='bbox 1393 733 1450 769; x_wconf 71' lang='grc' dir='ltr'>θέλῃ</span> <span class='ocrx_word' id='word_1_487' title='bbox 1482 733 1529 769; x_wconf 79' lang='grc'>(5),</span> <span class='ocrx_word' id='word_1_488' title='bbox 1555 733 1727 771; x_wconf 79' lang='grc' dir='ltr'>ὰντιπαροίθες</span> <span class='ocrx_word' id='word_1_489' title='bbox 1749 735 1814 772; x_wconf 80' lang='grc' dir='ltr'>αύτῇ</span> <span class='ocrx_word' id='word_1_490' title='bbox 1832 734 1879 762; x_wconf 78' lang='grc' dir='ltr'>διὰ</span> <span class='ocrx_word' id='word_1_491' title='bbox 1898 740 1946 763; x_wconf 74' lang='grc' dir='ltr'>τοῦ</span> 
     </span>
    </p>
   </div>
   <div class='ocr_carea' id='block_1_79' title="bbox 1145 776 1947 818">
    <p class='ocr_par' dir='ltr' id='par_1_79' title="bbox 1145 776 1947 818">
     <span class='ocr_line' id='line_1_79' title="bbox 1145 776 1947 818; baseline 0.005 -15"><span class='ocrx_word' id='word_1_492' title='bbox 1145 777 1267 809; x_wconf 76' lang='grc' dir='ltr'>εὐσεϐοῦς</span> <span class='ocrx_word' id='word_1_493' title='bbox 1291 776 1420 814; x_wconf 74' lang='grc' dir='ltr'>λογισμοῦ</span> <span class='ocrx_word' id='word_1_494' title='bbox 1447 779 1494 807; x_wconf 83' lang='grc' dir='ltr'>τὴν</span> <span class='ocrx_word' id='word_1_495' title='bbox 1520 782 1610 816; x_wconf 74' lang='grc' dir='ltr'>πεῖραν</span> <span class='ocrx_word' id='word_1_496' title='bbox 1637 783 1683 805; x_wconf 72' lang='grc' dir='ltr'>τοῦ</span> <span class='ocrx_word' id='word_1_497' title='bbox 1710 781 1875 818; x_wconf 72' lang='grc' dir='ltr'>πράγματος,</span> <span class='ocrx_word' id='word_1_498' title='bbox 1903 780 1947 808; x_wconf 85' lang='grc' dir='ltr'>λέ-</span> 
     </span>
    </p>
   </div>
   <div class='ocr_carea' id='block_1_80' title="bbox 1144 821 1946 861">
    <p class='ocr_par' dir='ltr' id='par_1_80' title="bbox 1144 821 1946 861">
     <span class='ocr_line' id='line_1_80' title="bbox 1144 821 1946 861; baseline 0.004 -13"><span class='ocrx_word' id='word_1_499' title='bbox 1144 833 1205 858; x_wconf 74' lang='grc' dir='ltr'>γων,</span> <span class='ocrx_word' id='word_1_500' title='bbox 1228 821 1333 851; x_wconf 72' lang='grc' dir='ltr'>Ἐπειδὴ</span> <span class='ocrx_word' id='word_1_501' title='bbox 1366 824 1398 848; x_wconf 73' lang='grc' dir='ltr'>σὺ</span> <span class='ocrx_word' id='word_1_502' title='bbox 1419 822 1500 858; x_wconf 81' lang='grc' dir='ltr'>λέγεις</span> <span class='ocrx_word' id='word_1_503' title='bbox 1525 833 1570 859; x_wconf 87' lang='grc' dir='ltr'>μοι</span> <span class='ocrx_word' id='word_1_504' title='bbox 1596 823 1662 849; x_wconf 88' lang='grc' dir='ltr'>καλὰ</span> <span class='ocrx_word' id='word_1_505' title='bbox 1690 825 1724 850; x_wconf 83' lang='grc' dir='ltr'>τά</span> <span class='ocrx_word' id='word_1_506' title='bbox 1749 823 1774 850; x_wconf 78' lang='grc' dir='ltr'>ἓν</span> <span class='ocrx_word' id='word_1_507' title='bbox 1803 829 1839 860; x_wconf 83' lang='grc' dir='ltr'>τῷ</span> <span class='ocrx_word' id='word_1_508' title='bbox 1854 828 1946 861; x_wconf 75' lang='grc' dir='ltr'>κόσμῳ</span> 
     </span>
    </p>
   </div>
   <div class='ocr_carea' id='block_1_81' title="bbox 1843 869 1948 901">
    <p class='ocr_par' dir='ltr' id='par_1_81' title="bbox 1843 869 1948 901">
     <span class='ocr_line' id='line_1_81' title="bbox 1843 869 1948 901; baseline 0.01 -6"><span class='ocrx_word' id='word_1_509' title='bbox 1843 869 1908 901; x_wconf 68' lang='grc' dir='ltr'>ἀνάξ</span> <span class='ocrx_word' id='word_1_510' title='bbox 1910 880 1948 896; x_wconf 80' lang='grc' dir='ltr'>ιον</span> 
     </span>
    </p>
   </div>
   <div class='ocr_carea' id='block_1_82' title="bbox 1145 911 1947 952">
    <p class='ocr_par' dir='ltr' id='par_1_82' title="bbox 1145 911 1947 952">
     <span class='ocr_line' id='line_1_82' title="bbox 1145 911 1947 952; baseline 0.005 -15"><span class='ocrx_word' id='word_1_511' title='bbox 1145 911 1256 948; x_wconf 80' lang='grc' dir='ltr'>ἑμαυθὸν</span> <span class='ocrx_word' id='word_1_512' title='bbox 1279 914 1366 948; x_wconf 77' lang='grc' dir='ltr'>κρίνας</span> <span class='ocrx_word' id='word_1_513' title='bbox 1390 916 1439 938; x_wconf 81' lang='grc' dir='ltr'>τῶν</span> <span class='ocrx_word' id='word_1_514' title='bbox 1466 915 1511 938; x_wconf 83' lang='grc' dir='ltr'>τοῦ</span> <span class='ocrx_word' id='word_1_515' title='bbox 1537 915 1638 949; x_wconf 80' lang='grc' dir='ltr'>κόσμου</span> <span class='ocrx_word' id='word_1_516' title='bbox 1666 913 1760 942; x_wconf 85' lang='grc' dir='ltr'>καλῶν.</span> <span class='ocrx_word' id='word_1_517' title='bbox 1789 917 1947 952; x_wconf 78' lang='grc' dir='ltr'>Πᾳραμέμι-</span> 
     </span>
    </p>
   </div>
   <div class='ocr_carea' id='block_1_83' title="bbox 1145 957 1947 995">
    <p class='ocr_par' dir='ltr' id='par_1_83' title="bbox 1145 957 1947 995">
     <span class='ocr_line' id='line_1_83' title="bbox 1145 957 1947 995; baseline 0.004 -13"><span class='ocrx_word' id='word_1_518' title='bbox 1145 967 1205 983; x_wconf 82' lang='grc' dir='ltr'>κται</span> <span class='ocrx_word' id='word_1_519' title='bbox 1219 958 1270 994; x_wconf 80' lang='grc' dir='ltr'>γὰρ</span> <span class='ocrx_word' id='word_1_520' title='bbox 1285 960 1340 988; x_wconf 86' lang='grc' dir='ltr'>τοῖς</span> <span class='ocrx_word' id='word_1_521' title='bbox 1354 961 1400 982; x_wconf 73' lang='grc' dir='ltr'>τοῦ</span> <span class='ocrx_word' id='word_1_522' title='bbox 1413 958 1514 993; x_wconf 82' lang='grc' dir='ltr'>κόσμου</span> <span class='ocrx_word' id='word_1_523' title='bbox 1533 957 1620 988; x_wconf 79' lang='grc' dir='ltr'>καλοῖς</span> <span class='ocrx_word' id='word_1_524' title='bbox 1636 959 1668 984; x_wconf 78' lang='grc' dir='ltr'>τὰ</span> <span class='ocrx_word' id='word_1_525' title='bbox 1682 960 1760 994; x_wconf 68' lang='grc' dir='ltr'>κακὰ,</span> <span class='ocrx_word' id='word_1_526' title='bbox 1781 961 1826 985; x_wconf 80' lang='grc' dir='ltr'>καὶ</span> <span class='ocrx_word' id='word_1_527' title='bbox 1850 959 1947 995; x_wconf 79' lang='grc' dir='ltr'>μᾶλλον</span> 
     </span>
    </p>
   </div>
   <div class='ocr_carea' id='block_1_84' title="bbox 1145 1002 1947 1040">
    <p class='ocr_par' dir='ltr' id='par_1_84' title="bbox 1145 1002 1947 1040">
     <span class='ocr_line' id='line_1_84' title="bbox 1145 1002 1947 1040; baseline 0.004 -13"><span class='ocrx_word' id='word_1_528' title='bbox 1145 1002 1277 1038; x_wconf 82' lang='grc' dir='ltr'>ὑπεραίρει</span> <span class='ocrx_word' id='word_1_529' title='bbox 1304 1002 1336 1027; x_wconf 73' lang='grc' dir='ltr'>τα</span> <span class='ocrx_word' id='word_1_530' title='bbox 1361 1002 1438 1028; x_wconf 77' lang='grc' dir='ltr'>κακὰ.</span> <span class='ocrx_word' id='word_1_531' title='bbox 1468 1004 1676 1039; x_wconf 73' lang='grc' dir='ltr'>Παραγενόμενος</span> <span class='ocrx_word' id='word_1_532' title='bbox 1703 1002 1738 1038; x_wconf 84' lang='grc'>(6)</span> <span class='ocrx_word' id='word_1_533' title='bbox 1771 1004 1821 1040; x_wconf 80' lang='grc' dir='ltr'>γὰρ</span> <span class='ocrx_word' id='word_1_534' title='bbox 1845 1014 1906 1030; x_wconf 85' lang='grc' dir='ltr'>ποτε</span> <span class='ocrx_word' id='word_1_535' title='bbox 1922 1003 1947 1029; x_wconf 76' lang='grc' dir='ltr'>ἐν</span> 
     </span>
    </p>
   </div>
   <div class='ocr_carea' id='block_1_85' title="bbox 1144 1047 1945 1085">
    <p class='ocr_par' dir='ltr' id='par_1_85' title="bbox 1144 1047 1945 1085">
     <span class='ocr_line' id='line_1_85' title="bbox 1144 1047 1945 1085; baseline 0.004 -14"><span class='ocrx_word' id='word_1_536' title='bbox 1144 1050 1200 1076; x_wconf 87' lang='grc' dir='ltr'>ταῖς</span> <span class='ocrx_word' id='word_1_537' title='bbox 1239 1049 1427 1082; x_wconf 78' lang='grc' dir='ltr'>πνευματικαῖς</span> <span class='ocrx_word' id='word_1_538' title='bbox 1467 1048 1655 1083; x_wconf 81' lang='grc' dir='ltr'>πανηγύρεσιν,</span> <span class='ocrx_word' id='word_1_539' title='bbox 1683 1047 1718 1073; x_wconf 84' lang='grc' dir='ltr'>ἐνὶ</span> <span class='ocrx_word' id='word_1_540' title='bbox 1751 1049 1796 1084; x_wconf 71' lang='grc' dir='ltr'>μὲν</span> <span class='ocrx_word' id='word_1_541' title='bbox 1843 1047 1945 1085; x_wconf 60' lang='grc' dir='ltr'>ἀδελφῷ</span> 
     </span>
    </p>
   </div>
   <div class='ocr_carea' id='block_1_86' title="bbox 1144 1090 1944 1129">
    <p class='ocr_par' dir='ltr' id='par_1_86' title="bbox 1144 1090 1944 1129">
     <span class='ocr_line' id='line_1_86' title="bbox 1144 1090 1944 1129; baseline 0.004 -13"><span class='ocrx_word' id='word_1_542' title='bbox 1144 1090 1216 1127; x_wconf 86' lang='grc' dir='ltr'>μόλις</span> <span class='ocrx_word' id='word_1_543' title='bbox 1243 1092 1304 1116; x_wconf 77' lang='grc' dir='ltr'>ποτε</span> <span class='ocrx_word' id='word_1_544' title='bbox 1332 1092 1497 1128; x_wconf 82' lang='grc' dir='ltr'>περιέτυχον,</span> <span class='ocrx_word' id='word_1_545' title='bbox 1532 1093 1562 1117; x_wconf 86' lang='grc' dir='ltr'>τὸ</span> <span class='ocrx_word' id='word_1_546' title='bbox 1576 1093 1620 1128; x_wconf 67' lang='grc' dir='ltr'>μὲν</span> <span class='ocrx_word' id='word_1_547' title='bbox 1639 1090 1725 1118; x_wconf 79' lang='grc' dir='ltr'>δόκεῖν</span> <span class='ocrx_word' id='word_1_548' title='bbox 1742 1092 1781 1128; x_wconf 85' lang='grc'>(7)</span> <span class='ocrx_word' id='word_1_549' title='bbox 1796 1092 1944 1129; x_wconf 43' lang='grc' dir='ltr'>φοϐονμλῳ</span> 
     </span>
    </p>
   </div>
   <div class='ocr_carea' id='block_1_87' title="bbox 1143 1133 1944 1172">
    <p class='ocr_par' dir='ltr' id='par_1_87' title="bbox 1143 1133 1944 1172">
     <span class='ocr_line' id='line_1_87' title="bbox 1143 1133 1944 1172; baseline 0.002 -10"><span class='ocrx_word' id='word_1_550' title='bbox 1143 1137 1186 1162; x_wconf 83' lang='grc' dir='ltr'>τὸν</span> <span class='ocrx_word' id='word_1_551' title='bbox 1208 1136 1313 1171; x_wconf 69' lang='grc' dir='ltr'>Κύριον,</span> <span class='ocrx_word' id='word_1_552' title='bbox 1329 1137 1494 1172; x_wconf 81' lang='grc' dir='ltr'>κρατουμένῳ</span> <span class='ocrx_word' id='word_1_553' title='bbox 1523 1133 1553 1162; x_wconf 76' lang='grc' dir='ltr'>δὲ</span> <span class='ocrx_word' id='word_1_554' title='bbox 1581 1137 1630 1162; x_wconf 73' lang='grc' dir='ltr'>ὑπὸ</span> <span class='ocrx_word' id='word_1_555' title='bbox 1660 1140 1706 1163; x_wconf 77' lang='grc' dir='ltr'>τού</span> <span class='ocrx_word' id='word_1_556' title='bbox 1734 1135 1869 1169; x_wconf 78' lang='grc' dir='ltr'>διαϐόλου,</span> <span class='ocrx_word' id='word_1_557' title='bbox 1898 1140 1944 1164; x_wconf 83' lang='grc' dir='ltr'>καὶ</span> 
     </span>
    </p>
   </div>
   <div class='ocr_carea' id='block_1_88' title="bbox 1143 1179 1944 1218">
    <p class='ocr_par' dir='ltr' id='par_1_88' title="bbox 1143 1179 1944 1218">
     <span class='ocr_line' id='line_1_88' title="bbox 1143 1179 1944 1218; baseline 0.005 -13"><span class='ocrx_word' id='word_1_558' title='bbox 1143 1182 1246 1209; x_wconf 76' lang='grc' dir='ltr'>ἤκουσα</span> <span class='ocrx_word' id='word_1_559' title='bbox 1274 1190 1326 1216; x_wconf 88' lang='grc' dir='ltr'>παρ</span> <span class='ocrx_word' id='word_1_560' title='bbox 1355 1180 1443 1206; x_wconf 73' lang='grc' dir='ltr'>ἀὐτοῦ</span> <span class='ocrx_word' id='word_1_561' title='bbox 1469 1179 1561 1217; x_wconf 74' lang='grc' dir='ltr'>λόγους</span> <span class='ocrx_word' id='word_1_562' title='bbox 1575 1181 1700 1217; x_wconf 67' lang='grc' dir='ltr'>κομψοὺς,</span> <span class='ocrx_word' id='word_1_563' title='bbox 1724 1184 1769 1208; x_wconf 87' lang='grc' dir='ltr'>καὶ</span> <span class='ocrx_word' id='word_1_564' title='bbox 1783 1183 1880 1218; x_wconf 80' lang='grc' dir='ltr'>μύθους</span> <span class='ocrx_word' id='word_1_565' title='bbox 1895 1192 1944 1209; x_wconf 71' lang='grc' dir='ltr'>πι-</span> 
     </span>
    </p>
   </div>
   <div class='ocr_carea' id='block_1_89' title="bbox 1143 1223 1945 1262">
    <p class='ocr_par' dir='ltr' id='par_1_89' title="bbox 1143 1223 1945 1262">
     <span class='ocr_line' id='line_1_89' title="bbox 1143 1223 1945 1262; baseline 0.002 -12"><span class='ocrx_word' id='word_1_566' title='bbox 1143 1224 1307 1260; x_wconf 83' lang='grc' dir='ltr'>πλασμένους</span> <span class='ocrx_word' id='word_1_567' title='bbox 1331 1224 1367 1255; x_wconf 81' lang='grc' dir='ltr'>εἰς</span> <span class='ocrx_word' id='word_1_568' title='bbox 1396 1223 1497 1253; x_wconf 70' lang='grc' dir='ltr'>ἀπάτην</span> <span class='ocrx_word' id='word_1_569' title='bbox 1518 1229 1568 1251; x_wconf 82' lang='grc' dir='ltr'>τῶν</span> <span class='ocrx_word' id='word_1_570' title='bbox 1592 1225 1813 1262; x_wconf 81' lang='grc' dir='ltr'>ἐντυγχανόντων.</span> <span class='ocrx_word' id='word_1_571' title='bbox 1837 1226 1945 1258; x_wconf 81' lang='grc' dir='ltr'>Πολλοῖς</span> 
     </span>
    </p>
   </div>
   <div class='ocr_carea' id='block_1_90' title="bbox 1144 1267 1942 1309">
    <p class='ocr_par' dir='ltr' id='par_1_90' title="bbox 1144 1267 1942 1309">
     <span class='ocr_line' id='line_1_90' title="bbox 1144 1267 1942 1309; baseline 0.003 -13"><span class='ocrx_word' id='word_1_572' title='bbox 1144 1267 1173 1296; x_wconf 75' lang='grc' dir='ltr'>δὲ</span> <span class='ocrx_word' id='word_1_573' title='bbox 1201 1268 1255 1306; x_wconf 76' lang='grc' dir='ltr'>μετ’</span> <span class='ocrx_word' id='word_1_574' title='bbox 1281 1269 1358 1295; x_wconf 76' lang='grc' dir='ltr'>αὑτὸν</span> <span class='ocrx_word' id='word_1_575' title='bbox 1387 1270 1425 1305; x_wconf 89' lang='grc'>(8)</span> <span class='ocrx_word' id='word_1_576' title='bbox 1455 1271 1598 1306; x_wconf 84' lang='grc' dir='ltr'>συνέτυχον</span> <span class='ocrx_word' id='word_1_577' title='bbox 1626 1270 1757 1305; x_wconf 81' lang='grc' dir='ltr'>κλέπταις,</span> <span class='ocrx_word' id='word_1_578' title='bbox 1774 1271 1942 1309; x_wconf 77' lang='grc' dir='ltr'>ἄρπαξι,τυ-</span> 
     </span>
    </p>
   </div>
   <div class='ocr_carea' id='block_1_91' title="bbox 1142 1312 1942 1353">
    <p class='ocr_par' dir='ltr' id='par_1_91' title="bbox 1142 1312 1942 1353">
     <span class='ocr_line' id='line_1_91' title="bbox 1142 1312 1942 1353; baseline 0.004 -14"><span class='ocrx_word' id='word_1_579' title='bbox 1142 1314 1252 1352; x_wconf 84' lang='grc' dir='ltr'>ροίννοις.</span> <span class='ocrx_word' id='word_1_580' title='bbox 1286 1312 1362 1340; x_wconf 80' lang='grc' dir='ltr'>Εἶδον</span> <span class='ocrx_word' id='word_1_581' title='bbox 1386 1315 1530 1350; x_wconf 84' lang='grc' dir='ltr'>μεθυόντων</span> <span class='ocrx_word' id='word_1_582' title='bbox 1556 1319 1652 1351; x_wconf 81' lang='grc' dir='ltr'>σχῆμα</span> <span class='ocrx_word' id='word_1_583' title='bbox 1665 1316 1802 1352; x_wconf 74' lang='grc' dir='ltr'>ἄσχημον,</span> <span class='ocrx_word' id='word_1_584' title='bbox 1817 1318 1848 1342; x_wconf 82' lang='grc' dir='ltr'>τὰ</span> <span class='ocrx_word' id='word_1_585' title='bbox 1864 1318 1942 1353; x_wconf 80' lang='grc' dir='ltr'>αἳμα-</span> 
     </span>
    </p>
   </div>
   <div class='ocr_carea' id='block_1_92' title="bbox 1142 1358 1941 1395">
    <p class='ocr_par' dir='ltr' id='par_1_92' title="bbox 1142 1358 1941 1395">
     <span class='ocr_line' id='line_1_92' title="bbox 1142 1358 1941 1395; baseline 0.004 -11"><span class='ocrx_word' id='word_1_586' title='bbox 1142 1368 1174 1384; x_wconf 83' lang='grc' dir='ltr'>τα</span> <span class='ocrx_word' id='word_1_587' title='bbox 1201 1359 1239 1394; x_wconf 84' lang='grc'>(9)</span> <span class='ocrx_word' id='word_1_588' title='bbox 1268 1363 1318 1385; x_wconf 83' lang='grc' dir='ltr'>τῶν</span> <span class='ocrx_word' id='word_1_589' title='bbox 1350 1361 1590 1395; x_wconf 81' lang='grc' dir='ltr'>καταπονουμένων.</span> <span class='ocrx_word' id='word_1_590' title='bbox 1621 1358 1699 1387; x_wconf 79' lang='grc' dir='ltr'>Εἶδον</span> <span class='ocrx_word' id='word_1_591' title='bbox 1726 1359 1756 1386; x_wconf 78' lang='grc' dir='ltr'>δὲ</span> <span class='ocrx_word' id='word_1_592' title='bbox 1784 1364 1828 1387; x_wconf 83' lang='grc' dir='ltr'>καὶ</span> <span class='ocrx_word' id='word_1_593' title='bbox 1848 1361 1941 1393; x_wconf 79' lang='grc' dir='ltr'>καλλος</span> 
     </span>
    </p>
   </div>
   <div class='ocr_carea' id='block_1_93' title="bbox 1141 1403 1941 1443">
    <p class='ocr_par' dir='ltr' id='par_1_93' title="bbox 1141 1403 1941 1443">
     <span class='ocr_line' id='line_1_93' title="bbox 1141 1403 1941 1443; baseline 0.004 -14"><span class='ocrx_word' id='word_1_594' title='bbox 1141 1408 1279 1439; x_wconf 78' lang='grc' dir='ltr'>γυναικῶν⁵</span> <span class='ocrx_word' id='word_1_595' title='bbox 1309 1403 1453 1440; x_wconf 78' lang='grc' dir='ltr'>βασανίζον</span> <span class='ocrx_word' id='word_1_596' title='bbox 1480 1414 1530 1440; x_wconf 89' lang='grc' dir='ltr'>μου</span> <span class='ocrx_word' id='word_1_597' title='bbox 1558 1406 1605 1434; x_wconf 82' lang='grc' dir='ltr'>τὴν</span> <span class='ocrx_word' id='word_1_598' title='bbox 1635 1406 1816 1443; x_wconf 78' lang='grc' dir='ltr'>σωφροσύνην.</span> <span class='ocrx_word' id='word_1_599' title='bbox 1845 1408 1895 1432; x_wconf 77' lang='grc' dir='ltr'>Καὶ</span> <span class='ocrx_word' id='word_1_600' title='bbox 1912 1408 1941 1432; x_wconf 82' lang='grc' dir='ltr'>τὸ</span> 
     </span>
    </p>
   </div>
   <div class='ocr_carea' id='block_1_94' title="bbox 1140 1447 1942 1486">
    <p class='ocr_par' dir='ltr' id='par_1_94' title="bbox 1140 1447 1942 1486">
     <span class='ocr_line' id='line_1_94' title="bbox 1140 1447 1942 1486; baseline 0.005 -13"><span class='ocrx_word' id='word_1_601' title='bbox 1140 1450 1186 1484; x_wconf 70' lang='grc' dir='ltr'>μεν</span> <span class='ocrx_word' id='word_1_602' title='bbox 1216 1451 1263 1479; x_wconf 81' lang='grc' dir='ltr'>τῆς</span> <span class='ocrx_word' id='word_1_603' title='bbox 1287 1451 1408 1486; x_wconf 85' lang='grc' dir='ltr'>προνιίας</span> <span class='ocrx_word' id='word_1_604' title='bbox 1435 1449 1508 1484; x_wconf 77' lang='grc' dir='ltr'>ἔργον</span> <span class='ocrx_word' id='word_1_605' title='bbox 1539 1447 1673 1485; x_wconf 71' lang='grc' dir='ltr'>διέφυγον·</span> <span class='ocrx_word' id='word_1_606' title='bbox 1707 1452 1754 1479; x_wconf 82' lang='grc' dir='ltr'>τὴν</span> <span class='ocrx_word' id='word_1_607' title='bbox 1780 1449 1810 1476; x_wconf 77' lang='grc' dir='ltr'><em>δὲ</em></span> <span class='ocrx_word' id='word_1_608' title='bbox 1828 1449 1942 1486; x_wconf 73' lang='grc' dir='ltr'>ἐμαυτοῦ</span> 
     </span>
    </p>
   </div>
   <div class='ocr_carea' id='block_1_95' title="bbox 1140 1491 1942 1530">
    <p class='ocr_par' dir='ltr' id='par_1_95' title="bbox 1140 1491 1942 1530">
     <span class='ocr_line' id='line_1_95' title="bbox 1140 1491 1942 1530; baseline 0.004 -12"><span class='ocrx_word' id='word_1_609' title='bbox 1140 1493 1279 1529; x_wconf 81' lang='grc' dir='ltr'>παρθενίαν</span> <span class='ocrx_word' id='word_1_610' title='bbox 1293 1491 1401 1528; x_wconf 83' lang='grc' dir='ltr'>ἐμόλυνα</span> <span class='ocrx_word' id='word_1_611' title='bbox 1414 1494 1482 1519; x_wconf 86' lang='grc' dir='ltr'>κατά</span> <span class='ocrx_word' id='word_1_612' title='bbox 1503 1491 1621 1520; x_wconf 71' lang='grc' dir='ltr'>διάνοιαν</span> <span class='ocrx_word' id='word_1_613' title='bbox 1643 1492 1764 1530; x_wconf 71' lang='grc' dir='ltr'>καρδίας.</span> <span class='ocrx_word' id='word_1_614' title='bbox 1796 1497 1846 1521; x_wconf 83' lang='grc' dir='ltr'>Καὶ</span> <span class='ocrx_word' id='word_1_615' title='bbox 1875 1495 1942 1521; x_wconf 85' lang='grc' dir='ltr'>πολ-</span> 
     </span>
    </p>
   </div>
   <div class='ocr_carea' id='block_1_96' title="bbox 1139 1536 1940 1577">
    <p class='ocr_par' dir='ltr' id='par_1_96' title="bbox 1139 1536 1940 1577">
     <span class='ocr_line' id='line_1_96' title="bbox 1139 1536 1940 1577; baseline 0.005 -15"><span class='ocrx_word' id='word_1_616' title='bbox 1139 1536 1188 1563; x_wconf 86' lang='grc' dir='ltr'>λῶν</span> <span class='ocrx_word' id='word_1_617' title='bbox 1203 1539 1248 1573; x_wconf 74' lang='grc' dir='ltr'>μεν</span> <span class='ocrx_word' id='word_1_618' title='bbox 1264 1536 1365 1566; x_wconf 80' lang='grc' dir='ltr'>ἀκήκοα</span> <span class='ocrx_word' id='word_1_619' title='bbox 1384 1537 1466 1573; x_wconf 80' lang='grc' dir='ltr'>λόγων</span> <span class='ocrx_word' id='word_1_620' title='bbox 1481 1538 1654 1574; x_wconf 63' lang='grc' dir='ltr'>ψυχωφελῶνυ</span> <span class='ocrx_word' id='word_1_621' title='bbox 1679 1539 1745 1568; x_wconf 80' lang='grc' dir='ltr'>πλὴν</span> <span class='ocrx_word' id='word_1_622' title='bbox 1764 1539 1825 1577; x_wconf 90' lang='grc' dir='ltr'>παρ’</span> <span class='ocrx_word' id='word_1_623' title='bbox 1853 1538 1940 1566; x_wconf 67' lang='grc' dir='ltr'>οὐδενὶ</span> 
     </span>
    </p>
   </div>
   <div class='ocr_carea' id='block_1_97' title="bbox 1139 1579 1936 1620">
    <p class='ocr_par' dir='ltr' id='par_1_97' title="bbox 1139 1579 1936 1620">
     <span class='ocr_line' id='line_1_97' title="bbox 1139 1579 1936 1620; baseline 0.004 -13"><span class='ocrx_word' id='word_1_624' title='bbox 1139 1585 1189 1608; x_wconf 81' lang='grc' dir='ltr'>τῶν</span> <span class='ocrx_word' id='word_1_625' title='bbox 1205 1579 1374 1608; x_wconf 74' lang='grc' dir='ltr'>διδασκάλων</span> <span class='ocrx_word' id='word_1_626' title='bbox 1387 1582 1459 1619; x_wconf 73' lang='grc' dir='ltr'>εὗρον</span> <span class='ocrx_word' id='word_1_627' title='bbox 1485 1581 1558 1614; x_wconf 83' lang='grc' dir='ltr'>ἀξίαν</span> <span class='ocrx_word' id='word_1_628' title='bbox 1581 1586 1631 1609; x_wconf 82' lang='grc' dir='ltr'>τῶν</span> <span class='ocrx_word' id='word_1_629' title='bbox 1649 1583 1731 1619; x_wconf 83' lang='grc' dir='ltr'>λόγων</span> <span class='ocrx_word' id='word_1_630' title='bbox 1752 1586 1803 1612; x_wconf 62' lang='lat' dir='ltr'>uir.-</span> <span class='ocrx_word' id='word_1_631' title='bbox 1832 1583 1936 1620; x_wconf 77' lang='grc' dir='ltr'>ἀρετήν.</span> 
     </span>
    </p>
   </div>
   <div class='ocr_carea' id='block_1_98' title="bbox 1139 1625 1936 1665">
    <p class='ocr_par' dir='ltr' id='par_1_98' title="bbox 1139 1625 1936 1665">
     <span class='ocr_line' id='line_1_98' title="bbox 1139 1625 1936 1665; baseline 0.001 -12"><span class='ocrx_word' id='word_1_632' title='bbox 1139 1628 1211 1653; x_wconf 82' lang='grc' dir='ltr'>Μιτά</span> <span class='ocrx_word' id='word_1_633' title='bbox 1231 1625 1260 1653; x_wconf 76' lang='grc' dir='ltr'>δὲ</span> <span class='ocrx_word' id='word_1_634' title='bbox 1275 1630 1352 1653; x_wconf 67' lang='grc' dir='ltr'>τοῦτο</span> <span class='ocrx_word' id='word_1_635' title='bbox 1367 1626 1442 1653; x_wconf 78' lang='grc' dir='ltr'>πάλιν</span> <span class='ocrx_word' id='word_1_636' title='bbox 1469 1630 1568 1664; x_wconf 87' lang='grc' dir='ltr'>μυρίων</span> <span class='ocrx_word' id='word_1_637' title='bbox 1584 1629 1688 1657; x_wconf 81' lang='grc' dir='ltr'>ἤκουσα</span> <span class='ocrx_word' id='word_1_638' title='bbox 1710 1626 1936 1665; x_wconf 69' lang='grc' dir='ltr'>τραγῳδηματων,</span> 
     </span>
    </p>
   </div>
   <div class='ocr_carea' id='block_1_99' title="bbox 1138 1669 1939 1709">
    <p class='ocr_par' dir='ltr' id='par_1_99' title="bbox 1138 1669 1939 1709">
     <span class='ocr_line' id='line_1_99' title="bbox 1138 1669 1939 1709; baseline 0.001 -12"><span class='ocrx_word' id='word_1_639' title='bbox 1138 1671 1227 1708; x_wconf 82' lang='grc' dir='ltr'>μέλεσι</span> <span class='ocrx_word' id='word_1_640' title='bbox 1241 1673 1426 1709; x_wconf 69' lang='grc' dir='ltr'>τεθρυμμένως</span> <span class='ocrx_word' id='word_1_641' title='bbox 1441 1669 1615 1708; x_wconf 76' lang='grc' dir='ltr'>ἓνδεδυμὲνων</span> <span class='ocrx_word' id='word_1_642' title='bbox 1651 1673 1717 1709; x_wconf 82' lang='grc'>(10).</span> <span class='ocrx_word' id='word_1_643' title='bbox 1732 1673 1812 1699; x_wconf 77' lang='grc' dir='ltr'>Πάλιν</span> <span class='ocrx_word' id='word_1_644' title='bbox 1839 1672 1939 1702; x_wconf 71' lang='grc' dir='ltr'>ἀκήκοα</span> 
     </span>
    </p>
   </div>
   <div class='ocr_carea' id='block_1_100' title="bbox 1137 1714 1939 1754">
    <p class='ocr_par' dir='ltr' id='par_1_100' title="bbox 1137 1714 1939 1754">
     <span class='ocr_line' id='line_1_100' title="bbox 1137 1714 1939 1754; baseline 0.002 -12"><span class='ocrx_word' id='word_1_645' title='bbox 1137 1716 1247 1753; x_wconf 78' lang='grc' dir='ltr'>κιθάρας</span> <span class='ocrx_word' id='word_1_646' title='bbox 1278 1714 1330 1746; x_wconf 80' lang='grc' dir='ltr'>ἡδύ</span> <span class='ocrx_word' id='word_1_647' title='bbox 1354 1717 1485 1752; x_wconf 74' lang='grc' dir='ltr'>ἡχούσης,</span> <span class='ocrx_word' id='word_1_648' title='bbox 1508 1720 1558 1742; x_wconf 81' lang='grc' dir='ltr'>τών</span> <span class='ocrx_word' id='word_1_649' title='bbox 1585 1719 1681 1754; x_wconf 84' lang='grc' dir='ltr'>κρότων</span> <span class='ocrx_word' id='word_1_650' title='bbox 1700 1717 1758 1753; x_wconf 83' lang='grc' dir='ltr'>(Η)</span> <span class='ocrx_word' id='word_1_651' title='bbox 1772 1721 1821 1743; x_wconf 84' lang='grc' dir='ltr'>τῶν</span> <span class='ocrx_word' id='word_1_652' title='bbox 1835 1717 1939 1753; x_wconf 73' lang='grc' dir='ltr'>ἁλλομέ-</span> 
     </span>
    </p>
   </div>
   <div class='ocr_carea' id='block_1_101' title="bbox 1137 1761 1939 1798">
    <p class='ocr_par' dir='ltr' id='par_1_101' title="bbox 1137 1761 1939 1798">
     <span class='ocr_line' id='line_1_101' title="bbox 1137 1761 1939 1798; baseline -0.001 -12"><span class='ocrx_word' id='word_1_653' title='bbox 1137 1771 1195 1795; x_wconf 66' lang='grc' dir='ltr'>νων,</span> <span class='ocrx_word' id='word_1_654' title='bbox 1224 1763 1267 1790; x_wconf 82' lang='grc' dir='ltr'>τὴς</span> <span class='ocrx_word' id='word_1_655' title='bbox 1303 1764 1385 1796; x_wconf 80' lang='grc' dir='ltr'>φωνῆς</span> <span class='ocrx_word' id='word_1_656' title='bbox 1410 1765 1459 1787; x_wconf 84' lang='grc' dir='ltr'>τῶν</span> <span class='ocrx_word' id='word_1_657' title='bbox 1476 1761 1643 1797; x_wconf 73' lang='grc' dir='ltr'>γελοιαστῶν,</span> <span class='ocrx_word' id='word_1_658' title='bbox 1667 1764 1769 1798; x_wconf 83' lang='grc' dir='ltr'>μωρίας</span> <span class='ocrx_word' id='word_1_659' title='bbox 1783 1761 1879 1792; x_wconf 78' lang='grc' dir='ltr'>πολλῆς</span> <span class='ocrx_word' id='word_1_660' title='bbox 1894 1765 1939 1788; x_wconf 72' lang='grc' dir='ltr'>καὶ</span> 
     </span>
    </p>
   </div>
   <div class='ocr_carea' id='block_1_102' title="bbox 1138 1805 1939 1843">
    <p class='ocr_par' dir='ltr' id='par_1_102' title="bbox 1138 1805 1939 1843">
     <span class='ocr_line' id='line_1_102' title="bbox 1138 1805 1939 1843; baseline 0.001 -11"><span class='ocrx_word' id='word_1_661' title='bbox 1138 1806 1315 1843; x_wconf 75' lang='grc' dir='ltr'>εὐτραπελίας,</span> <span class='ocrx_word' id='word_1_662' title='bbox 1327 1806 1408 1842; x_wconf 80' lang='grc' dir='ltr'>ὄχλου</span> <span class='ocrx_word' id='word_1_663' title='bbox 1423 1805 1559 1842; x_wconf 79' lang='grc' dir='ltr'>ἀμυθήτου</span> <span class='ocrx_word' id='word_1_664' title='bbox 1577 1805 1654 1843; x_wconf 80' lang='grc' dir='ltr'>βοήν.</span> <span class='ocrx_word' id='word_1_665' title='bbox 1672 1805 1749 1832; x_wconf 72' lang='grc' dir='ltr'>Εἶδον</span> <span class='ocrx_word' id='word_1_666' title='bbox 1773 1809 1806 1833; x_wconf 80' lang='grc' dir='ltr'>τὰ</span> <span class='ocrx_word' id='word_1_667' title='bbox 1835 1805 1939 1843; x_wconf 72' lang='grc' dir='ltr'>δάκρυα</span> 
     </span>
    </p>
   </div>
   <div class='ocr_carea' id='block_1_103' title="bbox 1136 1848 1939 1888">
    <p class='ocr_par' dir='ltr' id='par_1_103' title="bbox 1136 1848 1939 1888">
     <span class='ocr_line' id='line_1_103' title="bbox 1136 1848 1939 1888; baseline 0.002 -12"><span class='ocrx_word' id='word_1_668' title='bbox 1136 1855 1184 1876; x_wconf 79' lang='grc' dir='ltr'>τῶν</span> <span class='ocrx_word' id='word_1_669' title='bbox 1214 1850 1384 1886; x_wconf 74' lang='grc' dir='ltr'>συληθέντων,</span> <span class='ocrx_word' id='word_1_670' title='bbox 1417 1852 1463 1876; x_wconf 88' lang='grc' dir='ltr'>τάν</span> <span class='ocrx_word' id='word_1_671' title='bbox 1490 1848 1583 1881; x_wconf 78' lang='grc' dir='ltr'>ὀδύνας</span> <span class='ocrx_word' id='word_1_672' title='bbox 1612 1855 1661 1877; x_wconf 80' lang='grc' dir='ltr'>τῶν</span> <span class='ocrx_word' id='word_1_673' title='bbox 1688 1849 1857 1888; x_wconf 86' lang='grc' dir='ltr'>ἀπαγομένων</span> <span class='ocrx_word' id='word_1_674' title='bbox 1884 1852 1939 1886; x_wconf 74' lang='grc'>(12)</span> 
     </span>
    </p>
   </div>
   <div class='ocr_carea' id='block_1_104' title="bbox 1137 1892 1939 1932">
    <p class='ocr_par' dir='ltr' id='par_1_104' title="bbox 1137 1892 1939 1932">
     <span class='ocr_line' id='line_1_104' title="bbox 1137 1892 1939 1932; baseline 0.001 -11"><span class='ocrx_word' id='word_1_675' title='bbox 1137 1895 1186 1921; x_wconf 83' lang='grc' dir='ltr'>ὑπό</span> <span class='ocrx_word' id='word_1_676' title='bbox 1209 1898 1253 1925; x_wconf 88' lang='grc' dir='ltr'>τῆς</span> <span class='ocrx_word' id='word_1_677' title='bbox 1278 1892 1443 1930; x_wconf 75' lang='grc' dir='ltr'>τυραννίδος,</span> <span class='ocrx_word' id='word_1_678' title='bbox 1474 1897 1521 1924; x_wconf 80' lang='grc' dir='ltr'>τὴν</span> <span class='ocrx_word' id='word_1_679' title='bbox 1549 1897 1665 1932; x_wconf 76' lang='grc' dir='ltr'>οἷμωγὴν</span> <span class='ocrx_word' id='word_1_680' title='bbox 1688 1899 1737 1921; x_wconf 83' lang='grc' dir='ltr'>τῶν</span> <span class='ocrx_word' id='word_1_681' title='bbox 1754 1895 1939 1932; x_wconf 77' lang='grc' dir='ltr'>βασανιζομέ-</span> 
     </span>
    </p>
   </div>
   <div class='ocr_carea' id='block_1_105' title="bbox 1137 1937 1939 1978">
    <p class='ocr_par' dir='ltr' id='par_1_105' title="bbox 1137 1937 1939 1978">
     <span class='ocr_line' id='line_1_105' title="bbox 1137 1937 1939 1978; baseline 0.002 -13"><span class='ocrx_word' id='word_1_682' title='bbox 1137 1950 1195 1967; x_wconf 88' lang='grc' dir='ltr'>νων.</span> <span class='ocrx_word' id='word_1_683' title='bbox 1219 1942 1269 1966; x_wconf 82' lang='grc' dir='ltr'>Καὶ</span> <span class='ocrx_word' id='word_1_684' title='bbox 1297 1937 1377 1974; x_wconf 76' lang='grc' dir='ltr'>εἶδον,</span> <span class='ocrx_word' id='word_1_685' title='bbox 1405 1942 1450 1965; x_wconf 84' lang='grc' dir='ltr'>καὶ</span> <span class='ocrx_word' id='word_1_686' title='bbox 1481 1938 1538 1966; x_wconf 79' lang='grc' dir='ltr'>ἰδοὺ</span> <span class='ocrx_word' id='word_1_687' title='bbox 1554 1939 1601 1966; x_wconf 69' lang='grc' dir='ltr'>οὐκ</span> <span class='ocrx_word' id='word_1_688' title='bbox 1616 1940 1646 1969; x_wconf 70' lang='grc' dir='ltr'>ἦν</span> <span class='ocrx_word' id='word_1_689' title='bbox 1662 1943 1807 1978; x_wconf 81' lang='grc' dir='ltr'>πανήγυρις</span> <span class='ocrx_word' id='word_1_690' title='bbox 1822 1951 1939 1977; x_wconf 74' lang='grc' dir='ltr'>πνευμα-</span> 
     </span>
    </p>
   </div>
   <div class='ocr_carea' id='block_1_106' title="bbox 1137 1983 1937 2022">
    <p class='ocr_par' dir='ltr' id='par_1_106' title="bbox 1137 1983 1937 2022">
     <span class='ocr_line' id='line_1_106' title="bbox 1137 1983 1937 2022; baseline 0.001 -13"><span class='ocrx_word' id='word_1_691' title='bbox 1137 1986 1208 2017; x_wconf 76' lang='grc' dir='ltr'>τικὴ,</span> <span class='ocrx_word' id='word_1_692' title='bbox 1235 1983 1298 2009; x_wconf 86' lang='grc' dir='ltr'>ἀλλά</span> <span class='ocrx_word' id='word_1_693' title='bbox 1329 1983 1449 2010; x_wconf 77' lang='grc' dir='ltr'>θάλασσα</span> <span class='ocrx_word' id='word_1_694' title='bbox 1477 1983 1646 2020; x_wconf 75' lang='grc' dir='ltr'>ἀνεμιζομένη</span> <span class='ocrx_word' id='word_1_695' title='bbox 1674 1987 1718 2011; x_wconf 86' lang='grc' dir='ltr'>καὶ</span> <span class='ocrx_word' id='word_1_696' title='bbox 1746 1988 1937 2022; x_wconf 60' lang='grc' dir='ltr'>ταραττομένη,</span> 
     </span>
    </p>
   </div>
   <div class='ocr_carea' id='block_1_107' title="bbox 1137 2028 1939 2066">
    <p class='ocr_par' dir='ltr' id='par_1_107' title="bbox 1137 2028 1939 2066">
     <span class='ocr_line' id='line_1_107' title="bbox 1137 2028 1939 2066; baseline 0.001 -11"><span class='ocrx_word' id='word_1_697' title='bbox 1137 2030 1235 2059; x_wconf 82' lang='grc' dir='ltr'>πάντας</span> <span class='ocrx_word' id='word_1_698' title='bbox 1251 2029 1316 2065; x_wconf 84' lang='grc' dir='ltr'>ὁμοῦ</span> <span class='ocrx_word' id='word_1_699' title='bbox 1328 2032 1383 2060; x_wconf 81' lang='grc' dir='ltr'>τοῖς</span> <span class='ocrx_word' id='word_1_700' title='bbox 1398 2028 1478 2060; x_wconf 68' lang='grc' dir='ltr'>αὐτῆς</span> <span class='ocrx_word' id='word_1_701' title='bbox 1494 2029 1556 2065; x_wconf 84' lang='lat' dir='ltr'>(l3)</span> <span class='ocrx_word' id='word_1_702' title='bbox 1578 2031 1679 2066; x_wconf 83' lang='grc' dir='ltr'>κύμασι</span> <span class='ocrx_word' id='word_1_703' title='bbox 1707 2029 1824 2065; x_wconf 64' lang='grc' dir='ltr'>καλύψαι</span> <span class='ocrx_word' id='word_1_704' title='bbox 1852 2040 1939 2056; x_wconf 77' lang='grc' dir='ltr'>σπον-</span> 
     </span>
    </p>
   </div>
   <div class='ocr_carea' id='block_1_108' title="bbox 1138 2071 1940 2112">
    <p class='ocr_par' dir='ltr' id='par_1_108' title="bbox 1138 2071 1940 2112">
     <span class='ocr_line' id='line_1_108' title="bbox 1138 2071 1940 2112; baseline 0.004 -13"><span class='ocrx_word' id='word_1_705' title='bbox 1138 2071 1265 2104; x_wconf 70' lang='grc' dir='ltr'>δάζουτα.</span> <span class='ocrx_word' id='word_1_706' title='bbox 1296 2075 1362 2109; x_wconf 78' lang='grc' dir='ltr'>Λέγε</span> <span class='ocrx_word' id='word_1_707' title='bbox 1386 2083 1440 2109; x_wconf 79' lang='grc' dir='ltr'>μοι,</span> <span class='ocrx_word' id='word_1_708' title='bbox 1468 2074 1486 2098; x_wconf 81' lang='grc' dir='ltr'><strong>ὦ</strong></span> <span class='ocrx_word' id='word_1_709' title='bbox 1515 2076 1581 2103; x_wconf 75' lang='grc' dir='ltr'>κακὴ</span> <span class='ocrx_word' id='word_1_710' title='bbox 1598 2075 1690 2107; x_wconf 68' lang='grc' dir='ltr'>ἔννοια,</span> <span class='ocrx_word' id='word_1_711' title='bbox 1707 2077 1752 2100; x_wconf 86' lang='grc' dir='ltr'>καί</span> <span class='ocrx_word' id='word_1_712' title='bbox 1767 2076 1780 2100; x_wconf 80' lang='grc' dir='ltr'><strong>ὁ</strong></span> <span class='ocrx_word' id='word_1_713' title='bbox 1796 2079 1844 2106; x_wconf 83' lang='grc' dir='ltr'>τῆς</span> <span class='ocrx_word' id='word_1_714' title='bbox 1857 2085 1940 2112; x_wconf 82' lang='grc' dir='ltr'>προσ-</span> 
     </span>
    </p>
   </div>
   <div class='ocr_carea' id='block_1_109' title="bbox 1137 2115 1938 2156">
    <p class='ocr_par' dir='ltr' id='par_1_109' title="bbox 1137 2115 1938 2156">
     <span class='ocr_line' id='line_1_109' title="bbox 1137 2115 1938 2156; baseline 0.004 -13"><span class='ocrx_word' id='word_1_715' title='bbox 1137 2119 1229 2155; x_wconf 84' lang='grc' dir='ltr'>καίρου</span> <span class='ocrx_word' id='word_1_716' title='bbox 1243 2115 1407 2149; x_wconf 80' lang='grc' dir='ltr'>ἡδυπαθείας</span> <span class='ocrx_word' id='word_1_717' title='bbox 1427 2127 1453 2144; x_wconf 84' lang='grc' dir='ltr'>τε</span> <span class='ocrx_word' id='word_1_718' title='bbox 1465 2120 1510 2145; x_wconf 85' lang='grc' dir='ltr'>καὶ</span> <span class='ocrx_word' id='word_1_719' title='bbox 1525 2117 1673 2150; x_wconf 76' lang='grc' dir='ltr'>κενοδοξίας</span> <span class='ocrx_word' id='word_1_720' title='bbox 1690 2117 1802 2155; x_wconf 76' lang='grc' dir='ltr'>δαίμων,</span> <span class='ocrx_word' id='word_1_721' title='bbox 1831 2122 1857 2146; x_wconf 88' lang='grc' dir='ltr'>τί</span> <span class='ocrx_word' id='word_1_722' title='bbox 1889 2130 1938 2156; x_wconf 86' lang='grc' dir='ltr'>μοι</span> 
     </span>
    </p>
   </div>
   <div class='ocr_carea' id='block_1_110' title="bbox 1136 2205 1935 2245">
    <p class='ocr_par' dir='ltr' id='par_1_110' title="bbox 1136 2205 1935 2245">
     <span class='ocr_line' id='line_1_110' title="bbox 1136 2205 1935 2245; baseline 0.004 -12"><span class='ocrx_word' id='word_1_723' title='bbox 1136 2213 1236 2239; x_wconf 92' lang='lat' dir='ltr'>senus,</span> <span class='ocrx_word' id='word_1_724' title='bbox 1254 2205 1350 2245; x_wconf 70' lang='lat' dir='ltr'>quiin</span> <span class='ocrx_word' id='word_1_725' title='bbox 1366 2205 1491 2245; x_wconf 73' lang='lat' dir='ltr'>epistola</span> <span class='ocrx_word' id='word_1_726' title='bbox 1497 2206 1534 2234; x_wconf 92' lang='lat' dir='ltr'>de</span> <span class='ocrx_word' id='word_1_727' title='bbox 1545 2206 1580 2234; x_wconf 91' lang='lat' dir='ltr'>iis</span> <span class='ocrx_word' id='word_1_728' title='bbox 1586 2207 1639 2243; x_wconf 92' lang='lat' dir='ltr'>qui</span> <span class='ocrx_word' id='word_1_729' title='bbox 1647 2207 1759 2245; x_wconf 75' lang='lat' dir='ltr'>adeunt</span> <span class='ocrx_word' id='word_1_730' title='bbox 1768 2208 1935 2245; x_wconf 79' lang='lat' dir='ltr'>Hierosoly-</span> 
     </span>
    </p>
   </div>
   <div class='ocr_carea' id='block_1_111' title="bbox 1137 2243 1935 2281">
    <p class='ocr_par' dir='ltr' id='par_1_111' title="bbox 1137 2243 1935 2281">
     <span class='ocr_line' id='line_1_111' title="bbox 1137 2243 1935 2281; baseline 0.004 -12"><span class='ocrx_word' id='word_1_731' title='bbox 1137 2244 1286 2281; x_wconf 78' lang='lat' dir='ltr'>ma,__tom.</span> <span class='ocrx_word' id='word_1_732' title='bbox 1301 2243 1346 2273; x_wconf 87' lang='grc' dir='ltr'>ΙΙΙ,</span> <span class='ocrx_word' id='word_1_733' title='bbox 1360 2249 1390 2277; x_wconf 89' lang='lat' dir='ltr'>p.</span> <span class='ocrx_word' id='word_1_734' title='bbox 1407 2244 1468 2281; x_wconf 62' lang='grc' dir='ltr'>ϐξ3,</span> <span class='ocrx_word' id='word_1_735' title='bbox 1485 2244 1608 2281; x_wconf 78' lang='lat' dir='ltr'>testatur</span> <span class='ocrx_word' id='word_1_736' title='bbox 1623 2243 1740 2281; x_wconf 73' lang='lat' dir='ltr'>nullum</span> <span class='ocrx_word' id='word_1_737' title='bbox 1754 2251 1819 2281; x_wconf 82' lang='lat' dir='ltr'>esse</span> <span class='ocrx_word' id='word_1_738' title='bbox 1835 2243 1935 2281; x_wconf 77' lang='lat' dir='ltr'>impu-</span> 
     </span>
    </p>
   </div>
   <div class='ocr_carea' id='block_1_112' title="bbox 1135 2276 1935 2314">
    <p class='ocr_par' dir='ltr' id='par_1_112' title="bbox 1135 2276 1935 2314">
     <span class='ocr_line' id='line_1_112' title="bbox 1135 2276 1935 2314; baseline 0.005 -10"><span class='ocrx_word' id='word_1_739' title='bbox 1135 2277 1229 2305; x_wconf 80' lang='lat' dir='ltr'>ritatis</span> <span class='ocrx_word' id='word_1_740' title='bbox 1242 2284 1347 2311; x_wconf 89' lang='lat' dir='ltr'>genus,</span> <span class='ocrx_word' id='word_1_741' title='bbox 1357 2276 1439 2314; x_wconf 73' lang='lat' dir='ltr'>quod</span> <span class='ocrx_word' id='word_1_742' title='bbox 1455 2285 1516 2314; x_wconf 86' lang='lat' dir='ltr'>non</span> <span class='ocrx_word' id='word_1_743' title='bbox 1525 2278 1560 2314; x_wconf 83' lang='lat' dir='ltr'>in</span> <span class='ocrx_word' id='word_1_744' title='bbox 1573 2278 1646 2306; x_wconf 88' lang='lat' dir='ltr'>locis</span> <span class='ocrx_word' id='word_1_745' title='bbox 1659 2276 1935 2314; x_wconf 73' lang='lat' dir='ltr'>Hierosolymitanis</span> 
     </span>
    </p>
   </div>
   <div class='ocr_carea' id='block_1_113' title="bbox 1135 2312 1934 2348">
    <p class='ocr_par' dir='ltr' id='par_1_113' title="bbox 1135 2312 1934 2348">
     <span class='ocr_line' id='line_1_113' title="bbox 1135 2312 1934 2348; baseline 0.005 -9"><span class='ocrx_word' id='word_1_746' title='bbox 1135 2315 1320 2348; x_wconf 85' lang='lat' dir='ltr'>perpetretur</span> <span class='ocrx_word' id='word_1_747' title='bbox 1338 2321 1344 2339; x_wconf 91' lang='lat'><strong>:</strong></span> <span class='ocrx_word' id='word_1_748' title='bbox 1358 2312 1598 2345; x_wconf 80' lang='lat' dir='ltr'>adulteria,furta</span> <span class='ocrx_word' id='word_1_749' title='bbox 1607 2312 1827 2343; x_wconf 60' lang='lat' dir='ltr'>idololatrias&#39;et</span> <span class='ocrx_word' id='word_1_750' title='bbox 1837 2316 1934 2343; x_wconf 80' lang='lat' dir='ltr'>caedes</span> 
     </span>
    </p>
   </div>
   <div class='ocr_carea' id='block_1_114' title="bbox 1135 2348 1934 2381">
    <p class='ocr_par' dir='ltr' id='par_1_114' title="bbox 1135 2348 1934 2381">
     <span class='ocr_line' id='line_1_114' title="bbox 1135 2348 1934 2381; baseline 0.005 -6"><span class='ocrx_word' id='word_1_751' title='bbox 1135 2350 1362 2381; x_wconf 87' lang='lat' dir='ltr'>commemorat,</span> <span class='ocrx_word' id='word_1_752' title='bbox 1383 2356 1418 2376; x_wconf 87' lang='lat' dir='ltr'>ac</span> <span class='ocrx_word' id='word_1_753' title='bbox 1438 2348 1544 2377; x_wconf 91' lang='lat' dir='ltr'>nullibi</span> <span class='ocrx_word' id='word_1_754' title='bbox 1572 2351 1689 2377; x_wconf 90' lang='lat' dir='ltr'>tantum</span> <span class='ocrx_word' id='word_1_755' title='bbox 1701 2350 1810 2378; x_wconf 85' lang='lat' dir='ltr'>furoris</span> <span class='ocrx_word' id='word_1_756' title='bbox 1820 2358 1886 2379; x_wconf 87' lang='lat' dir='ltr'>esse</span> <span class='ocrx_word' id='word_1_757' title='bbox 1897 2351 1934 2379; x_wconf 85' lang='lat' dir='ltr'>ad</span> 
     </span>
    </p>
   </div>
   <div class='ocr_carea' id='block_1_115' title="bbox 1134 2383 1934 2422">
    <p class='ocr_par' dir='ltr' id='par_1_115' title="bbox 1134 2383 1934 2422">
     <span class='ocr_line' id='line_1_115' title="bbox 1134 2383 1934 2422; baseline 0.004 -11"><span class='ocrx_word' id='word_1_758' title='bbox 1134 2383 1324 2422; x_wconf 75' lang='lat' dir='ltr'>fundendum</span> <span class='ocrx_word' id='word_1_759' title='bbox 1334 2384 1523 2418; x_wconf 85' lang='lat' dir='ltr'>sanguinem.</span> <span class='ocrx_word' id='word_1_760' title='bbox 1531 2392 1591 2422; x_wconf 83' lang='lat' dir='ltr'>non</span> <span class='ocrx_word' id='word_1_761' title='bbox 1598 2386 1934 2422; x_wconf 85' lang='lat' dir='ltr'>exrumorealiquo,sed</span> 
     </span>
    </p>
   </div>
   <div class='ocr_carea' id='block_1_116' title="bbox 1135 2419 1845 2450">
    <p class='ocr_par' dir='ltr' id='par_1_116' title="bbox 1135 2419 1845 2450">
     <span class='ocr_line' id='line_1_116' title="bbox 1135 2419 1845 2450; baseline 0.004 -3"><span class='ocrx_word' id='word_1_762' title='bbox 1135 2427 1171 2447; x_wconf 80' lang='lat' dir='ltr'>ex</span> <span class='ocrx_word' id='word_1_763' title='bbox 1190 2419 1347 2447; x_wconf 92' lang='lat' dir='ltr'>oculorum</span> <span class='ocrx_word' id='word_1_764' title='bbox 1356 2427 1479 2448; x_wconf 89' lang='lat' dir='ltr'>suorum</span> <span class='ocrx_word' id='word_1_765' title='bbox 1496 2420 1664 2449; x_wconf 83' lang='lat' dir='ltr'>testimonio</span> <span class='ocrx_word' id='word_1_766' title='bbox 1678 2419 1845 2450; x_wconf 59' lang='lat' dir='ltr'>asseverat.</span> 
     </span>
    </p>
   </div>
   <div class='ocr_carea' id='block_1_117' title="bbox 1170 2453 1933 2492">
    <p class='ocr_par' dir='ltr' id='par_1_117' title="bbox 1170 2453 1933 2492">
     <span class='ocr_line' id='line_1_117' title="bbox 1170 2453 1933 2492; baseline 0.003 -9"><span class='ocrx_word' id='word_1_767' title='bbox 1170 2455 1226 2490; x_wconf 77' lang='grc'>(10)</span> <span class='ocrx_word' id='word_1_768' title='bbox 1242 2453 1442 2492; x_wconf 47' lang='grc' dir='ltr'>Ἐνδεᾷυμξνωῃ</span> <span class='ocrx_word' id='word_1_769' title='bbox 1456 2457 1524 2484; x_wconf 87' lang='lat' dir='ltr'>Post</span> <span class='ocrx_word' id='word_1_770' title='bbox 1538 2456 1617 2492; x_wconf 75' lang='lat' dir='ltr'>hanc</span> <span class='ocrx_word' id='word_1_771' title='bbox 1637 2464 1743 2484; x_wconf 86' lang='lat' dir='ltr'>vocem</span> <span class='ocrx_word' id='word_1_772' title='bbox 1767 2457 1877 2492; x_wconf 87' lang='lat' dir='ltr'>legitur</span> <span class='ocrx_word' id='word_1_773' title='bbox 1904 2458 1933 2486; x_wconf 92' lang='lat' dir='ltr'>in</span> 
     </span>
    </p>
   </div>
   <div class='ocr_carea' id='block_1_118' title="bbox 1135 2490 1933 2530">
    <p class='ocr_par' dir='ltr' id='par_1_118' title="bbox 1135 2490 1933 2530">
     <span class='ocr_line' id='line_1_118' title="bbox 1135 2490 1933 2530; baseline 0.005 -12"><span class='ocrx_word' id='word_1_774' title='bbox 1135 2491 1205 2530; x_wconf 68' lang='lat' dir='ltr'>Reg.</span> <span class='ocrx_word' id='word_1_775' title='bbox 1223 2490 1357 2530; x_wconf 81' lang='lat' dir='ltr'>secundo</span> <span class='ocrx_word' id='word_1_776' title='bbox 1373 2490 1485 2530; x_wconf 58' lang='grc' dir='ltr'>ἀκοίτην,</span> <span class='ocrx_word' id='word_1_777' title='bbox 1499 2491 1553 2519; x_wconf 86' lang='lat' dir='ltr'>sed</span> <span class='ocrx_word' id='word_1_778' title='bbox 1567 2492 1684 2530; x_wconf 82' lang='lat' dir='ltr'>videtur</span> <span class='ocrx_word' id='word_1_779' title='bbox 1699 2490 1869 2530; x_wconf 77' lang='lat' dir='ltr'>Obrepsisse</span> <span class='ocrx_word' id='word_1_780' title='bbox 1879 2501 1933 2530; x_wconf 90' lang='lat' dir='ltr'>pro</span> 
     </span>
    </p>
   </div>
   <div class='ocr_carea' id='block_1_119' title="bbox 1134 2526 1653 2563">
    <p class='ocr_par' dir='ltr' id='par_1_119' title="bbox 1134 2526 1653 2563">
     <span class='ocr_line' id='line_1_119' title="bbox 1134 2526 1653 2563; baseline 0.006 -11"><span class='ocrx_word' id='word_1_781' title='bbox 1134 2526 1211 2563; x_wconf 79' lang='grc' dir='ltr'>πάλιν</span> <span class='ocrx_word' id='word_1_782' title='bbox 1225 2526 1308 2563; x_wconf 90' lang='lat' dir='ltr'>quod</span> <span class='ocrx_word' id='word_1_783' title='bbox 1323 2527 1407 2554; x_wconf 90' lang='lat' dir='ltr'>deest</span> <span class='ocrx_word' id='word_1_784' title='bbox 1422 2527 1452 2554; x_wconf 91' lang='lat' dir='ltr'>in</span> <span class='ocrx_word' id='word_1_785' title='bbox 1467 2527 1525 2555; x_wconf 87' lang='lat' dir='ltr'>hoc</span> <span class='ocrx_word' id='word_1_786' title='bbox 1539 2527 1653 2555; x_wconf 89' lang='lat' dir='ltr'>codice.</span> 
     </span>
    </p>
   </div>
   <div class='ocr_carea' id='block_1_120' title="bbox 1169 2562 1933 2599">
    <p class='ocr_par' dir='ltr' id='par_1_120' title="bbox 1169 2562 1933 2599">
     <span class='ocr_line' id='line_1_120' title="bbox 1169 2562 1933 2599; baseline 0.003 -11"><span class='ocrx_word' id='word_1_787' title='bbox 1169 2562 1424 2599; x_wconf 21' lang='lat' dir='ltr'>(il)TthV)tpo&#39;ﬂ-r{.</span> <span class='ocrx_word' id='word_1_788' title='bbox 1442 2564 1484 2590; x_wconf 88' lang='lat' dir='ltr'>Ita</span> <span class='ocrx_word' id='word_1_789' title='bbox 1507 2564 1576 2599; x_wconf 83' lang='lat' dir='ltr'>Reg.</span> <span class='ocrx_word' id='word_1_790' title='bbox 1602 2563 1763 2591; x_wconf 90' lang='lat' dir='ltr'>secundus.</span> <span class='ocrx_word' id='word_1_791' title='bbox 1790 2563 1868 2592; x_wconf 87' lang='lat' dir='ltr'>Editi</span> <span class='ocrx_word' id='word_1_792' title='bbox 1893 2565 1933 2590; x_wconf 75' lang='grc' dir='ltr'>τον</span> 
     </span>
    </p>
   </div>
   <div class='ocr_carea' id='block_1_121' title="bbox 1133 2597 1933 2635">
    <p class='ocr_par' dir='ltr' id='par_1_121' title="bbox 1133 2597 1933 2635">
     <span class='ocr_line' id='line_1_121' title="bbox 1133 2597 1933 2635; baseline 0.006 -12"><span class='ocrx_word' id='word_1_793' title='bbox 1133 2601 1236 2635; x_wconf 78' lang='grc' dir='ltr'>κρότον.</span> <span class='ocrx_word' id='word_1_794' title='bbox 1265 2597 1378 2635; x_wconf 66' lang='grc' dir='ltr'>[δίᾴεω</span> <span class='ocrx_word' id='word_1_795' title='bbox 1395 2597 1454 2635; x_wconf 77' lang='lat' dir='ltr'>duo</span> <span class='ocrx_word' id='word_1_796' title='bbox 1467 2598 1585 2635; x_wconf 82' lang='lat' dir='ltr'>codices</span> <span class='ocrx_word' id='word_1_797' title='bbox 1600 2603 1649 2624; x_wconf 85' lang='grc' dir='ltr'>τῶν</span> <span class='ocrx_word' id='word_1_798' title='bbox 1665 2598 1824 2635; x_wconf 79' lang='grc' dir='ltr'>ὀχουμένων.</span> <span class='ocrx_word' id='word_1_799' title='bbox 1844 2599 1933 2628; x_wconf 82' lang='lat' dir='ltr'>t‘aulo</span> 
     </span>
    </p>
   </div>
   <div class='ocr_carea' id='block_1_122' title="bbox 1133 2632 1933 2669">
    <p class='ocr_par' dir='ltr' id='par_1_122' title="bbox 1133 2632 1933 2669">
     <span class='ocr_line' id='line_1_122' title="bbox 1133 2632 1933 2669; baseline 0.001 -8"><span class='ocrx_word' id='word_1_800' title='bbox 1133 2632 1202 2669; x_wconf 84' lang='lat' dir='ltr'>post</span> <span class='ocrx_word' id='word_1_801' title='bbox 1216 2633 1378 2668; x_wconf 86' lang='lat' dir='ltr'>legendum</span> <span class='ocrx_word' id='word_1_802' title='bbox 1394 2632 1469 2669; x_wconf 80' lang='grc' dir='ltr'>βοῆς,</span> <span class='ocrx_word' id='word_1_803' title='bbox 1487 2636 1519 2661; x_wconf 91' lang='lat' dir='ltr'>ut</span> <span class='ocrx_word' id='word_1_804' title='bbox 1531 2634 1588 2662; x_wconf 89' lang='lat' dir='ltr'>hoc</span> <span class='ocrx_word' id='word_1_805' title='bbox 1607 2632 1719 2662; x_wconf 78' lang='lat' dir='ltr'>nomen</span> <span class='ocrx_word' id='word_1_806' title='bbox 1733 2632 1802 2663; x_wconf 85' lang='lat' dir='ltr'>cum</span> <span class='ocrx_word' id='word_1_807' title='bbox 1819 2635 1933 2664; x_wconf 69' lang='lat' dir='ltr'>caeteris</span> 
     </span>
    </p>
   </div>
   <div class='ocr_carea' id='block_1_123' title="bbox 1133 2669 1539 2704">
    <p class='ocr_par' dir='ltr' id='par_1_123' title="bbox 1133 2669 1539 2704">
     <span class='ocr_line' id='line_1_123' title="bbox 1133 2669 1539 2704; baseline 0.002 -8"><span class='ocrx_word' id='word_1_808' title='bbox 1133 2669 1372 2704; x_wconf 71' lang='lat' dir='ltr'>praecedentibus</span> <span class='ocrx_word' id='word_1_809' title='bbox 1385 2672 1539 2698; x_wconf 90' lang='lat' dir='ltr'>consonet.</span> 
     </span>
    </p>
   </div>
   <div class='ocr_carea' id='block_1_124' title="bbox 1137 2705 1934 2746">
    <p class='ocr_par' dir='ltr' id='par_1_124' title="bbox 1137 2705 1934 2746">
     <span class='ocr_line' id='line_1_124' title="bbox 1137 2705 1934 2746; baseline 0.001 -15"><span class='ocrx_word' id='word_1_810' title='bbox 1137 2739 1142 2745; x_wconf 40' lang='lat'><em>‘</em></span> <span class='ocrx_word' id='word_1_811' title='bbox 1168 2705 1224 2740; x_wconf 70' lang='lat' dir='ltr'>(t2)</span> <span class='ocrx_word' id='word_1_812' title='bbox 1243 2705 1444 2746; x_wconf 50' lang='grc' dir='ltr'>ξΑπαγομένων.</span> <span class='ocrx_word' id='word_1_813' title='bbox 1469 2707 1512 2733; x_wconf 84' lang='lat' dir='ltr'>Ita</span> <span class='ocrx_word' id='word_1_814' title='bbox 1535 2705 1596 2733; x_wconf 89' lang='lat' dir='ltr'>duo</span> <span class='ocrx_word' id='word_1_815' title='bbox 1619 2705 1699 2742; x_wconf 82' lang='lat' dir='ltr'>Regii</span> <span class='ocrx_word' id='word_1_816' title='bbox 1713 2706 1841 2734; x_wconf 89' lang='lat' dir='ltr'>codices.</span> <span class='ocrx_word' id='word_1_817' title='bbox 1859 2705 1934 2733; x_wconf 83' lang='lat' dir='ltr'>Editi</span> 
     </span>
    </p>
   </div>
   <div class='ocr_carea' id='block_1_125' title="bbox 1133 2749 1307 2775">
    <p class='ocr_par' dir='ltr' id='par_1_125' title="bbox 1133 2749 1307 2775">
     <span class='ocr_line' id='line_1_125' title="bbox 1133 2749 1307 2775; baseline 0.006 -10"><span class='ocrx_word' id='word_1_818' title='bbox 1133 2749 1307 2775; x_wconf 80' lang='grc' dir='ltr'>επαγομενων,</span> 
     </span>
    </p>
   </div>
   <div class='ocr_carea' id='block_1_126' title="bbox 1167 2767 1933 2811">
    <p class='ocr_par' dir='ltr' id='par_1_126' title="bbox 1167 2767 1933 2811">
     <span class='ocr_line' id='line_1_126' title="bbox 1167 2767 1933 2811; baseline 0 -9"><span class='ocrx_word' id='word_1_819' title='bbox 1242 2767 1406 2807; x_wconf 35' lang='grc' dir='ltr'>Τοῖς-αὑτῆς·</span> <span class='ocrx_word' id='word_1_820' title='bbox 1427 2778 1470 2805; x_wconf 80' lang='lat' dir='ltr'>tta.</span> <span class='ocrx_word' id='word_1_821' title='bbox 1483 2784 1562 2805; x_wconf 85' lang='lat' dir='ltr'>unus</span> <span class='ocrx_word' id='word_1_822' title='bbox 1582 2777 1674 2806; x_wconf 80' lang='lat' dir='ltr'>codex</span> <span class='ocrx_word' id='word_1_823' title='bbox 1693 2786 1700 2806; x_wconf 89' lang='lat'>:</span> <span class='ocrx_word' id='word_1_824' title='bbox 1717 2777 1792 2806; x_wconf 88' lang='lat' dir='ltr'>alius</span> <span class='ocrx_word' id='word_1_825' title='bbox 1807 2780 1861 2808; x_wconf 84' lang='grc' dir='ltr'>τοῖς</span> <span class='ocrx_word' id='word_1_826' title='bbox 1877 2776 1933 2803; x_wconf 77' lang='grc' dir='ltr'>ἐαυ-</span> 
     </span>
    </p>
   </div>
   <div class='ocr_carea' id='block_1_127' title="bbox 1131 2811 1457 2843">
    <p class='ocr_par' dir='ltr' id='par_1_127' title="bbox 1131 2811 1457 2843">
     <span class='ocr_line' id='line_1_127' title="bbox 1131 2811 1457 2843; baseline -0.009 -2"><span class='ocrx_word' id='word_1_827' title='bbox 1131 2815 1188 2842; x_wconf 84' lang='grc' dir='ltr'>τῆς.</span> <span class='ocrx_word' id='word_1_828' title='bbox 1203 2811 1279 2841; x_wconf 77' lang='lat' dir='ltr'>Editi</span> <span class='ocrx_word' id='word_1_829' title='bbox 1291 2815 1347 2843; x_wconf 86' lang='grc' dir='ltr'>τοῖς</span> <span class='ocrx_word' id='word_1_830' title='bbox 1361 2811 1457 2842; x_wconf 77' lang='grc' dir='ltr'>αὐτοῖς.</span> 
     </span>
    </p>
   </div>
  </div>
