2009 3145
39 132 96 160 35“]

554 127 796 159 EPISTOLARUM
816 126 957 158 CLASSIS
976 127 999 158 Ῑ.
1019 129 1126 160 EPIST.
1149 131 1226 159 XLII.

1678 134 1730 165 358

39 196 70 220 τὸ
97 194 190 231 ἄφιλος
219 197 268 225 τῆς
297 193 394 220 τούτων
434 194 541 231 θεωρίας
569 202 595 220 τε
618 195 662 220 καὶ
691 191 847 230 ἀκροάσεως,

906 191 1039 227 audiam,
1051 201 1120 222 cum
1133 193 1207 222 nulli
1221 201 1325 222 eorum
1340 194 1451 231 quibus
1465 195 1577 232 injuria
1585 196 1628 231 ﬁt,
1640 205 1731 234 opem

40 238 142 276 μηδενὶ
173 243 222 266 τῶν
247 237 422 275 ἀδικουμένων
439 238 575 276 βοηθῆσαι
594 238 725 274 ἰσχύοντι,
740 240 805 274 μήτε
821 235 850 263 δὲ

39 288 95 316 τοῖς
128 283 268 314 ἀδυνάτοις
296 283 434 321 ἐπαμῦναι,
462 287 526 320 μήτε
549 285 609 315 τοὺς
624 283 681 319 (14)
704 283 850 320 σφαλλομέ-

40 340 101 362 νους
139 328 341 367 διορθώσασθαι
377 330 597 365 συγχωρουμένῳ·
635 329 709 365 τάχα
737 327 766 354 δὲ
792 328 849 365 μίλ-

40 375 113 401 λοντι
130 375 189 411 (l5)
214 376 259 401 καὶ
284 374 393 410 ἐμαυτὸν
414 373 643 411 προσαπολλύειν;
673 372 772 410 Ὠσπερ
798 374 848 409 γὰρ

42 420 131 456 ολίγον
157 417 230 456 ὕδωρ
252 419 366 455 καθαρὸν
392 419 442 444 {me
464 417 558 448 πολλῆς
583 417 662 449 ζάλης
684 417 777 454 ἀνέμου
804 420 849 445 καὶ

42 467 181 501 κονιορτοῦ
206 464 368 500 ἀφανίζεται,
394 465 475 494 οὕτως
498 462 515 489 ἂ
528 463 667 499 νομίζομεν
682 462 749 489 καλὰ
769 462 792 488 ἐν
812 466 848 498 τῷ

43 508 95 546 βίῳ
120 512 203 535 ποιεῖν
229 508 296 544 (16),
321 509 371 534 ὑπὸ
399 511 444 534 τοῦ
463 507 578 538 πλήθους
592 511 642 533 τῶν
665 511 751 533 κακῶν
766 507 848 534 καλύ-

42 563 146 581 πτεται.
179 555 210 580 Ai
237 555 282 589 μὲν
300 554 351 590 γὰρ
374 550 523 589 τραγῳδίαι
542 553 627 589 ὥσπερ
649 552 771 580 σκόλοπας
794 553 849 584 τοῖς

41 600 112 625 κατὰ
125 600 169 625 τὸν
183 598 242 634 βίον
258 595 294 623 δι’
311 598 437 634 εὐθυμίας
452 599 497 623 καὶ
511 600 600 634 χαρᾶς
613 596 636 623 ἐν
651 600 708 628 ταῖς
724 595 849 635 καρδίαις

42 643 127 669 αὐτῶν
154 643 348 679 ἐμπὴσσονται,
369 643 413 668 ἴνα
438 645 483 672 τῆς
506 640 664 678 ψαλμῳδίας
691 641 846 678 intexet-im

42 690 72 714 τὸ
97 689 221 725 καθαρόν·
246 688 273 713 αἱ
291 685 321 713 δὲ
346 686 459 723 οἰμωγαὶ
475 689 521 713 καὶ
543 687 556 712 ὁ
583 684 700 724 ὀδυρμὸς
722 690 772 712 τῶν
791 684 850 712 ἀδι-

43 734 177 769 κουμένων
205 731 345 768 ἀνθρώπων
368 733 440 768 παρά
467 735 516 757 τῶν
540 730 675 767 ὁμοφύλων
699 730 848 768 ἐπάγονται,

43 779 87 803 ἵνα
104 776 199 813 δειχθῇ
216 781 266 803 τῶν
282 779 398 806 πενήτων
445 777 574 812 ὑπομονη.

77 824 104 849 5.
121 824 168 853 Τίς
193 819 236 848 οὖν
260 820 367 857 ὠφέλεια
382 820 450 858 ἐμοὶ,
467 821 481 850 ἦ
502 819 624 849 δηλονότι
647 824 691 851 τῆς
715 820 810 856 ψυχῆς
831 821 847 849 ἠ

41 866 150 903 βλάϐης
172 868 220 893 Διὰ
237 870 312 892 τοῦτο
339 864 382 892 οὖν
409 865 456 901 ἐγὼ
480 866 661 902 μιταναστεύω
686 864 727 892 ἐπὶ
746 867 780 892 τὰ
801 868 847 903 ὄρη
866 877 884 904 Β

40 913 76 942 ὡς
107 912 253 949 στρουθίον.
283 914 327 941 Ὠς
344 911 490 948 ,στρουθίον
519 911 570 946 γὰρ
596 909 723 947 ἐρρύη-θην
750 909 777 936 ἐκ
801 915 849 941 τῆς

39 955 154 992 παγίδος
181 960 231 982 τῶν
256 956 425 992 θηρευὸντων.
453 957 503 981 Καὶ
526 956 576 992 γὰρ
597 954 620 980 ἐν
636 955 718 991 ταύτῃ
741 959 772 990 τῇ
791 954 850 992 ἒρὴ-

41 1012 83 1037 μῳ
112 999 206 1037 διάγω,
234 1000 253 1026 ὦ
268 1003 335 1030 κακὴ
353 1001 447 1033 ἔννοια,
473 1000 499 1026 ἓν
524 998 568 1036 ᾖὸ
591 1001 686 1036 Κύριος
709 998 848 1037 διέτριϐεν.

40 1044 170 1073 Ἐνταῦθα
196 1047 210 1075 ἠ
233 1043 298 1082 δρῦς
324 1046 339 1075 ἠ
365 1044 479 1081 Μαμϐρή
511 1045 585 1080 (17)”
611 1043 722 1070 ἐνταῦθα
741 1045 755 1073 ἡ
772 1045 849 1081 ούρα-

39 1092 147 1127 νοφόρος
173 1089 279 1126 κλίμαξ,
305 1092 350 1116 καὶ
375 1090 402 1115 αἱ
423 1092 473 1115 τῶν
498 1087 611 1125 ἀγγέλων
634 1088 806 1125 παρεμϐολαὶ,
823 1091 850 1116 αἱ

39 1140 58 1171 ᾧ
85 1134 186 1162 Ἰακὼϐ
212 1134 348 1171 ὀφθεῖσαι·
372 1133 483 1160 ἐνταῦθα
506 1134 521 1163 ἡ
550 1135 654 1170 ἔρημος,
671 1133 696 1159 ἐν
756 1134 769 1159 ὀ
789 1134 850 1172 λαός

40 1181 174 1217 ἁγνισθεὶς
198 1181 381 1217 ἐνομοθετήθη,
410 1182 455 1206 καὶ
479 1181 561 1210 οὕτως
589 1179 622 1209 εἰς
650 1181 697 1208 τὴν
724 1183 773 1214 γῆν
802 1183 848 1211 τῆς

41 1225 198 1261 ιπαγγιλίας
223 1225 341 1252 εἰσελθὼν
357 1225 412 1260 (18)
436 1222 489 1250 εἶδε
505 1225 578 1250 Θεὸν.
596 1223 724 1250 Ἐνταῦθα
746 1226 776 1250 τὸ
792 1226 849 1260 όρος

41 1273 68 1297 τὸ
107 1270 267 1306 Καρμήλιον,
293 1269 316 1296 ἒν
347 1268 367 1305 ᾧ
397 1269 496 1302 Ὶίλίας,
531 1268 698 1305 αὐλιζόμενος
724 1273 760 1304 τῷ
790 1273 847 1305 Θεῷ

41 1316 232 1353 κύηρὲστησεν.
258 1315 385 1342 Ἐνταῦθα
411 1316 439 1340 τὸ
466 1312 555 1340 πεδίον
580 1313 603 1340 ἐν
670 1313 846 1350 ἀναχωρήσας

42 1359 173 1398 Ἔσδρας,
194 1361 282 1391 πάσας
306 1360 353 1390 τάς
378 1359 561 1390 θεοπνεύστους
592 1357 700 1394 βίϐλους
726 1358 846 1396 προστά-

42 1415 126 1442 γματι
149 1409 216 1432 Θεοῦ
245 1403 408 1441 ἐξηριύξατο.
439 1403 567 1430 Ἐνταῦθα
592 1404 606 1432 ἠ
631 1404 735 1439 ἔρημος,
757 1402 779 1429 ἐν
800 1403 846 1439 ῇὸ

43 1451 173 1488 μακάριος
208 1450 335 1482 Ἰωάννης,
379 1446 575 1485 ἀκριδοφαγῶν,
617 1449 754 1484 μετάνοιαν
793 1451 846 1479 τοῖς

43 1496 189 1534 ἀνθρώποις
213 1493 343 1532 ὶκήρυξεν.
367 1493 495 1521 Ἐνταῦθα
516 1495 545 1519 τὸ
571 1495 628 1530 ὅρος
656 1497 706 1519 τῶν
729 1492 844 1529 Έλαιων,

43 1540 76 1572 εἰς
90 1541 102 1566 ὂ
122 1540 135 1565 ὁ
157 1541 269 1576 Χριστὸς
290 1540 464 1576 άνιρχόμινος
479 1539 660 1574 προσηύχετο,
681 1538 748 1573 ἡμᾶς
764 1535 847 1564 διδοίη
862 1555 882 1582 C

45 1595 111 1612 σκων
146 1585 353 1622 προσεύχεσθαι.
375 1583 502 1610 Ἐνταῦθα
527 1584 539 1608 ό
556 1584 668 1619 Χριστὸς
689 1583 702 1609 ὁ
726 1587 774 1614 τῆς
788 1582 846 1620 ἐρή-

42 1640 90 1666 μου
105 1629 191 1667 φίλος.
213 1632 281 1658 Φησὶ
302 1630 364 1666 γάρ·
382 1628 467 1655 Ὅπου
493 1628 545 1654 εἰσὶ
574 1626 622 1654 δύο
651 1628 665 1657 ἠ
693 1631 764 1664 τρεῖς
789 1638 848 1654 συν-

43 1677 153 1711 ηγμένοι
178 1675 213 1705 εὶς
241 1676 271 1700 τὸ
295 1673 355 1710 ἐμὸν
374 1675 464 1709 ὄνομα,
493 1672 545 1699 ἐκεῖ
571 1672 624 1708 εἰμι
648 1671 671 1698 ἐν
698 1675 769 1708 μέσω
798 1672 847 1698 αύ-

42 1725 88 1746 τῶν
103 1720 176 1754 (19).
207 1719 332 1749 Ἐντσῐθά
357 1719 371 1747 ἡ
395 1719 470 1747 στενὴ
501 1719 545 1743 καὶ
568 1716 723 1753 τεθλιμμένη
744 1714 815 1748 ὁδὸς,
831 1717 845 1746 ἡ

42 1764 185 1801 ἀπάγουσα
210 1763 245 1795 ιίς
269 1766 316 1792 τὴν
341 1763 420 1793 ζωήν.
457 1762 584 1788 Ἐνταῦθα
617 1759 778 1787 διδάσκαλοι
805 1763 848 1787 καὶ

40 1813 185 1847 προφῆται,
200 1810 223 1835 οἱ
247 1807 271 1834 ἐν
292 1807 413 1845 ὶρημίαις
438 1806 606 1842 πλανώμενοι,
627 1808 672 1832 καὶ
695 1807 776 1843 ὄρεσι,
803 1808 848 1832 καὶ

43 1854 194 1889 σπηλαίοις,
219 1855 264 1879 καὶ
288 1856 346 1883 ταῖς
370 1852 447 1882 ὀπαῖς
471 1855 516 1881 τῆς
543 1854 603 1886 γῆς.
631 1850 758 1877 Ἐνταῦθα
783 1849 847 1877 ἁπό-

45 1899 126 1926 στολοι
157 1900 203 1924 καὶ
228 1897 420 1933 εὖαγγελισταὶ,
445 1898 490 1922 καὶ
514 1896 527 1921 ὁ
548 1900 598 1921 τῶν
611 1899 734 1931 μοναχῶν
755 1896 848 1931 ἕρημο-

45 1944 147 1973 πολὶτης
176 1942 243 1979 βίος.
266 1945 356 1968 Ταῦτα
375 1943 460 1967 τοίνυν
488 1939 613 1970 ἑκουσίως
637 1937 846 1975 καταδέδεγμαι,

44 1989 83 2014 ἳνα
106 1987 182 2014 λάϐω
209 1986 273 2023 ἄπιρ
301 1989 354 2015 τοίς
378 1986 495 2022 μάρτυσι
519 1987 565 2010 τοῦ
581 1987 699 2021 Χριστοῦ
723 1986 767 2009 καὶ
793 1987 848 2014 τοῖς

45 2032 125 2064 ἄλλοις
150 2035 235 2058 πᾶσιν
254 2031 340 2066 ἁγίοις
366 2028 534 2065 ἐπήγγελται·
563 2028 604 2054 ἵνα
630 2026 753 2063 ὰψιυδῶς
772 2027 846 2063 λέγω·

44 2079 88 2103 Διὰ
121 2079 185 2107 τοὺς
223 2075 316 2111 λόγους
353 2078 402 2100 τῶν
445 2073 551 2109 χειλέων
592 2082 639 2099 σου
669 2072 718 2108 ἐγὼ
752 2072 848 2108 ἐφύλα-

44 2120 73 2151 ξα
98 2121 177 2151 ὀδοὺς
215 2119 340 2156 σκληράς.
369 2117 466 2153 Ἕγνων
500 2118 552 2153 γὰρ
587 2118 631 2142 τὸν
668 2118 712 2153 μὲν
744 2116 846 2152 θεοφιλῆ

44 2167 161 2204 Ἀϐραὰμ
184 2169 216 2202 τῇ
241 2168 287 2190 τοῦ
315 2167 382 2190 Θεοῦ
407 2166 476 2199 φωνῇ
504 2163 663 2198 πειθόμενον,
687 2163 731 2187 καὶ
754 2171 787 2191 εις
802 2164 849 2190 τὴν

44 2222 136 2248 ἔρημον
178 2212 356 2247 μετοικοῦντα·
392 2210 437 2234 καὶ
464 2207 555 2234 Ἰσαὰκ
588 2204 849 2242 καταδυναστευόμε-

43 2266 92 2282 νον·
115 2259 160 2283 καὶ
178 2253 272 2282 Ἰακὼό³
300 2255 344 2279 τὸν
363 2253 532 2289 πατριάρχην
562 2251 731 2282 ξενιτεύοντα·
753 2251 849 2288 Ἰωσὴφ

44 2303 84 2327 τὸν
107 2304 228 2337 σώφρονα
254 2297 522 2335 ὃιαπιπρασκόμενον,
550 2299 609 2326 τοῦς
633 2299 681 2326 τῆς
702 2294 851 2332 ἐγκρατείας

44 2347 144 2382 εὑρετὰς
175 2348 242 2381 τρεῖς
266 2341 365 2372 παῖδας
387 2344 620 2379 πυρομαχοῦντας,
639 2339 734 2368 Δανιὴλ
759 2337 849 2366 δεύτε-

44 2399 85 2426 ρον
108 2390 141 2421 εἰς
163 2389 258 2416 λάκκον
282 2387 389 2414 λεόντων
413 2385 648 2421 παραϐαλλόμενον,
677 2385 719 2410 τὸν
750 2384 850 2422 παρρη-

78 2480 100 2496 ⁸⁰
116 2479 196 2508 Psal.
215 2485 312 2512 cxxm,
325 2479 353 2504 7.

77 2559 131 2593 (14)
144 2562 220 2588 Μὴτε
240 2559 310 2590 τούς,
332 2559 388 2584 etc.
406 2557 476 2593 Reg.
497 2553 650 2593 secundus
660 2556 731 2593 fuit:
752 2551 783 2593 «is
795 2557 845 2593 τοξν

46 2587 201 2621 iamiam...
228 2598 274 2623 τῆν
300 2587 383 2629 ὁρμὴν
408 2587 538 2631 ανᾶκόψαι
564 2587 708 2631 ᾂνναμένῳ,
728 2591 795 2630 μήτε
814 2587 846 2616 δὲ

46 2631 99 2660 τοὺς
116 2627 388 2666 σφαλλομένους-εἰσ.
404 2627 480 2655 Cum
496 2633 549 2654 nec
564 2627 738 2661 iniquorum
754 2627 847 2659 impe-

47 2667 104 2693 lum
117 2664 262 2700 repellere
276 2664 404 2693 valeam.
513 2696 535 2701 η
550 2697 554 2701 ι
646 2696 670 2701 Μ

77 2702 131 2735 (15)
150 2695 294 2728 ἸνῙιλλοντι.
389 2696 617 2735 προσαπολλύειν..
645 2695 846 2735 Siguduorum

48 2730 181 2765 codicum
191 2744 249 2773 ope
259 2730 437 2773 emendatur
447 2732 529 2769 quod
540 2734 602 2760 erat
610 2731 641 2759 in
650 2731 737 2759 editis
748 2730 845 2767 μᾶλλον

48 2779 80 2798 τι.
87 2793 92 2799 .
101 2793 107 2800 .
115 2795 121 2800 .
128 2791 136 2800 .
147 2771 367 2800 ποοοῖαπολλύντι.

81 2807 134 2843 (t6)
144 2803 239 2837 n'ouzv.
249 2808 317 2837 Post
325 2807 406 2836 hanc
416 2811 520 2834 vocem
531 2803 649 2833 addunt
659 2803 730 2839 Reg.
738 2809 845 2832 secun-

906 234 980 263 ferre
995 244 1105 273 queam
1123 245 1129 265 :
1146 245 1243 274 neque
1257 237 1345 266 liceat
1359 238 1432 266 mihi
1448 239 1613 269 imbecilles
1628 241 1730 271 defen-

905 279 986 314 dere,
1002 283 1054 309 aut
1077 284 1210 310 errantes
1231 283 1393 318 corrigere;
1409 284 1472 312 imo
1491 285 1582 313 etiam
1606 286 1730 323 insuper

905 332 953 352 me
976 325 1040 361 ipse
1068 325 1143 354 forte
1167 327 1338 363 perditurus
1359 328 1441 356 sim?
1464 329 1730 361 Quemadmodum

904 369 984 396 enim
999 369 1158 406 paululum
1173 378 1259 406 aquae
1272 378 1356 407 purae
1370 379 1485 407 magna
1495 373 1578 401 venti
1597 375 1729 409 procella.

905 421 940 442 ac
968 413 1089 449 pulvere
1112 414 1297 451 dissipatur;
1319 416 1361 444 sic
1387 424 1456 453 quas
1481 417 1568 446 nobis
1590 419 1729 448 videmur

904 457 1047 494 prmclare
1066 459 1097 486 in
1119 459 1228 487 sasculo
1241 459 1350 495 facere,
1366 461 1516 490 malorum
1539 463 1728 493 multitudine

903 502 1082 532 obruuntur.
1107 505 1181 532 Nam
1205 505 1370 540 tragoedias,
1390 506 1469 534 velut
1493 507 1564 543 pali,
1580 509 1610 536 in
1631 509 1728 538 cordi-

903 546 962 575 bus
989 555 1093 576 eorum
1119 549 1170 585 qui
1193 549 1223 576 in
1247 549 1357 578 saeculo
1379 553 1457 584 sunt,
1478 559 1532 587 per
1544 552 1678 582 iustitiam
1692 561 1727 582 ac

904 592 1050 627 gaudium
1074 593 1249 628 inﬁguntur,
1264 596 1296 622 ut
1317 595 1495 631 psalmodias
1514 597 1635 633 puritati
1650 600 1729 626 tene-

903 637 974 665 bras
1000 638 1169 666 offundant.
1196 640 1287 667 Porro
1311 639 1440 675 ejulatus
1464 641 1653 678 gemitusque
1676 642 1729 671 ho-

905 682 1021 710 minum
1032 682 1175 718 injuriam
1187 691 1205 712 a
1213 683 1372 712 tribulibus
1384 685 1563 721 patientium
1574 687 1729 723 proferun-

904 729 961 761 tur,
977 729 1010 756 ut
1023 735 1191 764 pauperum
1206 728 1378 758 ostendatur
1393 730 1549 766 patientia.

941 819 966 844 ὅ.
983 818 1054 850 Quae
1065 817 1155 853 igitur
1165 818 1237 846 mihi
1252 818 1310 847 alia
1320 818 1441 854 utilitas,
1453 819 1510 847 nisi
1524 822 1602 849 certe
1617 821 1727 850 animae

904 861 1052 890 damnum
1066 863 1080 890 ‘I
1102 864 1204 899 Itaque
1219 870 1286 890 eam
1301 863 1341 891 ob
1356 871 1481 892 causam
1495 872 1550 899 ego
1567 865 1646 894 velut
1660 873 1729 902 pas-

905 914 953 934 ser
968 906 1148 942 transmigro
1161 907 1191 934 in
1207 910 1336 936 montes.
1354 909 1426 936 Sum
1441 908 1521 936 enim
1536 909 1610 938 sicut
1623 918 1729 946 passer

904 958 938 978 ex
954 949 1063 986 laqueo
1085 951 1259 979 venantium
1273 951 1417 980 liberatus
1429 953 1462 979 ‘0.
1485 953 1599 981 Etenim
1618 954 1649 982 in
1670 954 1729 983 hac

904 995 1063 1023 solitudine
1078 995 1167 1030 dego,
1180 1003 1199 1023 ο
1213 996 1294 1024 mala
1309 996 1457 1032 cogitatio,
1471 996 1502 1025 in
1513 1005 1574 1033 qua
1586 998 1730 1026 Dominus

905 1042 1042 1068 versatus
1067 1042 1118 1068 est.
1143 1040 1193 1068 Hic
1207 1048 1336 1077 quercus
1351 1041 1482 1070 Mambre
1503 1050 1509 1069 :
1529 1042 1577 1070 hic
1592 1043 1674 1071 scala
1686 1043 1729 1072 fe-

904 1092 973 1113 rens
986 1085 1026 1113 ad
1038 1085 1159 1121 ccelum,
1174 1088 1202 1114 et
1218 1086 1393 1122 angelorum
1409 1089 1506 1115 castra
1519 1095 1537 1115 a
1551 1087 1643 1116 Jacob
1658 1096 1729 1117 con-

904 1132 1027 1166 specta;
1050 1129 1098 1158 hic
1124 1130 1263 1166 solitudo,
1278 1131 1309 1159 in
1328 1139 1390 1168 qua
1405 1131 1537 1167 populus
1550 1132 1727 1168 puriﬁcatus

902 1174 1000 1209 legem
1025 1175 1148 1211 accepit,
1174 1178 1202 1203 et
1225 1176 1267 1204 ita
1281 1177 1405 1204 demum
1421 1176 1450 1204 in
1476 1178 1586 1205 terram
1599 1177 1729 1213 promis-

903 1218 996 1247 sionis
1010 1219 1163 1254 ingressus
1178 1222 1273 1248 Deum
1287 1220 1371 1248 vidit.
1390 1220 1440 1248 Hic
1454 1229 1544 1249 mons
1563 1222 1728 1258 Carmelus,

901 1264 932 1292 in
947 1272 1008 1301 quo
1025 1264 1101 1292 Elias
1118 1273 1313 1293 commorans
1338 1265 1449 1302 placuit
1473 1268 1552 1300 Deo;
1573 1266 1621 1294 hic
1647 1275 1727 1295 cam-

901 1317 970 1345 pus,
985 1310 1016 1336 in
1038 1317 1129 1343 quem
1153 1318 1221 1337 cum
1239 1310 1346 1338 Esdras
1371 1311 1555 1345 secessisset,
1571 1318 1676 1339 omnes
1689 1312 1726 1340 li-

900 1352 971 1381 bros
995 1353 1136 1381 divinitus
1157 1353 1328 1390 inspiratos,
1350 1356 1409 1382 Deo
1421 1355 1556 1390 jubente,
1573 1355 1726 1385 eructavit.

901 1398 950 1425 Hic
978 1397 1118 1432 solitudo,
1142 1398 1173 1425 in
1199 1406 1261 1434 qua
1285 1398 1392 1426 beatus
1420 1400 1562 1434 Joannes,
1594 1399 1727 1429 locustas

900 1442 1003 1475 edens,
1024 1441 1197 1470 hominibus
1217 1442 1303 1478 13o
1317 1442 1523 1478 paenitentiam
1540 1443 1727 1480 praedicavit.

901 1487 952 1515 Hic
965 1494 1054 1515 mons
1068 1486 1232 1520 Olivarum,
1241 1487 1271 1515 in
1287 1495 1379 1523 quem
1390 1495 1460 1515 cum
1476 1488 1610 1516 Christus
1621 1496 1728 1517 ascen-

901 1531 994 1560 disset
1019 1532 1124 1566 oravit,
1141 1539 1227 1560 orare
1242 1539 1298 1560 nos
1315 1532 1439 1560 docens.
1457 1531 1507 1560 Hic
1523 1532 1656 1561 Christus
1676 1541 1727 1561 so-

900 1576 1034 1604 litudinis
1049 1578 1177 1604 amator.
1193 1577 1240 1604 Ait
1253 1577 1334 1604 enim
1350 1585 1355 1604 :
1371 1577 1427 1605 Ubi
1438 1577 1498 1605 duo
1517 1580 1585 1605 sunt
1601 1581 1653 1606 aut
1670 1580 1729 1607 tres

902 1621 1070 1656 congregati
1090 1621 1122 1649 in
1142 1622 1262 1649 nomine
1283 1629 1356 1656 meo,
1377 1621 1419 1649 ibi
1441 1629 1506 1650 sum
1526 1622 1558 1650 in
1573 1622 1669 1650 medio
1685 1630 1729 1650 eo-

901 1674 968 1694 rum
981 1667 1015 1695 ⁴².
1040 1666 1090 1694 Hic
1113 1670 1242 1701 angusta
1265 1668 1294 1694 et
1316 1669 1398 1695 arcta
1421 1666 1480 1699 via,
1496 1674 1564 1704 qua:
1589 1667 1671 1695 ducit
1690 1667 1730 1696 ad

901 1711 1005 1738 vitam.
1027 1711 1077 1738 Hic
1102 1710 1240 1738 doctores
1264 1712 1292 1739 et
1317 1711 1485 1747 prophetae,
1505 1711 1535 1739 in
1561 1711 1729 1740 solitudini-

901 1755 959 1783 bus
987 1757 1129 1791 errantes,
1155 1763 1190 1784 ac
1215 1755 1380 1789 montibus,
1397 1755 1610 1792 speluncisque
1635 1759 1665 1785 et
1683 1756 1728 1785 fo-

901 1800 1069 1828 raminibus
1083 1803 1165 1828 terras
1180 1802 1214 1830 δ’.
1228 1800 1278 1828 Hic
1293 1799 1423 1836 apostoli
1437 1802 1465 1828 et
1480 1800 1684 1836 evangelistae,
1701 1803 1730 1830 et

902 1845 1121 1873 monachorum
1134 1847 1250 1873 semota
1262 1844 1301 1873 ab
1315 1844 1441 1872 urbibus
1457 1844 1527 1872 vita.
1546 1846 1611 1872 Haec
1626 1845 1729 1881 itaque

902 1890 978 1918 ultro
995 1890 1123 1926 suscepi,
1142 1892 1173 1918 ut
1195 1897 1364 1926 consequar
1379 1897 1447 1926 quae
1463 1889 1570 1918 Christi
1593 1890 1731 1926 martyri-

901 1934 959 1963 bus
983 1936 1011 1962 et
1034 1934 1176 1962 omnibus
1200 1934 1266 1962 aliis
1290 1933 1400 1962 sanctis
1422 1933 1573 1970 promissa
1593 1936 1680 1968 sunt;
1697 1937 1730 1963 ut

902 1988 970 2008 vere
992 1987 1028 2007 ac
1045 1979 1118 2007 citra
1133 1979 1326 2007 mendacium
1343 1978 1445 2006 dicam
1469 1987 1475 2006 :
1495 1978 1625 2013 Propter
1639 1979 1731 2008 verba

905 2025 1052 2054 labiorum
1068 2027 1188 2051 tuorum
1198 2031 1248 2059 ego
1264 2024 1414 2052 σπεισάἰυὶ
1426 2023 1490 2051 vias
1504 2023 1597 2052 duras
1611 2025 1644 2052 ‘3.
1657 2024 1732 2053 Novi

902 2069 983 2097 enim
1006 2068 1131 2096 charum
1160 2069 1219 2096 Deo
1247 2068 1400 2096 Abraham
1430 2067 1483 2104 qui
1511 2068 1578 2096 voci
1607 2069 1656 2096 Dei
1679 2069 1731 2096 ob-

903 2115 1024 2142 secutus
1046 2114 1100 2147 est,
1126 2114 1154 2141 et
1167 2113 1197 2140 in
1220 2112 1411 2141 solitudinem
1426 2112 1584 2147 migravit;
1601 2115 1628 2141 et
1648 2115 1732 2142 Isaac

903 2158 1037 2195 potentia
1058 2166 1249 2194 oppressum,
1273 2160 1301 2185 et
1316 2157 1409 2185 Jacob
1431 2157 1633 2193 patriarcham
1648 2166 1733 2195 pere-

905 2204 1074 2239 grinantem
1087 2212 1093 2236 ;
1114 2202 1259 2238 pudicum
1274 2202 1386 2238 Joseph
1400 2201 1604 2236 divenditum;
1621 2210 1730 2238 pueros

908 2252 964 2276 tres
987 2247 1175 2276 abstinentiae
1199 2247 1381 2281 inventores,
1398 2246 1450 2282 qui
1470 2246 1614 2274 adversus
1628 2247 1731 2282 ignem

905 2294 1097 2329 pugnarunt;
1120 2291 1271 2320 Danielem
1287 2290 1380 2319 semel
1399 2293 1427 2318 et
1447 2290 1556 2318 iterum
1571 2291 1601 2318 in
1616 2291 1731 2320 fossam

903 2338 1026 2365 leonum
1049 2337 1238 2372 conjectum;
1254 2335 1414 2364 Jeremiam
1435 2334 1529 2363 libere
1544 2335 1730 2372 loquentem,

903 2382 982 2410 coeni
996 2382 1076 2410 laeui
1091 2381 1265 2413 addictum;
1288 2381 1398 2410 Isaiam
1415 2388 1594 2410 arcanorum
1614 2384 1732 2418 specta-

393 2477 414 2493 ”
430 2474 529 2504 Matth.
544 2481 624 2508 xvui,
639 2474 685 2502 20.
724 2474 748 2490 ⁴²
763 2473 851 2502 Hebr.
863 2489 904 2514 ιι,
920 2473 964 2499 38.
1003 2471 1026 2488 ⁴³
1040 2470 1117 2499 Psal.
1134 2478 1190 2504 xvr,
1206 2472 1234 2498 4.

902 2552 960 2580 dus
992 2553 1019 2580 et
1045 2553 1115 2580 Maz.
1139 2551 1244 2577 ἐνώπιον
1286 2550 1437 2588 ἀνθρώπων.
1471 2551 1578 2579 Coram
1607 2551 1734 2579 homini-

904 2589 992 2658 bufh)
1010 2622 1135 2660 Μαμϐρῆ.
1148 2624 1281 2660 Ita__mss.
1300 2622 1376 2660 Editi
1390 2621 1498 2660 Μαϐρήτ

937 2657 994 2692 (18)
1019 2657 1157 2686 Εἰσελθὼν.
1186 2658 1246 2686 Ηοο
1273 2658 1402 2686 verbum
1431 2657 1569 2686 additum
1599 2664 1636 2684 ex
1660 2658 1731 2693 Reg.

901 2693 1046 2722 secundo.

937 2731 992 2766 (19)
1021 2730 1060 2756 Ἐν
1089 2731 1160 2766 μέσῳ
1187 2729 1282 2759 αὐτῶν,
1309 2731 1379 2765 Reg.
1410 2728 1564 2757 secundus
1597 2731 1651 2765 μετ’
1682 2728 1732 2755 αύ-

903 2776 953 2793 των
958 2787 964 2794 ι
