2009 3145
63 157 114 185 361

566 154 815 184 EPlSTOLARUM
834 152 977 181 CLASSIS
993 152 1014 181 Ι.
1036 154 1143 182 EPIST.
1162 154 1250 182 XLIV.

1691 157 1743 184 362

64 217 187 245 ἀσεϐέσιν
216 217 282 253 (24).
312 216 370 243 "Eri
394 217 445 253 γὰρ
471 216 583 244 ἀπιστία
614 227 647 254 με
668 219 796 255 περιέχει,
822 218 867 242 καὶ

925 214 988 251 piis.
1007 215 1114 244 Adhuc
1137 217 1217 245 enim
1244 216 1418 244 incredulus
1436 224 1515 251 sum,
1530 216 1625 244 necin
1640 219 1745 253 pectus

63 262 111 288 οὐκ
136 261 278 300 ἐπέρχεταί
301 271 351 298 μον
382 261 418 292 εἰς
445 263 492 290 τὴν
520 260 633 298 καρδίαν
657 264 687 288 τὸ
715 262 867 291 τηλικοῦτον

62 306 194 342 ἀτὸπημα
217 309 262 332 καὶ
288 307 316 332 τὸ
338 305 500 343 ἐπιχείρημα
526 307 555 332 τὸ
579 309 646 343 μέγα
671 307 683 332 ὃ
705 306 828 344 ἔπραξας,
846 307 868 332 εἶ

61 361 91 387 γε
110 352 179 377 κατά
205 352 233 377 τὸ
261 352 411 386 φαινόμενον
431 349 486 380 ἤδη
514 353 595 377 πᾶσιν
618 351 699 382 οὕτως
714 352 780 387 ἔχει.
793 354 867 377 Θαυ-

62 395 142 431 μάζω
163 396 215 431 γὰρ
244 398 299 425 πῶς
329 396 342 423 ἡ
373 396 488 424 τοσαύτη
515 397 594 431 σοφία
615 396 756 428 κατεπόθη,
777 399 832 425 πῶς
850 395 864 423 ἠ

62 441 182 468 τοσαύτη
212 438 332 476 ἀκρίϐεια
354 437 461 468 διελύθη
475 447 482 454 ⁸
509 441 586 466 πόθεν
602 441 617 469 ἠ
631 441 746 468 τοσαύτη
767 438 867 475 τύφλω-

64 494 109 515 σις
135 484 302 521 περιεχύθη·
332 488 395 519 πῶς,
426 482 509 520 μηδὲν
544 486 573 511 τὸ
609 484 714 511 σύνολον
735 483 866 517 ἔννοήσας,

62 530 191 558 τοιαύτην
216 531 262 555 καὶ
281 530 412 558 τοσαύτην
433 528 560 555 ἀπώλειαν
581 529 677 566 ψυχῶν
698 529 822 566 εἰργάσω.
837 528 868 554 Εἰ

61 575 116 611 γὰρ
139 573 234 604 ἀληθὲς
252 577 339 608 τοῦτο,
356 571 549 610 παραδέδωκας
568 574 623 609 (25)
638 576 684 600 καὶ
698 576 745 603 τήν
771 576 867 600 σαυτοῦ

64 618 164 655 ψυχὴν
195 623 232 654 τῷ
260 617 346 655 βυθῷ,
370 621 415 645 καὶ
441 619 543 644 πάντων
569 622 618 645 τῶν
651 618 795 645 ἀκουόντων
820 620 868 646 τὴν

60 662 186 689 ἀσέϐειαν
219 664 317 692 ταύτην
350 664 394 689 τὸν
422 664 494 689 τόνον
520 662 677 700 παρέλυσας.
700 666 752 693 Τὴν
780 665 868 689 πίστιν

60 707 216 738 ὴθέτησας-
249 711 296 734 τοῦ
326 706 422 743 ἀγῶνος
445 712 491 734 τοῦ
519 707 600 734 καλοῦ
629 708 797 744 ᾖστοχησας.
825 708 868 734 Διὸ

61 750 135 788 ἀλγῶ
163 753 205 778 ἐπὶ
231 754 284 781 σοί.
309 755 387 783 Ποῐος
408 753 459 789 γὰρ
475 753 552 790 ἱερεὺς
567 751 667 778 ἀκούων
682 753 738 789 (26)
752 752 781 778 οὐ
802 753 869 789 θρη-

60 799 159 830 viast;
199 800 271 827 ποῖος
300 795 522 827 ὶκκλησιαστικός
556 796 586 823 οὗ
624 799 763 830 κόπτεταις
797 800 870 827 ποῖος

60 840 155 872 λαῐκός
175 841 205 867 οὗ
236 841 436 878 οκυθρωπάζει;
463 844 535 871 ποῖος
564 840 683 873 ἀσκητὴς
710 841 739 868 οὐ
763 842 868 876 πενθεῖς

921 268 1024 288 meum
1043 260 1134 289 intrat
1157 263 1274 290 tantum
1288 261 1373 290 nefas
1397 269 1433 289 ac
1456 269 1602 296 magnum
1616 261 1744 296 facinus,

921 305 1004 341 quod
1016 305 1162 334 admisisti
1179 316 1185 334 :
1202 307 1227 334 si
1250 306 1374 342 quidem
1392 314 1450 338 res,
1476 307 1515 334 uti
1525 306 1587 342 jam
1602 306 1744 335 omnibus

921 350 1081 378 manifesta
1094 353 1148 384 est,
1177 351 1218 379 ita
1232 359 1297 379 sese
1312 351 1413 379 habet.
1428 351 1564 379 Admiror
1573 352 1653 379 enim
1669 359 1745 388 quo-

921 395 1014 423 modo
1039 395 1186 431 sapientia
1203 398 1287 424 tanta
1297 395 1441 432 absorpta
1452 397 1498 430 sit,
1512 396 1668 432 quomodo
1683 399 1746 424 tam

921 442 1064 467 accurata
1087 440 1206 468 vivendi
1229 441 1306 469 ratio
1330 440 1488 473 dissoluta;
1521 441 1601 468 unde
1618 441 1745 470 circum-

921 483 990 511 fusa
1009 483 1096 512 fuerit
1115 485 1233 513 caecitas
1248 487 1346 519 tanta;
1362 484 1516 520 quomodo
1535 485 1608 513 nihil
1623 494 1747 522 prorsus

922 528 1128 564 considerans,
1151 529 1242 558 talem
1268 537 1303 558 ac
1329 532 1444 558 tantam
1460 530 1631 558 animarum
1650 531 1748 566 perni-

922 573 999 601 ciem
1027 573 1191 602 induxeris.
1219 574 1252 602 Id
1280 574 1359 602 enim
1372 574 1397 602 si
1415 582 1520 602 verum
1531 576 1585 608 est,
1601 574 1748 603 tradidisti

922 619 951 646 et
972 621 1056 646 tuam
1087 618 1182 654 ipsius
1207 619 1342 647 animam
1368 618 1523 654 barathro,
1547 621 1575 647 et
1597 619 1746 653 omnium,

922 663 975 699 qui
1000 662 1184 699 impietatem
1213 664 1293 692 hanc
1312 663 1450 697 audiunt,
1477 663 1571 691 robur
1585 663 1747 692 exsolvisti.

923 707 1040 735 lrritam
1055 707 1150 735 fecisti
1164 708 1272 743 ﬁdem;
1290 708 1437 737 aberrasti
1453 709 1642 736 acertamine
1655 708 1747 736 bono.

924 752 1114 788 Quapropter
1126 752 1215 780 doleo
1225 755 1277 781 tua
1288 760 1392 781 causa.
1417 753 1488 785 Quis
1506 752 1585 780 enim
1596 752 1749 786 sacerdos,

923 796 975 824 ubi
988 796 1126 831 audierit,
1143 800 1194 825 tua
1218 805 1311 826 causa
1329 805 1391 825 non
1417 797 1651 826 lamentabitur?
1680 797 1750 834 quis

924 841 1142 870 ecclesiasticus
1176 850 1239 870 non
1271 842 1406 878 plangit?
1424 843 1493 878 quis
1523 842 1618 870 laicus
1632 842 1750 870 tristitia

61 887 145 922 Τάχα
176 888 221 912 καὶ
248 886 261 911 ό
286 885 359 916 ἣλιος
386 885 528 912 ἐσκότασεν
550 886 592 912 ἐπὶ
620 891 656 922 τῷ
680 890 718 921 σῷ
739 889 868 922 πτώματι,

925 893 986 914 non
1001 886 1149 914 afﬁcitur?
1170 886 1239 923 quis
1267 887 1435 915 monachus
1445 895 1507 915 non
1523 886 1650 915 moeret?
1666 888 1751 915 Forte

63 932 112 956 καὶ
141 931 168 956 αἱ
192 928 318 966 δυνὰμεις
344 934 394 956 τῶν
424 930 537 967 οὐρανῶν
558 931 610 967 (27)
633 930 810 959 ἔσαλεύθησαν
829 931 871 957 ἐπὶ

66 978 98 1010 τῇ
124 978 157 1011 σῇ
183 974 306 1010 ἀπωλείᾳ.
337 973 503 1012 Ἐδάκρυσαν
529 977 575 1001 καὶ
594 976 618 1001 οἱ
633 974 790 1001 ἀναίσθπτοι
804 974 872 1001 λίθοι

73 1017 119 1045 ἐπὶ
138 1023 168 1055 τῇ
197 1024 227 1055 σῇ
257 1022 357 1056 μανίᾳ·
385 1019 514 1046 ἔκλαυσαν
539 1018 569 1046 δὲ
596 1022 641 1046 καὶ
662 1021 687 1046 οἱ
711 1019 801 1057 ἐχθροὶ
825 1018 873 1046 διὰ

65 1065 116 1092 τήν
145 1063 285 1100 ὑπερϐολὴν
313 1068 358 1094 τῆς
378 1063 487 1101 ἀνομίας
508 1074 566 1092 σου.
594 1064 630 1091 ’Ὠ
653 1063 748 1095 πολλῆς
775 1067 871 1100 πωρώ-

63 1117 134 1139 σεως
147 1108 224 1144 ('28)!
242 1110 262 1134 ὦ
278 1107 366 1139 δεινῆς
392 1109 542 1146 ὢμότητοςξ
569 1109 607 1135 Οὖ
633 1110 697 1136 Θεὸν
722 1108 850 1145 ἐφοϐήθης
863 1127 869 1134 .

61 1151 114 1178 οὐκ
159 1151 313 1189 ἀνθρώπους
351 1151 487 1190 ᾐδέσθης·
521 1153 550 1180 οὔ
584 1153 672 1190 φίλους
710 1152 869 1191 ἐνετράπηςθ

64 1195 123 1222 ἀλλ’
138 1197 205 1233 ὁμοῦ
220 1199 306 1224 πάντα
324 1196 490 1234 ὶναυάγησας
503 1209 509 1214 -
535 1199 600 1235 ὁμοῦ
618 1199 703 1224 πάντα
726 1197 869 1229 ἐσυλήθης.

64 1243 111 1268 Διὸ
138 1241 216 1268 πάλιν
242 1241 312 1278 ἀλγῶ
338 1241 381 1268 ἐπὶ
411 1245 464 1277 σοὶ,
490 1242 572 1269 ἄθλιε·
599 1242 628 1269 ’0
654 1246 699 1273 τῆς
733 1241 872 1279 βασιλείας

60 1289 133 1312 πᾶσι
157 1288 201 1312 τὸν
224 1288 296 1313 τόνον
323 1285 502 1323 ἀπαγγέλλων,
522 1291 570 1317 τῆς
584 1286 722 1323 βασιλείας
741 1286 869 1318 ἐξέπεσες.

60 1330 92 1356 Ὁ
113 1335 163 1361 τῆς
193 1329 372 1362 διδασκαλίας
397 1333 441 1358 τὸν
471 1330 548 1368 φόϐον
574 1334 654 1358 πᾶσιν
679 1331 800 1367 ἐμποιῶν,
823 1331 870 1357 οὐκ

61 1376 148 1411 ἴσχες
178 1375 255 1412 φόϐον
275 1379 343 1402 Θεοῦ
372 1375 494 1402 ἀπέναντι
517 1380 565 1403 τῶν
594 1375 730 1413 ὀφθαλμῶν
756 1385 814 1402 σου·
841 1375 870 1402 Ὀ

63 1419 217 1456 ἁγιωσύνην
242 1422 394 1458 κηρύσσων,
422 1420 513 1457 ἐναγὴς
533 1421 653 1458 εὑρίσκῃ.
672 1420 702 1447 ⁸0
729 1419 770 1447 ἐπὶ
792 1419 871 1450 ἀκτη-

61 1466 167 1502 μοσύνῃ
186 1467 370 1502 σεμνυνόμενος
390 1466 458 1501 (29),
480 1465 690 1503 σνλοχρηματῶν
718 1464 869 1503 ἐφενρίσκῃ.

61 1513 93 1536 ’0
124 1512 172 1539 τὴν
196 1514 243 1536 τοῦ
270 1514 337 1537 Θεοῦ
358 1510 466 1537 κόλασιν
495 1508 705 1546 ἐπιδεικνύμενος
742 1508 789 1536 διὰ
825 1514 871 1540 τῆς

925 930 1016 959 etiam
1029 931 1127 966 soliob
1143 933 1228 959 tuum
1243 931 1364 967 lapsum
1389 931 1568 960 obscuratus
1585 934 1639 967 est,
1654 932 1752 960 etvir-

925 977 1003 1003 tutes
1028 975 1172 1003 caelorum
1188 978 1348 1003 commotae
1377 978 1448 1003 sunt
1462 975 1501 1003 ob
1515 976 1638 1004 exitium
1653 978 1750 1004 tuum.

927 1020 1003 1052 Quin
1016 1022 1044 1047 et
1064 1019 1180 1056 lapides
1211 1028 1317 1048 sensus
1341 1022 1477 1056 expertes
1502 1020 1653 1048 insaniam
1667 1023 1752 1049 tuam

925 1064 1110 1093 deﬂeverunt
1126 1073 1132 1092 :
1148 1065 1303 1101 ploravere
1320 1073 1443 1102 quoque
1462 1065 1576 1093 inimici
1590 1065 1630 1093 ob
1641 1065 1752 1102 iniqui-

925 1109 994 1137 tatis
1007 1111 1065 1137 tuae
1087 1109 1337 1144 magnitudinem.
1368 1111 1390 1138 Ο
1405 1117 1550 1145 magnam
1566 1109 1750 1138 caecitatem!

926 1153 1067 1182 0miram
1082 1154 1288 1182 crudelitatem
1304 1154 1309 1182 ἔ
1327 1155 1422 1182 Deum
1448 1162 1512 1182 non
1534 1154 1675 1188 timuisti;
1697 1154 1753 1183 ho-

925 1198 1023 1226 mines
1035 1199 1179 1227 reveritus
1193 1207 1256 1227 non
1266 1206 1298 1227 es
1311 1208 1317 1233 ;
1347 1207 1407 1227 non
1432 1202 1460 1227 te
1472 1199 1563 1227 amici
1573 1201 1751 1233 moverunt;

926 1243 979 1271 sed
992 1243 1082 1271 simul
1091 1244 1229 1272 omnium
1243 1244 1434 1279 naufragium
1448 1243 1542 1272 fecisti
1558 1253 1565 1278 ;
1589 1244 1678 1272 simul
1686 1252 1754 1280 spo-

924 1286 1014 1316 liatus
1039 1295 1071 1316 es
1098 1288 1253 1317 omnibus.
1278 1288 1424 1321 Quouirca
1447 1289 1556 1316 iterum
1581 1296 1674 1316 causa
1688 1291 1751 1323 tua,

925 1331 1025 1365 miser,
1043 1331 1141 1359 doleo.
1158 1332 1213 1364 Qui
1228 1332 1312 1367 regni
1327 1332 1499 1360 violentiam
1516 1335 1607 1368 atque
1627 1332 1753 1360 difﬁcul-

924 1378 1017 1404 tatem
1032 1376 1174 1403 omnibus
1190 1376 1406 1411 annuntiabas,
1426 1384 1519 1411 regno
1539 1377 1686 1405 excidisti.
1697 1376 1754 1410 Qui

924 1420 1068 1448 doctrinas
1092 1422 1207 1448 metum
1233 1420 1375 1448 omnibus
1398 1420 1577 1456 incutiebas,
1615 1421 1666 1449 Dei
1689 1429 1752 1449 non

924 1465 1058 1494 habuisti
1078 1466 1216 1493 timorem
1240 1465 1280 1493 ob
1299 1464 1402 1493 oculos
1418 1468 1495 1493 tuos.
1520 1465 1575 1498 Qui
1591 1465 1753 1494 sanctimo-

924 1510 1009 1538 niam
1023 1509 1224 1546 praadicabas,
1236 1509 1378 1538 scelestus
1392 1509 1635 1545 deprehenderis.
1649 1509 1704 1543 Qui
1714 1510 1752 1538 de

60 1556 232 1591 ὑφηγήσεως,
272 1555 350 1586 αὐτὸς
389 1554 497 1581 κόλασιν
538 1558 638 1591 σεαυτῷ
684 1554 869 1592 προεξένησας.

925 1554 1492 1592 ριιιιρετῐειῐθῖειοτὶαδδινε,ρεουῐι1ειι·ιιω
1498 1554 1637 1582 inventus
1646 1563 1677 1583 es
1684 1562 1753 1591 rap-

61 1603 127 1630 Πῶς
168 1609 197 1626 σε
236 1600 378 1637 θρηνήσω;
418 1603 474 1630 πῶς
503 1599 609 1635 ἁλγήσω
642 1598 683 1625 ἐπὶ
717 1601 774 1633 σοί;
814 1603 871 1629 Πῶς

60 1643 184 1676 ἐξέπεσεν
213 1644 226 1670 ὀ
260 1644 391 1682 ἑωσφόρος
419 1644 432 1670 ὁ
463 1645 532 1680 πρωϊ
559 1643 616 1680 (30)
645 1642 795 1676 ἀνατέλλων,
826 1645 870 1670 καὶ

61 1688 205 1726 συνετρίϐη
230 1688 272 1715 ἐπὶ
301 1693 348 1719 τῆς
375 1692 444 1725 γῆς
475 1689 577 1719 Παντὸς
603 1687 739 1719 ἀκούοντος
769 1688 870 1724 ὴχήσει

59 1735 97 1760 τὰ
140 1733 275 1770 ἀμφότερα
305 1732 370 1760 ὦτα.
405 1737 464 1764 Πῶς
495 1733 508 1759 ὁ
545 1733 698 1769 Ναζιραῖος,
731 1733 744 1758 ὁ
775 1732 870 1769 ἐκλάμ-

59 1788 120 1805 πων
148 1779 211 1816 ὑπὲρ
240 1780 367 1816 χρυσίον,
398 1777 541 1804 ἑσκότασεν
570 1778 634 1815 ὑπὲρ
655 1777 788 1810 ἀσϐόλην;
814 1778 870 1808 υἱὸς

61 1825 133 1849 Σιὼν
160 1823 173 1848 ὁ
198 1825 297 1859 τίμιος,
321 1827 376 1853 πῶς
399 1822 496 1859 ivbare
513 1826 605 1852 σκεῦος
628 1823 785 1859 ἄχρηστον;
802 1822 867 1851 Οὖή

61 1870 158 1904 μνήμη
187 1872 238 1894 τῶν
267 1868 340 1893 θείων
364 1870 471 1904 Γραφῶν
495 1868 545 1893 ὑπό
566 1868 669 1893 πάντων
684 1867 806 1901 ίλαλεῖτο,
823 1869 871 1896 σή-

61 1921 148 1950 μερον
170 1910 286 1938 ἀπώλετο
306 1913 335 1938 τὸ
358 1914 525 1948 μνημόσυνον
541 1911 621 1938 αὐτοῦ
644 1911 700 1948 μετ’
725 1913 809 1947 ἤχου.
839 1910 869 1937 '0

63 1956 173 1988 ὁξὺνους
203 1955 281 1988 ὀξέως
318 1956 443 1983 ἀπώλετο.
479 1956 509 1982 Ὁ
543 1955 667 1986 πολύνους
707 1955 869 1983 πυλύπλοκον

62 2001 200 2038 ἁμαρτίαν
233 2000 384 2038 εἰργάσατο.
422 2002 456 2027 Οἱ
480 2002 531 2037 γὰρ
560 2000 716 2037 ὡφελημένοι
748 2000 799 2026 ὑπὸ
824 2004 870 2031 τῆς

64 2051 117 2077 σῆς
143 2044 324 2077 διδασκαλίας
349 2045 496 2074 ἐϐλάϐησαν
525 2047 575 2072 ὑπὸ
600 2050 645 2076 τῆς
669 2049 718 2075 σῆς
733 2044 868 2076 ἀπωλείας.

63 2091 99 2116 Οἱ
124 2091 171 2121 τὰς
196 2090 276 2121 ἀκοὰς
303 2091 486 2128 παρατιθέντες
505 2089 547 2116 ἐπὶ
572 2093 604 2126 τῇ
631 2093 664 2126 σῇ
690 2089 780 2126 ὁμιλίᾳ
794 2090 871 2128 ἔφρα-

64 2136 111 2167 ξαν
140 2137 175 2162 τὰ
197 2134 252 2162 ὦτα
281 2135 324 2162 ἐπὶ
350 2140 381 2172 τῇ
412 2139 445 2173 σῇ
469 2135 592 2172 ἀπωλείᾳ.
616 2136 682 2172 Ἐγὼ
703 2134 742 2171 δὲ,
771 2136 870 2173 θρηνῶν

63 2183 109 2207 καὶ
140 2181 340 2218 σκυθρωπάζων
371 2181 438 2216 (31),
474 2183 519 2207 καὶ
549 2183 701 2218 παρειμένος
733 2181 869 2222 πάντοθεν⁷

63 2227 110 2251 καὶ
138 2223 238 2251 σποδὸν
269 2226 331 2252 ὡσεὶ
357 2226 434 2262 οἷρτον
462 2224 565 2260 ἐσθίων,
596 2228 641 2251 καὶ
671 2225 822 2252 σάκκονέπὶ
837 2229 868 2262 τῇ

65 2269 156 2306 πληγῇ
182 2279 233 2306 μου
261 2269 410 2307 ὶπιῤῥίψας,
441 2271 552 2297 τοιαῦτά
576 2280 619 2296 σοι
646 2269 763 2306 ἐγκώμια
774 2268 871 2308 διεξέρ-

63 2324 153 2351 χομαι
169 2323 176 2330 ⁸
205 2314 300 2351 μᾶλλον
328 2313 358 2341 δὲ
384 2314 536 2351 ἐπιταφίους
572 2314 664 2350 λόγους
703 2315 869 2351 συντάσσων,

65 2358 251 2397 ἀπαράκλητος
285 2361 331 2385 καὶ
368 2358 542 2397 ἀθεράπευτος
570 2357 694 2385 διατελῶ·
719 2360 760 2385 ὅτι
786 2359 870 2396 παρά-

63 2403 159 2434 κλησις
177 2406 322 2442 κέκρυπται
346 2403 396 2431 ἀπὸ
416 2408 466 2430 τῶν
496 2403 634 2441 ὀφθαλμῶν
659 2413 721 2440 μου,
748 2405 794 2429 καὶ
822 2405 869 2430 ούκ

102 2465 158 2502 (24)
177 2469 237 2502 Τοῖς
255 2465 385 2493 ἀσεϐέσιν.
401 2466 478 2494 Editi
499 2466 525 2492 ἐν
549 2469 611 2502 τοῖς.
630 2465 688 2502 Sed
711 2464 869 2502 haecprae-

66 2501 181 2539 positio
188 2501 322 2539 _deestin
333 2502 424 2539 Coisl.
456 2501 590 2530 secundo
611 2504 639 2530 et
653 2501 684 2529 in
698 2501 836 2538 pluribus
851 2508 870 2530 δ,

65 2537 249 2566 Combeﬁsio
265 2537 371 2566 citatis.

101 2575 159 2608 (25)
179 2572 395 2610 llupad‘ié‘uxatg.
409 2575 472 2610 Duo
488 2581 564 2610 mss».
583 2570 750 2610 «apédéxatq.

102 2610 162 2644 (26)
182 2607 309 2637 Ἀκούων.
323 2609 397 2637 Editi
413 2609 529 2637 addunt
546 2607 587 2634 ἐπί
608 2607 661 2642 σοι,
677 2608 730 2636 sed
745 2609 807 2636 haec
821 2608 872 2636 de-

67 2648 139 2672 sunt
156 2645 188 2672 in
202 2646 274 2680 Reg.
291 2645 426 2673 secundo
440 2647 468 2672 et
483 2643 571 2672 Coisl.
591 2647 620 2680 et
631 2644 698 2672 aliis
718 2652 736 2672 a
746 2644 871 2673 Combe-

65 2680 134 2708 ﬁsio
149 2679 260 2713 citatis,
276 2689 311 2708 ac
326 2680 433 2708 melius
446 2680 584 2708 videntur
599 2679 717 2708 deesse.

105 2719 162 2753 (27,)
182 2719 240 2742 Τῶν
256 2716 380 2753 οὐρανῶν.
400 2716 446 2744 Sic
466 2717 538 2751 Reg.
567 2715 654 2743 Coisl.
671 2718 699 2743 et
711 2716 779 2744 Maz.
797 2715 873 2743 Editi

66 2756 110 2778 τοῦ
125 2752 240 2789 ούρανοῦ
247 2772 253 2778 .

100 2786 162 2824 (28)"
176 2789 336 2825 Πωρὼσιως.
351 2787 398 2816 Sic
412 2787 501 2815 editio
513 2786 689 2815 Basileensis
702 2788 730 2815 et
745 2788 805 2815 tres
817 2794 872 2815 no-

250 2837 382 2874 Punon,
402 2837 453 2866 Gn.
474 2836 577 2864 XXXII.

925 1602 982 1629 tor.
1012 1600 1068 1633 Qui
1090 1600 1252 1628 imminens
1268 1607 1286 1627 a
1310 1601 1369 1627 Deo
1385 1599 1567 1636 supplicium
1578 1599 1751 1629 disserendo

925 1645 1119 1679 ostendebas,
1132 1644 1184 1673 tibi
1194 1644 1259 1681 ipse
1273 1644 1454 1673 accersivisti
1469 1645 1661 1681 supplicium.
1675 1646 1754 1678 Quo-

925 1689 1018 1717 modo
1031 1691 1058 1717 te
1067 1689 1198 1724 lugebo?
1206 1689 1362 1725 quomodo
1373 1690 1424 1717 tua
1431 1697 1524 1717 causa
1533 1688 1666 1717 dolebo?
1677 1698 1752 1726 quo-

924 1734 1017 1762 modo
1024 1733 1133 1762 excidit
1139 1733 1242 1761 lucifer
1250 1733 1566 1770 quimaneoriebatur,
1574 1736 1602 1762 et
1607 1735 1752 1763 contritus

925 1781 970 1806 est
978 1778 1008 1806 in
1021 1779 1117 1813 terra?
1125 1778 1393 1806 Cuilibetaudienti
1407 1779 1488 1806 auris
1495 1781 1622 1815 utraque
1633 1779 1750 1813 tinniet,

925 1823 1083 1856 Quomodo
1099 1824 1256 1851 Nazarmus
1265 1830 1339 1851 auro
1349 1822 1545 1859 splendidior,
1557 1823 1680 1858 fuligine
1691 1823 1751 1851 fac-

923 1869 971 1895 tus
986 1869 1032 1895 est
1039 1866 1199 1895 obcurior?
1211 1866 1401 1894 venerandus
1409 1866 1488 1894 ﬁlius
1504 1866 1586 1900 Sion,
1594 1867 1750 1903 quomodo

923 1911 1021 1940 factus
1037 1919 1067 1939 es
1082 1919 1138 1939 vas
1157 1911 1284 1940 inutile?
1311 1911 1401 1946 Cujus
1425 1911 1457 1939 in
1477 1911 1569 1939 sacris
1593 1911 1750 1947 Scripturis

922 1956 1057 1992 legendis
1071 1955 1294 1992 praedicabatur
1305 1956 1453 1984 memoria
1468 1955 1508 1984 ab
1521 1955 1749 1991 omnibus,ejus

922 2001 1012 2030 hodie
1023 2000 1170 2028 memoria
1186 2009 1255 2028 cum
1271 2001 1371 2028 sonitu
1382 2000 1477 2036 periit.
1489 2000 1544 2033 Qui
1558 2000 1750 2035 eratingenio

924 2046 985 2074 acri
996 2047 1024 2073 et
1041 2044 1148 2080 veloci,
1157 2044 1296 2073 velociter
1302 2044 1412 2072 interiit
1421 2054 1428 2079 ;
1439 2045 1582 2081 praeditus
1589 2044 1751 2081 prudentia

924 2089 1089 2126 multiplici,
1115 2089 1273 2125 multiplex
1294 2091 1452 2126 peccatum
1469 2089 1661 2126 perpetravit.
1679 2089 1750 2122 Qui-

923 2135 982 2164 bus
1009 2135 1090 2163 enim
1113 2133 1226 2170 profuit
1244 2133 1382 2162 doctrina
1397 2136 1460 2168 tua,
1490 2134 1511 2161 ii
1537 2142 1575 2162 ex
1590 2136 1641 2161 tuo
1660 2133 1750 2161 exitio

925 2180 1073 2208 damnum
1086 2186 1237 2214 accepere.
1250 2178 1304 2211 Qui
1317 2186 1404 2206 aures
1418 2178 1574 2214 colloquiis
1590 2177 1648 2206 tuis
1660 2177 1751 2206 adhi-

924 2224 1064 2258 buerunt,
1079 2223 1164 2258 132
1177 2222 1352 2250 obturavere
1362 2222 1494 2258 pernicie
1506 2225 1556 2250 tua
1567 2221 1679 2250 audita.
1690 2223 1750 2257 Ego

924 2277 996 2297 vero
1008 2268 1177 2296 lamentans
1188 2266 1364 2302 tristemque
1375 2266 1491 2294 vultum
1504 2275 1566 2303 prae
1582 2275 1630 2294 me
1641 2267 1750 2300 ferens,

924 2316 953 2342 et
968 2312 1122 2341 undelibet
1148 2311 1314 2347 exsolutus,
1343 2313 1372 2339 et
1398 2311 1528 2339 cinerem
1550 2311 1629 2339 velut
1639 2319 1751 2348 panem

923 2357 1098 2391 comedens,
1113 2364 1202 2384 sacco
1228 2355 1259 2383 in
1279 2355 1403 2392 plagam
1427 2364 1529 2384 meam
1552 2356 1672 2392 injecto,
1696 2355 1753 2384 tibi

924 2401 1073 2439 ejusmodi
1082 2400 1234 2437 praeconia
1244 2407 1397 2434 recenseo,
1405 2400 1467 2428 imo
1475 2400 1575 2437 potius
1585 2400 1753 2429 orationem

922 2464 975 2493 stri
989 2463 1108 2492 codices
1123 2464 1152 2490 et
1165 2461 1215 2490 alii
1230 2470 1249 2490 δ.
1261 2462 1442 2491 Combeﬁsio
1457 2462 1549 2491 citati.
1564 2462 1659 2491 Editio
1674 2462 1754 2490 Pari-

924 2500 1031 2528 siensis
1047 2501 1198 2536 πηρώσεως.

961 2536 1015 2571 (29)
1035 2533 1228 2571 Σεμνννόιιενος.
1246 2533 1292 2561 Sic
1305 2542 1381 2562 mss.
1393 2533 1468 2571 Editi
1482 2535 1645 2571 σεμνόμξνοςτ

962 2568 1122 2608 (ambiant.
1136 2568 1182 2598 Sic
1191 2569 1257 2608 duo
1268 2577 1341 2597 mss.
1353 2569 1437 2608 ‘Editi
1460 2568 1566 2608 πρώηνέ
1577 2568 1671 2608 [faulo
1686 2569 1757 2608 post

925 2603 1084 2635 ex'iisdem
1097 2613 1170 2633 mss.
1191 2605 1320 2640 legimus
1349 2604 1462 2634 ἁσϐόλην
1478 2603 1533 2641 pro
1546 2604 1656 2631 οἷσι-ϐολον
1671 2603 1756 2640 quod

926 2645 990 2670 erat
1005 2643 1034 2669 in
1050 2641 1147 2668 editis.

963 2678 1021 2714 (3t)
1041 2676 1250 2714 Σκυθρωπάζων.
1266 2677 1335 2714 Post
1349 2676 1429 2705 hanc
1443 2683 1550 2714 vocem
1563 2674 1680 2714 addunt
1693 2674 1756 2714 duo

927 2710 1047 2742 codices
1081 2710 1126 2748 καί
1165 2713 1363 2748 παριστάμενος
1410 2712 1574 2748 σκυθρωπός.
1610 2710 1757 2739 Observat

928 2750 1019 2777 etiam
1044 2747 1244 2777 Combeﬁsius
1271 2747 1391 2776 cudices
1418 2747 1488 2776 suos
1504 2747 1615 2775 habere
1629 2747 1759 2785 παριστά-

928 2794 1012 2822 μενος.

1554 2832 1598 2860 12.
