2009 3145
275 108 325 136 363

960 106 990 135 S.
1010 106 1134 135 BASILH
1154 106 1264 135 MAGNI

1898 112 1953 140 364

273 169 432 198 funebrem
444 168 885 205 componens,consolationem
900 167 1086 203 nullam,nul

1152 171 1210 196 εστι
1240 169 1366 205 μάλαγμα
1391 169 1526 203 ἔπιθεῖναι,
1565 171 1624 196 οὔτε
1663 169 1758 206 ἰλαιον,
1783 173 1843 199 οὔτε
1871 182 1955 199 κατα-

272 215 397 251 Iamque
410 213 559 242 medelam
574 213 716 247 admitto;
732 213 844 249 quippe
864 213 1041 241 abscondita
1055 215 1100 241 est

274 259 313 288 ab
327 259 422 287 oculis
444 259 518 286 meis
533 257 710 291 consolatio,
735 266 790 285 nec
805 261 850 286 est
861 258 1028 286 fomentum
1044 266 1100 294 ap-

1155 211 1281 250 δέσμους.
1309 217 1384 240 Ἐστι
1411 216 1463 250 γὰρ
1492 215 1506 243 ἡ
1534 214 1621 250 πληγή
1648 225 1698 251 μου
1727 214 1855 254 ὀδυνηρά.
1875 218 1954 244 Πόθεν

1158 257 1216 287 ίαθή
1222 268 1302 294 σομαι
1315 267 1321 292 ;

273 312 396 341 ponere,
407 310 505 339 neque
519 302 630 337 oleum,
646 310 744 338 neque
759 302 935 338 ligamenta.
956 303 1005 330 Est
1019 303 1099 330 enim
1113 301 1204 338 plaga
1219 311 1283 330 mea
1295 303 1408 331 doloris
1421 303 1520 340 plena.
1532 303 1616 332 Unde
1632 304 1783 333 sanabor?

307 359 334 384 2.
356 358 384 385 Si
400 364 462 392 qua
484 355 573 390 igitur
601 355 702 384 adhuc
718 363 787 392 spes
802 355 855 384 tibi
869 358 1005 392 superest
1019 355 1098 383 salu-

272 402 323 432 tis;
335 401 359 429 si
374 409 436 437 qua
450 401 560 436 exigua
585 400 634 428 Dei
650 400 827 433 recordatio,
843 401 868 428 si
883 400 965 436 quod
980 400 1099 428 deside-

270 446 348 474 rium
364 445 533 473 futurorum
545 445 737 475 bonorum,si
747 445 815 481 quis
829 447 925 472 metus
940 444 1100 481 supplicio-

270 499 349 523 rum,
365 498 434 526 quae
451 492 567 517 servata
576 492 646 517 sunt
658 497 718 517 non
728 489 1098 525 pwnitentibus,resipisce

270 535 410 563 velociter
427 543 433 561 :
448 533 548 562 attolle
564 533 667 561 oculos
694 536 761 561 tuos
775 534 805 561 in
821 534 942 567 caelum,
957 533 1098 569 intellige,

269 580 382 608 desiste
407 588 425 607 a
447 582 496 607 tua
511 579 655 615 nequitia,
681 581 785 606 excute
812 579 1028 606 circumfusam
1045 579 1098 607 tibi

269 625 455 658 ebrietatem,
468 624 591 657 insurge
601 624 632 651 in
648 631 717 651 eum
733 624 784 660 qui
806 626 834 651 te
847 623 1018 659 prostravit.
1031 624 1098 652 For-

269 670 335 698 titer
350 677 459 697 conare
475 677 490 697 e
505 671 583 696 terra
598 676 764 703 resurgere.
777 668 943 696 Recordare
957 668 1030 696 boni
1046 676 1098 705 pa-

269 714 430 750 storis,qui
443 721 628 750 persequens
645 715 727 740 eruet
746 715 785 740 te.
808 713 931 740 Etiamsi
946 713 1098 748 supersint
1117 731 1136 758 Β

268 767 357 787 crura
371 759 442 792 duo,
454 760 506 786 aut
517 757 655 786 auriculae
671 758 840 789 summitas,
854 757 933 785 resili
944 757 982 785 ab
997 765 1034 785 eo
1044 757 1096 794 qui

267 807 294 832 te
311 803 485 831 vulneravit.
503 804 614 830 Memor
632 805 697 830 esto
721 802 951 830 miserationum
969 802 1029 835 Dei,
1042 802 1094 838 qui

267 851 352 876 curat
367 848 432 876 oleo
443 849 472 876 et
485 847 566 875 vino.
592 849 632 875 Ne
647 847 788 883 desperes
809 846 946 874 salutem.
978 848 1094 875 Revoca

266 893 296 922 in
311 892 490 920 memoriam
506 900 573 928 qum
583 891 693 927 scripta
705 894 782 927 sunt,
798 899 907 928 nempe
919 891 1041 928 lapsum
1050 900 1093 920 re-

266 945 397 972 surgere,
410 945 549 965 aversum
566 937 740 968 converti“,
759 944 939 972 percussum
949 937 1058 970 curari,
1074 945 1093 965 Β.

264 982 367 1010 bestiis
382 982 640 1018 captumliberari,
648 981 838 1009 conﬁtentem
846 989 906 1009 non
915 981 1008 1017 rejici.
1026 983 1091 1009 Non

263 1027 344 1055 enim
350 1027 413 1055 vult
424 1029 500 1055 Deus
509 1029 636 1054 mortem
645 1026 822 1062 peccatoris,
829 1026 1090 1062 quemadmodum

262 1071 326 1099 vult
340 1070 472 1099 converti
484 1071 596 1107 ipsum,
609 1070 743 1098 etvivere
755 1071 789 1098 ⁸⁸.
805 1071 845 1098 Ne
860 1070 1089 1106 contempseris,

262 1115 343 1143 velut
356 1115 385 1143 in
398 1114 549 1142 malorum
559 1114 745 1151 profundum
759 1113 911 1149 collapsus
920 1114 951 1141 ⁸⁷.
961 1114 1090 1150 Tempus

260 1160 411 1196 patientiae
422 1161 476 1192 est,
494 1161 612 1195 tempus
629 1158 770 1194 lenitatis,
788 1161 905 1194 tempus
917 1158 1088 1191 curationis,

261 1207 381 1240 tempus
405 1203 636 1232 emendationis.
665 1204 777 1240 Lapsus
791 1204 844 1231 es?
867 1211 1006 1239 exsurge.
1023 1203 1090 1231 Pec-

261 1249 353 1276 casti?
368 1248 481 1276 desine.
502 1249 542 1276 Ne
570 1250 629 1275 stes
646 1247 676 1275 in
702 1248 749 1276 via
778 1250 971 1283 peccatorum
988 1248 1022 1281 ‘3,
1035 1247 1090 1276 sed

259 1293 351 1321 resili.
368 1294 442 1321 Nam
459 1301 529 1320 eum
547 1300 708 1320 conversus
723 1292 918 1328 ingemueris,
947 1295 1017 1320 tunc
1029 1301 1088 1321 ser-

259 1337 380 1366 vabere.
396 1339 444 1365 Est
455 1337 534 1365 enim
551 1345 587 1364 ex
597 1337 755 1365 laboribus
777 1337 902 1370 sanitas,
919 1340 947 1365 et
958 1337 1039 1365 salus
1052 1346 1088 1365 ex

260 1382 436 1411 sudoribus.
465 1381 536 1410 Vide
558 1382 648 1417 igitur
662 1390 699 1410 ne
714 1382 800 1417 forte,
823 1382 896 1410 dum
910 1389 1028 1410 servare
1043 1383 1088 1410 vis

257 1435 325 1464 qum
351 1436 420 1456 cum
442 1427 594 1455 nonnullis
619 1429 728 1463 pactus
757 1435 800 1459 es,
827 1427 901 1455 inita
924 1435 994 1454 cum
1027 1429 1086 1455 Deo

257 1475 356 1508 pacta,
372 1480 440 1509 quae
457 1480 560 1500 coram
589 1471 690 1499 multis
723 1471 848 1499 testibus
875 1472 1028 1507 professus
1043 1480 1085 1506 es,

257 1517 491 1552 transgrediare.
510 1518 549 1544 Ne
568 1516 657 1551 igitur
667 1515 706 1544 ob
718 1516 868 1544 humanas
878 1516 1029 1552 quasdam
1038 1524 1085 1544 ra-

257 1561 466 1590 tiocinationes
487 1561 635 1588 cuncteris
664 1560 703 1588 ad
728 1568 776 1588 me
795 1560 903 1588 venire.
925 1562 985 1595 Ego
1004 1561 1084 1588 enim

255 1609 410 1642 receptum
435 1607 590 1633 mortuum
619 1613 721 1633 meum
741 1605 863 1641 lugebo,
889 1613 944 1640 ego
959 1605 1082 1636 curabo,

255 1658 312 1685 ego
333 1657 436 1678 amare
459 1649 539 1677 ﬂebo
569 1657 660 1686 super
685 1650 860 1678 contritione
887 1649 954 1677 ﬁlim
967 1650 1084 1685 generis

255 1695 324 1724 mei.
343 1695 496 1731 Excipient
519 1697 547 1722 te
572 1703 688 1728 omnes,
714 1702 821 1722 omnes
838 1702 869 1722 se
882 1695 932 1722 tibi
943 1695 1082 1723 laborum

233 1741 236 1743 ’
255 1740 352 1768 socios
368 1739 544 1774 adjungent.
573 1741 612 1767 Ne
639 1739 830 1775 despondeas
845 1739 982 1767 animum
1000 1748 1006 1767 :
1022 1748 1082 1767 me-

254 1792 321 1812 mor
336 1784 376 1811 sis
391 1783 508 1811 dierum
521 1783 725 1819 antiquorum.
744 1784 794 1810 Est
806 1783 886 1811 salus
903 1791 909 1810 :
926 1785 970 1810 est
982 1791 1082 1811 emen-

253 1829 346 1857 dati'o.
377 1828 510 1861 Conﬁde,
537 1836 575 1856 ne
599 1828 751 1864 desperes.
782 1829 845 1855 Non
872 1830 917 1856 est
936 1827 984 1856 lex
1007 1828 1081 1857 citra

253 1873 491 1902 misericordiam
505 1875 601 1900 morte
615 1872 832 1905 condemnans,
845 1872 898 1900 sed
915 1872 1012 1907 gratia
1026 1873 1079 1901 dif-

251 1918 349 1946 ferens
365 1925 500 1954 paenam,
527 1920 704 1952 exspectans
726 1916 980 1945 emendationem.
1001 1919 1079 1945 Non-

251 1962 326 1990 dum
340 1961 468 1989 occlusae
485 1964 556 1988 sunt
573 1961 665 1994 fores;
682 1961 767 1989 audit
785 1969 935 1997 sponsus:
950 1970 1010 1990 non
1026 1962 1078 1990 do<

251 2007 382 2034 minatur
409 2008 577 2042 peccatum.
607 2005 785 2041 Redintegra
816 2006 916 2034 denuo
939 2006 1076 2036 luctam:

250 2059 288 2079 ne
301 2051 436 2086 moreris,
466 2051 517 2079 sed
538 2051 579 2078 tui
609 2051 702 2086 ipsius
727 2054 756 2079 et
784 2052 918 2079 omnium
939 2055 1077 2080 nostrum

250 2096 390 2124 miserere
402 2095 433 2123 in
448 2095 563 2124 Christo
588 2096 656 2122 Jesu
679 2095 808 2124 Domino
822 2098 937 2131 nostro,
953 2097 999 2124 cui
1015 2096 1077 2132 glo-

249 2140 293 2168 ria
305 2140 503 2176 etimperium
515 2147 596 2168 nunc
609 2142 637 2168 et
652 2148 773 2176 semper
797 2140 828 2168 in
856 2140 967 2169 saecula
985 2150 1077 2170 saecu-

247 2184 357 2214 lorum.
370 2187 475 2213 Amen.

1189 358 1215 383 2.
1237 358 1267 382 Εἰ
1281 365 1321 386 τις
1336 355 1379 382 οὖν
1399 358 1436 382 ἔτι
1460 356 1531 388 ἐλπὶς
1550 357 1715 384 ὑπολείπεταί
1740 368 1781 384 σοι
1811 362 1952 397 σωτηρίας,

1155 401 1177 425 εἴ
1196 409 1237 430 τις
1265 400 1384 437 βραχεῖα
1403 404 1492 437 μνήμη
1519 403 1578 438 περὶ
1604 403 1647 428 τὸν
1681 404 1755 437 Θεὸν,
1772 405 1794 429 εἶ
1814 413 1856 435 τις
1876 406 1954 435 πόθος

1154 448 1203 469 τῶν
1222 445 1362 480 μελλόντων
1389 445 1502 481 ἀγαθῶν,
1531 447 1553 472 εἷ
1576 456 1616 477 τις
1644 446 1719 482 φόϐος
1739 452 1789 473 τῶν
1821 449 1953 477 τεθησαυ-

1153 491 1281 525 ρισμένων
1320 490 1448 516 κολάσεων
1485 494 1537 520 τοῖς
1580 489 1780 527 ἀμιτανοήτοις.
1821 492 1953 529 {animale-1

1153 535 1274 570 ταχέως·
1305 536 1398 572 ἕπαρον
1423 536 1479 571 (32)
1505 537 1565 566 τοὺς
1594 536 1739 573 ὀφθαλμούς
1769 547 1817 563 σου
1847 538 1884 569 εἰς
1911 541 1952 565 τὸν

1153 578 1270 616 οὐρανόν,
1305 579 1359 606 ἐλθὲ
1390 580 1426 611 εἰς
1460 582 1646 616 συναίσθησιν,
1675 586 1777 608 πανσαι
1813 582 1865 609 ἀπὸ
1909 589 1953 614 τῆς

1152 626 1276 660 πονηρίας
1296 634 1354 657 σου,
1374 624 1515 651 ἀποσεισαι
1530 627 1577 654 τὴν
1596 627 1785 663 περιχυθεῖσαν
1800 637 1844 654 σοι
1859 629 1952 664 μέθην,

1152 667 1285 694 ἐπανάστα
1308 674 1344 704 τῷ
1368 669 1539 695 καταϐαλόντι
1567 680 1604 696 σε.
1632 670 1761 707 Ἱσχυσον
1781 671 1872 707 Eat-ﬁ;
1887 672 1953 699 ἑπα-

1151 718 1288 742 ναστῆναι,
1318 715 1459 743 Μνήσθητι
1481 718 1526 740 τοῦ
1551 713 1650 750 ἀγαθοῦ
1668 717 1796 752 ποιμόιος,
1817 718 1858 742 ὅτι
1873 727 1953 744 κοιτα-

1151 755 1254 783 διὼκων
1280 757 1402 789 ἐξελεῐταί
1440 768 1478 786 σι.
1517 758 1570 785 Κᾶν
1643 757 1692 786 δύο
1717 760 1805 792 σκέλη,
1835 761 1850 790 ἦ
1877 761 1954 792 λοϐὸς

1149 801 1236 835 ὠτίου,
1274 801 1448 832 ἀποπὴδησον
1484 802 1534 829 ἀπὸ
1566 808 1611 830 τοῦ
1653 807 1882 842 τραυματίσαντός
1912 816 1951 834 σε.

1148 848 1287 876 Μνήσθητι
1314 851 1362 874 τῶν
1385 848 1524 885 οἰκτιρμῶν
1554 849 1611 884 (33)
1641 853 1687 875 τοῦ
1712 853 1790 883 Θεοῦ,
1818 852 1860 876 ὅτι
1878 852 1951 887 θερα-

1149 893 1218 918 πεύει
1241 892 1317 928 ἐλαίῳ
1348 895 1392 919 καὶ
1416 895 1486 929 οἴνῳ.
1516 897 1557 922 Μὴ
1581 893 1726 932 ἀπελπίσῃς
1740 897 1787 924 τὴν
1807 900 1949 933 σωτηρίαν.

1148 937 1271 963 Ἀνάλαϐε
1294 941 1340 966 τὴν
1365 941 1470 974 μνήμην
1501 943 1550 964 τῶν
1579 942 1773 977 γεγραμμένων,
1807 940 1848 967 ὁτι
1871 942 1884 967 ὁ
1909 944 1951 967 πί-

1145 991 1215 1008 πτων
1239 982 1389 1016 ἀνίσταται,
1428 985 1472 1009 καὶ
1496 984 1509 1009 ὁ
1540 982 1708 1021 ἀποστρέφων
1737 984 1908 1023 ἐπιστρέφει·
1936 989 1948 1012 ό

1144 1026 1281 1063 πεπληγὼς
1319 1028 1494 1064 θεραπεύεται,
1527 1028 1540 1054 ό
1573 1028 1730 1066 θηριοὶλωτος
1773 1033 1946 1066 περιγίνεται,

1145 1071 1403 1108 ὀὲξομολογοὺμενος
1431 1072 1478 1098 οὐκ
1505 1071 1689 1103 ἀποϐάλλεται,
1717 1073 1754 1100 Οὐ
1781 1074 1913 1112 θελειγὰρ
1933 1078 1946 1101 ὁ

1146 1118 1241 1152 Κύριος
1256 1118 1299 1143 τὸν
1321 1117 1428 1143 θάνατον
1452 1121 1498 1143 τοῦ
1524 1117 1690 1155 ἀμαρτωλοῦ,
1714 1119 1749 1150 ὡς
1774 1121 1803 1146 τὸ
1827 1119 1946 1158 Eme-19:1

1149 1161 1194 1196 ραι
1217 1163 1261 1187 καὶ
1292 1162 1338 1197 ζῇν
1367 1161 1455 1187 αὐτόν.
1486 1164 1528 1191 Μὴ
1560 1164 1594 1193 ὡς
1618 1165 1652 1193 εὶς
1671 1162 1755 1199 βάθος
1779 1164 1834 1200 (34)
1861 1169 1945 1191 κακῶν

1144 1204 1260 1242 ἐμπεσὼν
1279 1209 1491 1243 καταφρονήσῃς.
1521 1209 1615 1244 Καιρός
1639 1206 1740 1244 ἀνοχῆς
1768 1207 1835 1243 ἐστι,
1857 1212 1945 1246 καιρὸς

1143 1251 1337 1287 μακροθυμίας,
1371 1252 1462 1287 καιρὸς
1508 1251 1611 1285 ἰάσεως,
1645 1254 1736 1288 καιρὸς
1767 1251 1942 1290 διορθώσεως.

1143 1293 1323 1328 Ὠλίσθησας;
1363 1294 1502 1332 ἑξεγείρου.
1538 1295 1683 1334 ’Πμαρτες;
1713 1298 1866 1333 ἠσύχασον.
1901 1301 1940 1327 Μή

1144 1343 1209 1375 στῇς
1235 1339 1258 1365 ἐν
1283 1337 1337 1375 ὁδῷ
1364 1339 1534 1376 ἁμαρτωλῶν,
1561 1340 1624 1366 ἀλλὰ
1648 1340 1833 1371 ὰποπὴδησον·
1863 1342 1942 1369 Ὀταν

1103 1407 1123 1434 C
1141 1385 1192 1419 γὰρ
1219 1383 1388 1421 ἐπιστραφεὶς
1411 1384 1544 1421 στενάξῃς,
1574 1387 1631 1412 τότε
1656 1386 1776 1423 σωθήσῃ·
1793 1386 1870 1413 Ἐστι
1891 1389 1940 1424 γὰρ

1141 1427 1168 1453 ἐκ
1184 1430 1266 1454 πόνων
1282 1429 1365 1464 ὑγεία,
1393 1430 1438 1454 καὶ
1467 1428 1494 1460 ἐξ
1520 1427 1637 1466 ἱδρώτων
1660 1433 1786 1467 σωτηρία.
1808 1431 1876 1469 Ὀρα
1898 1431 1941 1458 οὖν

1140 1475 1255 1508 μήποπε,
1300 1473 1432 1504 συνθήκας
1477 1472 1633 1510 βουλόμενός
1675 1484 1749 1501 τινων
1794 1475 1938 1512 φυλάττειν,

1139 1516 1258 1554 παραθῇς
1288 1518 1333 1547 τὰς
1361 1519 1425 1554 πρὸς
1453 1519 1497 1543 τὸν
1526 1520 1589 1544 Θεὸν
1617 1520 1756 1553 συνθήκας,
1783 1520 1815 1551 ἃς
1843 1521 1938 1557 ὡμολό-

1138 1571 1225 1596 γησας
1249 1561 1291 1588 ἰπὶ
1318 1561 1416 1588 πολλῶν
1439 1564 1589 1601 μαρτύρων,
1616 1566 1658 1593 Μὴ
1675 1562 1719 1590 οὖν
1736 1563 1782 1591 ὃιά
1807 1575 1878 1597 τινας
1893 1566 1937 1592 λο-

1138 1608 1249 1642 γισμοὺς
1274 1605 1450 1644 ἀνθρωπίνους
1480 1607 1594 1644 ὀκνήσῃς
1625 1608 1705 1634 ἐλθεῖν
1738 1611 1801 1646 πρὸς
1815 1612 1856 1646 μέ.
1874 1610 1937 1646 Ἐγώ

1137 1651 1186 1688 γὰρ
1215 1650 1348 1677 ἀναλαϐὼν
1375 1653 1418 1677 τὸν
1447 1654 1535 1688 νεκρόν
1562 1662 1613 1689 μου
1636 1653 1768 1690 θρηνήσω,
1790 1653 1838 1690 ἐγὼ
1859 1655 1936 1692 θερα-

1137 1697 1235 1730 πεύσω,
1273 1696 1322 1732 ἐγὼ
1357 1701 1454 1734 πικρῶς
1480 1697 1629 1734 κλαύσομαι
1657 1697 1699 1724 ἐπὶ
1727 1700 1756 1724 τὸ
1787 1701 1938 1736 σύντριμμα

1136 1745 1181 1770 τῆς
1208 1741 1335 1778 θυγατρὸς
1359 1745 1404 1767 τοῦ
1433 1743 1520 1777 γένους
1548 1752 1611 1778 μου.
1637 1744 1777 1774 Πάντεςσε
1798 1742 1934 1780 δέχονται,

1135 1786 1226 1815 πάντες
1255 1795 1298 1811 σοι
1331 1789 1540 1822 συμπονήσουσι.
1564 1789 1606 1816 Μὴ
1635 1786 1763 1824 ἀναπεϐης
1778 1789 1849 1823 (35)·
1866 1792 1934 1825 μνή-

1137 1831 1214 1858 σθητι
1240 1831 1341 1866 ἡμερῶν
1362 1831 1493 1868 ἀρχαίων·
1523 1829 1600 1857 Ἐστι
1624 1834 1752 1868 σωτηρία,
1780 1833 1837 1859 ἔστι
1861 1831 1934 1871 διόρ-

1135 1875 1225 1905 θωσις.
1240 1876 1349 1912 Θάρσει,
1379 1877 1414 1911 μὴ
1439 1874 1594 1912 ὰπελπίσης.
1616 1876 1670 1902 Οὐκ
1691 1877 1746 1902 ἔστι
1759 1879 1836 1913 νόμος
1850 1887 1933 1905 κατα-

1133 1916 1249 1949 δικάζων
1275 1921 1319 1945 τὸν
1340 1921 1425 1957 χωρὶς
1457 1919 1598 1957 οἰκτιρμῶν
1623 1921 1740 1955 θάνατον,
1768 1920 1832 1947 ἀλλὰ
1849 1923 1934 1958 χάρις

1132 1963 1316 2000 ὑπερτιθεμένη
1343 1966 1390 1993 τὴν
1419 1963 1535 1999 κόλασιν¹
1564 1962 1724 2002 ὶκδεχομένη
1744 1967 1791 1995 τὴν
1821 1965 1931 2004 διόρθω-

1133 2017 1184 2036 σιν.
1199 2010 1278 2034 Οὔπω
1291 2008 1461 2038 ἐκλείσθησαν
1488 2011 1515 2035 αἱ
1541 2010 1618 2047 θύραι
1632 2018 1638 2024 ·
1672 2009 1761 2037 ἀκούει
1777 2011 1789 2037 ὁ
1802 2014 1910 2048 νυμφίος
1923 2021 1929 2027 '

1132 2052 1160 2077 οὗ
1185 2054 1298 2089 κυριεύει
1320 2052 1444 2089 ἁμαρτίαι⁸
1472 2053 1662 2080 Ἀναπάλαισον
1681 2054 1758 2081 πάλιν
1774 2077 1781 2090 ,
1805 2057 1842 2092 μὴ
1867 2066 1930 2083 κατ-

1131 2099 1265 2133 οκνήσῃς,
1300 2100 1344 2123 καὶ
1382 2099 1490 2124 σεαυτὸν
1532 2097 1714 2136 οἰκτείρησον,
1748 2101 1794 2126 καὶ
1833 2101 1930 2132 πάντας

1130 2142 1200 2178 ἡμᾶς
1224 2142 1279 2173 (36)
1310 2141 1334 2167 ἓν
1359 2145 1466 2178 Χριστῷ
1493 2142 1581 2172 Ἰησοῦ
1602 2147 1638 2179 τῷ
1662 2146 1749 2181 Κυρίῳ
1771 2145 1856 2180 ἡμῶν,
1913 2147 1927 2175 ᾖ

1130 2185 1197 2216 δόξα
1218 2188 1264 2212 καὶ
1284 2187 1313 2212 τό
1338 2188 1433 2224 κράτος
1457 2191 1501 2214 νῦν
1525 2190 1570 2214 καὶ
1589 2187 1629 2215 ἀεὶ
1643 2188 1679 2219 εἰς
1693 2190 1753 2220 τοὺς
1766 2189 1861 2221 αἰῶνας
1877 2194 1927 2216 τῶν

1137 2229 1245 2258 αἰώνων.
1259 2229 1352 2268 Ἀμήν.

1300 1473 1432 1504 συνθήκας

282 2373 305 2393 λε
324 2376 430 2403 Jerem.
445 2380 504 2410 VIII,
519 2375 546 2403 4.
586 2374 610 2394 ‘6
629 2374 734 2405 Ezech.
748 2383 827 2413 xvtu,
845 2376 889 2406 32.
929 2377 950 2395 ‘7
972 2376 1061 2407 Prov.
1077 2383 1087 2407 1

1144 2387 1155 2414 ξ,
1171 2374 1196 2407 3.
1236 2372 1260 2397 “
1280 2372 1356 2408 Psal.
1371 2387 1390 2415 ι,
1408 2376 1433 2407 1.

279 2519 334 2555 (32)
352 2517 539 2557 Ἔπαφον-,εἱς
559 2521 617 2548 tres
636 2528 708 2548 mss.
739 2519 813 2557 Editi
839 2521 953 2557 ἔπαιρον.
976 2520 1068 2549 Paulo

242 2557 312 2592 post
324 2555 394 2583 editi
405 2555 601 2582 καταϐάλλοντι.
617 2557 684 2584 Mss.
696 2558 726 2584 ut
738 2556 767 2583 in
784 2558 878 2592 textu.

278 2593 330 2635 (’33)
350 2591 406 2618 Τῶν
420 2593 570 2629 οἰκτιρμῶν.
588 2592 634 2620 Sic
646 2594 704 2619 tres
726 2599 798 2619 mss.
811 2591 887 2619 Editi
898 2593 957 2623 τοὺς
971 2594 1068 2629 οἰκτιρ-

240 2636 330 2699 l“(13%
350 2665 393 2692 Μὴ
419 2662 453 2694 ὡς
481 2665 516 2694 εὶς
545 2660 637 2700 βάθος.
668 2666 713 2695 δας
742 2662 879 2692 additum
915 2663 1067 2693 extribus

1122 2529 1198 2549 mss.
1210 2520 1320 2557 nostris
1332 2522 1440 2557 printer
1453 2520 1699 2550 Combetisianos.

1155 2559 1211 2594 5'35)
1231 2559 1273 2594 Μὴ
1307 2555 1447 2593 mnam.
1471 2556 1518 2585 Sic
1540 2557 1675 2594 quinque
1701 2555 1822 2585 codices
1847 2562 1918 2586 mss.

1120 2592 1196 2620 Editi
1207 2595 1241 2628 μὴ
1257 2592 1393 2628 ἀπεισθῇς.

1156 2622 1213 2665 (3βὶ
1234 2629 1338 2665 Πάντας
1351 2622 1430 2664 ἡμᾶς.
1459 2628 1531 2665 Quae
1563 2630 1728 2665 sequuntur
1750 2627 1857 2658 addita
1884 2636 1918 2657 ex

1120 2663 1211 2699 Regio
1227 2663 1360 2692 secundo
1370 2663 1402 2692 et
1417 2663 1505 2692 Coisl.
1523 2663 1667 2693 secundo.
