2009 3145
289 140 340 167 367

973 134 1002 162 s.
1022 134 1146 163 BASILII
1165 134 1279 164 MAGNI
1897 145 1937 174 353

288 202 349 229 toto
364 201 463 237 adipe,
479 200 636 228 exsiccasti
661 201 780 228 strenue
796 201 913 227 meatus
929 197 986 226 sub
1008 199 1101 225 ventri

1166 201 1291 233 κενώσας,
1329 201 1388 230 τοὺς
1424 203 1473 226 τῶν
1502 201 1686 238 ὑπογαστρίων
1710 201 1817 237 ὀχετοὺς
1840 209 1939 240 γενναίως

288 246 370 281 sitos,
383 249 412 274 et
426 246 492 282 ipso
506 248 607 273 ventre
623 245 721 272 inedia
735 246 898 279 coarctato,
921 243 1054 272 faciebas
1082 245 1115 271 ut

288 293 407 318 costatse
420 289 598 326 partes,tecti
612 290 700 325 quasi
715 289 856 326 qumdam
875 289 1116 322 eminentia,um-

286 335 374 363 bram
393 335 571 362 inducercnt
589 334 676 370 134
695 334 832 370 partibus
857 333 1001 366 umbilici,
1025 335 1115 368 atque

286 382 441 407 contracto
454 382 515 406 toto
539 387 664 414 organo,
691 378 845 406 nocturnis
869 378 952 406 horis
968 377 1114 405 conﬁtens

286 426 356 458 Deo,
379 424 585 460 lacrymarum
610 423 682 451 rivis
697 423 798 451 barbae
821 423 898 460 pilos
927 422 1114 450 madefactos

285 468 514 504 complanabas.
528 467 605 500 Quid
623 470 725 496 autem
740 476 816 504 opus
839 471 885 496 est
899 474 1053 495 recensere
1066 473 1115 494 me

284 513 424 548 singula?
440 512 609 540 Memineris
621 515 695 548 quot
705 515 878 540 sanctorum
895 521 948 540 ora
962 510 1114 547 exceperis

283 558 397 592 osculo,
406 559 481 594 quot
495 565 583 585 sacra
592 565 720 592 corpora
731 557 890 593 amplexus
906 557 955 589 sis,
973 559 1047 593 quot
1058 555 1114 584 viri

282 611 393 632 manus
408 605 473 630 tuas
484 601 768 630 velutintaminatas
784 602 928 635 foverint;
945 604 1020 637 quot
1035 601 1112 628 servi

282 649 342 682 Dei,
358 647 438 675 velut
451 649 640 680 venerantes,
656 647 847 681 confugerint
869 647 908 675 ad
934 654 1033 682 genua
1059 649 1112 675 tua

281 693 522 730 eomplectentes.

317 741 344 766 ‘2.
361 739 396 765 At
408 737 517 765 horum
542 736 610 773 quis
634 736 755 764 tandem
770 736 860 764 ﬁnis?
873 736 1016 764 Adulterii
1028 736 1110 765 fama

278 783 407 812 nuntiati
431 782 555 816 crimen,
570 782 678 816 sagitta
692 781 824 809 velocius
838 781 1009 818 pervolans,
1021 790 1108 809 aures

277 831 396 857 nostras
418 827 543 860 sauciat,
561 826 692 854 acutiore
720 826 840 854 stimulo
865 827 982 854 viscera
1006 828 1109 855 nostra

1167 241 1302 280 ἐξήρανας,
1322 247 1438 282 γαστέρα
1461 255 1488 271 τε
1514 245 1595 274 αὐτὴν
1625 250 1680 277 ταῖς
1705 245 1817 279 ἀσιτίαις
1844 253 1939 286 συμπτν-

1168 286 1224 321 ξας,
1238 290 1271 314 τὰ
1285 291 1439 325 πλευριτιχά
1462 291 1540 326 μέρη,
1556 291 1642 327 ὥσπερ
1670 292 1728 316 τινὰ
1747 294 1836 328 στέγης
1854 292 1939 330 ὶξοχὴγ.

1167 336 1222 362 τοῖς
1243 337 1289 359 τοῦ
1312 333 1429 370 ὀμφαλοῦ
1453 334 1556 370 eam.»
1572 336 1630 369 (45)
1656 335 1815 369 ἐπεσκίαζες,
1838 341 1877 364 καὶ
1892 348 1939 364 συν-

1168 377 1314 414 εσταλμένῳ
1351 379 1400 414 ὅλῳ
1426 383 1462 414 τῷ
1498 379 1608 416 ὀργάνῳ,
1638 381 1705 406 κατὰ
1738 382 1782 411 τὰς
1816 385 1939 420 νυκτερινὰς

1169 422 1234 458 ὧρας
1267 422 1518 459 ἁνθομολογούμενος
1541 428 1577 459 τῷ
1600 427 1667 459 Θεῷ,
1694 428 1749 455 τοῖς
1773 429 1821 451 τῶν
1842 425 1938 463 δακρύων

1169 465 1270 501 ὀχετοῖς
1292 469 1338 496 τὴν
1358 466 1480 503 γενειάδα
1508 468 1639 504 ἕμϐροχον
1659 470 1842 505 καθωμάλιξες.
1861 473 1902 498 Καὶ
1920 474 1938 498 τί

1167 519 1199 546 με
1228 509 1270 537 δεῖ
1304 511 1455 548 καταλέγειν
1481 513 1603 546 Exora-.1;
1633 515 1774 543 Μνήσθητι
1804 516 1850 541 ὅσα
1876 515 1938 551 ἁγίων

1170 557 1289 591 στόματα
1322 556 1447 592 φιλήματι
1479 559 1654 594 κατησπάσω,
1689 559 1740 584 ὅσα
1772 560 1825 596 ἱερὰ
1851 563 1938 596 σώματα

1167 600 1338 636 περιεπτᾶξω,
1356 602 1412 627 ὅσοι
1433 611 1480 627 σου
1494 603 1539 632 τὰς
1565 606 1658 639 χεῖρας
1673 604 1707 634 ὡς
1728 602 1867 640 ἀχράντους
1884 614 1929 642 περι

1164 643 1273 670 ἐθαλπον
1288 652 1296 659 ⁸
1317 646 1374 671 ὅσοι
1391 644 1480 672 δοῦλοι
1507 650 1584 680 Θεοῦ,
1611 648 1698 684 ὥσπερ
1717 647 1827 684 λατρεῖς,
1846 647 1937 686 ὑπέδρα-

1163 698 1211 724 μον
1225 693 1279 720 τοῖς
1293 692 1385 725 γόνασί
1401 700 1448 716 σου
1459 691 1678 728 περιπλεκόμενοι.

1197 735 1223 760 2.
1238 736 1288 760 Καὶ
1306 736 1402 761 τούτων
1421 737 1450 761 τὸ
1474 736 1545 766 τίλος
1563 738 1589 762 τί
1605 744 1612 769 ;
1633 740 1769 773 Μοιχικῆς
1796 739 1876 773 φήμης
1892 736 1936 764 δια-

1162 778 1236 813 ϐολὴ,
1268 778 1359 815 βέλους
1391 780 1509 817 ὀξύτερον
1533 779 1701 818 διιπταμένη,
1724 785 1857 819 τιτρώσκει
1880 784 1936 818 ἡμῶν

1161 825 1208 854 τὰς
1238 823 1328 859 ἀκοὰς,
1348 824 1512 862 ἀκμαιοτέρῳ
1539 827 1634 863 κέντρῳ
1661 828 1694 853 τὰ
1721 827 1856 863 σπλάγχνα
1879 828 1935 863 ἡμῶν

276 880 499 908 compungens.
521 872 590 904 Quae
603 874 665 899 tam
693 871 855 899 artiﬁciosa
881 871 1101 908 praestigiatoris

1162 865 1348 903 διανύττουσᾳ.
1377 872 1422 901 Τίς
1448 871 1463 898 ἡ
1490 874 1536 896 τοῦ
1555 873 1647 906 γόητος
1667 872 1725 907 (Ai-6)
1753 873 1861 900 τοσαύτη
1884 873 1935 898 ἔντι-

273 917 403 946 versutia
425 917 455 944 in
470 919 533 944 tam
548 915 751 952 perniciosum
777 924 882 944 casum
910 919 936 943 te
952 916 1080 951 conjecit
1093 917 1108 944 ‘P

273 964 417 996 Quaenam
432 961 544 989 diaboli
558 961 682 988 sinuosa
697 961 771 988 retia
800 963 827 988 te
857 961 1105 996 constringentia,

271 1007 389 1036 virtutis
405 1014 512 1034 nerves
528 1005 700 1034 immobiles
715 1005 934 1034 reddiderunt?
959 1007 1022 1039 Quo
1052 1006 1105 1034 ab-

269 1053 329 1080 iere
355 1052 494 1080 laborum
509 1054 631 1079 tuorum
654 1051 841 1078 narrationes
855 1051 870 1078 ‘?
892 1051 949 1078 Sed
976 1051 1104 1079 fortasse

270 1105 392 1133 aequum
407 1104 469 1124 non
485 1098 528 1124 est
543 1095 589 1123 his
604 1095 696 1123 ﬁdem
708 1095 851 1123 adhibere
865 1095 878 1122 ?
894 1096 928 1123 Et
947 1096 1104 1131 quomodo

268 1150 331 1169 non
347 1150 382 1169 ex
407 1140 574 1168 manifestis
590 1147 625 1167 ea
640 1139 729 1167 etiam
745 1140 904 1167 credemus
918 1147 986 1176 qua:
1004 1140 1103 1167 hacte-

267 1194 326 1214 nus
343 1185 523 1213 abscondita
538 1184 677 1212 fuerunt?
690 1183 840 1220 siquidem
852 1184 969 1212 animas
982 1193 1049 1220 quae
1063 1184 1103 1213 ad

268 1232 363 1258 Deum
401 1229 624 1264 confugiebant,
642 1228 826 1264 -juramentis
860 1228 1019 1257 horrendis
1049 1229 1102 1257 oh-

269 1274 423 1308 strinxisti,
449 1282 518 1302 cum
547 1276 650 1301 tamen
677 1273 857 1301 nominatim
876 1273 1026 1310 quidquid
1054 1274 1102 1301 his

268 1319 392 1352 voculis,
407 1321 449 1346 est
465 1321 494 1346 et
512 1326 582 1352 non,
599 1317 730 1354 amplius
747 1320 801 1352 est,
822 1317 944 1345 diabolo
959 1318 1102 1346 attribua-

268 1367 317 1392 tur
331 1365 366 1391 ‘9.
384 1364 488 1400 Itaque
502 1362 592 1391 simul
613 1370 735 1398 quoque
751 1362 869 1390 exitiosi
884 1362 1007 1398 perjurii
1020 1362 1101 1391 fuisti

269 1416 408 1445 sponsor,
424 1410 514 1444 atque
538 1407 651 1435 institui
666 1407 785 1435 ascetici
801 1407 973 1435 charactere
983 1407 1014 1435 in
1028 1415 1099 1435 con-

267 1456 415 1490 temptum
431 1452 573 1487 adducto,
590 1451 629 1480 ad
647 1451 803 1488 apostolos
826 1459 924 1487 usque
936 1452 1099 1488 ipsumque

267 1498 428 1526 Dominum
443 1497 574 1525 dedecus
587 1504 622 1524 ac
640 1496 798 1524 infamiam
818 1496 1021 1524 transmisisti.
1046 1497 1099 1524 De-

1160 922 1225 948 χνος
1253 914 1371 940 ποικιλία
1398 914 1434 945 εἰς
1447 917 1572 941 τοσοῦτόν
1595 917 1651 950 (47)
1679 925 1709 942 σε
1727 919 1874 953 περιήγαγεν
1891 915 1934 942 ὃλέ-

1161 957 1232 993 θριον
1255 958 1406 994 σκέλισμα;
1428 961 1495 985 ῐΙοία
1519 958 1669 986 πολύπλοκα
1688 964 1734 986 τοῦ
1763 958 1877 986 διαϐόλου
1900 957 1934 985 δί-

1158 1010 1235 1034 κτυα,
1269 1002 1476 1038 περισφίγξαντα
1498 1013 1537 1036 σε,
1566 1005 1612 1035 τάς
1645 1009 1694 1036 τῆς
1720 1005 1809 1041 ἀρετῆς
1831 1004 1933 1041 ἐνεργείας

1159 1046 1298 1077 ἀκινήτους
1313 1046 1441 1083 ἀπήλεγξε
1455 1056 1461 1081 ;
1479 1051 1533 1074 Ποῦ
1552 1058 1598 1084 μοι
1621 1050 1653 1075 τὰ
1673 1047 1827 1085 δίηγήματα
1838 1053 1880 1075 τῶν
1894 1052 1932 1074 σῶν

1157 1094 1240 1117 πόνων
1256 1093 1360 1127 οἴχεται
1376 1101 1384 1124 ς
1399 1092 1469 1129 Ἀρα
1486 1094 1536 1130 γὰρ
1557 1091 1706 1123 ἀπιστῆσαι
1721 1094 1791 1125 ἄξιον
1805 1102 1811 1127 ;
1836 1095 1880 1120 Καὶ
1892 1096 1931 1122 πῶς

1156 1135 1221 1171 οὐχὶ
1249 1135 1276 1161 ἐκ
1301 1140 1350 1162 τῶν
1366 1136 1478 1173 ἐναργῶν
1502 1139 1548 1163 καὶ
1573 1138 1606 1164 τὰ
1625 1139 1688 1169 τέως
1708 1138 1789 1175 ἀφανῆ
1812 1137 1843 1168 εἰς
1861 1139 1930 1164 πίστιν

1157 1179 1286 1217 δεξόμεθα
1303 1190 1309 1215 ;
1331 1181 1352 1207 εἰ
1380 1183 1427 1212 τὰς
1442 1185 1478 1217 τῷ
1494 1186 1551 1218 Θεῷ
1575 1185 1778 1219 προσφυγούσας
1792 1183 1842 1216 (48)
1858 1181 1930 1217 ψυχὰς

1157 1229 1275 1261 φρικτοίς
1311 1226 1399 1262 ὅρκοις
1431 1226 1609 1260 κατέκλεισας,
1645 1228 1722 1254 ὁπότε
1745 1227 1930 1264 παρατετηρημέ-

1155 1279 1204 1300 νως
1225 1273 1271 1296 τοῦ
1301 1273 1344 1296 ναὶ
1380 1273 1425 1297 καὶ
1447 1275 1493 1297 τοῦ
1530 1271 1560 1297 οὒ
1583 1273 1612 1298 τὸ
1638 1274 1758 1308 περιττὸν
1782 1276 1816 1307 τῷ
1838 1269 1929 1304 διαϐόλῳ

1154 1323 1370 1352 προσνενεμηται.
1404 1315 1485 1352 Ὀμοῦ
1519 1319 1604 1342 τοίνυν
1641 1319 1688 1343 καὶ
1725 1318 1862 1354 παροριίας
1889 1315 1929 1340 ὀλε-

1156 1359 1228 1395 θρίου
1252 1362 1360 1395 γέγονας
1384 1361 1486 1396 ἕγγυος,
1521 1363 1566 1387 καὶ
1595 1361 1723 1397 φαυλίσας
1749 1365 1794 1391 τῆς
1818 1359 1928 1388 ἀσκήσεως

1154 1405 1196 1429 τόν
1211 1409 1382 1441 χαρακτῆρα,
1402 1407 1485 1441 μέχρι
1508 1409 1558 1431 τῶν
1578 1405 1731 1432 ἀποστόλων
1756 1407 1799 1431 καὶ
1813 1404 1883 1431 αὐτοῦ
1895 1404 1928 1428 τοὺ

1155 1451 1252 1485 Κυρίου
1285 1447 1433 1485 ἀνέπεμψας
1458 1451 1487 1475 τὸ
1516 1448 1622 1486 αἶσχος.
1653 1453 1830 1487 Κατ-ᾔσχυνας
1850 1449 1875 1474 τὸ
1894 1450 1928 1476 τῆς

1153 1492 1256 1528 ἁγνείας
1293 1495 1434 1530 καύχημα,
1472 1493 1604 1530 ἐμωμήσω
1641 1499 1691 1526 τῆς
1729 1494 1885 1531 σωφροσύνης
1906 1491 1927 1516 τά

267 1542 417 1570 decorasti
433 1541 577 1569 castitatis
597 1540 827 1575 gloriationem;
847 1539 916 1568 labe
945 1541 1099 1576 aspersisti

1155 1537 1302 1574 ἐπάγγελμα
1314 1546 1320 1553 ⁸
1342 1537 1480 1575 ἐγενόμεθα
1506 1539 1683 1576 αἰχμαλώτων
1712 1537 1861 1577 τραγῳδία¹
1880 1536 1927 1563 Ἰου·

268 1586 458 1615 continentiae
478 1588 591 1619 votum,
606 1585 795 1621 captivorum
813 1584 883 1612 facti
907 1593 1014 1612 sumus
1039 1587 1099 1613 tra-

268 1631 378 1667 goedia,
392 1639 410 1658 a
424 1630 533 1658 Judzeis
548 1633 576 1657 et
589 1629 748 1665 gentilibus
774 1637 822 1657 res
848 1631 958 1657 nostrae
979 1629 1011 1657 in
1035 1637 1099 1658 sce-

268 1684 341 1704 nam
353 1678 382 1703 et
397 1677 481 1702 actus
492 1674 692 1702 deducuntur.
717 1674 864 1702 Discidisti
878 1674 1098 1702 monachorum

269 1720 386 1753 studia;
413 1719 616 1755 diligentiores
632 1718 839 1754 cautioresque
863 1718 894 1746 in
909 1721 1022 1746 metum
1037 1719 1099 1748 for-

268 1764 474 1800 midinemque
491 1763 651 1799 conjecisti,
677 1763 776 1791 adhuc
792 1763 905 1791 diaboli
919 1765 1098 1799 potestatem

269 1809 476 1843 admirantes;
493 1808 723 1844 negligentiores
747 1816 815 1835 vero
840 1807 879 1836 ad
904 1808 1096 1844 sequendum

266 1854 489 1883 incontinentiae
513 1853 685 1889 exemplum
718 1852 886 1880 traduxisti.
917 1853 1096 1889 Dissolvisti,

267 1902 415 1936 quantum
432 1900 463 1927 in
478 1901 504 1927 te
519 1897 796 1933 fuit,gloriationem
810 1897 988 1934 Christi,qui
1000 1898 1095 1926 dixit:

269 1945 424 1979 Conﬁdite,
456 1951 508 1979 ego
535 1943 594 1971 vici
620 1943 765 1970 mundum
782 1943 817 1976 5°,
838 1942 964 1978 ejusque
988 1943 1096 1978 princi-

267 1997 348 2025 pem.
366 1989 534 2016 Creatorem
548 1986 703 2015 dedecoris
717 1986 862 2014 miscuisti
887 1987 1000 2023 patriaz.
1025 1988 1096 2016 Vere

266 2032 428 2068 implevisti
441 2031 645 2066 Proverbium,
666 2031 750 2059 Velut
776 2038 880 2059 cervus
893 2032 1004 2067 sagitta
1020 2033 1096 2060 ictus

267 2078 296 2105 in
305 2077 448 2112 jecore“.
466 2076 522 2105 Sed
533 2075 607 2112 quid
616 2075 680 2111 jam
691 2076 705 2103 ?
719 2077 782 2104 Non
794 2075 899 2103 cecidit
914 2076 1096 2105 fortitudinis

266 2122 366 2156 turris,
379 2130 396 2149 ο
413 2121 503 2149 frater
519 2129 525 2148 ε
541 2128 603 2148 non
615 2120 839 2148 obsorduerunt
854 2121 1045 2149 correctionis
1060 2129 1095 2149 ac

266 2166 467 2196 convectionis
476 2166 618 2194 remedia:
629 2173 689 2193 non
699 2165 822 2193 occlusa
832 2168 877 2193 est
885 2165 990 2193 civitas
997 2166 1095 2202 perfu-

266 2213 317 2248 gii.
333 2214 373 2240 Ne
396 2212 426 2239 in
440 2211 593 2248 profundo
610 2211 759 2239 malorum
783 2218 974 2246 permaneas,
991 2219 1047 2239 nec
1067 2213 1094 2239 te

265 2257 364 2286 trades
379 2256 636 2285 homicidae.Novit
646 2255 792 2283 Dominus
808 2255 897 2283 elisos
912 2255 1036 2291 erigere.
1053 2257 1094 2284 Ne

263 2302 369 2339 procul
383 2302 492 2337 fugias,
504 2300 558 2328 sed
572 2301 612 2329 ad
623 2308 678 2329 nos
696 2308 825 2328 recurre.
842 2302 969 2328 Resume
984 2300 1094 2329 iterum

263 2347 383 2375 labores
402 2345 560 2381 juveniles,
585 2345 726 2373 secundis
748 2348 827 2373 recte
841 2344 927 2373 factis
941 2345 1026 2372 humi
1050 2353 1094 2373 re-

265 2394 385 2428 pentem
406 2390 621 2426 sordidamque
640 2390 824 2426 voluptatem
839 2389 952 2418 delens.
969 2390 1092 2427 Respice

298 2455 322 2472 ‘9
337 2453 436 2483 Matth.
451 2461 479 2489 v,
492 2455 536 2481 37.
575 2453 599 2471 ⁵ο
613 2454 699 2481 Joan.
716 2461 771 2486 xw,
782 2454 826 2481 33.

299 2527 353 2561 (45)
369 2526 488 2554 Μελισιν.
502 2525 587 2554 Coisl.
604 2525 720 2562 primus
735 2526 848 2562 μέρεσιν.

297 2559 353 2598 (46)
373 2566 424 2589 Τοῦ
439 2559 711 2598 γόητοςηδυξρρείω
735 2559 812 2598 mihi
840 2561 909 2598 sunt
924 2559 1088 2598 haenvoces,

261 2595 329 2634 quin
345 2595 518 2634 Idesuntrin
546 2595 668 2624 duobus
697 2595 908 2624 vetustissimis
933 2596 1089 2624 codicibus

261 2633 339 2662 Harl.
356 2637 385 2662 et
401 2633 487 2662 Cois].
505 2633 612 2669 primo.

295 2670 351 2705 (47)
369 2670 412 2700 Εἰς
426 2667 560 2695 τοσοῦτον.
579 2670 648 2702 Reg.
664 2667 815 2705 secundus
834 2667 869 2698 εἰς
889 2667 976 2695 τοῦτο.
994 2668 1088 2696 Paulo

259 2708 329 2741 post
343 2703 410 2732 cod.
424 2705 553 2732 Clarom.
565 2703 756 2738 ὑποσκιῦισμα,

295 2742 349 2778 (48)
367 2742 584 2778 Πρω-φυγούσας.
601 2741 663 2778 Qut)
676 2747 749 2778 mss.
766 2740 990 2778 πςροσφευγοὺσας.

295 2775 348 2810 (49)
365 2774 416 2802 καὶ
429 2774 586 2803 τόν-τούτου.
609 2774 684 2812 Editi
699 2776 744 2799 καὶ
758 2776 802 2800 τὸν
813 2779 858 2801 τοῦ
869 2778 969 2812 κόσμου
980 2776 1084 2804 τούτου.

259 2811 369 2840 Omnes
386 2812 481 2841 nostri
493 2812 611 2841 codices
626 2813 659 2839 ut
673 2810 704 2838 in
721 2812 813 2838 textu.

1154 1580 1242 1613 δαὶοις
1276 1584 1320 1609 καὶ
1358 1582 1466 1612 Ἕλλησι
1493 1582 1736 1622 δραματουργείται
1771 1585 1804 1610 τὰ
1829 1583 1927 1618 ἡμέτερα.

1153 1629 1269 1663 Διέτεμες
1297 1630 1417 1665 φρόνημα
1440 1633 1573 1664 μοναχῶν,
1599 1630 1658 1659 τοὺς
1689 1627 1875 1666 ἀκριϐεστέρους
1901 1623 1926 1653 εἰς

1153 1671 1230 1707 φόϐον
1252 1674 1296 1698 καὶ
1325 1671 1423 1699 δειλίαν
1447 1675 1552 1710 ἤγαγες,
1571 1674 1755 1710 θαυμάζοντας
1769 1674 1804 1700 ἔτι
1826 1674 1866 1698 τοῦ
1882 1668 1926 1696 δια-

1153 1715 1229 1743 ϐόλου
1256 1719 1303 1746 τὴν
1334 1715 1444 1754 δύναμιν
1459 1726 1466 1732 ·
1492 1720 1552 1748 τοὺς
1573 1716 1736 1756 ἀδιαφόρους
1755 1718 1787 1748 εἰς
1811 1715 1927 1743 ἀκολασίας

1153 1761 1230 1791 ζῆλον
1255 1763 1409 1798 μετέθηκας.
1436 1762 1559 1797 Ἔλυσας,
1586 1764 1646 1789 ὅσον
1686 1763 1729 1790 ἐπὶ
1758 1765 1808 1796 σοὶ,
1837 1762 1863 1786 τὸ
1892 1760 1926 1784 τοῦ

1152 1809 1270 1843 Χριστοῦ
1305 1808 1447 1843 καύχημα,
1482 1807 1617 1845 Θαρρεῐτε,
1644 1807 1772 1844 λέγοντοςγ
1807 1805 1852 1842 ἐγὼ
1878 1804 1927 1828 νενί-

1151 1861 1221 1880 κηκα
1244 1852 1287 1877 τόν
1315 1854 1424 1888 κόσμον,
1458 1855 1503 1878 καί
1540 1854 1583 1878 τὸν
1610 1854 1703 1879 τούτου
1731 1854 1785 1888 (49)
1813 1851 1923 1887 ἄρχοντα-

1153 1895 1293 1933 Ἐκέρασας
1315 1901 1346 1933 τῇ
1384 1895 1495 1933 πατρίδι
1526 1902 1647 1934 κρατῆρα
1675 1896 1844 1934 δυσφημίας·
1866 1895 1927 1920 ὅντως

1152 1941 1187 1972 εἰς
1202 1942 1274 1977 ἔργον
1294 1943 1392 1977 ἤγαγες
1408 1943 1436 1968 τὸ
1459 1945 1505 1972 τῆς
1530 1944 1679 1979 Παροιμίας
1699 1943 1752 1977 (50)-
1767 1950 1773 1957 '
1793 1941 1833 1970 Ὠς
1853 1938 1926 1972 ἔλαφος

1150 1985 1277 2017 τοξευθεὶς
1307 1986 1342 2016 εἰς
1375 1987 1404 2012 τό
1426 1986 1508 2023 ἧπαρ.
1531 1986 1609 2013 Ἀλλὰ
1632 1989 1658 2012 τί
1686 1991 1752 2020 νῡν;
1783 1985 1818 2011 Οὖ
1844 1984 1926 2009 πεπτω·

1150 2039 1192 2056 κεν
1217 2031 1230 2056 ὁ
1258 2034 1302 2060 τῆς
1323 2030 1417 2066 ἰσχύος
1441 2032 1550 2069 ’πύργος⁷
1572 2029 1689 2067 ἀδελφέ’
1711 2030 1756 2057 οὐκ
1775 2027 1886 2066 ἐμωμήθη
1900 2024 1927 2050 τὰ

1149 2078 1196 2104 τῆς
1217 2073 1375 2111 ἐπιστροφῆς
1389 2076 1515 2111 φάρμακα
1530 2083 1537 2090 ·
1565 2075 1613 2102 οὐκ
1630 2074 1785 2103 ἀπεκλείσθη
1800 2076 1841 2100 τοῦ
1863 2078 1926 2096 κατα-

1150 2121 1306 2156 φευκτηρίου
1335 2120 1350 2148 ἡ
1381 2119 1462 2149 πόλις.
1488 2122 1531 2149 Μὴ
1553 2124 1589 2155 τῷ
1616 2119 1694 2156 βάθει
1715 2123 1764 2146 τῶν
1787 2120 1863 2144 κακῶν
1879 2113 1925 2139 ἐνα-

1149 2165 1271 2200 πομείνῃς
1287 2174 1293 2180 '
1311 2164 1346 2200 μῆ
1365 2166 1474 2201 χρήσῃς
1487 2165 1543 2200 (51)
1561 2166 1669 2191 σεαυτὸν
1684 2169 1721 2200 τῷ
1737 2160 1923 2200 ἁνθρωποκτόνῳι

1149 2207 1228 2235 Οἶδεν
1252 2207 1375 2246 ἀνορθοῦν
1395 2208 1614 2246 κατιρῥαγμένους
1640 2210 1653 2235 ὁ
1684 2210 1785 2246 Κύριος.
1811 2208 1880 2240 ter-37f
1895 2202 1923 2238 μὴ

1147 2255 1260 2291 μακρὰν,
1285 2253 1349 2280 ἀλλὰ
1372 2256 1436 2291 πρὸς
1461 2255 1530 2291 ἡμᾶς
1550 2253 1696 2292 ἁνάδραμε.
1720 2251 1836 2280 Ἀνοίλαϐε
1860 2247 1922 2276 πάλιν

1147 2301 1280 2330 νεανικοὺς
1311 2301 1415 2333 πόνους,
1447 2297 1578 2336 δευτέροις
1615 2300 1799 2337 κατορθώμασι
1831 2293 1923 2321 διαλύων

1147 2346 1193 2373 τὴν
1213 2344 1381 2381 χαμαίζηλον
1400 2346 1445 2370 καὶ
1465 2342 1581 2380 γλοιὼδη
1602 2345 1658 2380 (52)
1675 2342 1780 2374 ἡδονήν.
1794 2337 1923 2367 Ἀνάνενσόν

1147 2389 1181 2419 εἰς
1199 2391 1243 2418 τὴν
1258 2393 1304 2416 τοῦ
1332 2389 1419 2421 τέλους
1446 2390 1556 2426 ἡμέραν,
1583 2389 1650 2416 οὕτω
1681 2389 1881 2426 προσεγγίσασαν
1896 2382 1920 2415 τῇ

864 2453 885 2470 ⁵¹
899 2453 986 2481 Prov.
997 2460 1057 2487 vm,
1069 2454 1119 2486 22,
1134 2453 1179 2481 23.

1181 2523 1240 2562 (ξολ
1317 2527 1362 2562 τῇς
1376 2526 1529 2562 παροιμίας.
1560 2524 1606 2562 Sic
1631 2518 1919 2562 emendavi‘musi‘olff

1146 2553 1258 2587 codicis
1271 2553 1399 2587 Harl.ret
1412 2553 1541 2588 aliorum
1560 2559 1701 2593 duorum,
1717 2555 1797 2594 quod
1821 2553 1878 2582 erat
1896 2555 1920 2576 In

1144 2594 1232 2622 editis
1242 2597 1287 2625 τὰς
1301 2598 1454 2632 παροιμίας.

1185 2631 1240 2665 (si)
1257 2623 1299 2660 Μὴ
1313 2623 1497 2667 χρἡὲιρςξδίο
1511 2631 1603 2667 Harl.,
1615 2630 1702 2659 Coisl.
1713 2628 1823 2666 primus
1836 2625 1861 2651 et
1873 2623 1918 2649 tres

1143 2666 1203 2697 alii.
1220 2666 1295 2704 Editi
1314 2666 1350 2704 μῂ
1367 2666 1487 2704 χρήζῃς.
1519 2702 1525 2704 _
1563 2702 1583 2704 Α
1718 2702 1722 2704 _
1741 2701 1758 2704 _
1795 2697 1800 2702 _

1176 2704 1230 2740 (52)
1250 2699 1455 2740 Γλοιῶδηῗεῇοζ
1471 2702 1540 2732 cod.
1555 2702 1682 2740 Clarom.
1698 2702 1726 2740 et
1741 2699 1917 2740 ΡοιξξεἽ-ᾳξξξς

1140 2731 1210 2768 min
1218 2739 1370 2774 scriptura
1379 2739 1496 2774 videtur
1508 2738 1694 2774 praeferenda
1701 2739 1730 2764 et
1737 2733 1819 2774 editis
1828 2731 1855 2774 it}

1139 2765 1521 2809 bu?legi't‘urr'ﬁusaéﬁet
1531 2765 1684 2809 etiam}...
1699 2770 1805 2809 partim
1826 2765 1915 2802 γλυώδη

1139 2808 1336 2845 habentibus,
1343 2808 1346 2809 ⁷
1353 2810 1465 2847 partim
1483 2808 1622 2846 γελοιὼδη.
