1998 3145
58 142 110 169 385

556 138 803 168 EPISTOLARUM
824 138 964 167 CLASSIS
982 140 1015 168 ll.
1037 141 1142 169 EPIST.
1161 142 1252 171 XLlX.

1692 146 1744 174 386

58 201 172 229 δύσεσιν
199 200 362 238 ἐμφωλεύςιν.
386 203 529 237 Συγγνὼσῃ
553 199 596 227 οὖν
622 211 724 232 παντως
750 202 823 237 ἡμῖν,
838 203 863 227 τό

921 209 989 230 cum
1007 204 1034 230 et
1047 203 1261 240 Cappadocum
1279 204 1370 233 animi
1386 204 1587 242 timiditatem,
1603 208 1749 244 etcorpo-

55 257 82 273 τε
96 247 213 283 ἄτολμον
238 250 288 272 τῶν
311 244 525 272 Καππαδοκικῶν
548 247 583 280 (6)
607 247 688 281 ἠθῶν,
704 249 749 272 καὶ
768 248 797 272 τὸ
815 250 866 272 τῶν

57 293 191 327 σωμάτων
208 289 366 320 δυσκίνητον
386 290 568 327 ἐπιστάμενος,
593 291 615 317 εἰ
636 293 671 327 μή
699 292 790 317 θᾶττον
807 290 865 317 ἐπε-

57 336 208 372 στείλαμεν,
236 333 301 371 μηδ’
325 335 358 365 εἰς
385 339 481 370 γνῶσιν
505 336 637 372 ἠγάγομεν
667 340 697 372 τῇ
732 337 866 372 τιμιότητὶ

57 390 106 407 σου
123 382 159 406 τὰ
185 379 237 406 ἀπὸ
259 384 307 410 τῆς
324 380 497 415 Ἀντιοχείας,
523 380 540 406 ἃ
554 381 658 411 πάντως
672 381 717 416 μεν
729 379 865 417 γνωρίζειν

58 433 102 450 σοι
115 424 193 450 ἕωλόν
211 423 268 450 ἔστι
286 426 330 449 καὶ
344 423 461 460 ψυχρὸν,
479 423 560 450 πάλαι
575 425 750 460 μεμαθηκότι,
775 425 809 455 ὡς
836 425 865 450 τὸ

58 469 146 499 εἰκός·
176 468 245 497 πλὴν
274 467 327 494 ἀλλ’
355 466 431 494 οὐδὲν
457 469 598 504 ἡγούμενοι
631 472 739 505 πρᾶγμα
759 471 805 494 καὶ.
831 469 866 494 τὰ

59 513 211 550 ἐγνωσμένα
250 515 407 549 σημαίνειν,
440 511 626 550 ἀπεστείλαμεν
661 515 706 544 τὰς
744 512 791 540 διὰ
817 516 864 539 τοῦ

59 558 229 594 ἀναγνώστου
259 559 430 594 κομισθείσας
456 557 606 589 ἐπιστολάζ.
637 561 688 585 Καὶ
711 562 796 585 ταῦτα
818 560 863 595 μὶν

59 603 95 634 εἰς
118 607 258 630 τοσοῦτον.
275 602 304 629 Ἠ
330 601 358 629 δὲ
375 603 647 634 Κωνσταντινούπολις
670 605 727 640 ἔχει
750 606 793 630 τὸν
816 607 864 632 Δη-

58 647 168 685 μόφιλον
199 647 280 673 πολὺν
300 645 353 676 ἤδη
374 649 470 684 χρόνον
494 649 544 682 (7),
565 649 600 679 ὡς
623 648 668 674 καὶ
692 648 767 674 αὐτοὶ
792 648 864 674 οὗτοι

59 691 252 728 ἀπαγγελοῦσι,
274 694 318 718 καὶ
333 695 545 729 προκεκὴρυκται
567 693 670 723 πάντως
691 697 723 730 τῇ
744 694 864 722 ὁσιότητί

59 747 116 764 σου.
139 740 191 764 Καί
205 747 231 763 τι
243 739 302 775 περὶ
326 737 403 763 αὑτὸν
425 737 534 774 πλάσμα
560 737 698 775 ὀρθότητος
721 741 767 764 καί
792 738 863 765 εὐλα-

59 782 126 813 ϐείας
167 784 242 818 παρὰ
274 783 376 808 πάντων
411 786 554 819 συμφώνως
589 787 639 809 τῶν
673 783 863 820 ἀφικνουμένων

58 827 214 864 θρυλλιίται,
232 828 264 857 ὡς
285 830 330 854 καὶ
355 829 388 853 τὰ
413 825 543 854 διεστῶτα
561 832 607 858 τῆς
622 828 718 858 πόλεως
739 830 804 865 μέρη
827 828 864 859 εἰς

919 254 987 274 rum
1000 249 1151 284 torporem
1173 250 1303 285 noveris,
1329 250 1353 278 si
1372 250 1458 278 citius
1477 258 1538 279 non
1558 252 1745 288 scripsimus,

919 299 1017 328 neque
1030 293 1155 321 fecimus
1165 295 1368 330 praestantiam
1384 298 1467 323 tuam
1483 304 1587 324 eorum
1600 305 1669 334 qum
1688 300 1745 326 An-

919 336 1029 365 tiochia.
1043 337 1134 366 allata
1147 341 1216 366 sunt
1231 339 1387 368 certiorem
1402 348 1408 367 :
1425 348 1493 376 qua:
1506 341 1630 377 quidem
1646 342 1743 370 omni-

918 389 958 408 no
969 381 1022 410 tibi
1034 385 1105 410 nota
1119 382 1217 411 facere
1239 385 1399 412 rancidum
1420 387 1466 412 est
1489 387 1518 413 et
1542 385 1695 421 frigidum,
1712 389 1746 415 ut

918 426 970 461 qui
985 426 1102 454 dudum
1113 427 1261 462 didiceris,
1277 431 1309 457 ut
1324 429 1481 457 verisimile
1496 433 1557 463 est;
1574 431 1627 458 sed
1642 433 1745 459 tamen

917 470 991 498 nihil
1005 471 1190 500 incommodi
1204 480 1270 500 esse
1291 473 1505 507 existimantes,
1521 474 1611 502 etiam
1625 475 1744 511 cognita

919 515 1098 552 signiﬁcare,
1108 517 1247 545 misimus
1260 518 1367 546 allatas
1378 526 1431 554 per
1439 519 1579 547 lectorem
1590 520 1743 555 epistolas.

917 561 958 587 Ae
969 560 1058 588 dehis
1067 561 1191 597 quidem
1203 562 1635 599 hactenus.Constantinopolis
1641 566 1743 593 autem

915 605 1099 640 jamdudum
1108 606 1199 635 habet
1210 607 1432 643 Demophilum,
1441 610 1473 636 ut
1486 610 1514 636 et
1525 607 1566 636 illi
1576 608 1633 645 ipsi
1643 616 1745 637 narra-

916 649 1003 685 bunt,
1020 653 1110 688 atque
1126 654 1159 680 ut
1173 652 1279 688 procul
1303 652 1397 681 dubio
1413 653 1478 689 jam
1497 653 1581 689 prius
1595 651 1746 683 sanctitati

917 697 975 724 tute
990 696 1161 724 nuntiatum
1172 699 1225 725 est.
1241 699 1283 725 Ac
1295 697 1332 725 de
1345 697 1396 726 illo
1407 697 1532 734 quidem
1548 698 1744 727 simulacrum

917 740 1072 777 quoddam
1085 744 1172 769 rectae
1187 741 1258 770 ﬁdei
1269 744 1298 770 et
1311 742 1431 778 pietatis
1447 742 1487 770 ab
1497 743 1639 771 omnibus
1655 743 1745 771 adve-

916 785 1082 819 nientibus,
1102 785 1186 822 142
1204 795 1324 814 summo
1336 795 1497 823 ,consensu
1509 787 1650 822 jactatur,
1667 787 1743 816 adeo

917 832 950 858 ut
962 830 1051 858 etiam
1067 830 1246 859 dissidentes
1261 831 1389 860 civitatis
1412 834 1513 867 partes
1528 832 1694 860 coaluerint
1712 832 1744 860 in

56 874 150 898 ταυτὸν
179 871 323 907 συνελθεῖν,
351 875 395 898 καὶ
421 877 471 898 τῶν
492 872 685 909 πλησιοχώρων
708 874 779 903 τινὰς
810 872 863 899 ἐπι-

920 882 1023 909 unum,
1034 876 1124 910 atque
1139 883 1175 902 ex
1190 875 1295 903 vicinis
1308 875 1457 912 episcopis
1472 875 1610 904 nonnulli
1619 877 1745 912 conjun-

56 919 162 942 σκόπων
177 918 222 945 τὴν
238 916 329 943 ἕνωσιν
341 914 552 948 καταδέξασθαι,
568 918 602 942 0i
613 915 642 943 δὲ
653 918 773 954 ἡμέτεροι
787 915 862 944 οῦδὲν

57 960 181 997 ἀμείνους
208 960 340 997 ἐφάνησαν
372 965 423 987 τῶν
457 959 580 990 ἐλπίδων,
614 962 782 993 Ἐπιστάντες
813 964 862 1000 γὰρ

57 1005 138 1036 εὐθὺς
161 1007 228 1031 κατὰ
248 1003 336 1037 πόδας
359 1009 405 1036 τῆς
432 1007 556 1043 ὑμετέρας
586 1004 688 1040 ἐξόδου,
715 1006 797 1032 πολλὰ
817 1008 863 1043 μὶν

56 1049 129 1077 εἶπον
156 1050 270 1087 λυπηρὰ,
285 1050 369 1077 πολλὰ
393 1049 423 1077 δὲ
447 1050 584 1087 ἰποίησαν,
602 1054 647 1077 καὶ
668 1051 740 1082 τελος
764 1051 863 1088 ἀνεχώ-

56 1104 153 1132 ρησαν,
171 1094 364 1131 βεϐαιώσαντες
386 1096 448 1131 ἡμῖν
472 1097 502 1121 τὸ
520 1098 637 1132 σχίσμα.
662 1096 692 1122 Εἰ
707 1106 752 1132 μεν
768 1094 812 1122 οὖν
838 1106 864 1131 τι

57 1142 194 1175 γενήσεται
223 1139 323 1176 βέλτιον
340 1161 347 1174 ,
379 1142 424 1166 καὶ
455 1140 478 1166 εὶ
512 1142 659 1166 παύσονται
684 1145 731 1171 τῆς
758 1143 862 1175 κακίας,

58 1183 157 1213 ἄδηλον
172 1187 252 1211 παντὶ
266 1184 333 1213 πλὴν
348 1185 363 1214 ἦ
380 1189 415 1214 τῷ
430 1188 487 1220 Θεῷ
572 1186 611 1211 Τιὶ
625 1186 670 1221 μὲν
690 1183 733 1211 οὖν
748 1187 864 1222 παρόντα
891 1186 895 1190 ”

58 1233 178 1258 τοιαῦτα,
195 1229 225 1256 Ἡ
241 1227 271 1256 δί
285 1229 362 1259 λοιπὴ
378 1229 522 1259 Ἐκκλησία
539 1230 660 1256 εὖσταθεῑ
682 1235 713 1267 τῇ
734 1234 780 1256 τοῦ
797 1234 864 1257 Θεοῦ

57 1275 163 1311 χάριτι,
179 1277 226 1301 καὶ
241 1276 349 1310 εὔχεται
372 1275 438 1311 ὁμοῦ
464 1278 500 1310 τῷ
530 1273 575 1312 ἦρι
603 1274 667 1301 ἰδεῖν
683 1284 712 1301 σε
730 1275 806 1301 πάλιν
822 1275 863 1302 ἐπὶ

58 1323 104 1350 τῆς
118 1321 257 1357 ἡμετέρας,
282 1322 327 1346 καὶ
352 1319 527 1349 ἀνανεωθῆναι
552 1318 598 1346 διὰ
622 1324 669 1352 τῆς
691 1320 793 1356 ἀγαθῆς
815 1330 863 1347 σου

60 1362 249 1394 διδασκαλίας.
267 1363 353 1401 Κάμοὶ
368 1363 398 1391 δὲ
412 1366 441 1391 τὸ
458 1368 534 1401 σῶμα
547 1363 622 1391 οὐδὲν
635 1365 738 1401 ἄμεινον
753 1369 801 1396 τῆς
815 1375 863 1391 συ-

57 1409 164 1440 νηθείας
177 1410 246 1445 ἔχει.

347 1482 518 1507 ΕΗΙΣΤΟΛΗ
535 1479 600 1508 ΜΘ’.

917 919 1046 948 ctionem
1053 919 1184 955 amplexi
1193 920 1260 948 sint.
1269 920 1368 949 Nostri
1378 923 1479 949 autem
1489 929 1542 957 spe
1553 923 1581 949 et
1591 924 1745 958 exspecta-

916 964 996 992 tione
1011 972 1072 992 non
1087 964 1224 992 exstitere
1236 964 1383 993 meliores.
1394 967 1468 993 Nam
1479 973 1548 993 cum
1565 966 1664 994 statim
1675 967 1745 1002 post

918 1016 1072 1043 egressum
1083 1010 1168 1036 tuum
1184 1009 1389 1045 advenissent,
1399 1009 1494 1037 multa
1509 1010 1632 1046 quidem
1648 1010 1744 1039 tristia.

919 1053 1031 1087 dixere,
1039 1052 1134 1081 multa.
1141 1054 1231 1082 etiam
1242 1054 1349 1088 fecere,
1362 1062 1397 1082 ac
1408 1053 1528 1082 tandem
1540 1054 1744 1082 discesserunt

918 1097 1038 1126 ﬁrmato
1049 1097 1137 1126 nobis
1154 1098 1326 1126 schismate.
1344 1099 1447 1126 Utrum
1459 1102 1560 1127 autem
1571 1099 1678 1127 melius
1688 1099 1743 1127 ali-

918 1142 992 1179 quid
1007 1142 1141 1170 futurum
1156 1144 1202 1176 sit,
1215 1145 1304 1179 atque
1315 1145 1416 1171 utrum
1428 1143 1468 1171 ab
1481 1143 1670 1179 improbitate
1685 1143 1745 1172 dis-

918 1187 1030 1215 cessuri
1038 1187 1295 1222 sint,nemininisi
1307 1189 1367 1215 Deo
1375 1189 1564 1224 compertum
1574 1191 1629 1216 est.
1642 1190 1744 1225 Itaque

917 1239 966 1260 res
981 1235 1143 1268 praesentes
1159 1235 1229 1260 sunt
1240 1233 1401 1267 ejusmodi.
1419 1232 1550 1261 Ecclesia
1564 1235 1664 1261 autem
1678 1233 1745 1262 reli-

917 1284 980 1313 qua
994 1284 1048 1312 per
1062 1277 1113 1304 Dei
1126 1278 1254 1311 gratiam
1269 1277 1413 1313 praeclare
1428 1280 1495 1313 stat,
1507 1280 1596 1314 teque
1610 1280 1743 1315 exoptat,

918 1320 1008 1348 simul
1020 1329 1054 1348 ac
1069 1328 1121 1348 ver
1133 1321 1285 1356 prodierit,
1302 1322 1409 1350 iterum
1425 1322 1508 1358 apud
1520 1330 1577 1350 nos
1590 1322 1701 1358 videre,
1715 1324 1746 1351 et

917 1374 971 1402 per
985 1365 1098 1393 bonam
1114 1368 1198 1394 tuam
1210 1366 1378 1394 doctrinam
1394 1367 1544 1395 renovari.
1560 1367 1628 1396 Mihi
1642 1369 1744 1397 autem

917 1418 1028 1447 corpus
1043 1410 1130 1439 solito
1143 1410 1250 1439 melius
1265 1419 1327 1439 non
1343 1419 1376 1439 se
1391 1411 1492 1440 habet.

1193 1483 1361 1512 EPISTOLA
1380 1484 1477 1512 XLIX‘.

58 1552 191 1581 Basilius
206 1551 325 1588 gratias
339 1551 403 1586 agit
415 1551 559 1589 Arcadio,
572 1551 625 1589 qui
634 1555 808 1589 conceptam
822 1560 839 1580 a
850 1560 881 1581 se
890 1553 926 1581 de
937 1561 968 1581 eo
977 1561 1057 1588 spem
1068 1554 1302 1589 signiﬁcaverat.
1315 1555 1471 1582 Promittit
1482 1554 1508 1582 ei
1518 1554 1653 1583 Basilius
1667 1561 1736 1583 mar

276 1590 377 1622 tyrum
393 1587 548 1623 reliquias,
563 1587 604 1615 ad
611 1588 765 1616 ecclesiam
779 1589 817 1617 ab
833 1590 896 1624 ipso
913 1586 1128 1625 construclar'n',
1144 1586 1171 1618 si
1183 1598 1257 1627 quas
1271 1591 1404 1626 reperire
1416 1591 1519 1625 possit.

315 1658 342 1684 ’Δ
345 1656 416 1695 ρκαδ
418 1660 448 1694 ίῳ
460 1658 605 1695 ἐπισκόπῳ.

93 1722 296 1760 Ηύχαρίστησα
310 1725 346 1757 τῷ
356 1721 426 1757 ’ἁγίῳ
443 1725 510 1757 Θεῷ,
524 1722 677 1758 γράμμασιν
689 1720 805 1758 ἐντυχὼν
817 1727 864 1753 τῆς

59 1767 191 1798 εὐλαϐείας
206 1767 290 1803 ὑμῶν,
306 1769 350 1792 καὶ
366 1768 481 1802 εὔχομαι
494 1766 573 1797 αὑτὸς
590 1776 618 1792 τε
637 1770 685 1797 τῆς
700 1766 816 1800 ἐλπίδος,
833 1767 864 1797 ἦν

58 1813 132 1848 ἔχετε
147 1811 185 1848 ἐφ’
198 1813 272 1847 ἡμῖν,
289 1811 362 1842 ἄξιος
386 1809 460 1845 εἶναι,
477 1814 522 1837 καὶ.
537 1812 603 1848 ὑμᾶς
626 1813 668 1837 τὸν
689 1811 732 1838 ἐπὶ
750 1816 782 1849 τῇ
798 1816 862 1849 τιμῇ

58 1857 141 1892 ἡμῶν,
157 1855 187 1885 ἢν
200 1855 241 1882 ἐπὶ
262 1854 298 1891 τῷ
325 1856 431 1892 ὀνόματι
454 1859 500 1882 τοῦ
527 1857 623 1892 Κυρίου
640 1856 730 1885 Ἰησοῦ
745 1860 864 1894 Χριστοῦ

57 1905 150 1938 τιμᾶτε
163 1901 242 1936 ἡμᾶς,
260 1901 355 1936 μισθὸν
368 1900 461 1926 τέλειον
477 1901 651 1937 κομίσασθαι.
667 1899 863 1938 ’Υπερὴσθημεν

59 1945 100 1980 δε,
117 1946 158 1971 ὅτι
172 1947 228 1978 καὶ,
252 1947 376 1981 μέριμναν
391 1947 542 1983 πρέπουσαν
558 1949 710 1982 Χριστιανῷ
725 1945 864 1972 ἀναλαϐόν-

57 1999 109 2023 τες,
118 1989 156 2020 ιίς
170 1986 250 2020 δόξαν
260 1993 306 2015 τοῦ
322 1989 447 2025 ὀνόματος
458 1993 503 2016 τοῦ
518 1994 637 2027 Χριστοῦ
650 1989 719 2016 οἶκον
730 1990 862 2027 ἠγείρατε,

57 2036 102 2060 καὶ
117 2035 276 2070 ἠγαπήσατε
291 2037 326 2069 τῷ
342 2036 406 2068 ὄντι,
429 2035 498 2060 κατὰ
511 2036 540 2060 τὸ
560 2037 749 2072 γεγραμμένον,
772 2034 863 2072 εὐπρέ‹

57 2088 132 2105 πειαν
157 2080 231 2104 οἰκον
254 2081 363 2115 Κυρίου,
380 2078 573 2116 εὐτρεπίσαντες
595 2079 693 2109 ἑαυτοῖς
715 2081 762 2108 τὴν
787 2079 864 2117 οὖρά-

57 2133 111 2149 νιον
127 2123 165 2158 (9)
180 2124 262 2159 μονὴν
279 2125 324 2152 τὴν
347 2124 544 2159 ἡτοιμασμένην
566 2123 590 2149 ἐν
601 2127 632 2160 τῇ
649 2122 795 2150 ἀναπαύσει
809 2127 864 2154 τοῖς

59 2167 184 2203 ἀγαπῶσι
204 2168 234 2193 τὸ
260 2169 340 2203 ὄνομα
363 2171 410 2194 τοῦ
428 2171 556 2205 Χριστοῦ.
574 2168 632 2194 Ἐὰν
658 2166 687 2194 δὲ
711 2166 863 2204 δυνηθῶμεν

57 2216 214 2248 περινοῆσαι
242 2211 352 2246 λείψανα
380 2213 530 2249 μαρτύρων,
561 2212 694 2248 εὐχόμεθα
715 2215 760 2238 καὶ
789 2212 864 2238 αὐτοὶ

59 2255 242 2292 συμϐαλέσθαι
256 2257 329 2292 ἡμῶν
344 2260 376 2292 τῇ
394 2255 512 2293 σπουδῇ.
536 2257 565 2283 Εἰ
584 2258 634 2293 γὰρ
651 2257 684 2287 εἰς
697 2259 864 2294 μνημόσυνον

58 2301 162 2327 αἰώνιον
175 2301 250 2327 ἔσται
263 2299 376 2335 δίκαιος,
396 2303 514 2328 κοινωνοὶ
532 2302 587 2337 ([0)
604 2301 726 2338 ἐσόμεθα,
742 2300 864 2331 δηλονότι

58 2349 106 2376 τῆς
121 2345 222 2382 ἀγαθῆς
237 2347 342 2382 μνήμης
361 2350 406 2377 τῆς
430 2344 613 2384 δοθησομένης
637 2347 698 2384 ὑμῖν
717 2348 791 2385 παρὰ
816 2351 863 2374 τοῦ

59 2400 148 2427 αγιου.

93 2471 119 2490 οο
134 2470 212 2500 Psal.
230 2479 296 2507 xxv,
313 2473 339 2500 8.
379 2471 414 2490 σθ’
425 2472 505 2501 Psal.
518 2480 576 2509 cxx,
589 2475 616 2501 7.

94 2543 134 2579 (6)
159 2541 383 2585 Κμππαδοξικῶν.
414 2544 862 2585 Ιιᾳῃμᾶιξὶη’,ϐοἰςὲψριξὶωιιῆ

58 2579 131 2640 ἓθξ.
142 2578 270 2615 primus,
284 2579 451 2608 Clarom.et
460 2579 555 2614 Bigot.
568 2579 653 2609 alter.
666 2578 743 2608 Editi
753 2578 863 2608 Καππαὲ

78 2623 156 2640 οκων.

78 2623 232 2687 imitat.
248 2648 301 2687 ἤδη
317 2653 423 2687 χρόνον.
440 2651 520 2679 Harl.
540 2653 569 2679 et
588 2651 662 2679 Med.
679 2660 750 2680 cum
766 2652 861 2681 duob.

59 2684 124 2725 aliis
138 2685 218 2725 τςολὺς
233 2685 292 2725 vitia
298 2684 405 2725 2,361.95.
423 2686 520 2725 lfaulo
527 2690 596 2725 post
608 2687 716 2722 legitur
730 2687 862 2725 ἀπαγγελ-

58 2720 134 2747 λουσι
148 2721 180 2759 in
198 2720 354 2759 codicibus
369 2722 446 2751 Harl.
461 2725 489 2759 et
502 2720 591 2751 Coisl.
610 2720 718 2759 primo.

93 2757 219 2798 (81mg)?
240 2758 391 2798 ἣτῷῗθιῷ.
416 2758 502 2788 Coisl.
527 2757 653 2796 uterque
673 2762 702 2788 et
722 2767 802 2788 unus
826 2768 864 2789 ex

59 2793 158 2829 Regiis
167 2793 235 2823 πλὴν
251 2793 273 2820 si
286 2797 324 2830 τῷ
339 2797 406 2830 Θεῷ.

1183 1662 1316 1691 Arcadio
1328 1662 1475 1698 episcopo.

953 1723 1069 1752 Gratias
1082 1723 1128 1759 egi
1143 1724 1203 1752 Deo
1214 1726 1318 1753 sancto
1327 1724 1412 1753 lectis
1422 1724 1541 1760 pietatis
1555 1726 1614 1754 tuae
1628 1724 1742 1760 litteris,

917 1775 1084 1805 precorque
1093 1771 1125 1797 ut
1136 1771 1164 1797 et
1174 1777 1230 1804 ego
1240 1776 1276 1797 ea
1287 1777 1453 1805 spe,quam
1463 1769 1500 1797 de
1511 1777 1559 1797 me
1570 1769 1741 1806 concepisti,

917 1812 1027 1847 dignus
1043 1813 1111 1848 sim,
1122 1815 1151 1841 et
1166 1815 1196 1841 tu
1211 1808 1342 1846 honoris,
1351 1814 1446 1850 quem
1458 1814 1531 1842 mihi
1543 1814 1634 1841 habes
1645 1814 1675 1842 in
1689 1820 1744 1842 no-

918 1857 999 1885 mine
1015 1857 1131 1886 Domini
1154 1859 1223 1886 Jesu
1247 1858 1370 1893 Christi,
1393 1858 1564 1886 mercedem
1578 1858 1744 1895 perfectam

917 1902 1040 1930 referas.
1066 1902 1157 1931 Valde
1177 1905 1279 1931 autem
1299 1903 1417 1931 laetatus
1440 1912 1519 1938 sum,
1533 1904 1616 1940 quod
1638 1911 1744 1931 curam

919 1947 1085 1975 Christiano
1098 1947 1225 1982 dignam
1234 1956 1267 1975 sn
1273 1948 1413 1984 scipiens,
1424 1948 1551 1976 domum
1567 1947 1606 1976 ad
1617 1947 1743 1983 gloriam

918 1991 1050 2019 nominis
1072 1991 1180 2020 Christi
1202 1993 1417 2027 construxeris,
1442 2001 1478 2021 ac
1501 2000 1570 2020 vere
1593 1991 1742 2027 dilexeris,

919 2035 996 2064 sicut
1008 2036 1152 2072 scriptum
1165 2037 1249 2072 est”,
1265 2037 1406 2065 decorem
1418 2037 1527 2065 domus
1541 2037 1659 2065 Domini
1671 2044 1677 2064 :
1690 2035 1745 2065 tibi

917 2080 976 2115 ipsi
993 2088 1168 2116 praeparans
1180 2080 1331 2109 caelestem
1347 2081 1550 2116 mansionem,
1562 2081 1744 2109 destinatam

917 2125 948 2152 in
963 2124 1064 2160 requie
1075 2124 1266 2159 diligentibus
1285 2133 1397 2153 nomen
1412 2126 1527 2154 Christi.
1542 2126 1629 2158 Quod
1644 2125 1669 2153 si
1679 2125 1744 2153 reli-

917 2169 1005 2205 quias
1019 2172 1187 2205 martyrum
1201 2170 1380 2205 investigare
1395 2170 1620 2206 possim,cupio
1635 2172 1664 2198 et
1678 2169 1745 2205 ipse

918 2213 1007 2241 studii
1017 2214 1059 2241 tui
1072 2213 1121 2249 adj
1128 2217 1193 2242 utor
1207 2222 1282 2242 esse.
1294 2216 1370 2242 Nam
1386 2215 1412 2242 si
1424 2215 1455 2242 in
1472 2214 1620 2242 memoria
1633 2216 1746 2242 aeterna.

917 2258 972 2286 erit
980 2258 1079 2294 justus
1086 2259 1131 2294 9‘",
1144 2259 1277 2295 profecto
1287 2258 1376 2287 bonae
1387 2259 1468 2287 illius
1477 2258 1642 2294 memorias,
1650 2265 1745 2295 quam

917 2303 970 2332 tibi
982 2305 1104 2332 sanctus
1114 2303 1274 2340 impertiet,
1289 2304 1401 2332 erimus
1411 2303 1583 2340 participes.

953 2545 993 2582 (9)
1004 2545 1147 2587 ριξροίνιον.
1169 2545 1215 2587 Sic
1230 2544 1319 2575 Coisl.
1339 2546 1466 2582 uterque
1489 2547 1518 2575 et
1539 2547 1609 2581 Reg.
1639 2551 1745 2573 secun-

918 2581 988 2610 dus.
1004 2581 1080 2609 Editi
1095 2582 1225 2618 οὐρανίαν.

953 2618 1008 2653 (10)
1024 2616 1156 2644 Κοινωνὸί.
1172 2619 1245 2645 Ante
1258 2617 1337 2645 hanc
1350 2625 1456 2645 vocem
1470 2617 1540 2645 editi
1555 2616 1673 2645 addunt
1687 2618 1744 2652 καὶ,

918 2653 970 2681 sed
985 2653 1050 2680 haec
1065 2653 1236 2688 conjunctio
1251 2653 1337 2681 abest
1355 2653 1394 2681 ab
1416 2653 1557 2681 omnibus
1573 2660 1644 2680 mss.
1666 2659 1744 2688 quos

917 2689 948 2716 in
961 2689 1040 2717 hanc
1049 2689 1206 2724 epistolam
1220 2688 1392 2725 habuimus,
1405 2697 1514 2725 nempe
1525 2696 1543 2716 a.
1555 2688 1641 2724 Med,
1653 2687 1742 2716 Cbisl.

918 2727 1057 2759 utroque,
1074 2725 1137 2752 Vat.
1153 2727 1180 2752 et
1192 2725 1262 2759 Reg.
1279 2724 1424 2753 secundo.

953 2760 963 2771 '
976 2759 1057 2789 Alias
1068 2761 1345 2797 CCCCVlll.Scripta
1355 2760 1439 2790 initio
1449 2759 1654 2796 episcopatus.
