1998 3145
58 122 102 150 389

561 89 803 147 ΕΡΙὲΤΟΙιΑΒΠΜ
823 112 964 156 (ιιΑδξΙε
984 115 1018 143 II.
1037 113 1147 143 EPIST.
1171 114 1214 142 LI.

1673 115 1726 146 390

57 184 132 210 πάντα
151 183 295 218 ὕπομένσιν,
322 183 369 211 τὴν
397 182 460 219 ὑπέρ
490 181 586 208 ἰαυτῶν
624 180 762 210 ἐκδίκησιν
791 178 846 205 ἑπι-

919 178 952 206 ,ίει
962 176 1217 214 perferre,omnia
1238 176 1392 212 sustinere,
1419 179 1558 206 nostram
1590 179 1727 215 ipsorum

57 227 185 265 τρέψαντες
207 228 262 263 (17)
293 231 328 262 τῷ
359 228 456 263 Κυρίῳ,
481 227 507 257 ὃς
533 226 562 253 οὐ
595 225 748 264 περιόψεται
769 226 846 260 ἡμᾶς’

58 271 121 300 διότι
180 272 211 298 Ὀ
269 275 434 308 συκοφαντῶν
482 273 580 300 πένητα
624 270 760 308 παροξύνει
806 270 849 295 τὸν

58 321 197 347 ποιήσαντα
221 317 308 344 αὐτόν.
337 318 370 343 Οἱ
402 319 489 353 μέντοι
514 318 543 343 τό
569 318 657 342 καινὸν
672 319 747 341 τοῦτο
759 312 850 351 δρᾶμα

59 367 102 393 τῆς
122 362 175 388 καθ’
198 363 272 399 ἡμῶν
306 361 476 398 βλασφημίας
507 362 638 391 συνθέντες
666 360 768 386 ἐοίκασι
787 368 850 384 παν-

61 407 131 438 τελῶς
161 406 277 433 ἀπιστεῖν
309 411 345 442 τῷ
360 409 457 443 Καρίῳ,
492 405 518 437 ὃς
542 408 586 431 καὶ
618 407 677 442 περὶ
702 403 850 439 (18)ἀργοῠ

61 452 168 489 ῥήματος
191 450 286 478 δώσειν
314 452 385 488 ἡμᾶς
408 451 483 486 λογον
512 449 536 476 ἐν
566 454 596 486 τῇ
627 451 712 486 ἡμέρᾳ
736 453 781 478 τῆς
796 449 850 484 κρί-

64 507 120 527 σεως
143 496 300 532 ἀπεφήνατο.
335 496 401 531 Ἐγὼ
428 493 468 528 δὲ,
496 495 550 520 εἶπέ
577 504 630 530 μοι,
655 495 697 520 τόν
713 495 850 530 μακαριώ-

63 551 132 568 τατον
158 542 257 567 Διάνιον
286 540 344 574 (l9)
374 541 573 576 ἁνεθιμάτισας
603 543 685 565 Τοῦτο
717 539 767 574 γὰρ
779 538 851 573 ἡμῶν

62 585 225 622 κατήγγειλαν
249 587 316 618 (20).
342 588 396 611 Ποῦ
424 585 438 613 ἡ
466 587 552 617 πότε;
586 584 661 609 τίνων
698 585 851 618 naporum;

63 630 102 657 ἐπὶ
121 633 181 666 ποίᾳ
206 631 356 667 προφάσες
386 629 474 664 ψιλοῖς
492 628 608 666 ῥήμασιν
637 628 652 657 ἡ
695 626 852 664 ἐγγράφοις

63 675 150 712 ἑτέροις
179 673 336 707 ἀκολουθῶν,
369 674 384 703 ἡ
406 673 482 703 αὐτὸς
505 674 646 709 κατάρχων
668 674 713 697 καὶ
726 671 853 697 αὖθεντῶν

62 723 104 746 τοῦ
126 719 288 756 τολμήματος
304 727 310 752 ;
342 718 377 744 ’Ὠ
389 722 445 752 ,τῆς
470 716 603 748 ἀναιδείας
622 721 671 743 τῶν
681 717 765 743 πάντα
780 716 855 751 φθεγ-

63 766 166 800 γομένων
194 762 317 801 ῥᾳδίωςέ
340 762 375 789 Ὠ
402 767 449 794 τῆς
485 764 699 799 καταφρονήσεως
727 765 776 786 τῶν
807 763 855 786 τοῦ

65 812 126 834 Θεοῦ
155 809 287 845 κριμοὶτων
302 807 308 834 l
340 807 410 836 Πλὴν
442 807 464 833 εἰ
478 809 514 843 μὴ
536 807 589 843 ἄρα
605 810 642 841 τῷ
657 805 795 841 πλάσματι
811 805 856 830 αὖ-

66 857 111 879 τῶν
125 855 166 879 καὶ
181 856 258 878 τοῦτο
272 850 564 890 προστραγῳδὴσουσιν
581 852 648 883 (2|),
673 851 714 876 ὅτι
733 849 856 886 ἐγενόμην

65 895 108 919 καὶ
120 894 213 930 ἔκφρων
235 894 308 926 ποτὶ,
333 893 400 918 ὥστε
429 892 529 928 άγνοῐεν
557 891 635 921 αὐτὸς
656 892 689 916 τὰ
705 890 796 916 ἑαυτοῦ
809 890 856 927 ‘69;-

67 947 143 974 ματα.
159 937 215 963 Ἐπὶ
230 938 281 973 γὰρ
309 941 359 963 τῶν
386 937 520 972 λογισμῶν
547 936 676 972 ὑπάρχῶν
700 939 750 961 τῶν
775 934 858 970 ἐμαυ-

67 986 123 1015 τοῦ,
148 980 220 1008 οὐδὲν
246 980 309 1008 οῖδα
336 984 448 1011 ποιήσας
473 985 599 1014 τοιοῦτον⁷
615 979 678 1006 οὐδὲ
691 979 859 1017 προελόμενος

68 1027 114 1056 τήν
136 1026 229 1063 ἀρχὴν.
258 1025 325 1052 Ἀλλ’
344 1025 423 1052 ἐκεῖνο
451 1025 545 1062 μᾶλλον
567 1024 669 1062 ἐμαυτῷ
707 1027 861 1050 συνεπίστα-

67 1081 123 1108 μαι,
147 1071 185 1097 ὅτι
210 1070 239 1097 εκ
259 1073 366 1108 πρώτης
393 1070 495 1100 ἡλικίας
533 1070 692 1106 συνετράφην
725 1073 761 1104 τῷ
803 1069 861 1106 περὶ

67 1116 138 1142 αὐτόν
166 1116 272 1153 φίλτρῳ,
299 1118 345 1141 καὶ
374 1114 515 1141 ἀπέϐλεπον
544 1116 607 1151 πρὸς
626 1116 670 1140 τὸν
696 1113 793 1150 ἄνδρα,
827 1115 862 1145 ὡς

65 1163 108 1197 μὲν
130 1162 235 1198 γεραρὸς
262 1158 337 1193 ἰδεῖν,
367 1161 401 1190 ὡς
429 1158 458 1186 δε
494 1159 702 1196 μεγαλοπρεπὴς,
732 1160 792 1185 ὅσον
832 1156 862 1184 δε

66 1208 132 1242 ἔχων
157 1207 185 1231 τὸ
210 1206 358 1243 ἱεροπρεπὴς
384 1203 407 1230 ἔν
422 1209 457 1240 τῷ
486 1203 559 1232 εῖδει.
581 1203 652 1230 Ἑπιὶ
675 1202 705 1230 δέ
718 1214 764 1240 μοι
773 1203 861 1229 λοιπὸν

66 1251 134 1276 καὶὸ
158 1250 233 1286 λόγος
253 1254 350 1287 παρῆν,
366 1251 425 1275 τότε
456 1247 489 1278 δὴ
513 1251 557 1275 καὶ
571 1248 621 1275 ἀπὸ
637 1253 687 1274 τῶν
702 1253 749 1279 τῆς
768 1247 862 1284 ψυχῆς

66 1295 167 1330 ἀγαθῶν
190 1294 270 1320 αὐτὸν
298 1294 481 1330 ἐπεγίνωσκον·
505 1296 551 1319 καὶ
577 1295 684 1331 ἔχαιρον
709 1293 789 1319 αὐτοῦ
829 1297 860 1329 τῇ

68 1341 203 1375 συνουσίᾳ,
225 1340 256 1365 τὸ
282 1338 378 1365 ἁπλοῦν
402 1341 448 1364 καὶ
462 1342 577 1374 γενναῖον
592 1340 636 1364 καὶ
652 1337 791 1375 ἐλευθέριον
805 1337 862 1368 ('12)

68 1388 115 1410 τῶν
141 1386 243 1419 τρόπων
264 1384 478 1420 καταμανθάνων,
507 1386 552 1409 καὶ
581 1383 632 1409 ὅσα
657 1382 794 1414 ἄλλα(23)
817 1385 863 1408 τοῦ

69 1427 171 1466 ἀνδρός,
184 1426 253 1463 ἴδια,
287 1429 302 1457 ἡ
333 1432 378 1459 τῆς
396 1427 491 1463 ψυχῆς
508 1429 646 1465 ἡμερότης,
663 1429 692 1453 τὸ
707 1426 865 1464 μεγαλοφυές

69 1482 96 1499 τε
118 1474 181 1509 ὁμοῦ
202 1475 248 1499 καὶ
275 1475 368 1509 πρᾶον,
396 1474 425 1498 τὸ
449 1472 583 1509 εὐπρεπὲς,
615 1474 644 1498 τό
675 1471 813 1510 ἀόργητον,
836 1473 864 1497 τό

902 223 1046 251 ultionem
1061 222 1264 259 permittentes
1276 222 1412 257 Domino,
1427 223 1479 259 qui
1504 231 1561 252 nos
1588 233 1649 253 non
1676 226 1727 254 de-

903 268 1017 304 spiciet,
1046 268 1125 295 Nam
1150 267 1203 302 qui
1216 267 1423 295 calumniatur
1434 275 1608 305 pauperem,
1627 271 1728 299 irritat

902 313 996 347 ipsius
1012 311 1202 340 Conditorem
1215 311 1251 339 9".
1267 310 1413 339 Caeterum
1432 312 1484 348 qui
1507 321 1619 342 novam
1645 315 1727 343 illam

903 357 1101 393 blasphemiae
1111 356 1247 384 fabulam
1254 356 1415 384 adversum
1430 365 1484 385 nos
1498 358 1727 395 concinnarunt,

905 402 1043 430 videntur
1055 401 1178 429 omnino
1189 408 1251 428 non
1259 401 1378 428 credere
1390 402 1516 430 Domino
1523 403 1728 438 quirationem

905 455 960 475 nos
987 447 1017 474 in
1037 446 1084 473 die
1104 445 1209 481 judicii
1232 445 1279 472 vel
1292 444 1329 473 de
1342 445 1438 473 otioso
1453 446 1544 474 verbo
1558 448 1729 477 reddituros

906 491 1110 534 pronuntiavit
1121 491 1210 519 95.Dic
1222 493 1334 524 autem,
1349 498 1463 525 quaeso,
1480 499 1575 526 egone
1596 493 1730 522 beatissi-

906 544 990 563 mum
1005 535 1142 564 ltianium
1157 535 1419 563 auathematizavi?
1433 537 1491 564 Hoc
1502 537 1581 564 enim
1591 537 1628 566 de
1641 539 1730 567 nobis

907 580 1088 608 dictitarunt.
1101 579 1171 607 Ubi?
1182 578 1227 607 vel
1241 579 1365 615 quando
1380 579 1393 607 ?
1407 587 1508 608 coram
1522 581 1654 617 quibus?
1669 591 1730 619 quo

908 627 1053 662 praetextu
1068 625 1081 652 ‘2
1092 625 1182 652 nudis
1196 624 1308 658 verbis,
1321 632 1360 652 an
1383 625 1513 662 scripto?
1541 627 1614 655 alios
1638 627 1731 656 duces

907 678 1047 706 sequens,
1069 677 1107 697 an
1127 669 1190 705 ipse
1210 669 1357 705 incoeptor
1367 671 1395 697 et
1411 672 1516 698 auctor
1530 671 1670 700 facinoris
1681 674 1695 701 ‘I
1709 674 1731 701 Ο

908 713 1128 750 impudentiam
1142 713 1300 741 hominum
1312 714 1415 741 omnia
1436 714 1519 742 facile
1532 715 1730 752 loquentium!

910 759 931 787 Ο
950 761 1156 794 contemptum
1186 758 1370 793 judiciorum
1398 759 1448 786 Dei
1465 759 1471 786 l
1488 759 1548 787 Nisi
1565 760 1638 789 forte
1654 770 1735 790 corn~

909 805 1010 831 mento
1022 811 1077 830 suo
1088 803 1166 830 hanc
1178 802 1267 830 etiam
1280 802 1457 837 tragoediam
1468 803 1734 840 adjicient,factum

875 857 894 884 Β
910 857 958 876 me
974 856 1038 876 esse
1053 847 1217 883 aliquando
1228 847 1268 875 ita
1295 847 1479 883 dementem,
1502 851 1533 876 ut
1556 857 1625 878 mea
1640 851 1735 887 ipsius

911 893 1004 922 verba
1030 901 1091 920 non
1111 900 1277 920 noscerem.
1295 891 1371 919 Nihil
1386 893 1467 921 enim
1482 894 1644 930 ejusmodi,
1660 896 1735 925 dum

913 937 1037 966 rationis
1052 945 1179 973 compos
1193 936 1246 970 fui,
1261 939 1312 964 aut
1326 936 1430 964 fecisse
1442 945 1489 965 me
1505 938 1578 971 scio,
1598 942 1650 967 aut
1671 948 1735 969 om-

912 983 984 1012 nino
997 981 1094 1009 facere
1108 981 1244 1009 voluisse.
1276 981 1333 1008 Sed
1360 981 1461 1017 potius
1480 982 1553 1010 mihi
1574 983 1668 1020 hujus
1695 985 1738 1013 rei

913 1026 1052 1056 conscius
1060 1033 1190 1058 sum,me
1201 1025 1240 1053 ab
1250 1025 1370 1053 ineunte
1381 1027 1466 1054 aetate
1475 1026 1636 1056 educatum
1647 1029 1739 1058 fuisse

914 1072 943 1100 in
971 1071 1049 1099 illius
1069 1078 1184 1103 amore,
1213 1071 1241 1098 et
1262 1069 1407 1097 intuendo
1421 1071 1629 1101 considerasse
1643 1082 1738 1110 quam

915 1118 992 1144 esset
1006 1115 1052 1143 ille
1067 1115 1111 1142 vir
1121 1117 1244 1150 aspectu
1258 1114 1568 1152 venerabilis,quanta
1582 1118 1740 1154 majestate

915 1160 1219 1198 praeditus,quantum
1235 1159 1388 1194 dignitatis
1402 1161 1596 1189 sacerdotalis
1606 1171 1657 1191 ore
1669 1171 1741 1200 prae-

914 1205 1022 1233 ferens.
1046 1206 1207 1240 Postquam
1233 1206 1334 1231 autem
1362 1204 1436 1232 mihi
1459 1205 1602 1242 deinceps
1623 1210 1650 1235 et
1665 1209 1740 1238 ratio

917 1249 1022 1282 adfuit,
1038 1251 1102 1276 tum
1119 1256 1190 1276 vero
1201 1251 1229 1275 et
1242 1256 1276 1275 ex
1288 1248 1397 1276 animae
1412 1249 1500 1277 bonis
1513 1258 1581 1278 eum
1597 1259 1742 1282 noveram

916 1294 1073 1330 ipsiusque
1089 1292 1176 1328 144
1190 1292 1362 1320 delectabar
1374 1295 1602 1328 consuetudine,
1629 1296 1744 1334 simpli-

917 1339 1034 1366 citatem
1051 1339 1078 1365 et
1097 1337 1313 1371 ingenuitatem
1329 1345 1363 1365 ac
1387 1337 1594 1368 liberalitatem
1622 1349 1743 1370 morum

917 1381 1111 1419 perspiciens,
1126 1384 1154 1409 et
1163 1389 1353 1417 quaecunque
1367 1381 1425 1410 alia
1436 1384 1558 1420 propria
1576 1388 1661 1414 erant
1689 1386 1744 1414 viri

918 1428 1106 1460 ornamenta,
1127 1425 1220 1454 animi
1234 1426 1446 1461 mansuetudo,
1460 1429 1694 1463 magnanimitas
1706 1430 1744 1458 si-

919 1472 982 1501 mul
995 1473 1023 1499 et
1036 1471 1153 1504 lenitas,
1174 1470 1275 1498 decori
1286 1470 1555 1505 studium,animus
1570 1474 1621 1502 irae
1634 1483 1743 1511 expers

69 1515 178 1554 φαιδρὸν
211 1520 258 1543 καὶ
285 1517 441 1555 εὐπρόσιτον
469 1521 501 1553 τῇ
520 1519 658 1553 σεμνότητι
698 1518 863 1553 κεκραμένον.

919 1517 1051 1546 hilaritas
1064 1518 1092 1543 et
1105 1514 1265 1543 affabilitas
1289 1515 1434 1550 gravitate
1468 1518 1620 1552 permista.
1647 1520 1746 1552 Quare

67 1562 148 1588 Ὧστι
175 1562 253 1588 αὐτὸν
282 1562 430 1598 ἐναρίθμιον
450 1562 523 1598 εἶχον
556 1565 612 1591 τοῖς
637 1563 866 1599 περιφανεστάτοις

68 1607 124 1633 κατ’
139 1606 231 1644 ἀρετήν
237 1628 244 1634 .

102 1653 131 1679 2.
148 1653 210 1689 Περὶ
234 1660 322 1687 μεντοι
350 1651 382 1677 τὰ
403 1650 536 1677 τελευταῖα
546 1654 591 1677 τοῦ
607 1650 668 1687 βίον
686 1651 725 1678 (οὐ
738 1651 787 1688 γὰρ
800 1651 866 1676 ὰπο-

68 1695 204 1732 χρύψομαι
240 1695 355 1725 τᾶληθέςλ
391 1695 521 1724 ἐλυπήθην
548 1694 586 1721 ἐπ’
619 1695 688 1730 αὑτῷ
713 1695 796 1724 λύπην
821 1695 867 1721 οὐκ

69 1740 176 1769 ἀνεκτὴν
206 1741 272 1776 μετὰ
299 1739 397 1766 πολλῶν
419 1744 469 1765 τῶν
489 1741 513 1765 ἓν
526 1744 557 1776 τῇ
582 1737 693 1777 πατρίδι
706 1739 868 1776 φοϐουμένων

68 1787 113 1811 τὸν
139 1786 245 1821 Κύριον,
267 1785 310 1810 ἐπὶ
335 1788 367 1820 τῇ
399 1785 538 1821 ὑπογραφῇ
564 1789 610 1814 τῆς
628 1787 740 1815 πίστεως
755 1788 803 1815 τῆς
817 1786 867 1811 ὑπὸ

68 1834 117 1859 τῆν
129 1832 189 1867 περὶ
216 1831 342 1866 Γεώργιον
370 1830 424 1860 (25-)
444 1828 495 1855 ἀπὸ
511 1833 556 1859 τῆς
572 1829 869 1860 Κωνσταντὶνουπόλεως

68 1875 254 1910 κομισθείσης.
283 1871 355 1907 Εἶτα,
389 1873 441 1904 οἷος
480 1874 573 1904 ἐκεῖνος
609 1876 739 1911 πραότητι
773 1876 869 1911 τρόπον

69 1921 116 1945 καὶ
141 1919 266 1954 ἐπιεικείᾳ
297 1919 392 1948 πάντ-ος
426 1917 598 1954 πληροφορεῐν
640 1919 665 1944 ἐν
708 1918 869 1954 σπλάγχνοις

68 1966 206 2001 πατρικοῖς
235 1961 400 1998 ἀνεχόμενος,
428 1961 482 1991 ἤδη
505 1965 658 1989 καταπεσὼν
692 1962 728 1994 εἰς
758 1965 801 1992 τὴν
829 1962 873 2001 ἁρ-

67 2009 198 2046 ῥωστίαν,
223 2008 267 2043 ὑφ’
295 2008 327 2038 ἧς
355 2010 399 2034 καὶ
409 2008 531 2044 μετῆλθεν
545 2007 595 2034 ἀπὸ
610 2011 656 2034 τοῦ
669 2006 742 2043 βίον,
757 2018 873 2045 προσκα-

67 2053 211 2090 λεσάμενος
235 2053 306 2089 ἡμᾶς
334 2053 390 2088 ἔφη,
420 2053 469 2079 ὑπὸ
498 2052 612 2090 μάρτυρι
649 2056 685 2088 τῷ
723 2054 810 2089 Κυρίω
850 2053 886 2079 ἐν·

69 2098 202 2126 ἁπλότητι
233 2095 346 2133 καρδίας
392 2098 572 2124 συντεθιίσθαι
597 2098 642 2133 μὲν
680 2100 715 2132 τῷ
745 2096 795 2123 ἀπὸ
827 2102 874 2128 τῆς

70 2141 372 2173 Κωνσταντινουπόλεως
417 2151 597 2179 γραμματειῳ,
645 2139 728 2177 μηδὲν
769 2140 797 2168 δὲ
835 2142 874 2168 ἐπ’

918 1562 1020 1599 ipsum
1035 1560 1110 1588 inter
1124 1559 1263 1588 homines
1273 1559 1380 1588 virtute
1391 1562 1627 1597 spectatissimos
1641 1572 1747 1592 nume-

919 1606 1037 1635 rubum.

954 1653 982 1678 2.
999 1649 1056 1678 Sed
1071 1651 1172 1677 tamen
1188 1649 1267 1677 circa
1279 1651 1447 1678 extremum
1462 1651 1528 1679 vitae
1543 1654 1664 1689 tempus
1677 1657 1747 1683 (non

920 1695 1001 1724 enim
1020 1694 1125 1722 celabo
1153 1694 1317 1730 veritatem)
1347 1694 1430 1723 dolui
1459 1696 1497 1724 dc
1512 1696 1562 1725 illo
1580 1698 1748 1733 inconsola-

922 1740 1018 1768 biliter
1026 1747 1094 1767 cum
1103 1738 1239 1775 pluribus
1249 1739 1280 1766 in
1288 1739 1384 1775 patria
1393 1740 1552 1768 Dominum
1561 1742 1747 1779 timentibus,

922 1783 1006 1821 quod
1034 1783 1262 1819 subscripsisset
1288 1783 1525 1820 ﬁdeiaGeorgio
1542 1787 1751 1816 Constantino-

923 1828 984 1866 poli
995 1827 1230 1862 allatae.Deinde,
1244 1830 1276 1855 ut
1290 1827 1338 1856 ille
1354 1837 1408 1865 pro
1424 1837 1479 1857 sua
1490 1838 1609 1858 morum
1629 1831 1750 1860 lenitate

924 1877 950 1902 et
958 1872 1190 1901 mansuetudine
1199 1881 1259 1900 non
1271 1873 1455 1907 gravabatur
1465 1875 1608 1903 omnibus
1624 1877 1750 1912 paterno

924 1921 1043 1955 pectore
1072 1917 1330 1952 satisfacere,cum
1350 1918 1414 1953 jam
1429 1917 1459 1946 in
1473 1919 1624 1953 morbum,
1637 1929 1672 1948 ex
1688 1929 1751 1957 quo

925 1963 1016 1991 etiam
1026 1971 1041 1990 e
1057 1962 1118 1990 vita
1137 1961 1282 1997 discessit,
1293 1963 1446 1991 incidisset
1461 1972 1468 1997 ;
1488 1964 1576 1992 nobis
1588 1966 1752 2001 accersitis,

926 2007 1010 2038 dixit,
1037 2007 1163 2034 Domino
1187 2009 1270 2042 teste,
1299 2015 1329 2035 se
1356 2009 1468 2045 scripto
1495 2009 1754 2047 Constantinopoli

927 2052 1061 2080 allatoin
1073 2052 1262 2088 simplicitate
1276 2052 1375 2080 cordis
1400 2054 1577 2089 asseusisse,
1602 2055 1655 2083 sed
1679 2056 1755 2084 nihil

928 2097 968 2125 ad
982 2096 1053 2124 ﬁdei
1067 2097 1169 2124 Nicaeae
1180 2104 1198 2124 a
1212 2098 1325 2124 sanctis
1351 2097 1486 2125 Patribus
1503 2099 1643 2135 expositae
1670 2108 1754 2128 ever—

930 2141 1046 2169 sionem
1072 2141 1128 2169 sibi
1151 2140 1357 2177 proposuisse,
1383 2150 1482 2178 neque
1504 2143 1587 2171 aliud
1606 2144 1637 2171 in
1663 2144 1755 2172 corde

69 2187 199 2216 ἁθιτήσει
225 2190 270 2216 τῆς
298 2187 365 2212 κατὰ
387 2188 499 2213 Νικαιαν
524 2187 573 2212 ὑπὸ
591 2189 641 2211 τῶν
662 2185 742 2221 ἁγίων
755 2187 861 2223 Πατέρω

929 2186 1052 2221 habere,
1063 2193 1157 2222 quam
1167 2186 1250 2222 quod
1261 2186 1300 2214 ab
1313 2186 1395 2214 initio
1408 2186 1549 2215 traditum
1578 2191 1735 2224 acceperat
1747 2197 1754 2217 ε

67 2232 225 2261 iusserim;
248 2233 361 2262 πίστεως
389 2230 555 2269 προελέσθαι*
585 2228 655 2267 μηδὲ
690 2230 772 2262 ἄλλως
806 2232 876 2267 ἔχειν

68 2278 96 2304 ἓν
118 2279 152 2313 τῇ
187 2274 297 2313 καρδίᾳ,
325 2275 340 2305 ἦ
368 2276 400 2306 ὡς
425 2274 567 2312 παρέλαϐεν
595 2274 622 2306 ἐξ
646 2274 742 2311 ἀρχῆς·
759 2274 877 2302 ἀλλὰκαὶ

111 2361 138 2379 ⁸⁸
154 2361 241 2389 Prov.
257 2367 317 2395 xiv,
334 2361 377 2388 31.
417 2359 441 2378 ³⁵
456 2359 558 2390 Matth.
575 2367 625 2393 xu,
641 2361 686 2389 36.

112 2437 175 2478 U7)
200 2433 406 2478 ἐῑεῖθέψξτνῖξς-
435 2436 481 2465 δία
511 2436 607 2478 ρΜεᾲτι
634 2436 770 2478 Harl--8!
806 2438 876 2478 R98-

68 2471 208 2513 primus.
221 2471 297 2500 Editi
309 2471 337 2500 et
348 2472 399 2512 alii
413 2480 489 2513 mss.
506 2471 698 2513 ίπιρῥὶψοεντες.
712 2472 770 2513 ξοδ.
786 2471 878 2513 scrip-

67 2507 144 2538 fura.
158 2515 254 2544 quam
266 2508 435 2544 sequimur,
459 2507 653 2544 Basilii'stylo
670 2509 778 2544 aptior,
796 2511 828 2536 ut
841 2507 880 2536 vi-

68 2544 111 2573 de
121 2543 213 2572 estin
224 2543 316 2579 epist.
327 2546 387 2579 126,
408 2545 470 2571 289.

107 2578 372 2616 (18)*οςὶιαὶπςρί·
388 2579 565 2615 Conjunctio
580 2578 684 2608 addita
695 2587 731 2608 ex
746 2580 880 2616 quinque

68 2623 159 2644 mss.

110 2653 176 2682 H9)
193 2651 305 2678 Διάνιον.
320 2652 362 2679 Ita
377 2658 482 2679 omnes
495 2659 569 2678 mss.
590 2650 665 2678 Editi
679 2651 805 2679 Διάνοιον.

108 2686 175 2723 (20)
191 2686 381 2723 Κατήγγιιλαν.
400 2688 469 2715 Tres
498 2686 615 2723 codices
626 2694 692 2723 non
714 2686 882 2723 antiquissi-

69 2722 119 2752 mi
135 2725 314 2758 κατήνεγκαν,
334 2722 389 2758 hoc
403 2729 514 2751 crimen
523 2722 605 2750 nobis
618 2722 793 2750 intulerunt.

114 2758 178 2797 (‘21)
207 2757 513 2798 Προστραγῳδήσουσιν.
537 2759 581 2789 Ita.
607 2760 667 2787 tres
693 2757 888 2788 vetustissimi

930 2231 992 2259 imo
1008 2230 1098 2258 etiam
1109 2230 1225 2266 precari
1241 2238 1281 2264 se,
1298 2232 1330 2258 ut
1344 2238 1381 2258 ne
1395 2234 1576 2267 separetura
1591 2235 1670 2261 sorte
1685 2233 1758 2262 bea-

931 2277 1032 2305 torum
1041 2277 1241 2304 treceutorum
1267 2274 1373 2303 decem
1387 2277 1417 2304 et
1437 2278 1504 2305 octo
1533 2276 1757 2315 episcoporum,

933 2436 1052 2466 codices
1078 2444 1149 2466 cum
1177 2436 1316 2474 pluribus
1345 2436 1421 2467 aliis.
1445 2436 1521 2467 Editi
1547 2436 1760 2478 προστραγῳδή-

935 2483 1030 2503 σωσιν,

971 2510 1028 2546 (22)
1061 2509 1232 2546 ‘Elsues‘piov.
1255 2511 1325 2546 Reg.
1366 2510 1520 2538 secundus
1551 2512 1579 2538 et
1605 2510 1693 2546 Coisl.
1719 2517 1763 2538 se.

935 2545 1053 2582 cundus
1068 2544 1206 2582 ἐλεύθερον.
1224 2544 1315 2573 Paulo
1326 2548 1398 2582 post
1412 2553 1449 2573 ex
1461 2546 1592 2582 antiquis
1607 2545 1763 2574 codicibus

935 2581 1040 2609 addita
1053 2581 1248 2618 _vocula._post
1259 2581 1425 2618 μεγαλοφνές.

983 2618 1028 2650 23)
1053 2615 1123 2642 Ὅσα
1148 2615 1221 2653 emax.
1236 2615 1325 2653 iEditi
1347 2615 1464 2645 addunt
1490 2615 1520 2646 ἦν
1534 2616 1618 2653 quod
1637 2616 1763 2645 deestin

935 2651 1031 2680 tribus
1046 2652 1258 2680 vetustissimis
1270 2652 1438 2680 codicibus.

973 2687 1028 2723 (24)
1051 2689 1187 2725 Γεὼργιον.
1216 2688 1286 2723 Reg.
1315 2688 1467 2717 secundus
1500 2689 1529 2716 et
1555 2687 1643 2717 Coisl.

1683 2689 1765 2727 Γιώρ-

937 2732 1018 2759 γινον.
