1998 3145
84 140 140 169 405

588 135 833 168 EPISTOLKBUM
852 136 992 166 CLASSIS
1010 138 1043 166 Il.
1062 137 1169 166 EPIST.
1190 137 1269 166 LVII.

1714 139 1769 168 406

84 205 206 239 παροῦσι
221 201 254 228 τὰ
276 199 434 237 ὀφειλόμενα.
452 202 502 227 Καὶ
530 201 592 237 γὰρ,
607 201 629 227 εὶ
647 203 693 227 καὶ
715 201 771 236 (τί)
787 198 891 227 ἀντίδο-

951 199 995 227 vis
1009 200 1090 228 enim
1101 208 1169 229 mea
1179 199 1305 237 epistola.
1315 199 1423 236 prioris
1439 199 1497 228 tuae
1511 198 1548 228 sit
1561 199 1775 236 remuneratio;

86 256 131 277 σις
157 248 324 284 προαγόντων
350 244 407 272 ἔστι
433 246 466 271 τὰ
494 245 618 282 ἡμέτερα,
635 245 698 272 ἀλλά
723 250 760 281 τῷ
788 245 862 271 πλέον
878 245 892 274 ἢ

85 289 231 317 διπλάσιον
270 289 435 325 ὑπερϐάλλειν
475 291 542 315 κατά
568 291 597 316 τὸ
626 292 740 327 μέτρον,
774 289 894 326 ἑκατέραν

84 337 134 365 τὴν
159 335 233 366 τάξιν
249 334 306 371 (72)
319 333 514 371 ἀποπληρώσει,
526 334 602 371 Ὁρᾷς
631 336 708 361 ὁποῖα
738 334 895 370 σοφίζεσθαι

85 381 157 416 ἡμᾶς
189 381 205 409 ἡ
240 381 321 416 ἀργία
353 379 574 414 staturae/xit“;
604 381 637 406 Σὺ
672 377 701 406 δὲ
733 383 845 414 παῦσαι,
874 378 894 404 ὦ

85 425 192 462 ἄριστε,
218 423 321 459 ἐπάγων
337 422 429 459 (73)ἑν
456 427 560 460 μικροῖς
587 424 690 461 ῥήμασι
714 423 825 460 μεγάλας
852 423 892 449 αἰ-

84 471 159 501 τίας,
179 468 301 505 οὐμενοῦν
320 467 437 503 ἕχούσας
461 467 604 505 ὑπερϐολὴν
627 469 663 499 εὶς
688 471 794 495 κακίαν.
816 468 891 496 Λήθη

84 515 137 550 γὰρ
166 513 253 549 φίλων,
271 515 314 539 καὶ
340 511 471 550 ὑπεροψία
496 514 524 539 ἐκ
550 511 704 544 δυναστείας
729 513 891 549 ἐγγινομένη,

83 559 172 584 πάντα
199 559 257 594 ἔχει
285 558 350 593 ὁμοῦ
374 558 407 583 τὰ
435 555 517 586 δεινά,
532 559 590 584 Εἴτε
610 560 661 595 γὰρ
677 558 724 584 οὐκ
753 557 891 593 ἀγαπῶμεν

83 604 154 629 κατὰ
179 604 224 631 τήν
251 601 352 631 ἐντολὴν
371 605 417 628 τοῦ
448 604 555 639 Κυρίου,
572 600 635 629 ούδὲ
661 604 704 629 τὸν
733 606 892 640 χαρακτῆρα

83 646 244 683 ἕπικιίμινον
274 647 338 683 ἡμῖν
370 647 464 682 ἔχομεν
481 655 487 661 ⁸
520 647 570 673 εὶτε
610 649 774 684 φρονήματος
819 650 891 672 κενοῦ

82 694 129 718 καὶ
162 691 315 721 ἀλαζονείας
355 691 554 727 ὑπεπλήσοημεν
597 693 777 727 τυφωοέντες,
812 691 890 727 ἐμπί-

83 746 181 773 πτομιν
198 737 256 771 (74)
270 735 305 766 εἰς
328 736 440 772 ἄφυκτον
465 739 547 772 χρῖμα
569 739 615 762 τοῦ
642 735 779 762 διαϐόλου.
798 735 888 769 Ὠστε,

83 781 106 808 εἰ
139 782 196 817 μὲν,
229 780 311 811 οὕτως
343 781 411 816 ἔχων
444 778 564 812 διανοίας
595 783 651 818 περὶ
683 782 767 816 ἡμῶν,
787 782 890 812 τούτοις

83 825 195 863 ἐχρήσω
217 829 272 856 τοῖς
287 825 413 862 ῥήμασιν,
429 823 502 856 εὖξαι
523 828 612 861 φυγεῖν
643 827 710 861 ἡμᾶς
737 827 784 854 τὴν
808 835 888 854 πονη-

950 244 1022 279 quia
1036 246 1137 272 tamen
1155 244 1222 281 plus
1237 244 1331 280 duplo
1341 243 1468 272 modum
1483 243 1776 280 excedit,utrumque

949 288 1087 317 ordinem
1103 289 1242 325 explebit.
1259 289 1346 316 Vides
1360 288 1464 324 qualia
1477 296 1533 316 nos
1547 288 1680 316 cavillari
1689 291 1777 324 cogat

949 332 1067 361 otium?
1090 335 1131 361 Tu
1144 341 1214 361 vero
1230 333 1342 366 desine,
1360 341 1378 361 ο
1392 333 1438 360 vir
1452 332 1574 368 optime,
1590 333 1696 369 paucis
1711 341 1776 362 ver-

948 377 995 405 bis
1007 386 1119 413 magna
1132 378 1269 411 crimina,
1282 385 1410 414 quaeque
1420 377 1553 413 nequitia.
1564 378 1700 414 superari
1711 385 1774 407 non

948 422 1076 458 pessint,
1090 422 1285 450 inferre.Nam
1297 422 1463 450 amicorum
1478 421 1590 449 oblivio
1603 425 1632 450 et
1643 425 1775 451 contem-

948 469 1017 502 ptus
1040 475 1077 495 ex
1091 469 1238 504 potestate
1253 469 1345 500 ortus,
1360 466 1464 494 omnia
1487 466 1577 494 simul
1595 466 1677 495 mala
1689 475 1773 495 com-

947 511 1126 548 plectuntur.
1141 512 1206 540 sive
1229 512 1310 540 enim
1334 511 1503 539 secundum
1526 511 1642 539 Domini
1661 519 1773 547 praece-

947 561 1033 593 ptum
1048 566 1108 586 non
1124 558 1390 593 diligimus,neque
1398 557 1488 585 etiam
1501 557 1674 593 impositam
1682 557 1772 585 nobis

946 605 1051 630 notam
1067 605 1095 630 et
1110 603 1313 630 characterem
1324 602 1497 630 retinemus.
1515 601 1581 630 Sive
1597 601 1678 630 factu
1690 602 1772 630 inani

946 651 975 676 et
987 649 1160 684 arrogantia
1182 648 1335 684 replemur
1360 647 1464 681 inﬂati,
1479 647 1640 675 incidimus
1656 647 1688 675 in
1707 647 1771 676 dia.-

945 693 1007 721 boli
1023 693 1170 728 judicium
1195 692 1397 720 ineluctabile.
1413 693 1511 724 Quare
1531 692 1555 719 si
1576 691 1614 720 de
1627 691 1716 719 nobis
1730 692 1772 720 ita

945 738 1087 772 sentiens,
1103 738 1151 765 his
1166 737 1263 765 verbis
1279 745 1351 764 usus
1365 745 1416 769 es;
1438 744 1560 773 precare
1576 739 1606 764 ut
1627 737 1772 772 improbi-

945 785 1047 816 tatem,
1058 791 1152 820 quam
1181 783 1211 810 in
1239 783 1348 810 nostris
1377 782 1513 810 moribus
1534 782 1770 818 deprehendisti,

945 828 1117 863 fugiamus;
1134 828 1179 855 sin
1195 831 1296 856 autem
1319 827 1534 855 consuetudine
1561 827 1697 863 quadam
1725 827 1769 855 in-

82 870 198 908 ρίαν,ἣν
228 869 324 906 ἐξεῦρες
348 869 510 905 ἠμῶνὶντῷ
534 872 631 906 τροπῳ·
660 870 681 896 εἰ
710 869 739 896 δὲ
764 871 888 906 συνηθείᾳ

950 873 1134 901 :onsiderata
1144 873 1183 900 ad
1200 872 1255 900 has
1265 880 1355 900 voces
1371 872 1491 900 devenit
1504 871 1618 907 lingua,
1634 879 1690 900 nos
1712 872 1770 908 ipsi

83 917 136 940 τινὶ
158 913 319 949 άνεξετάστῳ
345 913 388 940 ἐπὶ
417 918 466 940 τῶν
491 914 615 951 ῥημάτων
639 914 743 943 ἦλθενή
773 914 886 950 γλῶττα,

86 959 193 988 ἑαυτοὺς
220 958 476 995 παραμυθησόμεθα,
487 961 532 984 καὶ
567 961 614 987 τὴν
643 961 691 987 σὴν
714 962 889 996 χρηστότητα

85 1004 136 1033 τὰς
151 1004 179 1029 ἑκ
198 1007 246 1029 τῶν
269 1004 429 1040 πραγμάτων
456 1005 604 1040 μαρτυρίας
627 1004 779 1040 προσθεῖναι
803 1014 888 1041 παρα-

85 1047 222 1084 καλοῦμεν.
240 1047 335 1074 Ἐκεῖνο
354 1049 405 1085 γὰρ
430 1045 456 1074 εὖ
472 1049 528 1074 ῖσθι
542 1068 548 1081 ,
564 1048 604 1074 ὁτι
619 1049 633 1077 ἡ
650 1052 772 1084 παροῦσα
786 1052 889 1086 φροντὶς

85 1096 262 1123 ταπεινώσεως
291 1093 352 1128 ἡμῖν
380 1094 483 1128 γέγοναν
507 1092 609 1130 ἀφορμή
625 1114 631 1120 .
655 1093 735 1120 Ὠστι
758 1098 805 1120 σου
832 1097 889 1120 τότε

85 1137 273 1173 ἄπιλησόμεθα,
288 1138 348 1163 ὃταν
371 1140 416 1163 καὶ
443 1137 552 1168 ἑαυτοὺς
578 1138 822 1174 άγνοὴσωμεν(75).
844 1141 887 1168 Μὴ

84 1184 168 1209 τοίνυν
180 1183 244 1208 ποτε
257 1183 303 1213 τὰς
318 1181 447 1218 ἀσχολίας
475 1185 582 1218 σημεῖον
604 1185 702 1220 τρόπου
726 1185 771 1209 καί
794 1193 889 1212 κακοη-

85 1227 152 1258 θείας
164 1229 277 1263 ποιήσῃ.

364 1293 534 1317 ΕΠΙΣΤΟΛΠ
554 1290 614 1317 ΝΖ’.

944 917 1180 950 consolabimur,
1197 919 1342 952 tuamque
1352 916 1615 951 benignitatem,ut
1629 925 1665 944 ex
1684 917 1770 945 factis

943 962 1114 990 testimonia
1140 961 1282 997 proferat,
1297 969 1454 995 rogamus.
1475 961 1550 988 illud
1573 961 1654 988 enim
1674 961 1769 997 probe

942 1007 1031 1040 scias,
1059 1007 1137 1034 hanc
1162 1006 1403 1038 sollicitudinem,
1416 1013 1478 1041 qua
1505 1013 1587 1034 nunc
1614 1005 1768 1041 distringi-

942 1060 1022 1087 mur,
1036 1052 1226 1080 occasionem
1249 1051 1338 1079 nobis
1353 1051 1465 1079 factam
1488 1059 1555 1079 esse
1574 1051 1762 1080 humilitatis.

943 1098 1132 1133 Quapropter
1146 1096 1188 1124 tui
1203 1099 1273 1124 tunc
1284 1095 1579 1129 obliviscemur,cum
1594 1098 1622 1124 et
1633 1097 1769 1124 nosmet-

943 1142 1027 1178 ipsos
1055 1142 1138 1177 151
1163 1141 1380 1176 ignorabimus.
1398 1141 1476 1168 Cave
1488 1140 1588 1175 igitur,
1605 1141 1769 1177 nequando

944 1186 1064 1222 negotia
1077 1185 1188 1214 indolis
1203 1193 1239 1213 ac
1255 1193 1374 1214 morum
1389 1184 1540 1213 malorum
1548 1184 1694 1213 indicium
1704 1192 1771 1213 esse

944 1231 1051 1259 ducas.

1219 1292 1390 1320 EPISTULA
1409 1292 1497 1320 LVll'.

86 1339 240 1377 ueletiam
262 1338 404 1377 hortatur
420 1340 550 1377 Basilius
564 1342 595 1367 ut
610 1340 718 1374 sapius
737 1341 859 1376 scribat,
875 1344 903 1370 et
919 1342 949 1370 in
960 1341 1077 1377 magnis
1092 1341 1234 1368 molestiis
1255 1344 1421 1369 versantem
1438 1341 1617 1369 consoletur.
1636 1341 1724 1377 Optat
1741 1344 1773 1369 ut

122 1375 179 1403 sibi
193 1375 283 1412 illam
295 1375 460 1411 aliquando
474 1375 574 1412 videre
586 1377 739 1412 contingat
749 1385 756 1410 ;
763 1377 889 1412 jamque
901 1378 971 1406 huic
982 1375 1143 1412 cupiditati
1157 1376 1376 1412 obsequeretur,
1388 1377 1448 1404 nisi
1457 1377 1571 1411 fratres
1579 1375 1774 1406 retinuissent

123 1412 213 1440 certis
226 1411 264 1439 de
278 1411 388 1446 causis,
402 1419 475 1447 quas
495 1411 715 1447 Theophrastus
729 1411 880 1441 narrabit.

233 1459 347 1497 Μελετίῳ
361 1459 565 1496 (76),ἔπισχόπῳ
575 1460 749 1497 Ἀντιοχείας.

123 1515 154 1540 Εἴ
177 1523 233 1545 πως
265 1513 363 1549 ἐγένετο
397 1516 502 1552 φανερὸν
536 1518 567 1551 τῇ
587 1514 734 1552 ,θεοσεϐείᾳ
768 1525 815 1542 σον
843 1519 891 1553 τῇς

88 1559 249 1595 εὐφροσύνης
271 1560 301 1586 τὸ
332 1552 447 1596 μέγεθος,
476 1561 507 1589 ἤν
537 1558 649 1596 ἕμποιεῑς
665 1560 722 1597 (77)
742 1561 804 1597 ἡμῖν
831 1562 892 1587 ὁσά-

86 1613 130 1633 κις
153 1604 183 1630 ἄν
209 1602 372 1640 ἔπιστέλλῃς,
399 1601 523 1635 οἶδα,ὃτι
551 1604 598 1630 οὐκ
622 1605 652 1630 οἷν
685 1614 747 1630 ποτε
772 1614 892 1642 παραπε-

88 1651 187 1674 σοῦσαν
220 1650 380 1685 γραμμάτων
412 1650 541 1685 πρόφασιν
572 1649 720 1686 ὑπερέϐης·
752 1648 816 1675 ἀλλὰ
848 1652 893 1675 καὶ

86 1691 230 1724 ἇπενόησας
254 1693 284 1719 οἷν
308 1692 403 1724 πολλὰς
428 1694 491 1730 ἡμῖν
514 1697 596 1720 ποιεῖν
620 1693 743 1720 ἑκάστοτε
768 1694 814 1724 τὰς
840 1693 893 1720 ἐπι-

88 1737 192 1773 στολὰς,
208 1739 342 1774 γνωρίζων
366 1739 410 1764 τὸν
435 1737 476 1764 ἰπὶ
502 1742 533 1775 τῇ
560 1737 705 1764 ἀναπαύσει
728 1742 778 1764 τῶν
805 1738 893 1765 θλιϐο-

85 1783 169 1820 μέιων
187 1783 245 1818 (78)
270 1783 343 1820 παρὰ
361 1786 407 1809 τοῦ
431 1782 612 1820 φιλανθρώπου
643 1785 773 1810 Δεσπότον
797 1784 893 1820 μισθὸν

87 1826 266 1865 ἀποκείμενον.
287 1828 381 1855 Πάνπα
403 1829 452 1865 γὰρ
484 1826 578 1858 ὀδύνης
603 1829 636 1855 τὰ
665 1827 730 1865 τῇδε
757 1828 893 1866 πεπλὴρω-

86 1882 142 1907 ται,
165 1874 210 1898 καὶ
231 1874 297 1909 μόνη
322 1874 385 1909 ἡμῖν
411 1872 480 1899 ἐστιν
504 1872 657 1910 ἀποστροφὴ
681 1877 731 1899 τῶν
759 1871 848 1900 δεινῶν
876 1874 891 1903 ἡ

86 1922 134 1948 τῆς
164 1922 211 1948 τῆς
238 1918 376 1948 ὁσιότητος
415 1918 519 1944 ἔννοια·
551 1918 581 1947 ἦν
615 1917 801 1955 ἑναργοστέραν
831 1919 893 1955 ἡμῖν

86 1961 191 1999 ἓμποιεῑ
204 1964 218 1992 ἠ
248 1960 296 1989 διὰ
317 1966 367 1988 τῶν
382 1963 472 1994 πσάης
492 1965 582 1999 σοφίας
596 1965 640 1989 καὶ
661 1964 774 2000 χάριτος
792 1963 893 1993 πεπλη-

85 2009 207 2044 ρωμένων
235 2007 397 2045 γραμμάτων
431 2017 478 2034 σου
510 2007 610 2044 ὁμιλία.
635 2005 726 2043 Ὥστε,
757 2009 816 2034 ὅταν
850 2008 894 2034 λά-

85 2052 172 2088 ϐωμεν
199 2051 235 2083 εἰς
261 2056 352 2090 χεῖρας
379 2054 427 2081 τὴν
450 2051 588 2081 επιστολὴν
619 2062 685 2088 ιιόυ²
710 2056 812 2090 πρῶτον
848 2052 893 2088 μεν

85 2100 116 2125 τό
150 2099 243 2134 μέτρον
273 2097 353 2128 αὐτῆς
384 2098 586 2134 ἐπισκοποῦμεν,
615 2100 660 2124 καὶ
690 2102 813 2124 τοσοῦτον
849 2097 893 2124 αὐ-

86 2145 136 2172 τὴν
163 2142 430 2179 ὰγαπῶμεν,ὅσῳπιρ
459 2142 490 2168 ἆν
517 2143 660 2180 περισσεύῃ
676 2142 736 2178 (79)
765 2147 801 2178 τῷ
828 2142 891 2172 πλή-

87 2188 128 2214 Ou
144 2195 151 2202 '
168 2188 264 2221 ἔπειτα,
295 2185 443 2220 διεξιόντες,
458 2191 494 2224 τῷ
525 2189 570 2223 μὶν
600 2186 639 2214 ἀεὶ
661 2188 892 2225 προστυγχάνοντι

86 2236 136 2259 τοῦ
165 2231 243 2268 λόγου
274 2234 411 2269 χαίρομεν·
444 2236 480 2268 τῷ
516 2231 583 2258 τέλιι
615 2229 645 2257 δὲ
677 2236 723 2262 τῆς
754 2231 893 2262 ἐπιστολῆς

87 2277 330 2315 προσεγγίξοντες,
364 2275 595 2315 δυσχεραίνομεν.
629 2276 705 2302 Οὕτω
734 2279 785 2303 πᾶν
811 2276 824 2302 ὁ
854 2286 893 2303 τι-

125 2340 184 2377 (Ἠ)
205 2342 254 2378 Καὶ
263 2341 314 2378 γὰρ
339 2339 440 2378 tingat.
455 2339 534 2378 Harl.
550 2342 595 2366 καὶ
617 2341 670 2378 γὰρ
686 2341 741 2378 ’θεαὶ
756 2340 784 2368 ἡ.
795 2341 859 2378 Yat.
871 2340 893 2366 εἰ

85 2377 140 2414 γᾲρ
152 2375 249 2414 xaris.
267 2375 331 2414 Duo
345 2375 395 2404 alii
408 2377 454 2402 καὶ
478 2377 530 2413 γὰρ
545 2378 590 2402 καὶ
603 2375 633 2404 ei.
650 2375 764 2404 Ibidem
777 2375 848 2404 editi
862 2377 892 2402 τὸ

86 2412 176 2441 «How.
193 2413 260 2440 Mss.
276 2412 352 2440 utin
367 2413 460 2440 textu.

125 2447 340 2485 (72)]Εχατέραν
367 2450 414 2476 τήν
450 2447 522 2479 τάξιν
539 2447 650 2485 ,λ-Εςίἱῖἱ
681 2447 804 2483 ἑκατέρων
829 2450 892 2485 ητῆν

88 2483 176 2515 ἀξία-ι.
192 2483 310 2519 Legitur
324 2484 355 2511 in
366 2485 481 2519 septem
497 2483 651 2511 codicibus
661 2491 728 2511 mss.
741 2486 788 2512 τήν
801 2483 886 2514 τάξιν.

86 2519 147 2556 sed
163 2527 268 2548 vocem
281 2519 410 2556 ἑκατέραν,
426 2519 645 2556 qumAmaxime
660 2527 829 2556 necessaria
848 2521 892 2547 est

87 2545 329 2595 ia‘s‘esiéaap;
337 2591 345 2595 _
352 2545 627 2595 ὶΙιυὲιξᾷᾗίξέῌζίΗ
722 2545 728 2546 ⁷
734 2545 892 2595 pansas;

86 2591 268 2628 reperimus.
284 2591 398 2619 Ibidem
413 2590 485 2619 editi
500 2591 562 2628 ὁρᾷς
575 2591 654 2622 ὃπως.
668 2590 802 2627 Plerique
818 2599 890 2618 mss.

86 2626 133 2655 ut'
142 2626 173 2655 in
187 2629 279 2655 textu.

124 2663 184 2698 (73)
202 2662 328 2698 Ἐπάγων.
345 2663 426 2690 Hanc
441 2669 548 2690 vocem
562 2661 735 2691 addidimus
749 2669 785 2689 ex
801 2662 890 2694 Harl.,

87 2698 164 2727 Med.
186 2700 215 2727 et
225 2698 365 2735 Clarom.,
381 2701 411 2735 et
420 2698 588 2735 delevimus
602 2698 730 2726 verbum
743 2701 892 2735 παρεχόμε-

87 2744 141 2767 νος,
156 2734 240 2770 quod
255 2736 318 2762 erat
333 2734 363 2762 in
378 2734 464 2762 editis
478 2736 546 2770 post
557 2736 661 2760 κακίαν.

123 2768 184 2806 (ΜΤ)
206 2770 390 2806 Ἐμπίπτομεν.
406 2771 449 2799 lta.
476 2768 550 2798 inss.
576 2770 721 2806 quinque.
751 2769 827 2797 Editi
855 2768 895 2795 ἐκ·

89 2808 230 2843 πίπτομεν,

1123 1462 1252 1496 Meletio,
1269 1462 1401 1496 episcopo
1414 1461 1593 1491 Antiochiae.

984 1516 1013 1545 Si
1023 1524 1084 1554 quo
1099 1515 1193 1544 modo
1212 1520 1284 1544 nota
1305 1515 1389 1544 ﬁeret
1403 1515 1578 1555 pietatiture
1596 1516 1774 1552 magnitudo

946 1561 1064 1597 laetitiae,
1080 1569 1174 1598 quam
1184 1560 1257 1589 mihi
1273 1560 1372 1595 atfers,
1393 1561 1643 1598 quotiescumque
1657 1561 1773 1595 scribis,

948 1607 1009 1635 scio
1022 1609 1049 1635 te
1062 1614 1220 1642 nunquam
1247 1605 1382 1637 oblatam
1409 1606 1559 1634 scribendi
1583 1607 1775 1635 occasionem

947 1651 1220 1688 praetermissurum
1241 1650 1354 1685 fuisse;
1373 1650 1427 1679 sed
1451 1652 1479 1679 et
1502 1651 1639 1680 consulto
1663 1651 1774 1681 multas

947 1696 1035 1724 nobis
1051 1695 1180 1724 subinde
1200 1695 1341 1732 epistolas
1356 1695 1516 1730 facturum,
1528 1704 1598 1724 cum
1610 1705 1672 1725 non
1687 1697 1775 1732 igno-

946 1749 993 1769 res
1009 1740 1180 1769 mercedem
1205 1739 1404 1768 consolationi
1418 1740 1599 1770 afﬂictorum
1610 1749 1628 1769 a
1642 1741 1775 1777 benigno

947 1785 1007 1814 Deo
1021 1785 1307 1822 repositam.0mnia
1319 1785 1401 1813 enim
1413 1785 1462 1813 hic
1477 1785 1580 1814 dolore
1595 1786 1684 1823 plena
1695 1789 1774 1823 sunt,

948 1838 983 1858 ac
1008 1838 1070 1858 una
1097 1830 1186 1858 nobis
1212 1831 1256 1858 est
1275 1831 1410 1858 avocatio
1430 1830 1591 1867 malorum,
1609 1831 1775 1860 sanctitatis

949 1878 1005 1903 tuae
1020 1875 1179 1909 cogitatio;
1196 1882 1290 1910 quam
1313 1874 1548 1903 manifestiorem
1573 1875 1662 1903 nobis
1686 1875 1775 1904 efﬁcit

947 1922 1033 1949 tuum
1048 1928 1101 1956 per
1114 1919 1226 1948 litteras
1239 1919 1323 1947 omni
1338 1920 1485 1956 sapientia
1497 1928 1532 1948 ac
1543 1920 1640 1956 gratia
1650 1920 1774 1949 refertas

948 1965 1141 2001 colloquium.
1156 1965 1252 1997 Quare
1264 1972 1333 1992 cum
1348 1964 1506 2001 epistolam
1520 1967 1603 1994 tuam
1617 1965 1648 1993 in
1664 1973 1775 1994 manus

948 2010 1109 2043 sumimus,
1125 2009 1257 2046 primum
1275 2009 1399 2045 quidem
1425 2009 1551 2038 modum
1566 2010 1662 2047 ipsius
1677 2010 1774 2039 intue-

947 2063 1026 2088 mur,
1046 2062 1175 2090 eamque
1201 2056 1316 2082 tantum
1342 2054 1505 2090 diligimus,
1517 2057 1632 2092 quanto
1653 2055 1775 2084 uberior

948 2099 1035 2127 fuerit
1050 2107 1085 2127 ac
1108 2098 1276 2134 copiosior:
1293 2099 1401 2127 deinde
1426 2099 1559 2135 legentes
1576 2108 1696 2136 semper
1706 2100 1773 2137 qui-

947 2144 1018 2172 dem
1033 2145 1207 2171 occurrente
1217 2143 1352 2171 Oratione
1360 2143 1544 2172 delectamur
1556 2153 1562 2172 :
1575 2145 1628 2172 lini
1642 2153 1713 2173 vero
1722 2154 1774 2182 ap-

948 2189 1196 2225 propinquantes,
1210 2187 1360 2216 afﬁcimur
1368 2188 1518 2222 molestia;
1533 2188 1610 2216 adeo
1623 2188 1773 2224 quidquid

946 2233 1057 2261 dixeris
1069 2233 1100 2260 in
1114 2232 1345 2266 litteris,bonum
1358 2234 1490 2260 est.Nam
1502 2233 1618 2261 bonum
1629 2235 1675 2260 est
1688 2232 1774 2268 quod

947 2286 965 2307 a
974 2278 1057 2306 bono
1071 2277 1160 2305 corde
1175 2276 1336 2305 redundat.
1348 2276 1434 2310 Quod
1449 2276 1474 2304 si
1486 2276 1574 2305 nobis
1587 2277 1774 2312 contingeret

994 2340 1044 2376 75)
1059 2339 1248 2375 Ἀγνοήσωμεν.
1274 2340 1352 2368 Μὴ...
1366 2340 1477 2376 ποιήσῃ.
1489 2339 1532 2368 lla
1546 2339 1682 2376 plerique
1697 2348 1770 2369 mss.

946 2375 1020 2404 Editi
1035 2374 1205 2411 ἀγνοήσομεν,
1222 2376 1301 2404 Μὴ...
1316 2377 1438 2403 ποίησαι.

983 2411 1038 2447 (76)
1055 2410 1181 2446 Μελετίῲ.
1197 2410 1310 2447 Titulus
1336 2411 1428 2447 hujus
1454 2411 1584 2447 epistolae
1600 2413 1629 2439 et
1643 2411 1772 2440 aliarum

946 2446 1099 2484 deinceps,
1112 2455 1180 2483 quas
1191 2446 1228 2474 ad
1245 2446 1391 2484 Meletium
1403 2446 1513 2483 scripta
1526 2450 1605 2484 sunt,
1617 2456 1654 2475 ex
1669 2448 1773 2476 codice

946 2483 1105 2511 Harlaeano
1132 2486 1270 2518 sumptus
1287 2486 1341 2516 est,
1357 2483 1388 2510 in
1402 2491 1464 2519 quo
1479 2483 1607 2518 epistola
1622 2486 1683 2517 213,
1697 2484 1772 2511 alias

946 2521 1008 2552 272,
1026 2519 1068 2546 sic
1098 2518 1278 2546 inscribitur.
1294 2520 1326 2546 1n
1355 2518 1421 2546 aliis
1449 2519 1604 2547 codicibus
1626 2519 1773 2547 omittitur

945 2563 1005 2583 vox
1020 2555 1193 2590 Ἀντιοχείας.

982 2591 1039 2627 (77)
1058 2589 1110 2616 Ἢν
1135 2590 1256 2626 ἐμποιεῖς.
1274 2591 1338 2618 Duo
1364 2598 1436 2618 mss.
1463 2589 1643 2619 recentiores
1672 2590 1704 2620 ἧς
1729 2589 1772 2626 ἐμ-

946 2635 1037 2656 ποιεις,

954 2661 1229 2715 1(’78)Θλιϐομένωνι
1258 2663 1326 2690 Tres
1363 2661 1482 2691 codices
1509 2660 1689 2689 recentiores
1720 2661 1772 2688 θλί-

946 2707 1014 2724 ψεων
1019 2719 1024 2724 .

951 2709 1217 2771 Υῗςόλλῐῖιερισσεύῃ.
1239 2735 1282 2762 Ita
1309 2733 1398 2766 Harl.,
1417 2733 1502 2761 Coisl.
1519 2732 1635 2769 primus
1663 2735 1691 2762 et
1713 2736 1774 2763 tres

947 2768 997 2797 alii
1012 2768 1086 2797 Editi
1095 2768 1257 2805 περισσεύει.

983 2805 994 2816 ·
1013 2805 1092 2833 Alias
1108 2806 1172 2833 LVI.
1188 2806 1302 2842 Scripta
1314 2813 1396 2836 anno
1409 2807 1470 2834 371.
