1998 3145
66 149 123 178 437

567 146 817 178 EPlSTOLARUM
837 145 980 175 CLASSIS
1001 146 1036 175 Il.
1056 147 1162 176 EPIST.
1182 146 1273 178 LXXI.

1699 147 1753 176 438

66 212 133 248 οἰρτι
159 209 316 248 παρακύψαι
344 209 556 248 φιλοτιμούμενος
580 213 646 248 πρὸς
673 213 716 238 τὸν
743 209 801 247 βίον
822 213 871 236 τῶν

932 208 958 237 si
971 208 1029 243 ille,
1043 208 1095 246 qui
1110 217 1190 238 nunc
1206 208 1339 246 primum
1362 215 1428 236 sese
1443 207 1482 236 ad
1501 207 1595 236 vitam
1613 208 1753 238 Christia-

64 259 248 293 Χριστιανῶν,
268 253 325 281 εἶτα
347 255 458 292 οἰόμενος
485 255 555 291 αὐτῷ
582 257 727 293 σεμνότητά
750 265 808 282 τινα
828 256 873 291 φέ-

63 309 123 337 ρειν
139 301 168 326 τὸ
183 300 246 336 ἡμῖν
268 300 502 337 συνανατρίϐεσθαι
514 311 520 317 ·
535 301 552 326 ἆ
564 310 591 327 τι
610 301 657 327 οὐκ
678 303 776 331 ἢκουσε
789 309 873 326 κατα-

66 345 204 378 σκευάζιι,
233 346 278 370 καὶ
304 345 322 371 ἂ
348 347 383 381 μή
419 343 522 374 imas»
555 344 695 381 ἐξηγεῖται,
723 346 872 382 θαυμαστὸν

66 388 157 417 οὐδέν.
184 389 253 416 ’Λλλ’
284 389 363 416 ἐκεῖνο
393 390 544 426 θαυμαστὸν
570 393 614 417 καὶ
640 389 798 429 παράδοξον,
833 391 873 416 ὃτι

64 436 167 461 τούτων
195 433 327 470 ἀκροατὰς
355 436 411 470 ἔχει
438 436 496 466 τοὺς
524 437 719 471 γνησιωτάτους
747 445 791 472 μοι
821 439 871 461 τῶν

64 479 131 517 παρ’
155 479 216 515 ὑμῖν
241 477 376 515 ἀδελφῶν·
401 481 446 505 καὶ
472 479 518 506 οὐκ
543 479 671 517 ἀκροατὰς
694 483 782 517 μόνον,
808 479 872 505 ἀλλά

65 526 113 550 καὶ
138 524 267 560 μαθητὰς,
292 525 326 554 ὡς
350 525 440 552 ἔοικεν.
457 526 487 551 Εἴ
504 533 534 560 γε
552 527 597 551 καὶ
620 524 700 555 ἄλλως
726 525 757 554 ἦν
782 533 870 562 παρα-

65 566 148 599 δοζον
166 572 284 594 τοιοῦτον
303 570 348 604 μὲν
371 567 435 594 εἶναι
453 571 497 595 τὸν
522 567 686 596 διδάσκοντα
698 571 765 605 (85),
782 568 824 605 ἐμὲ
840 567 870 594 δὲ

62 615 108 638 τόν
125 611 326 649 διοιστιρόμενον⁵
345 611 398 638 ἀλλ’
415 611 458 639 οὖν
473 617 522 639 τῶν
544 618 641 650 καιρῶν
663 614 677 642 ἡ
698 615 866 650 καταστροφὴ

64 655 223 683 ἐπαίδευσεν
257 657 327 693 ἡμᾶς
359 658 423 694 πρὸς
456 655 539 694 μηδὲν
564 656 753 686 δυσκολαίνειν.
782 656 867 684 Πάλαι

63 703 115 737 γὰρ
141 702 174 727 τα
197 702 295 728 τούτων
320 700 462 738 ἀτιμότερα
493 703 589 732 συνήθη
619 703 682 739 ἡμῖν
709 704 796 739 γέγονε
820 699 867 728 διὰ

64 747 110 776 τὰς
130 745 262 784 ἁμαρτίας
280 747 364 783 ἡμῶν.
389 746 454 782 Ἐγὼ
477 749 570 781 τοίνυν,
587 747 608 773 εὶ
623 748 667 784 μὶν
691 744 793 773 οὐδέπω
812 749 866 778 τοῖς

65 789 147 817 αὑτοῦ
172 789 294 827 ἀδελφοῖς
314 788 420 818 δέδωκα
438 795 527 830 πεῖραν
542 796 590 823 τῆς
611 790 724 828 ἇμαυτοῦ
745 793 805 830 περὶ
823 792 866 818 τὸν
882 779 902 807 Β

67 836 133 862 Θιὸν
157 834 280 872 αἱρέσεως
294 835 360 871 (86),
377 834 438 862 οὑδὶ
462 839 506 862 νῦν
528 837 582 872 ἔχω
605 846 631 863 τι
655 835 846 873 ἀποκρίνασθαι
860 846 866 853 ·

66 878 109 910 οὓς
136 879 187 917 γὰρ
218 881 266 906 οὐκ
296 881 393 906 ἔπεισεν
423 881 436 906 ὁ
464 882 563 918 μακρὸς
591 883 697 919 χρόνος,
723 885 774 912 πῶς
801 890 870 917 συμ-

66 926 155 951 πείσει
171 923 292 954 ἐπιστολὴ
315 923 451 962 βραχιῖα;
474 925 495 951 εἰ
520 923 549 952 δὲ
573 924 655 952 ἐκεῖνα
679 925 809 963 αὐτάρκη,
823 925 870 955 λῆ-

63 977 113 1007 ροι
139 969 334 1007 νομιζὲο-θωσαν
349 969 382 996 τὰ
395 971 468 1007 παρὰ
495 973 544 996 τῶν
574 968 775 1000 διαϐαλλόντων.
801 969 872 1000 Πλὴν

64 1023 97 1050 γε
122 1014 173 1050 ὅτι,
195 1014 237 1040 ἐὰν
258 1012 434 1051 ἕπιτρέψωμεν
459 1016 588 1051 στόμασιν
613 1014 803 1052 ἀχαλινώτοις,
828 1017 873 1041 καὶ

64 1056 195 1096 καρδίαις
226 1056 396 1090 ἀπαιδεύτοις
426 1057 510 1086 λαλεῖν
543 1061 602 1096 περὶ
628 1060 662 1086 ὧν
692 1059 722 1086 ἂν
741 1059 872 1095 ἐθέλωσιν,

63 1105 111 1129 καὶ
130 1103 224 1140 ἕτοιμα
237 1103 337 1140 ἔχωμεν
360 1105 426 1141 πρὸς
444 1101 585 1140 ὑποδοχὴν
603 1105 636 1131 τὰ
655 1103 719 1139 ὦτα,
743 1103 772 1131 οὗ
796 1107 873 1141 μόνον

63 1147 143 1184 ipsi;
168 1148 203 1174 τὰ
228 1151 277 1174 τῶν
304 1147 386 1174 ἄλλων
408 1146 620 1186 παραδεξόμεθα,
636 1148 702 1176 ἀλλὰ
725 1151 770 1176 καὶ
794 1150 873 1188 ἕτεροι

63 1193 100 1219 τὰ
114 1193 239 1230 ἡμέτερα.

102 1238 128 1265 2.
148 1238 253 1264 Τούτων
278 1234 308 1264 δε
331 1237 412 1264 αῖτιον
437 1235 525 1274 ἐκεῦνο,
548 1236 560 1264 ὁ
585 1237 665 1265 παλάι
689 1239 734 1275 μὲν
755 1240 872 1276 παρεκα-

63 1279 129 1308 λουν
157 1282 193 1319 μή
221 1283 352 1318 γίνεσθαι,
380 1286 424 1308 νῦν
451 1280 480 1309 δὲ
507 1282 688 1321 ἀπαγορεύσας
715 1289 816 1320 σιωπῶ,
843 1283 872 1309 τὸ

65 1328 104 1363 μὴ
129 1326 322 1363 συντυγχάνειν
346 1327 412 1364 ἡμᾶς
441 1325 570 1359 ἀλλήλοις.
597 1327 628 1354 Ei
653 1329 704 1366 γὰρ
731 1329 799 1354 κατὰ
827 1327 872 1359 τὰς

70 1370 187 1407 ἀρχαίας
215 1371 358 1407 συνθήκας,
391 1374 436 1399 καὶ
466 1373 534 1399 κατὰ
557 1374 604 1402 τήν
635 1372 800 1410 ὀφειλομένην
827 1377 872 1399 νῦν

68 1419 126 1446 ταῖς
153 1413 324 1447 Ἐκκλησίαις
348 1416 411 1453 παρ’
441 1416 514 1453 ἡμῶν
547 1415 703 1453 ἐπιμέλειαν,
734 1417 768 1443 τὰ
791 1416 873 1444 πολλὰ

68 1463 113 1487 τοῦ
136 1458 254 1487 ἓνιαυτοῦ
278 1460 332 1496 μετ’
356 1459 471 1490 ἀλλήλων
496 1459 633 1498 διήγομεν,
648 1461 695 1488 οὐκ
721 1461 751 1488 ἂν
772 1460 871 1488 ἑδώκα-
886 1470 908 1499 ο

67 1515 112 1541 μεν
138 1503 258 1542 πάροδον
281 1508 336 1535 τοῖς
361 1503 545 1533 διαϐάλλουσι.
567 1507 600 1532 Σὺ
619 1504 648 1532 δι
664 1506 728 1541 (87),
747 1508 767 1532 sl
787 1504 869 1543 δοκεῖ,

68 1550 174 1580 τούτους
195 1550 240 1586 μὶν
260 1550 289 1576 ἔα
309 1552 412 1587 χαίρειν
425 1559 431 1566 ·
446 1549 524 1582 αὐτὸς
548 1548 577 1577 δὲ
603 1550 788 1589 παρακλὴθητι
804 1561 872 1587 συγ-

68 1594 172 1630 κάμνιιν
194 1594 256 1631 ἡμῖν
277 1593 312 1625 εἰς
338 1595 381 1621 τὸν
405 1597 571 1632 προκείμενον
593 1594 690 1631 ἀγῶνα,
712 1598 757 1622 καὶ
779 1605 872 1622 συντυ-

68 1643 127 1676 χεῖν
162 1640 219 1675 μεθ’
246 1639 319 1675 ἡμῶν
349 1643 386 1675 τῷ
419 1640 478 1666 καθ’
510 1640 582 1676 ἡμῶν
611 1641 816 1676 στρατευομένῳ.
843 1640 873 1667 Εἰ

68 1685 119 1721 γὰρ
147 1684 229 1720 ὀφθῇς
255 1685 342 1720 μόνον,
356 1682 450 1720 ἐφέξεις
475 1684 556 1710 αὑτοῦ
571 1685 618 1714 τὴν
643 1685 736 1721 ὁρμὴν,
752 1687 796 1711 καὶ
815 1686 873 1715 τοὺς

70 1730 312 1766 συγκρατουμένους
347 1728 390 1755 ἐπὶ
422 1733 459 1764 τῷ
492 1728 728 1766 καταστρέψασθαι
760 1730 794 1756 τὰ
825 1733 873 1760 τῆς

69 1770 200 1810 πατρίδος
223 1774 368 1810 πράγματα
393 1771 536 1807 διαλύσεις,
561 1776 690 1810 γνώριμον
714 1772 802 1805 αὐτοῖς
825 1783 873 1801 κα-

68 1819 213 1852 ταστήσας,
239 1818 279 1844 ὃτι
306 1816 381 1848 οὐτός
403 1822 435 1854 τῇ
458 1821 505 1844 τοῦ
528 1821 594 1844 Θεοῦ
618 1818 712 1856 χάριτι
739 1822 785 1844 τοῦ
813 1819 872 1845 καθ’

67 1863 137 1898 ἡμᾶς
154 1861 281 1898 συλλόγου
292 1863 438 1898 κατάρχεις
448 1863 505 1898 (88)
516 1873 522 1879 '
539 1865 584 1889 καὶ
599 1862 703 1899 φράζεις
714 1865 764 1889 πᾶν
779 1860 871 1889 ἄδικον

68 1909 154 1942 στόμα
180 1911 232 1932 τῶν
256 1906 397 1933 λαλούντων
426 1907 494 1933 κατὰ
520 1911 566 1933 τοῦ
592 1911 658 1933 Θεοῦ
685 1906 801 1944 ἀνομίαν.
824 1907 870 1934 ‘Au

67 1955 152 1977 ταῦτα
176 1953 295 1987 γένηται,
326 1951 393 1977 αὑτὰ
419 1952 452 1977 τὰ
476 1951 621 1989 πράγματα
645 1950 735 1986 δείξει,
763 1954 802 1982 τίς
825 1954 870 1988 μὲν

65 1995 79 2021 ὁ
100 1995 300 2022 κατακολουθῶν
323 2003 366 2022 σοι
385 1994 428 2021 ἐπὶ
446 1996 479 2022 τὰ
501 1997 583 2029 κατὰ,
599 1997 638 2026 τις
657 1994 688 2022 δί
708 1996 721 2022 ό
747 1995 870 2032 μετοκλά-

67 2041 119 2071 ζων
142 2042 188 2066 καὶ
216 2037 364 2077 προδιδοὺς
388 2038 473 2076 δειλιᾳ
496 2042 541 2066 τόν
568 2039 645 2076 λογον
674 2044 720 2071 τῆς
738 2039 868 2071 ἀληθείας.

65 2084 126 2111 ἐὰν
139 2083 170 2111 δὲ
184 2085 217 2111 τα
230 2089 278 2116 τῆς
299 2084 456 2116 Ἐκκλησιας
473 2083 655 2122 προδιδὸμινα
671 2085 698 2122 ᾖ,
713 2085 798 2122 ὀλίγος
812 2086 869 2122 (89)

65 2138 113 2166 μοι
134 2128 210 2165 λόγος
234 2127 282 2155 διὰ
301 2129 425 2167 ῥημάτων
444 2130 541 2156 πείθειν
561 2131 621 2161 τούς
639 2131 764 2156 τοσούτου
780 2139 811 2167 με
829 2139 869 2156 τι-

68 2175 188 2210 θεμένους
210 2174 295 2209 ἄξιον,
320 2175 379 2201 ὅσον
403 2173 434 2201 ἂν
457 2177 621 2211 τιμήσωνται
645 2175 776 2212 ἄνθρωποι
797 2176 869 2202 οὔπω

66 2219 174 2250 ἑαυτοὺς
198 2223 300 2256 μετρεῖν
324 2217 523 2256 δεδιδαγμένοῖ.
538 2219 600 2246 Μετ’
622 2219 651 2246 οὐ
670 2220 735 2246 πολὺ
758 2222 819 2258 γὰρ,
835 2224 866 2257 τῇ

66 2267 116 2290 τοῦ
134 2265 198 2290 Θεοῦ
222 2265 317 2301 χάριτι
341 2262 387 2290 διὰ
410 2268 460 2290 τῶν
484 2265 564 2302 ἔργων
593 2262 727 2296 ἀπόδειξις
752 2266 796 2296 τάς
819 2274 869 2291 συ-

67 2311 209 2345 κοφαντίας
249 2308 366 2344 ἀλέγειν
400 2307 472 2336 διότι
507 2307 697 2346 προσδοκῶμεν
727 2310 790 2347 ὑπὲρ
824 2314 869 2336 τοῦ

66 2353 148 2389 λόγου
174 2357 220 2384 τῆς
244 2352 365 2385 ἀληθιίας
391 2354 465 2390 τάχα
488 2356 532 2390 μέν
561 2363 587 2380 τι
614 2356 659 2381 καὶ
686 2354 774 2390 μεῖζον
797 2356 872 2382 πεὶσε

69 2399 154 2425 σθαι’
181 2397 204 2425 εἰ
230 2395 260 2425 δι
283 2400 332 2435 μὴ,
352 2397 454 2430 πάντως
469 2408 499 2435 γε
513 2403 563 2426 τῶν
587 2397 730 2428 ἐκκλησιῶν
753 2400 798 2426 καὶ
821 2404 870 2426 τῶν

105 2461 166 2504 385‘)
184 2461 234 2488 Τὸν
255 2458 432 2504 διδάσκοντα.
456 2460 531 2490 Editi
554 2460 671 2504 addunt
690 2463 823 2494 τοιούτους
842 2459 872 2504 δξ

67 2498 131 2534 τοὺς
146 2498 328 2534 ἀνεχομένους,
343 2498 581 2534 δείπιίνιιηιίεεεει
597 2498 672 2534 tales
687 2505 747 2527 esse
761 2506 809 2526 eos
820 2500 872 2534 qui

68 2533 153 2570 hunc
167 2532 316 2570 tamam,
327 2533 384 2561 Sed
401 2532 465 2561 haec
483 2533 594 2562 desunt
617 2533 647 2562 in
663 2532 873 2570 antiquissimo

68 2568 176 2606 codice
197 2568 390 2606 Coisliniano,
413 2577 448 2606 ac
478 2571 620 2606 praeterea
643 2568 782 2606 pugnant
803 2577 873 2598 cum

68 2603 171 2633 Basilii
196 2604 360 2641 sententia,
379 2605 432 2641 qui
452 2603 548 2641 paulo
571 2603 653 2633 ante’
663 2603 737 2633 dixit
762 2605 874 2633 mirum

67 2623 552 2705 ἔᾶὶ“ἓ(ξ3ἷι“ίέἱὲέἷίιξ¹ἕὶιάῗῶῑὲέ
571 2623 873 2671 ῖιὲξετέὶῖᾉέἑὶιᾘέ

70 2684 144 2705 ει·αο
188 2684 210 2703 ω
236 2683 323 2704 voces
348 2683 419 2704 Viam
444 2678 524 2704 sunt.
542 2675 632 2704 Paulo
656 2679 725 2705 post
747 2676 818 2705 editi
838 2679 872 2705 μὴ

70 2684 144 2711 ergo
159 2675 210 2713 his
236 2683 323 2713 voces
348 2675 419 2704 viam
444 2678 524 2704 sunt.
542 2675 632 2713 Paulo
656 2676 818 2713 postediti
837 2679 872 2713 μὴ

69 2709 135 2749 πρὶς
148 2709 243 2749 μηδέν.
262 2711 400 2749 Quinque
422 2713 544 2749 rpss._ut
558 2711 589 2740 in
609 2709 781 2749 textuLMox
801 2709 874 2747 legi-

72 2747 152 2776 mus
164 2748 199 2774 τά
213 2749 322 2781 τούτων,
336 2747 460 2776 articulo
475 2747 579 2776 addito
600 2754 636 2775 ex
651 2747 807 2776 codicibus
821 2749 876 2776 Me-

71 2783 180 2818 dicaao,
195 2782 378 2812 Coisliniano
391 2783 490 2819 primo
505 2785 533 2811 et
548 2783 699 2819 Vaticano.

105 2821 165 2856 (86)
186 2820 327 2856 Δὶρίσεως.
351 2818 441 2856 Πολ-1.,
460 2819 521 2848 Vat.
544 2821 574 2848 et
592 2818 669 2848 Clar.
689 2820 873 2859 προαιρέσεως.

884 2154 906 2181 D

928 262 1038 283 norum
1054 263 1206 291 emergere
1223 254 1389 291 proﬁtetur,
1403 261 1438 282 ac
1461 252 1517 281 sibi
1535 253 1644 282 honori
1664 254 1753 283 alicui

927 299 1064 328 futurum
1079 302 1173 336 putat,
1197 299 1360 328 nobiscum
1387 297 1563 332 conflictari,
1577 306 1612 327 ea
1638 298 1753 334 effingit

926 352 996 380 qua:
1024 352 1086 372 non
1110 343 1234 378 audivit,
1252 345 1279 372 et
1306 345 1410 371 narrat
1426 351 1494 380 qum
1510 350 1572 370 non
1588 342 1749 376 intellexit;

926 389 1000 417 nihil
1015 389 1137 418 mirum.
1149 388 1206 417 Sed
1221 388 1294 416 illud
1310 386 1486 416 mirandum
1506 390 1534 415 et
1557 387 1596 415 ab
1609 387 1753 424 opinione

926 433 1102 467 abhorrens,
1115 433 1198 470 quod
1211 432 1363 469 ejusmodi
1378 440 1478 460 rerum
1494 432 1646 460 auditores
1659 431 1751 461 habet

925 478 1177 513 germanissimos
1191 477 1263 506 mihi
1279 477 1362 514 apud
1380 484 1434 505 vos
1453 477 1579 511 fratres;
1596 484 1651 504 nec
1666 477 1751 505 audi-

924 525 1004 552 tores
1014 523 1119 556 modo,
1131 523 1186 551 sed
1201 525 1229 551 et
1248 521 1425 558 discipulos,
1438 524 1470 549 ut
1484 521 1608 549 videtur.
1623 521 1709 554 Quod
1725 522 1750 550 si

924 567 1038 604 alioqui
1067 568 1178 596 mirum
1200 569 1291 599 esset,
1308 566 1398 594 talem
1417 573 1482 594 esse
1502 573 1571 593 eum
1586 566 1638 602 qui
1653 566 1750 600 docet,

922 620 1031 650 meque
1042 621 1111 641 eum
1127 620 1192 640 esse
1208 612 1255 640 cui
1269 610 1463 639 maledicitur
1477 619 1482 645 ;
1496 613 1573 638 certe
1581 612 1750 646 temporum

920 657 1022 686 infelix
1046 659 1142 686 status
1167 656 1240 684 nihil
1264 664 1320 684 nes
1345 663 1424 690 aegre
1452 655 1528 683 ferre
1546 654 1658 682 docuit.
1675 656 1750 683 Nam

917 701 1105 737 jamdudum
1120 701 1251 738 majores
1262 700 1308 728 his
1322 699 1511 728 contumelia:
1524 699 1688 727 familiares
1699 707 1751 728 no-

919 746 967 774 bis
979 746 1064 774 factze
1077 748 1148 774 sunt
1157 745 1196 774 ob
1205 748 1309 774 nostra
1320 746 1453 781 peccata.
1465 745 1526 780 Ego
1540 743 1639 779 igitur,
1649 744 1672 772 si
1683 752 1752 772 nec-

922 793 995 820 dum
1004 792 1091 820 istius
1103 791 1244 820 fratribus
1259 798 1334 819 meae
1346 789 1382 818 de
1394 791 1453 818 Deo
1465 789 1620 818 sententiae
1632 789 1751 826 experi-

922 839 1059 865 mentum
1070 835 1190 871 dedi,ne
1201 843 1282 864 nunc
1294 834 1416 872 quidem
1428 833 1526 863 habeo
1533 833 1615 871 quod
1629 841 1752 871 respon-

924 881 1144 915 deam.Quibus
1156 880 1236 909 enim
1249 879 1376 915 longum
1388 882 1506 916 tempus
1516 887 1578 907 non
1589 879 1750 915 persuasit,

925 927 1080 962 quomodo
1089 924 1190 953 brevis
1201 923 1331 961 epistola
1339 923 1544 960 persuadeat?
1558 923 1607 951 Sin
1616 923 1666 952 illa
1677 924 1749 952 satis

926 972 1006 1006 sunt,
1018 978 1108 1005 nugm
1124 969 1333 998 existimentur
1350 976 1417 1005 quae
1430 967 1661 1004 proficiscuntur
1674 975 1692 996 ιι
1702 976 1750 997 ca-

926 1013 1171 1043 lumniatoribus.
1193 1013 1250 1043 Sed
1266 1015 1377 1047 tamen,
1388 1012 1412 1040 si
1426 1012 1651 1049 permiserimus
1666 1013 1749 1040 etfre-

926 1059 1005 1088 natis
1018 1058 1130 1094 linguis
1142 1061 1171 1087 et
1180 1057 1355 1094 expertibus
1368 1056 1533 1093 discipline
1549 1056 1702 1091 cordibus,
1714 1056 1752 1085 de

927 1104 1039 1141 quibus
1047 1103 1194 1132 voluerint
1206 1102 1300 1139 loqui,
1308 1109 1459 1138 auresque
1471 1101 1510 1129 ad
1522 1101 1751 1137 suscipiendum

927 1152 1050 1186 paratas
1065 1148 1280 1179 habuerimus,
1297 1154 1358 1175 non
1374 1154 1430 1174 nos
1446 1145 1545 1174 solum
1559 1153 1608 1174 res
1625 1146 1754 1175 aliorum

927 1202 1013 1222 secus
1024 1192 1217 1230 accipiemus,
1234 1191 1287 1220 sed
1299 1193 1418 1220 nostras
1433 1191 1524 1219 etiam
1540 1190 1600 1219 alii.

962 1241 992 1267 2.
1017 1237 1065 1266 His
1081 1239 1183 1266 autem
1198 1236 1273 1264 illud
1301 1235 1332 1264 in
1364 1242 1457 1264 causa
1471 1237 1525 1269 est,
1542 1234 1625 1271 quod
1636 1234 1755 1272 pridem

926 1281 1070 1311 hortabar
1082 1289 1118 1309 ne
1131 1280 1224 1315 ﬁeret,
1236 1288 1317 1308 nunc
1329 1282 1430 1308 autem
1440 1279 1576 1307 defessus
1587 1279 1661 1307 sileo
1671 1279 1755 1316 quod

927 1335 989 1356 non
1005 1334 1066 1354 una
1081 1325 1311 1354 conveniamus.
1336 1326 1409 1352 Nam
1426 1324 1451 1352 si
1467 1332 1503 1352 ex
1517 1324 1608 1352 veteri
1623 1327 1712 1360 pacto
1727 1327 1756 1352 et

926 1379 981 1409 pro
997 1370 1100 1399 debita
1115 1377 1197 1398 nunc
1210 1369 1346 1398 Ecclesiis
1363 1377 1380 1397 a
1395 1368 1486 1396 nobis
1508 1376 1591 1404 cura,
1609 1376 1756 1404 magnam

927 1416 999 1445 anni
1014 1418 1132 1453 partem
1147 1413 1238 1443 simul
1254 1413 1614 1447 traduceremus,aditum
1631 1420 1691 1442 non
1702 1413 1754 1442 de-

927 1460 1078 1490 dissemus
1101 1458 1367 1488 calumniantibus.
1391 1459 1434 1486 Tu
1457 1459 1570 1493 autem,
1586 1457 1610 1485 si
1624 1457 1752 1492 videtur,

926 1505 973 1534 his
982 1505 1106 1542 quidem
1127 1504 1193 1532 vale
1208 1503 1299 1532 dicito
1315 1511 1321 1538 ς
1338 1503 1402 1539 ipse
1417 1510 1487 1531 vero
1502 1502 1618 1530 exorari
1634 1504 1662 1531 te
1676 1502 1752 1539 sine,

927 1553 960 1580 ut
971 1551 1133 1579 nobiscum
1149 1550 1188 1578 ad
1208 1549 1399 1586 propOsitum
1419 1550 1571 1576 certamen
1593 1546 1752 1583 allabores,

927 1604 963 1625 ac
977 1595 1138 1623 nobiscum
1159 1602 1284 1622 occuras
1299 1593 1326 1621 ei
1348 1592 1401 1630 qui
1414 1592 1528 1620 bellum
1545 1591 1633 1620 nobis
1647 1592 1748 1620 infert.

927 1641 957 1669 Si
967 1640 1047 1668 enim
1063 1641 1182 1667 tantum
1196 1646 1356 1675 appareas,
1369 1637 1540 1674 supprimes
1554 1637 1650 1673 ipsius
1661 1637 1754 1673 impe-

927 1688 1001 1720 tum,
1017 1692 1140 1719 eosque,
1157 1683 1209 1720 qui
1223 1683 1262 1712 ad
1275 1683 1380 1719 patriae
1391 1689 1438 1710 res
1449 1681 1624 1710 evertendas
1635 1682 1754 1718 conspi-

926 1729 1191 1765 rant,dissipabis,
1205 1728 1254 1756 ubi
1278 1727 1352 1764 ipsis
1380 1729 1487 1755 notum
1510 1726 1615 1755 feceris
1640 1729 1678 1761 te,
1702 1726 1754 1754 Dei

927 1775 1032 1810 gratia,
1045 1777 1140 1802 cretus
1153 1773 1247 1802 nostri
1262 1773 1371 1801 ducem
1387 1780 1463 1805 esse,
1483 1780 1519 1800 ac
1539 1779 1629 1800 omne
1653 1779 1687 1800 os
1706 1771 1752 1799 lo-

926 1820 1083 1857 quentium
1098 1821 1203 1848 contra
1213 1819 1306 1846 Deum
1318 1817 1505 1854 iniquitatem
1514 1816 1752 1844 obturabisﬂsec

926 1864 951 1893 si
965 1864 1049 1900 fiant,
1065 1872 1113 1892 res
1136 1863 1203 1900 ipsa
1217 1862 1383 1891 declarabit
1403 1860 1471 1898 quis
1487 1860 1528 1889 tui
1548 1861 1585 1888 ad
1605 1860 1752 1896 praeclara

925 1908 1060 1937 facinora
1073 1910 1211 1941 sectator,
1228 1909 1256 1935 et
1276 1906 1345 1943 quis
1365 1904 1541 1933 claudicans
1565 1912 1600 1932 ac
1619 1903 1752 1931 veritatis

924 1953 1068 1981 doctrinae
1082 1952 1212 1988 ignavus
1229 1950 1374 1988 proditor.
1396 1949 1483 1982 Quod
1504 1949 1528 1976 si
1549 1957 1597 1976 res
1614 1947 1750 1976 Ecclesiae

924 1997 1051 2034 proditae
1067 1999 1145 2029 sunt,
1163 2003 1272 2032 parum
1286 1994 1362 2023 mihi
1378 2002 1456 2022 curm
1473 1994 1560 2022 fuerit
1579 2001 1631 2022 eos
1650 1992 1750 2020 verbis

924 2041 1112 2074 convincere,
1128 2040 1180 2076 qui
1203 2039 1278 2068 tanti
1301 2047 1350 2067 me
1373 2039 1497 2075 faciunt,
1520 2037 1627 2075 quanti
1651 2037 1750 2065 facere

923 2087 1042 2123 possint
1055 2085 1108 2122 qui
1130 2084 1268 2112 nondum
1291 2092 1346 2112 suo
1369 2092 1401 2112 se
1416 2083 1541 2113 modulo
1561 2082 1658 2111 metiri
1675 2081 1751 2110 didi-

925 2132 1039 2159 cerunt.
1051 2130 1207 2158 Enimvero
1216 2127 1612 2165 brevi,Deolargiente,ipsis
1621 2135 1748 2163 operum

925 2174 1101 2204 testimoniis
1114 2173 1275 2202 calumnia;
1290 2176 1465 2208 arguantur;
1475 2173 1500 2200 si
1514 2172 1637 2209 quidem
1646 2178 1750 2206 exspe-

924 2223 1041 2249 ctamus
1053 2227 1109 2256 pro
1121 2218 1251 2247 veritatis
1257 2218 1394 2246 doctrina
1401 2217 1572 2246 forteetiam
1581 2224 1638 2244 nos
1648 2216 1748 2251 majus

923 2265 1038 2301 aliquid
1053 2271 1216 2301 passuros;
1233 2263 1278 2291 sin
1305 2262 1416 2297 minus,
1433 2262 1541 2290 saltem
1563 2261 1688 2289 omnino
1712 2268 1750 2289 ex

924 2310 1056 2339 ecclesiis
1072 2312 1100 2338 et
1120 2309 1218 2346 patria
1232 2308 1362 2344 ejectum
1377 2307 1423 2335 iri.
1449 2308 1535 2343 166
1550 2306 1618 2342 Sed,
1635 2306 1660 2334 si
1674 2306 1749 2334 nihil

925 2355 1055 2384 evenerit
1067 2362 1171 2383 eorum
1186 2361 1255 2391 quin
1271 2360 1441 2390 speramus,
1462 2359 1524 2380 non
1539 2351 1645 2389 procul
1664 2351 1749 2380 abest

926 2399 1031 2429 Christi
1036 2398 1296 2436 judicium.0uare
1305 2398 1329 2425 si
1343 2404 1542 2433 congressum
1553 2396 1593 2425 ob
1606 2396 1748 2424 ecclesias

963 2464 1017 2497 (87)
1032 2464 1064 2489 Σὺ
1081 2460 1118 2490 δέ.
1141 2464 1183 2490 ita
1198 2461 1284 2494 Med.,
1300 2462 1370 2496 Reg.
1387 2460 1513 2497 primus,
1530 2461 1604 2494 Vah,
1620 2459 1747 2489 Clarom.

927 2496 1060 2527 Editi'zot
1084 2496 1123 2525 δέ.
1145 2497 1235 2534 Paulo
1246 2500 1314 2534 post
1339 2496 1410 2525 editi
1430 2500 1548 2534 παρόντα
1567 2498 1663 2534 ᾴγῶνα.
1680 2497 1748 2523 Tres

927 2533 1127 2570 antiquissimi
1138 2532 1257 2562 codices
1270 2535 1298 2560 et
1313 2534 1382 2570 lteg.
1398 2532 1561 2570 primusrut»
1574 2532 1605 2570 in
1621 2534 1712 2570 textu.

963 2567 1018 2611 (βξ)
1038 2571 1196 2614 Κατάρχεις.
1214 2571 1256 2598 ita
1276 2567 1452 2601 magum.
1469 2571 1498 2597 et
1512 2567 1600 2596 Coisl.
1613 2567 1745 2603 primus.

928 2606 1004 2634 Edill
1019 2614 1163 2634 καταρςεις,

973 2614 1004 2634 ill
1019 2614 1163 2636 καταρςεις.

966 2615 1004 2634 uu
1019 2615 1163 2642 καταρςεις,

966 2641 1143 2676 (89)’ῡλίγος.
1169 2639 1267 2677 Coisl._
1282 2640 1399 2677 primus
1431 2637 1531 2677 gadiis.
1561 2637 1655 2677 Paulo
1680 2639 1750 2674 post

929 2674 999 2705 editi
1012 2674 1143 2703 ’τοσούτου
1158 2685 1194 2702 σι.
1213 2675 1269 2705 Sed
1283 2674 1377 2704 inulto
1388 2675 1493 2703 melius
1503 2676 1532 2702 in
1548 2674 1617 2702 edit.
1635 2674 1750 2708 Hagan.

929 2716 957 2742 et
969 2712 1064 2741 tribus
1078 2712 1288 2741 vetustissimis
1308 2711 1462 2740 codicibus
1477 2713 1506 2738 et
1524 2710 1751 2745 Clarom.,quos

930 2749 1023 2777 secuti
1046 2756 1161 2776 sumus.
1178 2747 1291 2776 ibidem
1306 2747 1377 2776 editi
1396 2748 1561 2783 τιμήσονται.
1577 2746 1646 2773 Tres
1660 2752 1752 2782 supra

929 2785 1001 2815 dicti
1013 2784 1133 2814 codices
1147 2786 1180 2813 ut
1193 2784 1223 2812 in
1234 2786 1325 2812 textu.
