1998 3145
67 141 119 170 445

65 204 201 241 ἐσομένους
227 206 282 234 τοῖς
307 203 471 240 πράγμασιν,
497 203 563 230 ἀλλὰ
584 206 631 234 τὴν
655 203 684 230 ἐκ
705 207 750 234 τῆς
765 202 867 229 ἀπολεὶ-
883 202 907 229 Α

63 249 134 284 ψεως
159 247 259 285 μέμψιν
290 248 464 279 ὶκκλίνοντας.
494 250 582 276 Οἶσθα
609 250 672 286 γὰρ,
703 249 738 279 ὡς
767 247 867 275 εὔκολοι

64 296 111 330 μὲν
140 293 245 320 ἐλπίσαι
274 294 299 319 οἱ
328 293 537 329 ἀμηχανοῦντες,
566 293 664 320 εὔκολοι
694 291 723 320 δέ
750 303 801 320 που
823 295 868 318 καὶ

63 337 301 375 καταμέμψασθαι,
335 337 378 364 ἐπὶ
408 340 438 365 τὸ
472 339 580 376 παριθεν
607 338 646 365 ἀεὶ
671 339 802 376 τρέποντες
824 339 867 368 τὰς

65 393 164 415 αιτιας.

103 475 130 501 2.
149 475 238 500 Καίτοι
266 473 346 509 ἔγωγε
369 475 414 499 καὶ
435 473 514 500 αὐτοῦ
536 474 629 500 τούτου
654 482 732 500 ενεκεν
757 471 867 508 ἐδεόμην

67 527 112 544 σοι
138 518 276 552 συνελθεῖν,
297 521 341 544 καὶ
364 516 457 544 δοῦναι
471 521 574 555 γνώμην
588 527 594 534 '
615 518 710 555 μᾶλλον
731 517 760 544 δὲ
779 527 867 556 παρα-

64 563 175 589 καλέσαι
207 559 402 599 ἐνθυμηθῆναῖ
421 573 447 589 τι
481 565 596 590 νεανικὸν
632 566 677 590 καὶ
710 564 805 600 πρέπον
833 566 869 598 τῷ

65 611 178 634 σεαυτοῦ
206 610 364 644 φρονήματι,
383 611 428 634 καὶ
457 608 491 638 εἰς
513 611 575 644 γόνυ
600 608 733 635 κλιθεῖσαν
750 610 796 637 τὴν
820 617 870 633 πα-

62 651 145 689 τρίδα
168 653 241 688 ἡμῶν
261 655 296 688 μὴ
314 651 452 690 πιριιὸιῑν,
469 653 533 679 ἀλλὰ
547 652 727 680 καταλαϐόντα
740 654 769 679 τὸ
792 661 870 690 στρα-

63 694 186 729 τοπεδον,
211 696 290 723 εἰπεῖν
315 698 380 733 μετὰ
404 697 555 734 παρρησίας
586 702 634 729 τῆς
659 701 706 728 σῆς
729 700 806 733 μήτοι
830 704 872 722 νο·-

63 741 150 777 μίζειν
164 741 260 772 αὐτούς
282 740 331 768 δύο
351 743 496 772 κεκτῆσθαι
511 742 568 768 ἀντὶ
590 745 653 779 μιᾶς
667 741 809 780 ἐπαρχίας.
832 741 870 766 Οὐ

63 787 116 821 γὰρ
148 785 175 816 ἐξ
207 785 288 816 ἄλλης
323 787 394 817 τινος
430 787 584 822 οἰκουμένης
622 785 794 822 ἄπιισὴγαγον
822 787 870 814 τὴν

66 829 172 867 ἑτέραν·
203 829 267 856 ἀλλὰ
296 830 481 867 παραπλήσιόν
511 841 538 857 τι
570 834 757 864 πεποιήκασιν,
782 831 868 866 ὥσπερ

65 873 97 899 ἀν
116 875 139 900 εἰ
150 884 190 905 τις
206 875 262 910 (12)
277 876 355 901 ἵππον
371 875 386 904 ἦ
406 875 470 911 βοῦν
491 877 657 912 κεκτημένος,
674 876 728 902 εἶτα
743 873 810 911 διχῆ
829 873 870 900 δι-
886 882 906 909 Β

67 918 141 951 ελὼν,
171 917 219 944 δύο
241 919 345 955 νομίζοι
369 920 439 955 ἔχειν
466 919 517 950 ἰνὸς
546 921 622 946 οἷντι·
652 921 710 946 οὔτε
741 921 792 957 γὰρ
822 917 870 945 δύο

70 962 190 995 ἐποίησε,
215 965 314 990 καὶτὸν
343 964 386 990 ἕνα
410 962 572 1002 διέφθειριν·
600 964 679 991 εἰπεῖν
703 962 733 990 δι
753 966 872 994 καὶτοῖς

69 1005 343 1045 παραδυναστεὺονσι,
365 1011 400 1045 μὴ
423 1013 514 1035 τοῦτον
538 1009 624 1041 αὔξειν
648 1010 692 1035 τὸν
712 1010 808 1046 τρόπον
824 1010 872 1037 τὴν

69 1051 215 1088 βασιλείαν,
239 1053 268 1079 οὐ
293 1055 344 1090 γὰρ
373 1054 398 1080 ἂν
420 1053 523 1090 ἀριθμῴ
539 1055 603 1081 {wn
613 1056 661 1084 τὴν
677 1052 800 1090 δύναμιν,
816 1052 871 1079 ἀλλ’

68 1096 93 1122 ἐν
121 1101 176 1128 τοῖς
203 1099 373 1135 πράγμασιν
400 1098 455 1125 επεὶ
481 1103 525 1125 νῦν
538 1109 567 1135 γε
590 1099 725 1136 ἡγούμεθα
748 1100 810 1129 τοὺς
824 1099 870 1134 μὲν

68 1140 161 1178 ἀγνοίᾳ
183 1147 232 1173 τῆς
251 1142 372 1174 ἀληθείας
393 1145 468 1179 ἴσως,
491 1145 550 1174 τοὺς
574 1142 604 1170 δι
622 1148 658 1180 τῷ
673 1146 709 1180 μὴ
727 1143 870 1180 βούλεσθαι

66 1185 154 1212 λυπεῖν
181 1191 235 1217 τοῖς
258 1188 371 1224 ῥήμασι,
396 1190 457 1219 τοὺς
486 1187 516 1215 δὲ
539 1191 584 1215 καὶ
612 1189 642 1215 οὐ
666 1189 740 1225 μέλον
766 1188 866 1222 αὐτοῖς,

66 1234 189 1267 περιορᾴν
216 1233 248 1258 τὰ
273 1242 406 1269 γινομενα.
432 1233 462 1259 Ei
484 1235 528 1269 μεν
548 1232 592 1259 οὖν
614 1232 644 1262 ἦν
660 1231 770 1259 δυνατὸν
791 1233 868 1259 αὐτὸν

66 1275 146 1302 ἐλθεῖν
170 1278 234 1313 πρὸς
259 1276 382 1313 βασιλέα,
406 1282 481 1304 τοῦτο
505 1279 645 1315 κράτιστον
669 1279 714 1314 μὲν
735 1281 790 1308 τοῖς
803 1277 869 1314 πρά-

64 1329 160 1356 γμασι,
188 1323 285 1359 πρέπον
301 1320 331 1348 δέ
347 1332 394 1348 σου
416 1327 447 1359 τῇ
464 1322 529 1352 καλῆ
551 1323 608 1358 (13)
627 1327 673 1349 τοῦ
694 1321 754 1358 βίου
774 1331 868 1360 προαι-

64 1365 147 1402 piam.
164 1366 194 1392 Ei
217 1364 247 1392 δε
269 1365 339 1404 βαρὺ
361 1367 444 1398 άλλως
461 1370 505 1394 καὶ
526 1366 573 1393 διὰ
586 1369 632 1397 τὴν
648 1368 715 1404 ὠραν
731 1371 776 1394 τοῦ
796 1368 869 1397 ἔτους

65 1412 112 1436 καὶ
128 1408 176 1436 διὰ
197 1413 244 1439 τὴν
257 1411 371 1444 ἡλικίαν,
392 1413 427 1442 ὡς
448 1412 526 1443 αὐτὸς
540 1414 609 1449 ἔφης,
631 1414 771 1449 σύντροφον
792 1413 869 1448 ἔχου-

67 1464 116 1481 σαν
139 1455 163 1481 ἓν
185 1456 263 1492 ἑαυτῇ
290 1459 333 1483 τόν
358 1459 449 1483 ὄκνον·
476 1457 539 1483 ἀλλά
562 1460 590 1484 τό
610 1467 640 1494 γε
654 1458 709 1494 (14)
725 1457 868 1484 ἐπιστεῖλαι

65 1502 143 1531 πονος
162 1499 260 1532 οὐδεὶς.
286 1501 376 1535 ⁴Ωστε,
407 1504 453 1532 τὴν
481 1501 530 1529 ἀπὸ
555 1507 605 1528 τῶν
623 1503 783 1539 γραμμάτων
806 1501 868 1538 βοή-

67 1545 137 1571 θειαν
163 1547 341 1583 χαριζόμενος
364 1550 394 1583 τῇ
427 1546 548 1584 πατριδι,
577 1551 679 1584 πρῶτον
703 1549 748 1584 μιν
779 1551 903 1592 cautella

65 1589 244 1624 συνειδήσεις,
267 1590 350 1628 μηδεν
374 1596 424 1618 τῶν
448 1592 483 1622 εἰς
498 1591 609 1628 δύναμιν
634 1593 746 1622 ἡκόντων
761 1591 868 1618 ἐλλιλοια

64 1636 146 1661 πότε·
175 1637 265 1662 ἔπειτα
293 1638 380 1673 μέντοι
410 1639 456 1663 καὶ
481 1641 535 1668 τοῖς
559 1637 714 1674 κάμνουσιν,
739 1637 809 1672 αὐτοι
831 1641 868 1672 τῷ

64 1681 204 1716 φαίνεσθαι
229 1681 372 1718 συναλγῶν,
402 1681 534 1719 ἀρκοῦσαν
564 1679 660 1713 δώσεις
686 1682 868 1719 παραμυθίαν.

63 1724 134 1752 Ἀλλ’
161 1727 212 1753 εῖθε
238 1728 289 1764 γὰρ
323 1725 355 1755 ἦν
383 1727 436 1753 οἶόν
465 1735 503 1762 τε,
537 1727 612 1754 αὑτὸν
646 1728 786 1753 ἐπιστάντα
813 1730 869 1757 τοῖς

63 1771 229 1807 πράγμασιν,
260 1770 317 1807 ἀψει
345 1771 431 1798 λαϐεῖν
462 1772 530 1798 αὐτὰ
556 1773 590 1798 τὰ
616 1772 771 1808 σκυθρωπά.
795 1771 868 1798 Οὕτω

63 1816 114 1852 γὰρ
144 1815 174 1841 ἂν
203 1816 276 1848 ἰσως,
303 1815 347 1842 ἀπ’
372 1816 453 1848 αὐτῆς
476 1821 522 1847 τῆς
548 1816 680 1854 ἐναργείας
703 1821 751 1843 τῶν
773 1817 870 1853 ὁρωμέ-

64 1870 113 1886 νων
138 1861 319 1896 συγκινηθεὶς,
345 1860 446 1897 alpini;
470 1871 529 1888 τινα
547 1864 632 1898 φωνὴν
651 1864 800 1899 πρέπουσαν
823 1867 870 1892 καὶ

65 1908 95 1940 τῇ
127 1909 160 1940 σῇ
188 1905 352 1942 μεγαλονοίᾳ,
364 1908 409 1932 καὶ
435 1910 466 1942 τῇ
492 1909 619 1942 κατηφείᾳ
647 1911 693 1937 τῆς
709 1906 815 1936 πὸλεως.
835 1908 869 1932 Σὺ

67 1947 97 1974 δὲ
122 1948 176 1975 ἀλλ’
199 1951 262 1986 ἡμῖν
287 1949 468 1987 διηγουμένοις
482 1953 518 1987 μὴ
535 1951 701 1987 ἀπιστήσῃς·
723 1951 737 1981 ἦ
760 1953 799 1977 ὅτι
824 1955 868 1978 Σι-

65 1992 185 2030 μωνίδου
205 1996 292 2030 ὅντως,
315 1997 330 2024 ἧ
351 2005 420 2026 τινος
439 1997 558 2022 τοιούτου
573 1996 712 2032 μελοποιοῦ
733 1994 867 2032 ἐδεόμεθα,

64 2037 179 2076 ἐναργῶς
209 2037 308 2070 ιὶὃότος
340 2040 516 2072 ἑπιστενάζειν
551 2045 605 2072 τοῖς
630 2042 736 2068 πάθεσι.
777 2043 869 2067 Καίτοι

64 2085 91 2109 τί
113 2083 181 2120 λέγω
194 2083 362 2120 Σιμωνίδην;
386 2083 443 2111 δίον
457 2085 591 2121 Αἰσχύλον
605 2085 694 2119 εἰπεῖν,
711 2086 726 2115 ἡ
744 2085 766 2112 εἰ
781 2083 814 2114 δή
829 2095 870 2117 τις

63 2129 160 2166 ἕτερος,
188 2129 377 2165 παραπλησίως
407 2129 494 2165 ἐκιίνῳ
517 2133 650 2167 συμφορᾶς
673 2131 778 2166 μέγεθος
797 2129 868 2167 ἐναρ-

62 2178 115 2209 γῶς
136 2171 298 2210 διαθέμενος,
319 2173 504 2210 μεγαλοφώνως
521 2173 654 2211 ὠδύρατο.

100 2265 128 2291 3.
158 2262 281 2299 Σύλλογοι
309 2264 354 2300 μὶν
378 2264 430 2300 γὰρ
458 2262 560 2298 ὶκεῖνοι,
592 2266 636 2290 καὶ
664 2263 746 2300 λόγοι,
769 2264 797 2290 αἱ
811 2262 869 2290 κατ’
887 2239 908 2267 D

61 2307 165 2344 αγορὰν
195 2310 339 2344 συντυχίαι
371 2312 420 2334 τῶν
446 2308 587 2345 ἆλλογιμων
614 2306 726 2345 ἀνδρῶν,
750 2311 795 2335 καὶ
819 2311 870 2336 ὅσοι

59 2355 192 2390 πρότερον
216 2353 296 2379 ἐποίει
319 2355 366 2383 τὴν
391 2354 517 2391 ἡμετέραν
542 2353 690 2390 ὀνομαστὴν
714 2352 788 2380 πόλιν
813 2354 868 2390 (15)

59 2399 136 2434 ἡμᾶς
163 2396 370 2425 ἑπιλελοίπασιν·
405 2400 472 2425 ὥστε
503 2403 552 2425 τῶν
576 2400 634 2435 περὶ
664 2396 786 2425 παιδείαν
823 2400 868 2426 καὶ

57 2441 158 2478 λόγους
181 2443 260 2471 ἧττον
288 2442 317 2469 ἂν
341 2445 430 2479 φανείη
458 2446 502 2468 νῦν
529 2453 570 2474 τις
592 2442 706 2479 ἐμϐαλὼν
730 2446 761 2479 τῇ
786 2442 869 2480 ἁγορᾲ

57 2489 73 2516 ἦ
105 2487 238 2516 Ἀθήνησι
261 2489 383 2524 πρότερον
410 2488 434 2513 οἱ
468 2486 575 2524 ἀτιμίαν
603 2489 822 2524 κατεγνωσμένοι,
851 2487 865 2517 ἦ

55 2533 110 2563 τὰς
125 2535 219 2568 χεῖρας
235 2532 304 2562 ὄντες
325 2533 360 2568 μὴ
380 2533 501 2570 καθαροί.
518 2531 701 2563 ’Δντεισῆκται
717 2530 746 2559 δὲ
769 2533 868 2563 τούτοις

98 2675 158 2711 (12)
180 2677 214 2702 Au
237 2676 259 2702 ιῖ
280 2685 326 2707 τις.
351 2676 435 2705 Deest
450 2675 585 2706 secunda
599 2676 706 2706 vocula.
720 2675 750 2705 in
766 2675 868 2706 multis

57 2711 270 2745 codicibusdn
280 2712 391 2749 quibus
397 2712 486 2741 etiam
495 2713 586 2749 paulo
596 2716 664 2749 post
671 2713 778 2748 legitur
787 2711 866 2749 δίχα.

100 2721 270 2745 αιοιου5,ιιι
280 2721 486 2747 qumuscuam
517 2721 586 2742 auto
596 2721 778 2749 posttegltur
787 2721 866 2749 σιχα.

98 2749 160 2782 (13)
180 2750 234 2789 Τῇκ
245 2747 324 2789 .
336 2749 396 2789 ξιιμ
423 2721 514 2789 CpisE
526 2749 654 2789 primus,
667 2749 765 2789 _l_tled.,_
777 2749 866 2789 Harl,

58 2783 198 2822 Clarom.
215 2783 302 2822 Editi’
315 2787 346 2820 τῇ
363 2783 537 2822 621.190.1110—
550 2787 618 2822 post
641 2784 711 2814 editi
725 2787 769 2811 καὶ
785 2784 865 2822 βαρύ,

57 2819 115 2848 sed
131 2819 219 2847 deest
232 2819 403 2855 conjunctio
418 2819 449 2849 in
463 2827 539 2849 mss.

96 2856 160 2893 (14)
180 2857 216 2883 Τό
235 2855 517 2893 γε.....χαριξὸμενος.
539 2857 582 2887 Ita
599 2856 791 2887 vetustissimi
808 2857 867 2887 tres

546 139 790 170 EPISTOLARUM
807 138 947 168 CLASSIS
966 141 1000 169 ll.
1020 141 1127 170 EPIST.
1148 140 1256 170 LXXIV.

1686 141 1741 170 446

921 202 1062 231 accedere
1077 211 1199 232 necesse
1214 205 1268 237 est,
1283 210 1345 232 non
1359 202 1444 240 quod
1457 203 1549 231 rebus
1571 201 1687 239 aliquid
1703 201 1746 230 al-

920 245 1008 275 laturi
1036 247 1131 276 simus
1151 247 1265 280 auxilii,
1290 247 1343 276 scd
1364 249 1405 282 ut,
1422 247 1623 275 derelictionis
1639 253 1747 282 expro-

921 290 1089 321 brationem
1110 293 1300 328 etl‘ugiamus.
1325 293 1405 320 Nosti
1424 292 1504 320 enim
1519 291 1667 328 proclives
1682 298 1749 319 esse

921 336 961 364 ad
977 337 1163 372 sperandum
1178 337 1231 374 qui
1245 337 1276 364 in
1291 336 1437 371 angustiis
1460 338 1541 371 sunt,
1556 335 1704 372 proclives
1720 337 1750 363 et

921 380 962 408 ad
976 381 1234 418 conquerendum,
1251 389 1371 418 semper
1382 381 1413 409 in
1428 381 1460 409 id
1474 381 1557 418 quod
1570 379 1749 414 praetermis-

922 433 989 454 sum
1005 428 1058 461 est,
1074 426 1196 463 culpam
1212 426 1408 455 conferentes.

958 473 984 499 2.
1009 471 1154 507 Equidem
1177 473 1206 500 et
1218 471 1283 507 ejus
1307 471 1350 499 rei
1363 470 1460 506 gratia
1474 470 1635 499 convenire
1654 472 1684 499 te
1699 469 1748 498 de-

921 515 1045 551 bebam,
1061 524 1097 544 ac
1111 516 1269 545 consilium
1288 516 1380 550 dare;
1400 515 1445 544 vel
1464 515 1564 552 potius
1590 515 1750 544 obsecrare

923 562 957 588 ut
975 563 1132 590 strenuum
1147 561 1294 598 quiddam
1318 569 1354 589 ac
1375 560 1536 597 prudentia
1556 562 1608 588 tua
1622 560 1749 594 dignum

923 606 1084 640 excogites,
1108 614 1162 634 nec
1182 606 1311 642 patriam
1334 608 1470 634 nostram
1498 604 1529 633 in
1555 612 1655 639 genua
1679 611 1750 640 pro-

923 650 1042 687 lapsam
1063 651 1296 687 despicias:sed
1320 650 1349 678 in
1370 650 1471 678 aulam
1495 649 1690 686 proﬁciscens
1714 656 1751 676 ac

923 695 1059 724 libertate
1075 697 1126 724 tua.
1140 697 1227 724 utens
1247 694 1406 723 denunties
1420 695 1473 729 eis,
1493 702 1531 721 ne
1551 693 1609 722 sibi
1628 692 1751 721 videan-

924 741 972 767 tur
981 740 1058 768 duas
1068 748 1104 768 ex
1117 747 1178 768 una
1188 739 1343 776 possidere
1358 738 1528 775 provincias
1540 746 1547 767 :
1559 745 1659 774 neque
1669 736 1751 764 enim

924 792 962 812 ex
971 784 1030 813 alia
1048 784 1185 821 quadam
1206 786 1284 812 terra
1295 783 1420 813 alteram
1430 783 1540 812 harum
1561 782 1647 818 169
1663 780 1750 809 indu-

925 837 994 858 xere
1008 838 1015 858 :
1029 829 1082 858 sed
1091 829 1171 858 idem
1189 829 1248 858 fere
1259 832 1395 864 egerunt,
1408 836 1443 857 ac
1455 828 1480 863 si
1495 827 1563 864 quis
1573 834 1687 864 equum
1699 827 1751 855 aut

924 874 1035 903 bovem
1046 874 1214 910 possidens,
1229 874 1338 902 deinde
1355 873 1432 902 duas
1441 874 1472 901 in
1482 874 1583 909 partes
1600 871 1750 906 dividens,

925 920 1003 948 duos
1017 927 1073 956 pro
1088 927 1149 948 uno
1161 919 1273 948 habere
1286 919 1342 947 sibi
1357 918 1512 951 videatur;
1527 924 1589 946 non
1610 916 1692 945 enim
1710 915 1751 944 ef-

926 964 994 993 fecit
1007 964 1095 999 duos,
1111 964 1166 992 sed
1177 972 1273 993 unum
1282 971 1298 992 e
1311 963 1412 992 medio
1428 962 1560 998 sustulit;
1575 969 1612 990 ac
1624 961 1751 989 demon-

926 1011 1000 1037 stres
1014 1009 1105 1038 etiam
1119 1009 1155 1037 iis
1174 1009 1226 1045 qui
1248 1008 1414 1045 plurimum
1435 1009 1572 1045 possunt,
1587 1005 1751 1042 imperium

925 1061 987 1082 non
1010 1054 1068 1083 hoc
1089 1055 1178 1090 pacto
1202 1053 1357 1090 adaugeri,
1380 1061 1478 1089 neque
1502 1052 1583 1080 enim
1603 1051 1697 1079 robur
1717 1049 1750 1077 in

924 1106 1063 1132 numero,
1071 1098 1124 1126 sed
1133 1098 1164 1126 in
1174 1098 1249 1134 ipsis
1261 1098 1352 1127 rebus
1363 1098 1497 1134 positum
1506 1104 1587 1125 esse:
1597 1094 1749 1131 siquidem

924 1151 1006 1172 nunc
1024 1143 1206 1172 arbitramur
1229 1143 1304 1172 alios
1327 1143 1451 1179 quidem
1474 1142 1600 1170 fortasse
1614 1139 1748 1169 veritatis

922 1188 1120 1224 ignoratione,
1137 1188 1210 1216 alios
1224 1195 1296 1216 vero
1311 1195 1347 1215 eo
1361 1187 1445 1224 quod
1459 1186 1557 1215 nolint
1569 1184 1669 1214 verbis
1685 1191 1750 1212 mo-

921 1233 988 1262 lesti
1009 1241 1084 1269 esse,
1100 1233 1175 1262 alios
1193 1232 1458 1269 parvipendentes,
1473 1239 1510 1260 ea
1524 1239 1593 1268 quae
1608 1230 1685 1258 ﬁunt
1699 1236 1754 1257 ne-

922 1278 1042 1314 gligere.
1067 1278 1096 1306 Si
1117 1278 1208 1313 igitur
1226 1278 1441 1314 imperatorem
1455 1276 1557 1313 ipsum
1577 1275 1661 1304 adire
1681 1282 1751 1311 pos-

922 1331 979 1355 ses,
992 1323 1024 1351 id
1034 1324 1061 1351 et
1073 1322 1164 1351 rebus
1176 1322 1462 1351 commodissimum
1474 1321 1550 1349 foret
1565 1322 1594 1349 et
1603 1319 1750 1356 praeclaro

922 1367 990 1396 vitae
1011 1369 1069 1395 tum
1084 1367 1219 1395 instituto
1234 1367 1390 1396 decorum.
1417 1366 1466 1394 Sin
1481 1369 1584 1394 autem
1600 1365 1659 1393 hoc
1676 1364 1751 1392 alio-

922 1412 974 1448 qui
996 1419 1085 1446 grave
1100 1413 1145 1440 est
1168 1413 1232 1439 tum
1246 1411 1286 1439 ob
1306 1411 1378 1440 anni
1395 1411 1616 1446 tempestatem,
1631 1411 1694 1437 tum
1709 1407 1750 1436 ob

922 1459 1040 1485 tetatem
1054 1465 1133 1493 qure,
1150 1456 1193 1485 uti
1214 1459 1246 1485 tu
1261 1457 1325 1493 ipse
1341 1455 1426 1490 dicis,
1442 1454 1583 1483 comitem
1598 1454 1690 1482 habet
1704 1452 1750 1488 pi-

921 1502 1059 1537 gritiam;
1074 1503 1105 1530 at
1121 1501 1226 1530 saltem
1241 1500 1393 1529 scribendi
1407 1499 1509 1528 nullus
1522 1499 1620 1527 labor.
1639 1499 1748 1531 Quam-

921 1546 1037 1580 obrem,
1054 1547 1078 1574 si
1097 1546 1262 1575 litterarum
1277 1545 1450 1582 praesidium
1467 1544 1572 1580 patriae
1594 1542 1749 1579 impertias

921 1591 1054 1627 primum
1075 1590 1200 1627 quidem
1219 1589 1358 1618 conscius
1381 1588 1557 1625 tibimetipsi
1582 1587 1651 1621 eris,
1674 1586 1750 1615 nihil

921 1635 1004 1672 quod
1014 1635 1044 1663 in
1059 1637 1112 1664 tua
1121 1637 1266 1671 potestate
1279 1634 1369 1663 situm
1381 1635 1469 1669 esset,
1486 1635 1542 1662 ate
1554 1632 1648 1661 fuisse
1661 1632 1751 1659 omis-

922 1688 1007 1714 sum;
1031 1679 1140 1708 deinde
1152 1679 1270 1708 alllictis
1285 1679 1386 1712 etiam,
1399 1679 1466 1715 ipsa
1478 1675 1749 1706 commiserationis

923 1724 1033 1761 specie,
1058 1725 1129 1753 satis
1150 1732 1299 1759 magnum
1322 1723 1429 1752 afferes
1444 1723 1595 1751 solatium.
1618 1721 1677 1750 Sed
1691 1720 1748 1749 uti-

922 1777 994 1798 nam
1009 1769 1073 1797 ﬁeri
1082 1771 1193 1805 posset,
1205 1771 1237 1797 ut
1247 1769 1406 1797 interesses
1418 1767 1493 1804 ipsis
1505 1767 1644 1802 rebus,ac
1654 1765 1750 1795 oculis

923 1814 982 1842 tuis
996 1813 1170 1842 maestitiam
1185 1813 1310 1842 videres.
1328 1813 1373 1842 Sic
1389 1812 1469 1841 enim
1493 1812 1568 1840 forte
1590 1819 1627 1839 ex
1647 1817 1747 1839 rerum

923 1860 1155 1895 eonspectarum
1181 1857 1331 1886 evidentia
1352 1859 1532 1890 commotus,
1561 1863 1669 1885 vocem
1695 1854 1749 1882 ali-

922 1911 1017 1940 quam
1040 1905 1069 1932 et
1089 1902 1183 1932 animi
1204 1903 1246 1931 tui
1268 1902 1476 1939 magnitudine
1495 1904 1523 1930 et
1537 1900 1663 1930 civitatis
1675 1899 1750 1928 aﬂli~

923 1949 1019 1977 ctione
1041 1948 1166 1984 dignam
1181 1948 1341 1977 emitteres.
1362 1947 1419 1976 Sed
1433 1949 1536 1975 tamen
1556 1944 1749 1974 narrantibus

923 1993 1010 2022 nobis
1034 1993 1127 2021 ﬁdem
1146 2000 1184 2021 ne
1206 1993 1346 2028 deroges.
1369 1993 1480 2020 Revera
1507 1990 1670 2026 Simonide,
1697 1990 1749 2018 aut

922 2037 1024 2074 aliquo
1038 2037 1126 2065 simili
1140 2039 1230 2073 poeta
1243 2037 1460 2072 indigeremus,
1481 2036 1633 2065 evidenter
1649 2035 1748 2062 scient

923 2081 1108 2111 calamitates
1128 2081 1238 2118 lugere.
1265 2080 1323 2110 Sed
1348 2081 1422 2118 quid
1446 2081 1514 2110 dico
1538 2078 1748 2110 Simonidem?

923 2126 1098 2163 [Eschylum
1121 2125 1220 2154 dicere
1244 2127 1385 2162 oportuit,
1409 2128 1460 2154 aut
1482 2126 1507 2154 si
1532 2125 1600 2161 quis
1622 2124 1697 2153 alius
1721 2122 1750 2151 ei

924 2171 1038 2203 similis,
1052 2170 1230 2200 calamitatis
1241 2170 1481 2206 magnitudinem
1492 2169 1571 2198 clare
1581 2175 1748 2205 exponens,

922 2223 996 2245 voce
1012 2215 1073 2244 alta
1086 2215 1266 2244 lamentatus
1277 2217 1330 2243 est.

961 2264 986 2290 3.
1002 2263 1077 2290 Nam
1100 2263 1194 2289 coetus
1215 2260 1266 2296 illi,
1284 2267 1500 2297 sermonesque
1520 2261 1549 2288 et
1563 2257 1749 2288 eruditorum

923 2306 1058 2335 virorum
1072 2306 1104 2334 in
1122 2306 1187 2335 foro
1202 2305 1363 2343 colloquia,
1379 2313 1413 2334 ac
1428 2311 1619 2342 quaecunque
1639 2302 1750 2332 civitati

923 2353 1033 2381 nostrae
1056 2353 1145 2380 antea
1163 2359 1275 2379 nomen
1297 2353 1326 2380 et
1343 2351 1458 2380 famam
1479 2350 1670 2387 pepererant,
1690 2355 1749 2377 nos

923 2397 1092 2426 deseruere.
1111 2397 1207 2430 Quare
1222 2396 1408 2425 eruditorum
1427 2397 1456 2425 et
1470 2395 1678 2432 eloquentium
1697 2393 1751 2424 ho-

923 2442 1041 2471 minum
1057 2443 1153 2471 rarius
1168 2450 1249 2472 nunc
1263 2441 1427 2479 quisquam
1440 2441 1481 2470 ad
1494 2441 1594 2470 forum
1607 2440 1750 2470 accedere

923 2487 1175 2524 deprehendatur,
1190 2495 1284 2524 quam
1301 2487 1373 2515 olim
1387 2486 1509 2515 Athenis
1522 2485 1655 2515 infamiae
1669 2485 1748 2514 notis

922 2532 1025 2566 inusti,
1042 2533 1094 2561 aut
1107 2532 1248 2561 manibus
1262 2539 1324 2561 non
1349 2531 1425 2568 puri.
1443 2531 1614 2560 Introducta
1628 2532 1673 2559 est
1692 2537 1749 2559 au-

921 2684 996 2705 mss.
1010 2677 1038 2705 et
1058 2674 1150 2713 paulo
1165 2677 1235 2713 post
1254 2674 1346 2713 iidem
1361 2674 1475 2705 habent
1490 2672 1653 2713 ἑλλιλοιπὸτι.
1672 2671 1747 2704 Edit.

921 2715 1038 2750 τόπων
1053 2711 1234 2750 {tegendas-uo;
1260 2715 1288 2741 et
1309 2712 1477 2750 ἐκλελοιπότα
1502 2711 1748 2750 Ιὺίάθωιὴκόντων

921 2749 1006 2777 deest
1015 2749 1045 2777 in
1053 2747 1149 2784 ‘Bigot.
1158 2747 1193 2777 et
1206 2750 1275 2784 Reg.
1285 2749 1394 2785 primo,
1409 2747 1679 2785 necpecessarium
1692 2749 1747 2785 est=

958 2785 1014 2821 (ιε)
1043 2781 1129 2821 notia.
1158 2786 1203 2821 ita
1234 2781 1410 2821 αἱεὲμεάίιί
1438 2782 1528 2821 πάλαι.
1559 2782 1650 2821 [idem
1678 2781 1749 2821 editi

919 2818 1012 2886 patilo
1033 2823 1102 2858 post
1115 2819 1227 2850 habent
1249 2819 1380 2857 ἐμϐάλλων
1395 2820 1424 2849 et
1447 2818 1561 2856 ἀτιμίας.
1586 2819 1653 2848 Mss.
1674 2819 1748 2848 utin

933 2865 969 2886 ex
983 2865 1014 2886 u.

933 2865 1014 2886 extu.
