1998 3145
53 165 102 194 461

327 229 496 254 ΕΠΙΣΤΟΛΠ
519 226 579 255 ΙΙΙ”.

520 163 770 194 EPISTOLARUM
788 160 930 192 CLASSIS
948 162 982 190 Π.
1001 162 1110 193 EPIST.
1131 165 1267 194 LXXXIV.

1681 166 1734 196 482

1154 229 1322 258 EPISTOLA
1345 227 1492 257 LXXXlll'.

58 273 238 301 Censz'tOrem
255 271 396 309 hortatur
411 272 551 306 Basilius,
568 274 601 300 ut
622 273 735 309 miserae
758 269 967 309 Cappadocia!
979 271 1166 301 calamitates
1182 273 1325 307 sublevet,
1348 274 1432 309 eique
1446 273 1632 302 commendat
1647 274 1737 302 unius

92 316 129 337 ea:
143 308 247 336 amicis
259 308 320 336 suis
331 308 542 342 possessionem
562 308 733 344 quamdam,
754 314 819 342 qua
835 306 916 334 circa
929 305 1149 336 Chamanenem
1172 309 1230 337 sita
1255 305 1331 344 erat,
1353 305 1388 337 δι’
1396 308 1517 337 tributis
1530 309 1736 344 premebatur.

378 363 531 398 Κηνσίτορι.

97 406 169 442 Ἐμοὶ
195 408 257 443 πρὸς
274 408 322 435 τὴν
355 407 403 435 σὴν
435 406 560 442 εὐγένειαν
589 407 714 435 συνήθεια
738 407 783 442 μὲν
810 405 856 430 καὶ

56 451 71 480 ἡ
100 451 157 477 κατ’
187 450 335 487 ὀφθαλμοὺς
364 453 495 486 συντυχία
518 451 586 477 πάνυ
613 450 731 487 βραχεῖα
749 451 855 486 γέγονέ·

57 500 153 532 γνῶσις
177 494 208 522 δί
229 497 244 525 ἠ
271 494 297 527 ἐξ
319 494 407 528 ἀκοῆς,
429 494 465 522 δι’
483 496 514 526 ἧς
537 495 642 526 πολλοῖς
675 495 859 530 συναπτόμεθα

56 545 107 567 τῶν
134 541 272 578 ἔπιῳανῶν,
297 540 343 566 οὐκ
371 540 445 576 ὀλίγη
477 550 515 574 τε,
542 539 604 567 οὐδὲ
626 540 856 578 εὐκαταφρόνητος.

55 586 86 613 Εἰ
113 584 142 612 δί
163 587 209 611 καὶ
230 587 274 611 σοί
302 595 344 615 τις
362 584 389 611 ἐκ
414 588 460 616 τῆς
476 587 561 621 φήμης
575 586 635 623 περὶ
650 586 722 621 ἡμῶν
741 584 858 621 ὑπάρχει

54 630 140 666 λόγος,
162 630 243 660 αὐτὸς
269 629 300 655 ἂν
325 627 423 660 εἰδείης
450 631 563 666 ἄμεινον.
584 631 618 656 Τὸ
637 628 662 656 δ’
677 627 721 656 οὖν
738 631 783 655 σὸν
795 627 858 666 παρ’

53 676 118 711 ἡμῖν
138 677 256 701 τοιοῦτον
286 675 356 700 ἐστιν
385 675 437 700 οἷον
464 676 566 711 εἴπομεν
591 674 659 710 (72).
694 672 802 703 Ἐπειδὴ
828 673 858 701 δὲ

55 719 160 746 ἐκάλεσὲ
190 729 219 745 σι
247 719 259 745 ὁ
287 720 352 750 Θεὸς
380 719 416 750 εἱς
440 722 551 756 πρᾶγμα
584 719 777 755 φιλανθρωπίας
806 717 860 745 ἐπί·-

56 763 138 796 διιξιν
158 764 232 800 ἕχον,
254 762 291 790 δι’
315 764 345 789 οὗ
370 761 480 790 δυνατόν
509 764 565 790 ἐστι
592 762 770 800 διορθωθῆναι
786 764 858 799 ἡμῶν

55 811 102 838 τὴν
116 807 236 845 πατρίδα
250 808 381 839 παντελῶς
405 806 603 844 ἐδαφιιτθιῐσαν,
617 809 735 844 ἡγοῦμαι
753 810 859 845 πρέπειν

57 863 102 890 μοι
129 854 282 890 ὑπομνῆσαι
300 862 347 879 σου
366 855 414 882 τὴν
431 855 617 890 χρηστότητα,
643 853 684 879 ἵνα
707 852 747 879 ἐπ’
771 851 860 879 ἑλπίδι

57 902 106 929 τῆς
119 899 189 935 παρὰ
209 901 276 924 Θεοῦ
301 896 502 929 ἀνταποδοσεως
523 901 640 924 τοιοῦτον
666 899 774 924 σεαυτὸν
795 906 859 923 κατ-

63 942 178 979 αξιὼσῃς
191 943 391 979 παρασχέσθαι,
421 943 488 968 ὥστε
513 941 642 968 ἀθανάτου
665 943 709 978 μὲν
735 943 860 978 τῆςμνὴ-

62 997 116 1023 μης
143 986 288 1022 ἀξιοῦσθαι,
327 987 447 1022 γενέσθαι
486 985 516 1013 δὴ
548 986 657 1013 αἰωνίων
691 986 859 1012 ὰναπαύσιων

1247 362 1407 390 Censitori.

945 403 1013 432 Mihi
1024 405 1147 440 quidem
1163 406 1351 434 consuetudo
1375 414 1444 434 cum
1469 408 1520 434 tua
1538 406 1693 436 nobilitate
1708 409 1738 436 et

911 455 1012 477 coram
1030 457 1209 485 congressus
1232 451 1331 479 brevis
1360 450 1527 479 admodum
1538 451 1668 480 exstitit:
1684 452 1738 481 sed

911 496 1034 529 accepta
1042 502 1079 522 ex
1091 495 1195 523 auditu
1209 495 1351 530 cognitio,
1376 503 1437 532 qua
1457 495 1557 524 multis
1580 496 1651 524 viris
1663 496 1739 525 insi-

912 537 1021 573 gnibus
1047 539 1270 575 conjungimur,
1294 548 1349 568 nec
1375 540 1494 576 exigua,
1519 548 1575 568 nec
1607 543 1739 569 contem-

911 583 1022 612 nenda.
1033 585 1079 612 An
1093 592 1164 613 vero
1180 587 1207 613 et
1218 585 1301 622 apud
1320 587 1348 613 te
1367 593 1405 613 ex
1423 584 1506 613 fama
1521 585 1552 613 in
1567 585 1668 622 aliquo
1682 594 1740 614 nu‘

912 636 996 656 mero
1018 637 1133 664 sumus,
1157 629 1222 666 ipse
1248 630 1356 658 melius
1383 630 1513 658 noveris.
1540 631 1602 659 Tua
1616 631 1740 667 quidem

912 673 1088 702 existimatio
1118 674 1184 703 talis
1210 674 1292 711 apud
1316 682 1372 703 nos
1393 676 1447 710 est,
1462 674 1584 711 qualem
1597 675 1741 704 diximus.

913 717 1061 750 Quoniam
1073 720 1173 746 autem
1189 719 1304 747 vocavit
1325 721 1353 747 te
1368 720 1445 747 Deus
1459 718 1498 746 ad
1512 727 1625 747 munus
1634 719 1742 748 huma-

912 762 998 790 nitati
1025 762 1269 791 demonstrandae
1288 763 1442 794 idoneum,
1473 771 1528 800 per
1550 764 1633 800 quod
1655 766 1741 800 potes

913 808 1042 843 patriam
1065 809 1201 836 nostram
1217 807 1342 836 omnino
1371 807 1435 836 solo
1457 810 1607 845 aequatam
1629 808 1742 837 instau-

912 859 996 886 rare;
1013 851 1118 880 decere
1133 860 1181 881 me
1211 853 1340 881 arbitror
1355 854 1440 881 tuam
1454 853 1622 882 bonitatem
1633 853 1741 882 admo-

913 904 993 931 nere,
1008 899 1040 925 ut
1053 895 1106 934 spe
1117 897 1226 925 divinae
1241 897 1493 926 remunerationis
1508 897 1597 926 talem
1616 900 1645 926 te
1660 898 1743 927 exhi-

912 941 983 969 bere
998 941 1083 975 velis,
1103 944 1135 970 ut
1155 942 1356 970 immortalem
1377 942 1556 970 memoriam
1571 950 1743 979 consequa-

913 986 963 1020 ris,
977 988 1005 1014 et
1015 986 1127 1023 requiei
1144 989 1263 1015 aeternae
1286 987 1382 1015 haeres
1407 986 1519 1015 evadas
1542 987 1582 1015 ob
1597 987 1741 1016 allevatas

60 1031 226 1068 κληρονόμον,
253 1031 279 1057 ἐν
298 1035 344 1057 τοῦ
374 1030 541 1068 ἰλαφροτέρας
567 1035 681 1060 ποιῆσαι
698 1034 752 1061 τοῖς
775 1040 857 1056 κατα-

917 1030 1096 1059 calamitosis
1111 1039 1273 1059 aerumnas.
1302 1031 1376 1059 Cum
1396 1033 1496 1059 autem
1520 1033 1550 1060 et
1574 1032 1648 1060 mihi
1657 1040 1742 1068 quae-

57 1077 223 1112 πονουμένοις
248 1077 296 1106 τὰς
317 1075 427 1111 θλίψεις.
444 1074 551 1105 Ἐπειδὴ
580 1074 610 1102 δί
633 1075 713 1112 κάμοί
738 1077 779 1105 τίς
804 1074 860 1101 ἑστι

55 1125 148 1153 κτῆσις
167 1123 226 1157 περὶ
249 1123 408 1157 Χαμανηνὴν
421 1121 487 1156 (73),
505 1119 569 1152 ἀξιῶ
599 1129 628 1147 σε
649 1125 796 1158 προστῆναι
810 1120 860 1146 αὑ-

54 1170 111 1199 τῆς,
139 1166 174 1197 ὡς
208 1165 312 1196 οἰκείας.
333 1168 377 1194 Μὴ
408 1165 546 1202 θαυμάζῃς
563 1163 602 1201 δὲ,
630 1165 652 1192 εἰ
672 1164 785 1202 ἐμαυτοῦ
795 1165 860 1201 λέγω

53 1211 87 1237 τὰ
109 1214 159 1236 τῶν
184 1210 275 1246 φίλων,
299 1211 364 1242 μετὰ
391 1213 437 1240 τῆς
469 1210 547 1240 ἄλλης
580 1209 674 1248 ἀρετῆς
702 1212 747 1236 καὶ
774 1209 860 1246 φιλίαν

56 1252 275 1290 πεπαιδευμένος,
295 1256 341 1280 καὶ
366 1255 524 1290 μεμνημένος
550 1257 596 1280 τοῦ
626 1258 711 1290 σοφῶς
733 1253 858 1289 εἰπόντος,

52 1299 129 1326 ἄλλον
154 1299 244 1325 ἑαυτὸν
269 1297 335 1325 εἶναι
364 1300 408 1325 τὸν
437 1298 521 1335 φίλον,
561 1300 614 1328 Τήν
650 1301 736 1325 τοίνυν
766 1303 860 1328 κτῆσιν

51 1346 102 1373 τήν
130 1342 309 1380 διαφέρουσαν
330 1342 409 1380 τῷδε,
429 1344 527 1373 ταύτην
552 1345 585 1374 ὡς
611 1342 724 1379 ἐμαυτοῦ
745 1345 860 1381 παρατί-

54 1391 134 1426 θεμαι
161 1387 193 1425 τῇ
218 1390 353 1424 τιμιότητί
375 1397 439 1414 σουο
464 1390 510 1415 καὶ
534 1388 687 1425 παρακαλῶ,
719 1386 861 1423 ἐπισκεψά-

53 1443 129 1471 μενον
151 1435 186 1460 τὰ
211 1437 258 1464 τῆς
278 1433 362 1463 οἰκίας
382 1431 516 1471 δυσχερῆ,
541 1431 634 1460 δοῦναι
648 1432 738 1463 αὐτοῖς
752 1435 860 1459 καὶτῶν

53 1478 236 1515 παριλθόντων
260 1480 362 1514 χρόνων
391 1478 571 1515 παραμυθίαν,
596 1479 640 1504 καὶ
665 1478 732 1514 πρὸς
750 1479 779 1504 τὸ
800 1477 860 1514 μίλ-

53 1523 96 1550 λον
124 1524 231 1560 αἰριτὴν
254 1522 343 1554 αὐτοῖς
368 1523 568 1549 κατασκευάσαι
593 1524 640 1552 τὴν
668 1524 784 1556 οἴκησιν,
812 1524 860 1551 τὴν

53 1570 166 1604 φςυκτὴν
189 1570 236 1594 καὶ
258 1568 471 1604 ἀπηγορινμὲνην
500 1565 548 1594 διὰ
573 1569 603 1593 τὸ
618 1566 717 1598 πλῆθος
739 1571 787 1598 τῆς
800 1566 860 1593 ἄπι-

51 1615 173 1649 κςιμίνης
201 1612 268 1648 αὐτῇ
290 1611 446 1643 συντελείας.
482 1610 629 1638 Σπουδάσω
659 1609 688 1638 δί
711 1614 756 1638 καὶ
781 1612 860 1642 αὐτὸς

914 1075 986 1103 dam
1001 1075 1037 1103 sit
1053 1076 1132 1104 circa
1149 1076 1373 1104 Chamanenem
1392 1075 1553 1112 possessio,
1572 1083 1641 1104 eam
1654 1084 1742 1113 asque

914 1128 949 1148 ac
964 1121 1046 1148 tuam
1071 1119 1180 1148 tuearis
1198 1128 1285 1155 rogo.
1300 1121 1358 1148 Nec
1371 1120 1487 1148 mireris
1502 1120 1527 1148 si
1543 1127 1612 1148 mea
1630 1120 1741 1154 dicam,

913 1173 982 1201 qua:
993 1167 1062 1193 sunt
1078 1165 1260 1200 amicorum;
1284 1173 1356 1193 nam
1367 1173 1436 1193 cum
1449 1165 1570 1202 reliquis
1581 1165 1741 1194 virtutibus

914 1212 943 1238 et
957 1209 1120 1238 amicitiam
1141 1209 1243 1244 didici,
1271 1217 1306 1238 ac
1322 1209 1445 1238 memini
1460 1209 1538 1238 illius
1554 1211 1605 1246 qui
1620 1210 1742 1246 sapien-

914 1257 958 1283 ter
968 1254 1052 1288 dixit,
1068 1255 1197 1283 amicum
1211 1262 1271 1283 esse
1284 1255 1414 1283 alterum
1428 1256 1566 1290 seipsum.
1593 1255 1675 1283 Hanc
1690 1255 1744 1290 igi-

915 1300 962 1326 tur
976 1299 1212 1334 possessionem,
1239 1307 1308 1335 quaa
1333 1299 1372 1327 ad
1397 1298 1482 1327 illum
1505 1300 1643 1336 pertinet,
1663 1299 1744 1328 velut

915 1350 1016 1371 meam
1028 1345 1088 1371 tuae
1098 1343 1234 1378 dignitati
1258 1343 1458 1377 commendo;
1480 1351 1516 1372 ac
1531 1351 1615 1379 rogo,
1631 1345 1664 1372 ut
1674 1351 1743 1372 con-

916 1387 1053 1416 siderans
1073 1387 1184 1415 domus
1203 1387 1366 1422 molestias,
1388 1388 1441 1416 des
1455 1387 1511 1415 illis
1533 1390 1561 1416 et
1581 1388 1744 1424 prmterito-

914 1440 982 1460 rum
997 1434 1169 1468 temporum
1184 1431 1420 1460 consolationem
1429 1434 1457 1460 et
1468 1431 1499 1459 in
1512 1431 1645 1460 futurum
1659 1434 1743 1468 opta-

914 1477 1006 1505 bilem
1019 1477 1061 1505 eis
1075 1476 1294 1505 habitationem
1313 1476 1403 1505 istam
1421 1476 1542 1510 reddas,
1556 1484 1626 1513 quae
1638 1476 1677 1505 ob
1692 1477 1742 1505 tri-

913 1521 1056 1550 butorum
1083 1523 1112 1550 et
1131 1521 1342 1558 impositorum
1360 1520 1582 1549 multitudinem
1597 1521 1742 1557 fugienda.

914 1567 960 1594 est
979 1568 1007 1594 et
1016 1566 1186 1602 desperata.
1204 1565 1261 1594 Sed
1271 1565 1371 1602 etipse
1384 1573 1507 1602 operam
1521 1565 1612 1600 dabo,
1625 1568 1658 1593 ut
1670 1573 1740 1594 cum

915 1613 967 1638 tua
1000 1610 1170 1640 urbanitate
1195 1609 1376 1639 conveniens
1403 1610 1441 1639 de
1468 1610 1593 1646 singulis
1620 1610 1739 1647 plenius

51 1660 203 1694 παριτυχών
223 1666 271 1684 σου
296 1661 328 1694 τῇ
355 1658 513 1694 κοσμιότητι
541 1657 713 1694 ἐντελίστερον
731 1659 790 1694 περὶ
802 1656 860 1683 ἕκά-
876 1665 896 1692 C
914 1655 1071 1684 disseram.

52 1712 117 1729 στου
133 1700 320 1738 διαλιχθῆναι,

333 1766 476 1791 ΕΠΙΣΤΟΛ
482 1767 502 1790 Il
526 1762 584 1791 ΠΔ’.

1152 1763 1320 1791 EPISTOLA
1339 1763 1463 1791 LXXXIV
1473 1762 1504 1791 ".

47 1809 218 1845 Prtesidem
241 1809 451 1844 Cappadocia,
475 1816 560 1845 quem
582 1808 687 1845 Etiam,
709 1816 769 1837 esse
788 1808 937 1836 credimus
954 1807 1175 1843 per-honoriﬁce
1189 1808 1303 1836 salutat
1317 1808 1474 1845 Basilius,
1492 1807 1615 1845 ejusque
1622 1807 1740 1845 factum

85 1843 291 1880 reprehendit,
308 1845 388 1880 quod
402 1843 565 1872 dum‘sem's
578 1844 737 1879 cujusdam
750 1847 886 1878 nepotem
893 1851 988 1872 annos
1000 1846 1130 1880 quatuor
1138 1846 1242 1880 uatum
1255 1843 1347 1880 curiae
1357 1843 1581 1880 addicit,ipsum
1597 1850 1694 1880 senem
1708 1844 1740 1871 in

86 1883 197 1915 nepote
213 1887 318 1908 rursus
337 1880 378 1908 ad
402 1887 530 1909 munera
552 1880 676 1915 publica
699 1881 899 1913 protraxerit.
918 1879 1064 1908 Pluribus
1083 1879 1194 1914 probat
1211 1879 1391 1907 mutandum
1413 1886 1474 1908 esse
1487 1879 1567 1915 quod
1589 1879 1741 1907 decretum

87 1918 194 1952 inique
206 1916 321 1951 fuerat.

393 1969 523 2006 Ἣγεμόνι.

91 2017 116 2042 1.
138 2012 240 2050 Σχεδὸν
262 2014 307 2050 μὶν
326 2014 438 2040 ἄπιστόν
453 2013 524 2040 ἐστιν
543 2014 556 2040 ὅ
575 2013 658 2050 μέλλω
676 2014 794 2052 γράφειν,
815 2023 861 2050 7s—

47 2059 188 2097 γράψεται
212 2057 242 2085 δὲ
265 2063 311 2090 τῆς
336 2059 458 2090 ἀληθείας
486 2060 566 2086 ἕνεκεν
583 2077 589 2084 .

48 2106 209 2141 ἐπιθυμίαν,
246 2105 279 2134 ὡς
305 2105 357 2130 οἶόν
391 2113 418 2130 τε
442 2103 483 2137 ἦν,
513 2106 661 2130 πυκνότατα
693 2102 861 2140 διαλέγεσθαι

50 2159 102 2176 σου
131 2153 163 2186 τῇ
192 2148 385 2184 καλοκάγαθίᾳ,
407 2147 497 2178 ἕπειδὴ
526 2149 598 2186 εὗρον
624 2149 720 2177 ταύτην
734 2149 862 2186 γραμμά-

48 2205 104 2221 των
129 2196 178 2223 τὴν
203 2193 332 2230 ἀφορμὴν,
363 2193 410 2219 οὐκ
438 2191 583 2230 ἐπέδραμον
610 2197 648 2229 τῷ
676 2193 784 2230 ἑρμαίῳ,
808 2192 861 2218 ἀλλ’

52 2239 207 2267 ἀπώκνησα
225 2241 270 2264 καὶ
301 2236 421 2267 ἀνεδύην.
446 2239 481 2264 Τὸ
503 2236 546 2264 οὖν
567 2236 717 2275 παράδοξον
730 2238 862 2273 ἐντούτῳ,

52 2286 95 2310 ὅτι
135 2283 202 2319 οἷπερ
240 2283 364 2319 ηὐχόμην
397 2282 512 2320 ὑπάρξαι
533 2283 602 2318 (74),
633 2286 716 2308 ταῦτα
740 2285 865 2319 γενόμενα

620 2060 671 2093 ὅτι,
690 2062 778 2085 πᾶσαν
793 2060 861 2094 ἔχων

1261 1968 1402 1998 Praesidi.

954 2015 980 2042 t.
999 2013 1072 2041 Fere
1098 2012 1272 2041 incredibile
1299 2015 1343 2041 est
1371 2013 1455 2049 quod
1478 2012 1643 2049 scripturus
1663 2021 1741 2048 sum,

917 2058 1064 2086 scribetur
1086 2059 1187 2086 tamen
1212 2057 1343 2086 veritatis
1367 2065 1472 2086 causa.
1498 2058 1555 2086 Etsi
1582 2057 1744 2094 cupiditate

916 2102 999 2132 omni
1012 2102 1146 2137 tenebar,
1173 2110 1266 2139 quam
1280 2110 1401 2138 possem
1427 2103 1593 2139 saepissime
1613 2110 1682 2130 cum
1692 2105 1745 2131 tua.

917 2146 1065 2184 probitate
1080 2146 1284 2183 colloquendi;
1310 2149 1474 2183 postquam
1486 2149 1588 2175 tamen
1602 2147 1681 2175 hanc
1696 2146 1745 2175 lit-

918 2195 1049 2220 terarum
1064 2191 1255 2220 occasionem
1268 2193 1375 2219 nactus
1391 2199 1469 2226 sum,
1498 2199 1560 2219 non
1576 2191 1691 2219 accurri
1705 2190 1746 2218 ad

917 2237 1045 2271 lucrum,
1063 2236 1116 2264 sed
1127 2235 1264 2264 haesitavi
1285 2244 1320 2264 ac
1346 2243 1394 2263 me
1409 2236 1526 2264 retraxi.
1556 2235 1630 2264 Illud
1643 2236 1746 2271 itaque

918 2289 954 2310 ea
973 2281 1004 2309 in
1016 2289 1048 2309 re
1060 2280 1197 2309 mirabile
1210 2282 1263 2314 est,
1280 2280 1364 2317 quod
1382 2288 1451 2317 quae
1464 2280 1638 2316 contingere
1647 2280 1747 2317 cupie-

52 2330 104 2356 οὒκ
128 2326 273 2364 ἐδεχόμην.
303 2329 388 2354 Αἴτιον
413 2325 453 2362 δὲ,
481 2328 522 2354 ὃτι
543 2328 707 2364 αἰσχιξνομαι
723 2325 808 2354 δοκεῖν
827 2329 860 2364 μὴ

918 2326 1001 2360 bam,
1016 2333 1053 2354 ea
1071 2325 1124 2353 ubi
1138 2325 1299 2361 contigere,
1324 2333 1386 2353 non
1408 2333 1476 2353 sum
1494 2325 1664 2361 amplexus.
1687 2326 1747 2353 Hoc

54 2373 146 2410 φιλίας
175 2382 205 2408 ’γι
229 2373 309 2399 ἔνεπεν
345 2373 475 2410 καθαρῶς,
507 2371 571 2398 ἀλλὰ
592 2374 685 2410 χρείαν
710 2373 766 2398 τινὰ
793 2373 863 2410 θερα·

55 2419 145 2445 πεύων
180 2417 303 2444 ἑκάστοτε
328 2418 445 2454 γράφειν.
474 2417 552 2444 Ἀλλά
577 2426 609 2454 με
634 2416 713 2443 ἐκεῖνο
747 2417 864 2446 ιίσῆλθεν

52 2464 80 2498 (ὅ
111 2464 159 2488 καὶ
195 2463 224 2488 σὲ
253 2461 382 2498 βούλομαι
417 2460 597 2493 διανοηθέντα,
635 2464 714 2498 μήτοι
749 2462 864 2498 νομίζειν

54 2508 128 2543 ἡμᾶς
161 2506 307 2544 ὶμπορικῶς
340 2506 435 2543 μᾶλλον
464 2507 478 2536 ἦ
517 2506 624 2542 φιλικῶς
654 2507 786 2533 ποιεῖσθαι
818 2507 866 2538 τὰς

53 2550 209 2586 διαλέξεις),
232 2553 272 2577 ὅτι
303 2553 358 2588 χρή
385 2560 412 2577 τι
439 2549 563 2588 διάφορον
590 2552 660 2587 ἔχειν
686 2552 732 2582 τὰς
751 2555 801 2577 τῶν
821 2550 865 2588 ἀρ-

51 2606 163 2633 χοντων
208 2598 370 2633 προσρήσιις
404 2596 476 2632 παρά
508 2597 568 2627 τοὺς
601 2594 719 2626 ἰδιώτας.
747 2595 785 2622 Οὐ
813 2597 864 2632 γὰρ

50 2643 157 2678 ὁμοίως
181 2640 323 2666 ἐντευκτέον
350 2641 412 2677 ἡμῖν
436 2640 515 2677 ἰατρῷ
543 2650 570 2667 τε
598 2638 674 2678 ἀνδρὶ
698 2643 741 2666 καὶ
762 2644 798 2676 τῷ
822 2650 866 2667 TV.

93 2730 155 2765 (72)
177 2731 298 2765 Εἴπομεν.
328 2729 374 2757 Sic
401 2737 458 2765 ope
494 2729 605 2758 codicis
642 2728 868 2758 Claromontani

54 2765 250 2794 mutavimus
261 2766 345 2801 quod
357 2765 466 2802 eratin
482 2765 579 2801 editis,
597 2767 721 2802 εἰποιμεν.

93 2803 155 2838 (73)
177 2800 348 2837 Χαμανῆνήν.
365 2800 523 2829 Medicmus
540 2800 676 2838 μηχανήν.
693 2802 786 2830 Paulo
799 2803 868 2838 post

56 2838 155 2867 Coisl.
171 2838 291 2874 primus
304 2839 339 2873 μὴ
358 2838 506 2874 θαυμασης.

920 2374 1021 2399 autem
1040 2370 1095 2398 fuit
1114 2378 1223 2403 causae,
1244 2370 1328 2406 quod
1349 2369 1475 2406 puderet
1502 2377 1552 2398 me
1579 2369 1673 2398 videri
1685 2377 1748 2398 non

920 2424 1003 2453 puras
1015 2415 1153 2444 amicitiae
1166 2423 1270 2451 causa,
1294 2415 1349 2443 sed
1377 2414 1492 2451 aliquid
1510 2414 1643 2443 utilitatis
1659 2423 1750 2443 aucu-

920 2463 1042 2498 pantem
1058 2459 1188 2488 subinde
1203 2460 1341 2488 scribere.
1369 2459 1426 2488 Sed
1440 2459 1515 2488 illud
1534 2460 1610 2488 mihi
1619 2460 1650 2488 in
1666 2468 1751 2488 men-

920 2509 981 2535 tem
995 2506 1074 2534 venit
1084 2505 1178 2542 (quod
1189 2507 1217 2533 et
1230 2507 1261 2533 tu
1274 2505 1469 2533 considerans
1494 2505 1585 2533 velim
1599 2505 1750 2533 existimes

922 2559 970 2579 me
985 2558 1047 2579 non
1062 2552 1198 2587 qumstus
1222 2549 1322 2585 magis
1339 2557 1433 2586 quam
1462 2549 1600 2578 amicitias
1616 2556 1711 2577 causa
1719 2549 1751 2576 in

921 2595 1107 2632 colloquium
1122 2594 1247 2630 venire),
1278 2595 1361 2630 177
1380 2594 1466 2623 aliter
1479 2594 1624 2631 praesides
1636 2592 1750 2629 alloqui

920 2640 1026 2669 decere
1037 2647 1072 2668 ac
1088 2639 1233 2676 privatos.
1261 2641 1325 2668 Non
1337 2638 1418 2668 enim
1431 2639 1519 2668 nobis
1537 2638 1645 2667 eodem
1657 2637 1750 2667 modo

962 2730 1019 2765 (74)
1037 2728 1172 2765 Ὑπάρξαι.
1185 2728 1272 2757 Coisl.
1288 2728 1405 2765 primus
1417 2729 1445 2756 et
1460 2728 1534 2757 Med.
1551 2727 1685 2765 ὑπάρξειν.

957 2765 967 2776 '
988 2764 1069 2792 Alias
1086 2764 1276 2793 CCCCXXVII.
1294 2765 1411 2800 Scripta
1423 2771 1505 2792 anno
1519 2765 1582 2792 372.

958 2801 985 2812 “
1004 2800 1084 2829 Alias
1100 2800 1300 2830 CCCLXXXIX.
1316 2800 1433 2837 Scripta
1445 2806 1527 2828 anno
1546 2800 1609 2828 372.
