1998 3145
259 157 311 189 463

948 156 977 184 S.
999 153 1126 184 BASILH
1143 155 1253 185 IAGNI

1889 160 1942 188 464

260 221 418 250 adeundus
433 222 476 249 est
486 220 620 249 medicus
640 227 675 248 ac
699 219 834 256 plebeius
849 229 856 255 ;
880 227 979 256 neque
992 219 1080 247 etiam

1142 221 1220 255 χὰντι
1234 228 1240 235 ·
1256 222 1315 248 οὔτε
1329 222 1440 259 ἄρχοντι
1456 219 1576 249 δηλονότι
1595 222 1640 247 καὶ
1666 218 1758 257 ἰδιώτῃ
1773 232 1779 238 ·
1801 220 1866 248 ἀλλὰ
1885 232 1942 248 πει-

259 275 372 304 prteses
382 266 487 294 eodem
503 265 595 294 modo
617 273 651 293 ac
676 265 830 301 privatus:
848 265 900 294 sed
921 264 1024 292 danda
1043 263 1089 292 est

259 319 362 349 opera,
373 314 405 339 ut
415 312 506 346 hujus
523 313 597 344 arle,
622 310 701 338 illius
717 311 892 339 auctoritate
908 310 947 338 ad
969 312 1087 338 nostros

258 365 331 384 usus
341 356 540 393 perfruamur.
554 355 818 388 Quemadmodum
832 355 912 383 enim
937 355 975 383 ad
992 354 1085 382 solem

259 401 460 434 ambulantes,
476 400 568 428 velint
593 400 697 434 nolint,
721 399 830 428 umbra
845 400 969 428 omnino
985 399 1086 435 sequi-

258 448 325 475 tur:
343 446 383 473 ita
396 447 425 473 et
446 453 515 472 cum
540 444 767 478 magistratibus
787 444 936 481 colloquia
953 445 1086 480 qmestus

258 490 384 526 quidam
404 489 572 521 comitatur,
595 488 732 516 levamen
748 489 937 517 afﬂictornm.
955 488 1085 516 Primam

256 533 485 570 igiturepistola:
496 541 620 561 causam
632 533 797 569 adimplcat
807 533 874 569 ipsa
885 533 1085 566 magnanimi-

257 579 325 607 tatis
341 581 398 606 tua:
413 578 552 605 salutatio
565 587 570 609 ;
601 577 683 613 quod
713 578 825 614 ipsum,
836 578 952 606 etiamsi
967 577 1083 606 nullum

257 623 337 652 aliud
353 622 503 650 scribendi
519 624 733 656 argumentum
758 624 938 658 suppeteret,
959 630 1084 650 causam

255 675 375 704 aequam
383 675 449 695 esse
461 667 630 702 putandum
638 669 692 694 est.
703 666 844 695 Saluteris
855 667 946 701 igitur
957 675 974 695 a
984 667 1081 700 nobis,

254 712 300 740 vir
310 712 432 748 optimc,
453 719 488 739 ac
509 711 592 739 omni
612 711 770 739 hominum
781 711 1081 747 genericustodiaris,

254 757 447 793 praefecturas
465 764 501 784 ex
517 755 700 792 praefecturis
716 763 835 790 gerens,
860 759 888 784 et
906 755 980 784 alios
991 758 1081 792 atque

255 801 329 829 alios
340 804 391 829 tua
399 800 660 828 administratione
668 800 872 835 adjuvans.1d
883 800 962 828 enim
973 802 1000 828 et
1009 800 1081 828 mihi

253 846 350 874 facere
358 853 425 873 mos
433 847 486 876 est.
495 847 522 872 et
530 844 581 872 tibi
588 844 716 872 debetur
722 844 760 872 ab
768 844 812 880 iis,
821 844 872 880 qui
880 844 926 872 vel
934 844 1079 872 tantillum

1142 265 1233 300 ράτέον
1257 269 1302 292 τοῦ
1322 267 1366 302 μὲν
1396 265 1423 292 ἐκ
1449 269 1496 296 τῆς
1510 267 1615 300 τέχνης,
1630 269 1676 291 τοῦ
1697 264 1726 292 δὲ
1742 265 1792 292 ἀπὸ
1807 271 1855 297 τῆς
1870 266 1942 298 ἕξου-

1143 312 1203 341 σίας
1234 310 1371 337 ἀπολαύειν
1398 311 1433 342 εἰς
1457 312 1490 337 τὰ
1510 311 1632 348 ἡμέτερα.
1659 311 1759 349 Ὠσπερ
1786 310 1830 338 οὖν
1845 316 1900 344 τοῖς
1916 311 1939 338 ἐν

1141 354 1207 391 ἡλίῳ
1232 354 1391 392 βαδίζουσιν
1420 356 1507 382 ἕπεται
1530 356 1633 387 πάντως
1655 357 1670 385 ἠ
1697 358 1769 391 σκιὰ,
1799 357 1846 383 κᾶν
1865 358 1938 384 αὐτοὶ

1141 402 1176 435 μὴ
1199 400 1356 436 προέλωνται
1370 409 1376 416 ·
1398 401 1465 427 οὕτω
1489 402 1534 426 καὶ
1553 404 1609 431 ταῖς
1635 402 1698 438 πρὸς
1719 403 1779 432 τοὺς
1806 403 1941 438 ἄρχοντας

1140 444 1254 480 ὁμιλίαις
1288 444 1424 472 ἀκολουθεί
1462 455 1487 471 τι
1519 447 1564 471 καὶ
1595 447 1810 483 παρεμπόρευμα,
1841 447 1856 476 ἠ
1890 451 1940 473 τῶν

1140 491 1287 525 καμνόντων
1313 489 1433 526 βοήθεια,
1461 492 1514 519 Τὴν
1538 491 1582 526 μὲν
1596 488 1639 516 οὖν
1663 493 1769 527 πρώτην
1791 490 1878 517 αἰτίαν
1894 496 1942 523 τῆς

1140 532 1278 564 ἐπιστολῆς
1313 534 1450 571 πληρούτω
1481 534 1544 560 αὐτὸ
1572 536 1602 561 τὸ
1630 538 1780 571 προσειπιῖν
1813 545 1861 562 σου
1892 538 1940 565 τήν

1139 578 1306 613 μεγαλόνοιαν
1324 599 1331 606 .
1363 580 1386 612 ὅ,
1420 579 1468 604 κᾶν
1499 577 1620 615 μηδεμία
1651 581 1780 616 πρόφασις
1809 585 1846 615 τῷ
1874 583 1941 618 γρά-

1139 633 1192 659 φειν
1208 623 1265 657 (75)
1291 628 1389 660 προσῇ,
1410 623 1506 660 ἀγαθὸν
1531 623 1667 660 κεφάλαιον
1692 626 1754 651 αὐτὸ
1783 627 1837 662 χρὴ
1865 629 1942 662 νομί-

1139 667 1241 698 ζεσθαι.
1269 670 1434 705 Προσείρησο
1449 668 1505 704 (76)
1518 671 1602 695 τοίνυν
1630 669 1703 705 ἡμῖν,
1729 668 1748 694 ὦ
1771 670 1875 706 ἄριστε,
1892 673 1939 697 καὶ

1137 711 1276 747 φυλάττοιο
1301 716 1336 748 τῷ
1366 712 1417 749 βίῳ
1441 715 1528 745 παντὶ,
1550 712 1646 749 ἀρχὰς,
1666 713 1797 751 ἐξαρκῶν
1813 713 1939 750 ἀμείϐων,

1136 759 1181 782 καὶ
1201 756 1290 783 ἄλλοτε
1306 756 1399 788 ἄλλους
1418 761 1475 788 ταῖς
1498 756 1665 788 ἐπιστασίαις
1691 757 1838 795 εὐεργετῶν.
1854 762 1940 785 Τοῦτο

1135 802 1186 838 ’γὰρ
1219 800 1276 837 ἐμοί
1305 811 1331 828 τε
1359 805 1441 828 ποιεῖν
1472 803 1592 834 σύνηθες,
1629 804 1674 828 καὶ
1704 805 1746 829 σοὶ
1775 802 1938 840 ὀφειλόμενον

1135 846 1206 882 παρὰ
1232 849 1282 871 τῶν
1308 848 1353 872 καὶ
1375 847 1442 872 κατὰ
1468 847 1562 883 μικρὸν
1589 849 1779 884 πεπειραμένων
1802 851 1848 878 τῆς
1877 851 1938 885 περὶ

252 888 620 918 tuaminadministranda
636 888 794 924 provincia
811 889 952 917 virtutem
967 889 1080 925 experti

1137 892 1164 916 τό
1179 891 1272 927 ἄρχειν
1289 900 1336 917 σου
1353 890 1456 928 ἀρετῆς.

253 937 332 963 sunt.

287 982 313 1007 2.
334 979 406 1008 Post
423 980 528 1007 votum
542 977 627 1013 illud,
648 986 748 1006 meam
761 985 884 1014 quoque
899 986 954 1014 pro
969 978 1080 1006 misero

251 1032 322 1052 sene
337 1024 542 1061 precationem
559 1024 673 1059 excipe,
704 1031 795 1059 quem
811 1023 947 1059 diploma
961 1023 1079 1058 regium

248 1068 424 1097 muneribus
435 1067 563 1104 publicis
576 1067 703 1101 exemit;
737 1067 784 1095 vel
795 1067 894 1103 potius
907 1067 954 1095 cui
970 1070 998 1095 et
1012 1068 1079 1103 ipsa

249 1116 318 1142 ante
335 1121 437 1148 regem
467 1114 605 1140 senectus
623 1111 846 1140 immunitatem
874 1111 1079 1140 necessariam

248 1158 384 1186 dederat.
405 1156 595 1185 Contirmasti
607 1158 635 1184 et
649 1156 713 1192 ipse
728 1155 909 1183 beneficium
926 1156 1016 1191 regis,
1028 1163 1079 1184 na-

248 1204 349 1230 turam
362 1201 520 1233 reveritus,
549 1202 577 1228 et
603 1199 732 1236 publicis
756 1199 847 1228 rebus
858 1199 1031 1236 providens,
1048 1203 1081 1229 ut

249 1246 322 1275 mihi
337 1246 462 1278 videtur,
479 1253 516 1273 ne
527 1245 610 1282 quod
627 1245 803 1281 periculum,
819 1244 942 1272 homine
958 1247 1080 1282 propter

249 1293 367 1320 aetatem
388 1289 562 1326 desipiente.
587 1289 618 1317 in
634 1297 697 1317 rem
711 1289 866 1325 publicam
878 1289 1077 1318 inveheretur.

249 1335 408 1369 Quomodo
424 1337 522 1363 autem
533 1334 628 1368 illum,
641 1333 686 1361 vir
695 1333 884 1366 admiranda,
896 1334 954 1362 alia
975 1342 1078 1362 rursus

248 1381 298 1409 via
306 1380 484 1416 imprudens
495 1379 524 1407 in
544 1379 643 1407 inedia
655 1378 774 1414 negotia
788 1379 981 1415 protraxisti?
993 1380 1078 1412 Quod

249 1425 329 1454 enim
343 1424 421 1452 illius
445 1427 586 1460 nepotem
611 1423 749 1452 nondum
774 1431 870 1451 annos
885 1426 1078 1460 quatuornu—

248 1473 313 1499 tum
329 1470 418 1498 curim
431 1468 586 1501 addixisti,
612 1468 686 1504 quid
711 1467 794 1496 aliud
809 1471 854 1496 est
865 1476 959 1504 quam
975 1477 1078 1497 senem

250 1515 281 1543 in
293 1517 401 1551 nepote
414 1521 518 1541 rursus
543 1513 581 1541 de
605 1513 722 1547 integro
746 1512 785 1540 ad
809 1512 932 1549 publica
951 1521 1079 1542 munera

249 1558 444 1596 pertrahere?
471 1559 554 1586 Nunc
577 1559 677 1585 autem
707 1565 782 1591 rogo
809 1557 904 1585 aetatis
921 1557 1077 1594 utriusque
1094 1571 1113 1599 ρ

250 1603 431 1633 miserearis,
447 1604 475 1630 et
491 1604 652 1638 utrumque
674 1601 784 1630 liberes
793 1601 833 1630 ob
844 1609 880 1629 ea
894 1610 962 1638 quae
978 1602 1079 1630 insunt

251 1648 369 1684 utrique
389 1646 580 1674 miseratione
606 1645 708 1681 digna.
739 1646 819 1674 Alter
833 1646 956 1682 quidem
972 1654 1078 1682 paren-

251 1695 295 1720 tcs
309 1699 371 1720 non
386 1690 468 1723 vidit,
485 1698 540 1718 nec
555 1690 705 1725 cognovit,
718 1690 771 1718 sed
783 1698 835 1726 per
845 1690 957 1718 alienas
968 1699 1078 1719 manus

252 1737 283 1765 in
297 1736 376 1764 hanc
393 1736 483 1763 vitam
506 1735 658 1771 ingressus
674 1737 726 1768 est,
748 1734 848 1763 statim
876 1743 893 1762 a
919 1735 1079 1763 cunabulis

252 1782 377 1817 parente
401 1782 527 1815 utroque
554 1778 697 1811 orbatus;
728 1778 802 1806 alter
821 1787 890 1806 vero
917 1779 1031 1807 tamdiu
1048 1779 1077 1807 in

252 1825 313 1854 vita
328 1826 496 1853 reservatus
524 1825 578 1855 est.
595 1826 627 1851 ut
646 1822 772 1850 multum
787 1822 965 1851 calamitatis
984 1831 1079 1858 genus

253 1870 408 1905 effugeret.
435 1868 511 1896 Vidit
534 1867 614 1896 enim
641 1867 692 1895 tilii
715 1869 841 1895 mortem
863 1867 1078 1902 immaturum;

252 1915 327 1943 vidit
348 1916 377 1942 et
404 1913 529 1941 domum
545 1911 771 1940 successoribus
787 1911 957 1940 destitutam
975 1921 981 1940 :
999 1913 1079 1941 vide-

253 1960 297 1988 bit
311 1961 410 1988 autem
424 1965 514 1989 nunc,
530 1957 586 1985 nisi
600 1957 674 1992 quid
685 1959 736 1985 tua
747 1956 934 1985 humanitate
953 1957 1079 1992 dignum

255 2004 376 2038 cogites,
393 2002 529 2030 solamen
555 2001 690 2029 orbitatis
716 2001 745 2028 in
764 2001 956 2030 occasionem
969 2001 1081 2029 sibiiu-

254 2046 489 2077 numerabilium
512 2045 662 2074 malorum
683 2046 824 2074 converti.
840 2048 903 2074 Non
914 2046 995 2074 enim
1008 2054 1081 2082 pue-

255 2092 339 2122 rulus
364 2091 395 2120 in
415 2091 562 2119 curalium
587 2090 690 2119 album
710 2090 888 2126 ascribetur,
910 2094 961 2118 aut
973 2091 1082 2120 tributa

255 2137 436 2173 colligetaut
446 2135 591 2164 militibus
607 2143 764 2164 annonam
784 2135 989 2172 suppeditabit
1004 2145 1010 2164 :
1028 2135 1082 2164 sed

255 2190 361 2212 rursus
376 2189 498 2210 necesse
514 2180 613 2208 miseri
638 2180 717 2208 senis
733 2180 871 2208 canitiem
891 2180 1077 2210 dedecorari.

1170 981 1196 1006 2.
1217 979 1289 1005 Μετὰ
1315 977 1345 1005 δὲ
1368 981 1415 1008 τὴν
1444 980 1538 1016 εὐχὴν,
1562 978 1636 1011 δέξαι
1659 983 1704 1006 καὶ
1727 983 1774 1010 τὴν
1802 982 1866 1018 ὑπὲρ
1891 986 1939 1008 τοῦ

1135 1022 1224 1049 ἀθλίου
1251 1026 1370 1060 γέροντος
1398 1024 1509 1059 ἱκεσίαν,
1537 1024 1564 1050 ὃν
1598 1024 1681 1060 ἀφῆκε
1704 1026 1748 1061 μὲν
1772 1029 1822 1051 τῶν
1852 1024 1941 1062 δημο-

1135 1069 1197 1094 σίων
1229 1068 1341 1104 γράμμα
1373 1067 1531 1104 βασιλικόν·
1561 1068 1656 1105 μᾶλλον
1686 1067 1715 1095 δί
1736 1072 1781 1096 καὶ
1804 1079 1855 1106 προ
1891 1075 1938 1097 τοῦ

1134 1111 1263 1148 βασιλέως
1296 1112 1359 1138 αὐτὸ
1385 1114 1414 1138 τό
1447 1117 1531 1151 γῆρας
1559 1111 1653 1140 ἔδωκεν
1690 1114 1760 1150 αὐτῷ
1782 1116 1830 1143 τὴν
1853 1113 1938 1150 ἀναγ-

1133 1159 1209 1182 καίαν
1235 1155 1546 1188 ἁτελειαν.Ἐϐεϐαίωσ-ας
1565 1157 1596 1184 δι
1623 1161 1668 1185 καὶ
1692 1158 1770 1189 αὐτὸς
1792 1161 1840 1188 τὴν
1866 1160 1938 1185 ἄνω-

1135 1201 1175 1227 θεν
1190 1202 1271 1238 χάριν
1295 1200 1370 1228 αἰδοῖ
1389 1205 1434 1232 τῆς
1458 1204 1570 1238 φύσεως,
1591 1205 1636 1228 καὶ
1656 1204 1803 1240 προμηθείᾳ
1821 1207 1872 1229 τῶν
1889 1202 1939 1233 δη-

1133 1248 1243 1281 μοσίων,
1264 1245 1318 1282 ἐμοὶ
1346 1244 1444 1281 δοκιῑν,
1470 1248 1504 1277 ὡς
1519 1246 1548 1273 ἂν
1560 1249 1596 1281 μή
1611 1246 1738 1284 ἀνθρώπῳ
1760 1252 1937 1284 παρανοοῦντι

1133 1288 1180 1316 διὰ
1200 1292 1243 1316 τὸν
1269 1293 1364 1328 χρόνον
1388 1289 1535 1318 κινδυνεύοι
1560 1292 1618 1325 (77)
1649 1302 1675 1318 τι
1700 1297 1750 1318 τῶν
1777 1297 1879 1320 κοινῶν.
1897 1294 1936 1320 Δι’

1132 1334 1219 1371 ἑτέρας
1246 1333 1276 1361 δί
1305 1333 1369 1361 ὁδοῦ
1382 1335 1458 1361 πάλιν
1482 1340 1537 1367 πῶς
1548 1335 1624 1363 αὐτὸν
1639 1336 1735 1370 ἔλαθες,
1756 1336 1776 1363 ὦ
1789 1339 1934 1374 θαυμάσιε,

1131 1382 1291 1417 παραγαγὼν
1317 1379 1354 1410 εἰς
1382 1382 1411 1406 τό
1435 1382 1529 1416 μέσους
1563 1383 1613 1407 Τὸν
1630 1382 1681 1418 γὰρ
1701 1380 1792 1408 ὑὶδοῦν
1805 1384 1859 1417 (78)
1886 1383 1935 1409 αὖ·

1131 1427 1188 1455 τοῦ,
1205 1425 1276 1450 οὔπω
1304 1425 1426 1460 τέταρτον
1455 1426 1511 1456 ἔτος
1536 1424 1586 1451 ἀπὸ
1608 1427 1729 1461 γενέσιως
1757 1427 1863 1462 ἄγοντα,
1889 1437 1936 1454 κε-

1131 1468 1223 1499 λεύσας
1244 1473 1290 1495 τοῦ
1312 1468 1502 1507 βουλευτηρίου
1518 1472 1644 1506 μετέχειν,
1677 1473 1703 1497 τί
1717 1471 1778 1498 ἄλλο
1803 1474 1849 1498 καὶ
1868 1472 1936 1509 οὐχί

1131 1514 1174 1538 τὸν
1187 1512 1337 1550 πρεσϐύτην
1358 1512 1405 1539 διὰ
1427 1518 1474 1540 τοὺ
1499 1514 1606 1550 ἐκγόνου
1621 1514 1698 1541 πάλιν
1712 1515 1740 1546 ἑξ
1759 1514 1847 1552 ἀρχῆς
1864 1527 1936 1554 παρη

1132 1566 1205 1592 «yet;
1222 1557 1255 1588 εἰς
1283 1558 1316 1583 τὰ
1347 1556 1485 1594 δημόσια;
1512 1558 1592 1585 Ἀλλά
1612 1563 1655 1585 νῦν
1685 1560 1826 1596 ἱκπτῦομςν
1851 1560 1938 1597 ἀμφο-

1132 1603 1210 1639 τέρων
1240 1611 1268 1628 σε
1289 1601 1374 1628 λαϐεῖν
1403 1606 1453 1628 τῶν
1491 1602 1598 1632 ἡλικιῶν
1627 1602 1725 1637 οἶκτον,
1754 1606 1799 1630 καὶ
1823 1603 1938 1641 ἀμφοτέ-

1132 1655 1191 1683 ρους
1219 1645 1317 1673 ἀνεῖναι
1344 1645 1391 1673 διὰ
1415 1649 1447 1673 τὰ
1471 1649 1604 1684 προσόντα
1635 1648 1746 1685 ἐκατέρῳ
1771 1648 1878 1677 ἑλιεινά.
1903 1649 1936 1676 Ὀ

1133 1692 1177 1727 μὲν
1201 1692 1251 1728 γὰρ
1280 1695 1326 1717 οὐκ
1356 1689 1409 1717 sit}:
1423 1693 1480 1727 (70)
1508 1695 1609 1727 γονέας,
1635 1691 1843 1731 οὐδ’ἐγνωρισδ,
1871 1693 1939 1721 ma

1134 1733 1170 1761 δι’
1191 1734 1329 1772 ἀλλοτρίων
1353 1740 1450 1773 χειρῶν
1479 1736 1512 1767 εἰς
1533 1738 1576 1762 τὸν
1603 1736 1662 1773 βίον
1687 1741 1778 1764 τοῦτον
1802 1738 1937 1772 εἰσῆλθεν,

1133 1779 1210 1810 εὐθὺς
1232 1779 1260 1805 ἐκ
1283 1781 1440 1816 σπαργάνων
1469 1780 1618 1819 ἀμφοτέρων
1652 1781 1833 1818 ὀρφαιισθιίς·
1858 1783 1871 1809 ὁ
1902 1782 1938 1810 δὲ

1134 1827 1257 1850 τοσοῦτον
1277 1823 1415 1860 ἐταμιεύῦη
1443 1829 1479 1861 τῷ
1500 1825 1560 1862 βίῳ,
1590 1827 1624 1856 ὡς
1649 1825 1732 1862 μηδὲν
1759 1827 1837 1853 αὑτὸν
1864 1826 1938 1859 εἶδος

1136 1872 1270 1905 συμφοράς
1296 1869 1441 1906 παρελθεῖν·
1467 1868 1569 1896 Ἐπεῖδι
1588 1872 1632 1906 μὲν
1660 1872 1710 1908 γὰρ
1738 1872 1796 1897 υἱοῦ
1813 1871 1938 1902 τελευτὴν

1134 1914 1228 1950 άωρον.
1256 1912 1308 1940 εἶδε
1331 1912 1360 1940 δὴ
1382 1913 1452 1940 οἶκον
1474 1915 1568 1952 ἔρημον
1601 1913 1749 1952 διαδόχων·
1781 1916 1874 1952 ὅψιται
1904 1916 1941 1944 δὲ

1134 1962 1190 1990 νῦν,
1220 1957 1261 1984 ἐὰν
1287 1961 1322 1994 μή
1348 1968 1374 1984 τι
1402 1959 1479 1990 αὐτὸς
1502 1959 1573 1991 ἄξιον
1595 1964 1643 1990 τῆς
1667 1964 1776 1986 σεαυτοῦ
1792 1961 1942 1998 φιλανθρω-

1136 2005 1197 2033 πίας
1214 2000 1365 2039 διανοηθῇς,
1385 2005 1428 2032 τήν
1450 2005 1617 2040 παραμυθίαν
1641 2008 1689 2036 τῆς
1713 2003 1851 2038 ἀπαιδίας,
1874 2008 1944 2032 ταύ-

1136 2057 1182 2076 την
1219 2047 1336 2084 ἀφορμήν
1370 2048 1440 2084 αὐτῷ
1467 2051 1566 2086 μυρίων
1591 2051 1766 2085 γενησομένην
1780 2054 1877 2078 κακῶν.
1897 2051 1942 2077 Οὐ

1136 2093 1184 2130 γὰρ
1210 2090 1297 2121 δήπου
1316 2094 1344 2118 τὸ
1367 2091 1474 2119 παιδίον
1501 2093 1537 2124 εἰς
1561 2093 1705 2130 βουλευτὰς
1727 2094 1884 2128 συντελέσει,
1926 2097 1940 2125 ἠ

1137 2136 1230 2168 ἐκλέξςι
1255 2137 1300 2168 τὰς
1333 2137 1467 2174 εἰσφορὰς,
1494 2138 1508 2166 ἢ
1538 2141 1712 2174 στρατιώταις
1732 2142 1886 2175 χορηγήσει
1910 2142 1943 2167 τὸ

1138 2183 1307 2218 σιτηρέσιον·
1347 2181 1400 2207 ἀλλ’
1429 2181 1527 2218 ἀνάγκη
1560 2182 1636 2208 πάλιν
1666 2187 1712 2209 τοῦ
1740 2183 1832 2210 ἀθλίου
1852 2187 1945 2220 γέρον-

256 2225 489 2261 Concedeigitur
503 2225 631 2260 gratiam
654 2227 683 2253 et
705 2224 823 2260 legibus
836 2227 1080 2259 consentaneam,

1137 2235 1178 2256 τος
1201 2227 1248 2254 τὴν
1274 2224 1363 2251 πολιὰν
1392 2227 1632 2262 καταισχύνεσθαι.
1664 2229 1712 2258 Δὸς
1734 2225 1777 2253 οὖν
1799 2229 1882 2265 χάριν
1893 2233 1943 2256 καὶ

255 2274 285 2301 et
294 2273 409 2300 naturae
425 2271 642 2304 congruentem
659 2278 666 2296 :
679 2269 790 2304 jubens
807 2272 839 2297 ut
860 2269 944 2297 alteri
958 2270 1082 2305 quidem

255 2323 352 2353 usque
366 2315 406 2343 ad
418 2314 532 2343 virilem
556 2316 673 2342 letalem
690 2313 881 2348 concedatur,
893 2313 967 2342 alter
980 2317 1082 2342 autem

255 2362 288 2390 in
307 2361 385 2389 lecto
408 2361 538 2387 mortem
565 2360 727 2394 exspectet.
756 2357 903 2386 Continua
919 2360 1018 2386 autem
1031 2366 1082 2386 ne-

255 2405 338 2443 gotia
351 2407 380 2434 et
392 2403 615 2432 ineluctabilem
635 2403 843 2431 necessitatem
865 2402 915 2430 alii
929 2406 1081 2432 excusent.

255 2453 356 2487 Neque
367 2449 448 2478 enim
460 2448 599 2476 tuimoris
610 2450 655 2475 est
665 2449 715 2476 aut
728 2447 919 2475 calamitosos
930 2455 1081 2483 spernere,

255 2497 309 2524 aut
330 2494 411 2529 leges
439 2492 526 2528 parvi
553 2492 661 2525 facere,
691 2493 742 2519 aut
769 2490 875 2518 amicis
901 2498 963 2519 non
979 2491 1081 2520 cedere

255 2537 507 2576 supplicantibus,
524 2535 642 2565 etiamsi
655 2538 680 2564 te
693 2534 732 2563 ab
745 2534 922 2563 hominibus
938 2535 1082 2564 circums-

255 2583 372 2612 teterint
385 2581 516 2617 negotia.

290 2628 346 2663 ('75)
365 2630 406 2662 Τῷ
420 2626 538 2662 γράφειν.
554 2623 632 2663 Harl:
648 2625 677 2652 et
688 2623 762 2652 Med.
777 2627 822 2650 τοῦ
837 2625 954 2663 γράφειν.

291 2659 345 2699 (76)
365 2659 540 2700 [lpos-sterno.
567 2662 610 2689 Ita
621 2659 743 2696 inovem
771 2659 948 2688 mss.'Editi
976 2663 1081 2698 προσεί-

254 2709 324 2727 ποιο.

289 2738 333 2768 77)
353 2736 565 2768 ῐιαρανοοῡντι...
589 2729 746 2758 κτνδυνεύοι.
777 2731 821 2768 εἰς
852 2739 927 2759 mss.
957 2739 1078 2760 summo

255 2762 423 2804 consensu.
433 2768 507 2796 Editi
519 2771 745 2804 παρανομοῦντι...
757 2765 905 2804 κινδυνεύῃ.

289 2808 344 2840 (78)
371 2803 484 2832 ’Υῑδοῠν.
501 2803 547 2832 Sic
556 2802 635 2831 'mss'.
650 2806 728 2831 octo.
745 2802 820 2831 Editi
845 2802 899 2840 υὶόξι
914 2807 986 2840 γοῦν.
1005 2804 1078 2831 Pau-

254 2837 466 2879 ol'po'stGoisl.
482 2840 598 2877 primus
625 2841 654 2869 et
681 2840 752 2875 Reg.
779 2837 931 2868 secundus
957 2837 1005 2866 διὰ
1029 2842 1077 2866 τοῦ

1136 2273 1190 2301 τοῖς
1213 2271 1302 2306 νὸμοις
1329 2269 1480 2306 ἀκόλουθον,
1506 2273 1551 2297 καὶ
1571 2275 1602 2307 τῇ
1625 2273 1700 2307 φύσει
1714 2271 1915 2308 συμϐαίνουσαν
1933 2284 1940 2290 -

1136 2318 1172 2349 τῷ
1195 2315 1240 2350 μὲν
1264 2315 1414 2350 προστάξας
1444 2318 1526 2352 μέχρι
1549 2319 1596 2346 τῆς
1627 2320 1676 2341 τῶν
1700 2314 1801 2352 ἀνδρῶν
1835 2317 1942 2349 ἡλικίας

1138 2359 1357 2395 συγχωρηθῆναὶ,
1378 2361 1420 2386 τὸν
1450 2358 1480 2386 δὲ
1501 2359 1543 2386 ἐπὶ
1569 2364 1617 2390 τῆς
1641 2360 1728 2392 κλίνης
1743 2359 1878 2397 ἀναμένειν
1894 2365 1940 2389 τὸν

1138 2404 1256 2431 θάνατον.
1272 2405 1436 2440 Πραγμάτων
1449 2402 1478 2429 δὲ
1492 2406 1629 2440 συνέχειαν
1647 2407 1692 2431 καὶ
1707 2407 1735 2431 τὸ
1748 2409 1796 2436 τῆς
1821 2404 1941 2442 ἀνάγκης

1137 2447 1313 2485 ἀπαραίτητον
1337 2447 1410 2474 ἄλλοι
1434 2447 1681 2484 προϐαλλέσθωσαν.
1705 2449 1743 2475 Οὐ
1763 2450 1815 2486 γὰρ
1837 2448 1873 2479 δὴ
1891 2455 1940 2477 τοῦ

1138 2496 1185 2519 σοῦ
1200 2494 1298 2528 τρόπου
1326 2492 1340 2521 ἦ
1368 2496 1456 2523 κακῶς
1484 2493 1644 2528 πράττοντας
1654 2503 1712 2529 πιρι
1726 2491 1801 2527 ιδείν,
1819 2494 1834 2523 ἦ
1851 2497 1939 2531 νόμων

1137 2536 1309 2573 ὁλιγωρῆσαι,
1328 2536 1342 2565 ἦ
1361 2536 1443 2573 φίλοις
1457 2539 1492 2573 μὴ
1510 2536 1576 2569 εἶξαι
1602 2539 1810 2572 καθικετεύουσι,
1837 2538 1886 2564 κᾶν
1907 2542 1941 2566 τὰ

1136 2581 1162 2613 ἐξ
1172 2581 1312 2618 ἀνθρώπων
1329 2590 1358 2607 σε
1372 2584 1537 2618 περιεστήκει
1551 2583 1607 2618 (80)
1620 2583 1772 2620 πράγματα.

1133 2627 1250 2662 ἐγγόνον.

1168 2659 1224 2696 (79)
1243 2661 1299 2687 Οὐκ
1312 2659 1374 2689 εἶδε.
1391 2662 1458 2690 Mss.
1485 2662 1677 2690 consentiunt
1703 2662 1733 2689 in
1760 2661 1817 2690 hac
1849 2671 1935 2691 voce.

1133 2697 1206 2725 Editi
1222 2697 1269 2735 ουκ
1282 2695 1337 2735 aid;
1366 2697 1537 2735 Paulo‘post
1552 2697 1639 2726 Coisl.
1658 2697 1772 2733 primus
1792 2697 1832 2724 ἐπ’
1846 2698 1937 2735 ἀμφο-

1131 2735 1220 2769 τέρων.
1238 2733 1314 2760 Harl.
1329 2735 1357 2760 et
1369 2733 1440 2760 Med.
1455 2732 1498 2758 ἀπ’
1511 2732 1670 2769 ἀμφοτέρων.

1167 2768 1223 2804 (80)
1245 2771 1422 2805 Περιεστὴκει.
1440 2768 1486 2796 Sic
1507 2768 1579 2796 mss.
1595 2768 1712 2797 codices
1729 2776 1852 2797 summo
1863 2776 1937 2797 con~

1131 2811 1235 2832 sensu.
1254 2804 1329 2832 Editi
1338 2806 1502 2840 περιέστηκε,
