1998 3145
255 141 308 173 479

949 142 978 170 S.
1000 139 1125 169 BASILII
1143 140 1252 169 MAGNI

1880 138 1931 170 480

256 214 396 236 enarrare
416 215 422 234 :
438 214 492 243 per
511 213 602 242 quem
619 205 814 233 exhortamur
832 213 895 240 vos,
919 206 951 232 ut
970 204 1085 232 viscera

1153 204 1225 239 ηεὺγει
1241 198 1303 240 napi
1321 204 1413 231 ἑαυτοῦ
1436 202 1637 240 διηγήσασθαι·
1666 201 1702 230 δι’
1720 203 1750 229 οὗ
1772 202 1932 240 παρακαλοῦ-

256 251 389 280 induatis
405 249 617 283 miserationis,
643 250 788 286 omnique
810 249 948 285 deposita
961 247 1084 284 segnitie

256 295 393 324 laborem
410 294 580 322 dilectionis
597 293 778 329 suscipiatis,
794 296 822 322 et
834 301 932 329 neque
947 293 1002 320 vim
1016 291 1083 320 lon-

258 340 436 375 gitudinem,
461 346 559 375 neque
583 338 766 366 domesticas
792 338 1017 374 occupationes,
1032 344 1085 364 nc-

258 392 317 421 que
332 384 415 412 aliud
431 383 600 420 quidquam
613 383 782 410 humanum
798 382 942 418 cogitetis.

295 501 321 527 2.
339 501 439 536 Neque
458 499 537 527 enim
551 498 680 527 Ecclesia
701 506 762 526 una
778 497 975 535 periclitatur;
988 503 1086 533 neque

260 544 328 572 duas
340 547 391 572 aut
402 547 459 572 tres
471 544 500 572 in
508 551 631 579 gravem
641 543 719 571 hanc
727 545 934 579 tempestatem
944 541 1086 577 delapsre.

261 590 336 617 Nam
351 589 444 616 ferme
460 596 477 616 a
493 588 603 616 ﬁnibus
621 587 727 624 lllyrici
743 595 837 623 usque
857 587 896 614 ad
907 585 1088 614 Thebaidem

259 632 381 661 htercsls
397 633 511 660 malum
536 632 719 668 depascitur.
744 631 833 666 Cujus
858 638 952 667 prava
973 629 1090 658 semina

261 677 344 713 prius
360 677 483 713 quidem
498 676 619 704 infamis
636 676 721 704 Arius
739 676 810 712 jecit
825 684 831 703 :
848 675 914 703 altis
930 677 1030 703 autem
1044 681 1090 702 ra—

261 721 379 750 dicibus
403 722 523 750 ﬁrmata
544 730 560 749 a
586 721 734 758 pluribus,
759 721 811 757 qui
838 720 942 748 Arium
967 720 1043 747 inter
1061 721 1090 746 et

261 769 397 795 nostram
409 769 528 795 aetatem
538 766 684 802 interjccti
693 767 879 802 impietatem
893 765 1027 793 studiose
1038 771 1088 791 ex-

262 811 391 847 coluere,
405 819 486 839 nunc
507 811 648 839 exitiosos
670 812 785 838 fructus
804 809 998 847 protulerunt.
1015 810 1090 837 Nam

262 855 379 892 pietatis
399 863 502 884 eversa
527 858 598 883 sunt
621 855 767 890 dogmata
784 863 790 882 :
807 854 939 882 confusae
955 852 1089 881 Ecclesiae

261 899 354 935 leges.
368 900 528 928 llominum
540 899 700 928 Dominum
712 907 773 927 non
784 899 952 927 timentium
965 897 1089 926 ambitio

262 944 293 972 in
305 944 498 980 prmfecturas
508 943 611 979 insilit,
616 944 743 980 jamque
753 945 854 980 aperte
865 942 1023 979 praemium
1035 942 1088 970 im-

262 988 381 1025 pietatis
391 988 578 1025 principatus
586 988 759 1024 propOSitus
766 990 821 1022 est,
828 987 868 1016 ita
875 990 907 1015 ut
913 987 965 1023 qui
972 986 1090 1022 gravio-

263 1041 310 1061 res
320 1033 527 1070 blasphemias
537 1036 670 1061 ructatus
681 1035 736 1067 est,
748 1032 867 1067 dignior
874 1031 1031 1065 habeatur,
1039 1031 1091 1068 qui

263 1077 378 1115 populo
391 1078 550 1114 episcopus
558 1077 669 1114 praesit.
682 1077 768 1105 Periit
778 1076 911 1112 gravitas
923 1076 1092 1104 sacerdota-

263 1121 300 1150 lis
320 1132 325 1151 :
350 1122 485 1151 defecere
504 1122 556 1158 qui
580 1129 702 1157 gregem
729 1121 847 1149 Domini
874 1128 943 1148 cum
967 1120 1092 1148 scientia

263 1169 391 1202 pascant
407 1174 414 1194 :
433 1165 602 1194 ambitiosis
617 1173 787 1202 pauperum
800 1164 944 1201 pecunias
968 1164 998 1193 in
1022 1171 1092 1200 pro-

264 1211 346 1247 prios
369 1218 442 1238 usus
457 1213 486 1239 et
500 1211 530 1238 in
550 1217 710 1238 munerum
725 1209 899 1245 largitiones
915 1217 1034 1245 semper
1047 1209 1093 1238 in-

265 1255 743 1283 sumentibus.Evanuitaccnrata
754 1262 905 1283 canonum
917 1254 1092 1290 disciplina;

265 1301 412 1337 peccandi
422 1300 515 1328 multa
525 1300 658 1329 libertas.
671 1302 745 1328 Nam
755 1300 808 1336 qui
820 1299 978 1328 hominum
987 1299 1093 1328 studiis

265 1345 305 1374 ad
318 1345 520 1382 principatum
531 1345 725 1375 devenerunt,
741 1345 770 1372 in
782 1344 841 1372 hoc
852 1345 918 1381 ipso
930 1344 1020 1372 studii
1030 1351 1094 1380 gra-

265 1390 331 1418 tiam
345 1389 524 1426 rependunt,
538 1389 620 1426 quod
632 1389 734 1418 omnia
744 1389 783 1418 ad
798 1389 982 1425 voluptatem
998 1387 1094 1417 indul-

265 1437 356 1470 geant
365 1434 678 1472 peccantibus.Pcriitj
685 1434 817 1462 udicium
827 1433 1094 1471 aequumzquisque

265 1487 301 1508 ex
317 1479 364 1508 sui
375 1479 475 1507 cordis
489 1479 643 1507 voluntate
657 1478 804 1507 ambulat.
819 1477 954 1514 Nequitia
967 1477 1094 1506 modum

264 1523 383 1553 nullum
397 1524 488 1552 habet
503 1532 509 1551 :
525 1523 643 1559 exleges
667 1523 771 1560 populi
791 1532 797 1551 :
818 1523 902 1551 deest
921 1522 1090 1559 praepositis

1137 256 1182 283 μιν
1206 248 1271 284 ὑμᾶς
1297 247 1460 275 ἐνδύσασθαι
1482 248 1623 284 σπλάγχνα
1645 247 1780 285 οἰκτιρμοῦ
1799 248 1863 283 (33),
1890 250 1933 273 καὶ

1140 290 1285 318 ἀποθέσθαι
1299 295 1344 329 μὲν
1371 294 1456 319 πάντα
1481 294 1563 326 ὃκνον,
1590 291 1724 318 ἀναλαϐεῖν
1746 291 1776 318 δὲ
1798 301 1841 318 τον
1857 294 1933 329 κόπον

1139 339 1186 366 τῆς
1211 335 1328 372 ἀγάπηςι
1346 340 1391 364 καὶ
1419 340 1485 374 μήτε
1511 335 1574 364 ὀδοῦ
1602 341 1696 373 μῆκος,
1727 339 1793 373 μήτε
1817 338 1862 367 τὰς
1880 327 1933 362 κατΥ

1140 379 1209 407 οἶκον
1238 380 1379 418 ἀσχολίας,
1402 383 1457 418 (34)
1477 382 1537 418 μήτ’
1558 382 1619 408 ἄλλο
1648 391 1674 408 τι
1698 385 1746 408 τῶν
1770 381 1934 418 ἀνθρωπίνων

1140 425 1350 461 ὑπολογίσασθαι
1357 448 1363 453 .

1176 488 1202 514 2.
1233 487 1271 514 Οὐ
1295 489 1345 525 γὰρ
1366 491 1425 525 περὶ
1445 492 1508 526 μιᾶς
1522 488 1677 520 Ἐκκλησίας
1700 486 1855 523 όιιίνδυνος,
1877 486 1937 514 οὐδὲ

1143 529 1191 558 δύο
1207 532 1222 561 ἦ
1242 537 1308 569 τρεῖς
1335 534 1362 559 αἱ
1388 537 1424 568 τῷ
1447 533 1554 569 χαλεπῴ
1579 535 1662 569 τούτῷ
1687 537 1799 570 χειμῶνι
1819 542 1938 569 παραπε-

1144 580 1240 603 σοῦσαι
1258 578 1327 613 (35).
1348 576 1448 614 Σχεδὸν
1471 579 1521 615 γὰρ
1546 577 1596 604 ἀπὸ
1618 582 1665 604 τῶν
1685 579 1750 614 ὅρων
1764 581 1810 604 τοῦ
1825 577 1937 614 Ἰλλυρι-

1143 625 1190 647 κοῦ
1218 623 1299 658 μέχρι
1327 621 1462 653 Θηϐαίδος
1485 624 1514 648 τὸ
1542 626 1588 654 τῆς
1609 623 1729 660 αἱρέσεως
1752 623 1831 648 κακὸν
1860 621 1939 648 ἐπινέ-

1143 676 1229 702 μεται.
1253 667 1299 697 Ἠς
1326 668 1359 693 τὰ
1393 668 1494 704 πονηρὰ
1529 669 1666 704 σπέρματα
1704 669 1827 704 πρότερον
1853 668 1900 703 μὲν
1928 668 1938 692 ο

1145 709 1308 747 δυσώνυμος.
1340 711 1440 748 ’Ἄρειος
1467 711 1634 738 κατεϐάλετο·
1667 711 1810 748 ῥιζωθὲντα
1836 709 1868 737 δε
1898 709 1941 737 διὰ

1145 754 1245 791 βάθους
1268 756 1318 781 ὑπὸ
1349 755 1446 782 πολλῶν
1477 760 1526 782 τῶν
1560 755 1583 781 ἐν
1615 758 1685 792 μέσῳ
1717 755 1859 791 φιλοπόνως
1898 757 1941 783 τὴν

1146 799 1264 826 ἀσέϐειαν
1290 801 1502 838 γεωργησάντων,
1530 804 1573 826 νῦν
1599 802 1660 830 τοὺς
1686 801 1859 837 φθοροποιούς
1879 808 1942 836 καρ-

1145 847 1210 876 ποὺς
1236 844 1420 876 ἐξεϐλάστησεν
1441 846 1510 881 (36),
1540 845 1743 882 Ἀνατέτραπται
1766 846 1811 881 μὲν
1838 846 1893 881 γὰρ
1913 845 1942 869 τοί

1147 894 1192 920 τῆς
1216 889 1345 921 εὐσεϐείας
1369 889 1500 926 δόγματα,
1528 892 1705 926 σνγκέχυνται
1734 888 1763 916 δε
1787 889 1943 918 Ἐκκλησίας

1148 935 1248 970 θεσμοί.
1263 933 1416 972 ⁵Φιλαρχίοιι
1442 933 1472 961 δὲ
1494 939 1543 960 τῶν
1558 937 1594 970 μὴ
1615 933 1776 970 φοϐουμένων
1791 935 1835 959 τὸν
1849 934 1943 970 Κύριον

1144 983 1201 1009 ταῖς
1225 982 1402 1015 προστασίαις
1423 977 1590 1008 ἐπιπηδῶσι·
1621 980 1663 1005 καὶ
1682 977 1709 1004 ἐκ
1732 982 1777 1005 τοῦ
1798 982 1943 1016 προφανοῦς

1144 1024 1233 1050 λοιπὸν
1250 1021 1325 1050 ἆθλον
1348 1022 1502 1054 δυσσεϐείας
1521 1025 1536 1052 ἠ
1557 1021 1686 1061 προεδρία
1704 1026 1840 1060 πρόκειται
1856 1033 1863 1039 ·
1881 1024 1944 1048 ὥστε

1146 1069 1159 1094 ὁ
1186 1069 1220 1095 τὰ
1243 1068 1415 1106 χαλεπώτερα
1441 1068 1638 1105 βλασφημήσας
1665 1068 1700 1098 εἰς
1729 1067 1874 1097 ἐπισκοπὴν
1891 1067 1944 1102 (37)

1145 1112 1208 1139 λαοῦ
1236 1116 1431 1151 προτιμότερος.
1460 1115 1572 1150 Οῖχεται
1592 1115 1715 1150 σεμνότης
1738 1114 1873 1149 ἱεροιτικὴ⁸
1896 1111 1946 1138 ἐπι·

1145 1157 1294 1184 λελοίπασιν
1318 1159 1343 1184 οἱ
1369 1160 1545 1194 ποιμαίνοντες
1567 1157 1623 1194 μετ’
1648 1157 1796 1194 ἐπιστήμης
1825 1159 1944 1193 ποίμνιον

1146 1207 1191 1229 τοῦ
1221 1205 1337 1240 Κυρίου·
1363 1202 1512 1238 οἰκονομίας
1539 1206 1653 1239 πτωχῶν
1681 1202 1713 1233 εἰς
1739 1200 1810 1232 ἰδίας
1831 1200 1945 1227 ἀπολαύ-

1149 1257 1202 1278 σεις
1226 1249 1268 1273 καὶ
1295 1246 1385 1284 δώρων
1410 1245 1536 1284 διανομὰς
1563 1246 1807 1284 παραναλισκόντων
1837 1245 1946 1288 ἀεὶζ38)

1147 1296 1197 1318 τῶν
1231 1291 1436 1328 φιλαρχούντων.
1470 1292 1638 1328 Ἢμαύρωται
1661 1294 1771 1318 κανόνων
1805 1290 1944 1328 ἀκρίϐεια·

1149 1335 1255 1367 ἐξουσία
1268 1340 1313 1362 τοῦ
1329 1336 1482 1373 ἁμαρτάνιιν
1497 1335 1589 1364 πολλή.
1619 1337 1652 1362 Οἱ
1677 1337 1726 1373 γὰρ
1755 1333 1803 1361 διὰ
1828 1333 1945 1364 σπονδῆς

1149 1379 1310 1416 ἀνθρωπίνης
1325 1381 1379 1416 (39)
1400 1380 1568 1417 παρελθόντες
1587 1379 1629 1406 ἐπὶ
1653 1382 1682 1406 τὸ
1711 1381 1804 1416 οῖρχιιν
1827 1380 1852 1405 ἓν
1878 1379 1946 1413 αὑτῷ

1148 1426 1231 1461 τούτῳ
1251 1429 1296 1455 τῆς
1323 1423 1441 1455 σπουδῆς
1463 1427 1510 1454 τὴν
1538 1425 1619 1462 χάριν
1645 1423 1885 1461 ἀνταναπληροῡσι,
1913 1427 1946 1458 τῷ

1148 1470 1233 1496 πάντα
1249 1471 1312 1507 πρὸς
1336 1468 1434 1499 ἡδονὴν
1449 1468 1582 1496 ἐνδιδόναι
1601 1470 1655 1504 (40)
1670 1473 1724 1500 τοῖς
1741 1469 1944 1506 ἁμαρτάνουσιν.

1149 1513 1279 1540 Ἀπὸλωλε
1302 1518 1384 1550 κρῖμα
1406 1512 1524 1540 δίκαιον·
1549 1517 1600 1546 πᾶς
1623 1524 1664 1546 τις
1690 1518 1726 1550 τῷ
1755 1513 1885 1549 θελήματι
1903 1516 1946 1542 τῆς

265 1568 386 1597 dicendi
397 1569 530 1598 libertas.
543 1557 629 1604 18-5
641 1557 723 1596 Servi
733 1568 812 1596 enim
824 1557 939 1602 eorum,
953 1557 1093 1604 aquibus

1153 1557 1260 1596 καρδίας
1294 1558 1373 1585 αὑτοῦ
1407 1560 1554 1596 πορεύεται,
1581 1558 1609 1585 Ὀ
1635 1560 1747 1595 πονηρία
1770 1559 1903 1596 ἄμετρος,
1925 1557 1946 1582 οὶ

265 1614 410 1643 collatum
422 1614 616 1648 beneﬁcium,
629 1613 681 1649 qui
691 1613 849 1641 hominum
861 1620 954 1649 opera
963 1612 1094 1649 sibiipsis

265 1659 459 1687 dominatum
485 1661 710 1694 compararunt.
733 1658 800 1686 Jam
821 1666 943 1694 quoque
970 1660 999 1686 et
1022 1657 1096 1685 illud

266 1703 362 1731 mutui
376 1703 446 1730 belli
462 1702 552 1730 telum
567 1711 584 1730 a
599 1702 796 1739 quibusdam,
810 1702 944 1730 defensio
956 1702 1093 1730 videlicet

267 1747 412 1776 doctrinae
427 1755 518 1782 sanae,
537 1747 742 1783 excogitatum
757 1749 800 1776 est
818 1756 824 1775 ε
840 1749 868 1775 et
890 1747 964 1775 dum
981 1748 1097 1783 privata

268 1792 340 1821 odia
363 1791 526 1826 occultant,
543 1800 598 1829 pro
619 1793 742 1821 veritate
767 1800 798 1820 se
822 1791 921 1820 odisse
943 1792 1095 1820 simulant.

269 1837 325 1865 Alii
339 1845 420 1871 vero,
437 1837 512 1865 dum
535 1837 655 1873 fugiunt
669 1845 707 1865 ne
722 1836 904 1873 turpissimis
921 1836 1097 1864 criminibus

268 1882 567 1919 arguantur,populis
578 1882 709 1910 furorem
719 1881 756 1910 ad
769 1883 908 1909 mutuam
914 1881 1098 1909 discordiam

268 1927 430 1964 inspirant,
450 1929 483 1955 ut
499 1926 713 1955 communibus
728 1925 815 1954 malis
835 1934 884 1954 res
903 1934 974 1954 suas
989 1926 1095 1955 obum-

269 1970 367 2000 brent.
381 1972 570 2008 Quapropter
580 1973 608 1999 et
626 1970 817 2007 implacabile
829 1973 873 1999 est
893 1971 950 1999 hoc
962 1970 1076 1999 bellum
1089 1980 1095 2000 :

269 2015 305 2044 iis
320 2016 372 2052 qui
387 2015 468 2044 mala
480 2023 576 2051 egere,
593 2023 786 2044 communem
799 2023 917 2052 pacem,
934 2018 966 2044 ut
977 2015 1096 2044 occulta

270 2059 406 2096 ipsorum
430 2059 579 2089 dedecora
601 2060 800 2096 detegentem,
821 2059 1034 2089 metuentibus.
1052 2060 1096 2089 0b

269 2103 335 2133 haec
349 2104 447 2133 rident
471 2103 628 2138 increduli,
645 2104 792 2134 ﬂuctuant
811 2105 864 2142 qui
887 2104 1010 2134 ﬁrmiter
1033 2113 1095 2134 non

270 2150 396 2178 credunt
407 2158 413 2177 :
426 2149 501 2178 ﬁdes
512 2152 555 2178 est
566 2150 889 2186 ambigua,oﬁ'unditur
897 2150 1096 2186 animisigno-

270 2194 357 2228 ratio,
369 2202 405 2222 eo
417 2194 501 2231 quod
518 2195 673 2223 veritatem
683 2195 845 2230 imitentur,
860 2195 912 2232 qui
927 2195 1096 2224 doctrinam

1148 1603 1207 1630 λαοὶ
1244 1602 1427 1636 ἀνονθέτητοι,
1466 1605 1490 1630 οὶ
1527 1607 1685 1640 προεστῶτες
1723 1602 1946 1640 ἀπαρῥησίαστοι.

1151 1648 1241 1674 Δοῦλοι
1256 1649 1306 1685 γὰρ
1321 1653 1370 1674 τῶν
1395 1646 1546 1675 δεδωκότων
1567 1650 1613 1677 τὴν
1641 1648 1733 1686 χάριν,
1749 1648 1773 1674 οἱ
1797 1645 1835 1673 δι’
1848 1647 1948 1683 ἀνθρώ-

1151 1702 1204 1719 πων
1225 1692 1326 1724 ἑαυτοῖς
1355 1695 1399 1722 τὴν
1433 1690 1588 1719 δυναστείαν
1613 1693 1852 1729 κατακτησάμενοι.
1879 1689 1946 1718 Ἤδη

1152 1735 1182 1763 δε
1202 1739 1247 1762 καὶ
1268 1736 1344 1763 ὅπλον
1368 1739 1423 1763 τισὶ
1445 1741 1490 1763 τοῦ
1511 1738 1576 1775 πρὸς
1599 1735 1724 1767 ἀλλήλους
1744 1735 1858 1772 πολέμου
1879 1735 1895 1765 ἡ
1913 1734 1950 1760 ἑκ-

1153 1779 1260 1812 δίκησις
1274 1780 1352 1811 δῆθεν
1374 1786 1420 1812 τῆς
1443 1780 1607 1820 ὀρθοδοξίας,
1632 1781 1810 1811 ἐπινενόηται·
1839 1783 1886 1807 καὶ
1906 1781 1951 1810 τὰς

1154 1824 1224 1858 ἰδίας
1258 1827 1357 1865 ἔχθρας
1385 1826 1612 1864 ἐπικρυψάμενοι,
1645 1827 1708 1864 ὑπὲρ
1741 1830 1787 1857 τῆς
1817 1825 1951 1855 εὐσεϐείας

1153 1871 1299 1908 ἐχθραίνειν
1328 1873 1621 1908 κατασχηματίζονται.
1643 1870 1731 1897 Ἀλλοι
1756 1869 1786 1897 δὲ
1803 1891 1810 1904 ,
1839 1872 1886 1896 τόν
1911 1869 1951 1896 ἐπὶ

1153 1919 1208 1947 τοῖς
1228 1916 1383 1952 αἰσχίστοις
1407 1915 1561 1948 ἐκκλίνοντες
1587 1915 1704 1952 ἔλεγχον,
1728 1917 1789 1946 τοὺς
1814 1914 1895 1946 λαοὺς
1921 1914 1952 1944 εἰς

1153 1962 1200 1990 τὴν
1229 1961 1286 1988 κατ’
1311 1960 1424 1990 ἀλλήλων
1453 1961 1607 1997 φιλονεικίαν
1629 1960 1805 1998 ἐκμαίνουσιν,
1827 1961 1871 1986 ἶνα
1899 1963 1953 1989 τοῖς

1153 2010 1248 2037 κοινοῖς
1271 2009 1361 2036 κακοῖς
1380 2008 1409 2032 τὸ
1435 2005 1493 2032 καθ’
1515 2005 1621 2037 ἑαυτοὺς
1645 2007 1824 2032 συσκιάσωσι.
1842 2007 1888 2031 Διὸ
1910 2006 1954 2030 καὶ

1154 2049 1284 2081 ἄσπονδος
1313 2050 1382 2077 ἐστιν
1412 2051 1425 2077 ὁ
1452 2050 1564 2087 πόλεμος
1591 2049 1688 2087 οὗτος,
1719 2054 1767 2076 τῶν
1795 2050 1829 2076 τὰ
1852 2050 1954 2087 πονηρὰ

1154 2096 1328 2133 εἰργασμένων
1359 2098 1406 2125 τὴν
1430 2098 1518 2125 κοινὴν
1547 2095 1701 2132 εἰρήνην,ὡς
1719 2094 1953 2121 ἀποκαλύπτουσαν

1154 2141 1238 2167 αὐτῶν
1261 2142 1294 2167 τὰ
1323 2142 1427 2177 κρυπτὰ
1454 2145 1500 2171 τῆς
1525 2140 1666 2177 αἰσχύνης,
1686 2140 1868 2177 ὑφορωμένων.
1899 2139 1954 2166 Ἐπὶ

1153 2187 1256 2216 τούτοις
1269 2185 1379 2221 γελῶσιν
1406 2186 1429 2212 οἱ
1455 2186 1572 2219 ἄπιστοι,
1603 2185 1756 2212 σαλεύονται
1783 2185 1808 2210 οἱ
1833 2183 1953 2220 ὀλιγοπι-

271 2240 302 2268 in
317 2229 436 2268 malitia
443 2239 621 2268 adulterant.
637 2240 727 2269 Silcnt
738 2241 818 2268 enim
831 2229 950 2277 piorum
962 2248 1016 2269 ora
1028 2249 1035 2275 ;
1050 2249 1093 2269 so-

1156 2240 1233 2258 στοιι
1254 2229 1396 2268 ἀμφίϐολος
1418 2231 1433 2260 ἡ
1457 2232 1556 2264 πίστις,
1588 2230 1681 2266 ἄγνοια
1702 2231 1886 2265 κατακέχυται
1906 2234 1954 2254 τῶν

270 2284 332 2313 luta
348 2292 418 2313 vero
432 2284 613 2321 blasphema
620 2285 719 2313 omnis
729 2285 847 2321 lingua;
863 2285 1021 2322 profanata
1028 2288 1100 2314 sunt

272 2331 378 2357 sancta
389 2339 395 2364 ;
407 2328 525 2364 fugiunt
536 2330 714 2365 precationis
725 2330 834 2358 domos
842 2330 947 2367 populi
953 2330 1099 2365 saniores,

272 2376 306 2401 ut
317 2373 479 2410 impietatis
490 2373 618 2410 scholas,
629 2382 664 2403 ac
678 2374 708 2402 in
723 2374 936 2403 solitudinibus
947 2375 986 2404 ad
1000 2375 1098 2404 Domi-

311 2480 367 2519 (3_3)
383 2480 537 2519 Oixftppoi.
550 2482 602 2519 ⁸ῐίᾷ.
616 2481 750 2518 quinque
764 2489 844 2519 mss._
857 2481 931 2519 Είῇίὶ
946 2482 1100 2519 οἰκτιρμῶν.

273 2516 364 2554 Paulo
392 2516 558 2554 post'editi
583 2516 760 2554 ἀνθρωπικῶν.
784 2517 868 2552 Med.,
894 2517 982 2551 "illi,
1008 2516 1096 2547 Cbisl.

274 2553 391 2589 primus
407 2555 436 2589 et
448 2553 519 2588 Reg.
532 2553 683 2582 secundus
698 2555 728 2581 ut
744 2553 773 2580 in
789 2555 881 2581 textu.

312 2590 366 2623 (34)
382 2588 453 2616 Vide
473 2589 627 2617 addenda.

310 2626 366 2660 (35)
397 2627 611 2661 Παραπεσηῦσαι.
642 2624 685 2653 Ita
715 2626 773 2661 tres
805 2625 998 2654 vetustissimi
1029 2634 1104 2654 mss.

279 2661 354 2697 Editi
378 2664 579 2697 περιπεσοῦσαι.
602 2661 666 2688 Non
687 2660 785 2697 multo
808 2663 878 2697 post
901 2661 970 2689 editi
985 2661 1105 2688 κατεϐάλ-

278 2696 458 2760 ﬁgis—Epid.
477 2697 602 2732 primus,
628 2696 706 2724 llarl.
731 2698 759 2724 et
780 2696 852 2732 Reg.
880 2697 1031 2726 secundus
1045 2707 1106 2724 κατ-

299 2802 304 2808 ,
321 2769 376 2803 (36)
388 2767 652 2808 EEtékdqg-vgqq.”lta
672 2767 841 2802 Medicteus,
865 2769 970 2805 codex,
987 2777 1108 2798 accura-

284 2803 344 2832 tius
357 2811 450 2840 quam
465 2803 536 2832 editi
550 2803 752 2835 ἑξεϐλάστησαν,

1154 2276 1271 2312 ψυχῶν,
1300 2273 1348 2302 διὰ
1373 2276 1402 2302 τὸ
1430 2276 1570 2312 μιμεῖσθαι
1596 2276 1652 2311 (41)
1684 2277 1730 2304 τὴν
1752 2273 1872 2303 ἀλήθειαν
1895 2276 1955 2304 τοὺς

1157 2319 1297 2351 δολοῦντας
1311 2322 1355 2346 τὸν
1376 2319 1451 2356 λόγον
1467 2319 1491 2346 ἐν
1518 2321 1674 2357 κακουργίᾳ.
1699 2321 1764 2355 Σίγᾴ
1782 2320 1826 2356 μὶν
1850 2319 1901 2355 γὰρ
1926 2319 1956 2344 τὰ

1155 2370 1205 2392 τῶν
1232 2364 1404 2392 εὐσεϐούντων
1431 2366 1566 2402 στόματα·
1597 2363 1696 2390 ἀνεῖται
1719 2361 1748 2390 δὲ
1772 2365 1848 2389 πᾶσα
1870 2362 1954 2399 βλασ-

1194 2475 1436 2517 (37)“ᾚπισκοπήν.
1455 2473 1502 2502 Sic
1516 2481 1589 2502 mss.
1613 2474 1642 2501 et
1664 2471 1754 2501 editio
1778 2471 1956 2508 Haganoen.

1159 2511 1232 2540 Aliae
1246 2511 1398 2538 ὶπίσιοπον.

1195 2549 1252 2583 (38)
1273 2547 1337 2577 Ἀεί.
1362 2549 1416 2575 Pro
1444 2545 1502 2574 hac
1521 2553 1594 2574 voce
1606 2544 1719 2574 habent
1742 2544 1816 2573 Med.
1833 2546 1862 2573 ct
1878 2542 1955 2572 Harl.

1159 2593 1253 2612 παντα.

1194 2621 1248 2656 (39)
1270 2620 1317 2656 Διά
1339 2616 1463 2656 σπουδῆς,
1479 2617 1717 2656 ἀνθρωπίνης-διδ,
1736 2618 1802 2656 tres
1824 2615 1959 2645 vetustis-

1161 2652 1229 2684 silili
1241 2652 1372 2684 'codices.
1390 2655 1466 2683 Editi
1479 2652 1608 2684 σπουδαῖς
1624 2653 1807 2689 ἀνθρωπίναις,

1196 2692 1253 2728 (40)
1270 2690 1428 2718 Ἐνδιδόναι.
1443 2692 1486 2718 lta
1495 2689 1654 2728 >Harl.cur_n
1666 2685 1741 2716 iliis.
1753 2688 1829 2728 Edili
1842 2685 1958 2728 διδὰνοιιἶ

1197 2723 1253 2763 (41)
1268 2728 1425 2763 Μιμεῖσθαι.
1441 2726 1516 2755 Med.
1531 2725 1678 2762 μισεῖσθαι,
1695 2732 1727 2753 eo
1747 2725 1828 2761 quod
1841 2723 1959 2752 oderint

1162 2764 1326 2798 veritatem,
1343 2766 1397 2792 etc.
