1998 3145
249 141 302 170 499

933 137 962 166 S.
984 135 1107 165 BASlLll
1125 135 1247 166 MAGNI.

1882 138 1930 164 500

250 203 361 232 simum
372 201 548 239 episcopum
564 201 751 230 Eustathium
769 200 800 229 in
825 199 1079 229 communionem

1137 198 1343 237 παραδέξασθαι.
1356 201 1391 227 Τὸ
1406 201 1492 236 μέντοι
1506 200 1639 236 γενόμενον
1654 198 1714 236 παρ’
1729 200 1802 236 ἡμῶν
1815 202 1928 226 τοιοῦτον

249 247 391 284 recipere.
408 246 492 280 Quod
506 248 608 274 autem
621 246 748 281 egimus,
764 247 809 273 est
819 244 982 281 ejusmodi.

286 295 310 320 2,
328 291 426 320 Vocati
440 290 479 318 ad
491 292 684 325 conventum,
707 290 790 326 quia
818 289 908 318 fratre
923 288 1077 317 Theodoto

250 337 427 369 habebatur,
458 343 494 364 ac
519 335 662 364 eharitate
679 335 812 371 impulsi,
835 337 868 362 ut
881 334 980 362 vocati
994 333 1080 361 obse-

249 389 421 418 queremur,
443 389 481 409 ne
506 388 705 415 congressum
725 380 898 408 videremur
919 379 1037 407 irritum
1052 379 1081 406 et

249 426 385 454 inutilem
407 425 543 459 reddere,
567 425 708 453 dedimus
731 433 859 461 operam
886 427 919 452 ut
943 423 974 452 in
989 423 1078 451 collo-

249 471 357 508 quium
371 479 441 499 cum
452 470 594 506 praedicto
609 470 698 498 fratre
714 469 868 498 Eustathio
890 469 1074 497 veniremus.

250 519 290 544 Ac
309 516 349 544 illi
362 516 486 552 quidem
510 515 726 551 proposuimus
754 522 943 551 quaecunque
966 513 1004 541 de
1020 513 1080 541 ﬁde

249 560 333 589 illum
345 560 522 588 criminatur
534 559 625 588 frater
637 559 806 587 Theodotus
818 569 824 594 ;
842 559 1079 595 rogavimusque

251 605 275 633 si
289 607 403 633 rectam
417 604 510 632 ﬁdem
526 606 708 641 sequeretur,
721 604 914 632 manifestum
938 603 969 631 id
992 603 1080 631 nobis

250 649 370 683 faceret,
382 651 414 677 ut
426 657 496 677 cum
508 657 544 677 eo
555 649 802 677 communionem
813 648 997 676 haberemus
1013 656 1018 675 :
1034 648 1078 676 sin

249 696 351 722 autem
365 693 463 722 alieno
472 696 548 722 esset
559 693 773 729 animo.probe
785 693 874 722 sciret
886 701 942 721 nos
957 700 1080 729 quoque

252 739 292 766 ab
310 738 376 774 ipso
383 738 586 766 abalienatum
594 738 638 766 iri.
649 740 750 775 Itaque
761 746 831 766 cum
844 737 955 766 multos
971 745 1081 765 sermo-

252 791 305 812 nes
319 783 395 811 inter
409 791 462 811 nos
475 783 704 817 habuissemus,
730 783 873 819 diemque
889 782 972 810 illam
987 784 1081 811 totam

251 828 282 856 in
297 827 344 855 his
359 827 566 863 expendendis
580 828 850 864 insumpsissemus
863 837 869 861 ;
883 827 961 855 ﬂexo
973 827 1038 863 jam
1050 827 1081 855 in

1134 253 1214 272 εστιν.

1168 290 1194 317 2.
1214 288 1312 325 Ἡμεῖς,
1332 289 1464 319 κληθέντες
1488 289 1521 319 εἰς
1546 286 1656 315 σύνοδον
1670 289 1742 325 ποιρὰ
1756 292 1802 315 τοῦ
1819 286 1928 324 ἀδελφοῦ

1134 331 1265 360 Θεοδότου
1280 334 1431 370 τελουμένην
1451 333 1517 369 (99),
1532 336 1576 359 καὶ
1589 333 1749 370 ὁρμήσαντες
1770 331 1807 359 δι’

1134 379 1284 405 ὑπακοῦσαι
1301 383 1331 414 τῇ
1348 378 1450 412 κλήσει,
1476 379 1517 404 ἱνα
1536 380 1572 414 μὴ
1599 376 1713 414 δόξωμεν
1735 379 1869 416 ἄπρακτον
1890 380 1930 404 καὶ

1135 422 1218 459 ἀργὴν
1232 424 1365 450 ποιεῖσθαι
1379 425 1426 452 τὴν
1449 425 1606 458 συντυχίαν,
1622 421 1824 459 ἐσπουδάσαμεν
1845 423 1879 453 εἰς
1892 423 1930 449 λο-

1133 476 1194 503 γους
1220 467 1300 494 ἐλθεῖν
1328 472 1364 503 τῷ
1389 469 1565 505 προειρημένῳ
1590 465 1692 503 ἀδελφῷ
1712 467 1864 503 Εὖσταθίῳ.
1885 470 1930 494 Καὶ

1134 514 1313 549 προετείναμεν
1338 511 1408 548 αυτῷ
1429 513 1461 538 τὰ
1484 514 1543 548 περὶ
1567 515 1614 543 τῆς
1632 514 1743 542 πίστεως
1771 511 1930 548 ἐγκλήματα,

1135 557 1185 583 ὃσα
1198 558 1371 594 προφέρουσιν
1385 556 1455 592 αὐτῷ
1476 558 1500 582 οἱ
1514 558 1573 594 περὶ
1592 558 1636 582 τὸν
1658 555 1767 593 ἀδελφὸν
1784 555 1913 583 Θεόδοτον
1924 565 1929 571 '

1134 604 1179 628 καὶ
1193 601 1351 638 ἠξιώσαμον,
1368 601 1390 628 εἰ
1402 603 1447 637 μεν
1466 602 1554 628 ἕπεται
1577 605 1608 637 τῇ
1634 601 1697 638 ὀρθῇ
1713 603 1814 632 πίστιι,
1830 603 1932 638 φανερὸν

1135 646 1197 682 ἡμῖν
1212 651 1389 680 καταστῆσαι,
1407 647 1475 672 ὥστε
1490 647 1559 681 ἡμᾶς
1584 646 1648 672 εἶναι
1670 648 1854 677 κοινωνικούς*
1871 646 1892 672 εὶ
1907 645 1932 672 δὲ

1135 689 1275 728 ἀλλοτρίως
1289 692 1355 726 ἔχει,
1373 690 1486 728 ἀκριϐῶς
1502 688 1608 724 εἰδέναι,
1629 691 1670 716 ὃτι
1683 693 1728 716 καὶ
1753 691 1829 726 ἡμεῖς
1851 690 1932 726 ἕξομεν

1135 737 1197 772 πρὸς
1207 735 1284 762 αὐτόν
1304 735 1456 772 ἀλλοτρίως.
1471 734 1574 761 Πολλῶν
1600 737 1685 761 τοίνυν
1695 737 1838 771 γινομένων
1858 735 1932 770 λογων

1135 782 1198 817 πρὸς
1217 780 1352 815 ἀλλήλους,
1379 783 1425 807 καὶ
1451 782 1541 811 πάσης
1560 779 1659 811 ἐκείνης
1675 784 1720 811 τῆς
1741 781 1841 816 ἡμέρας
1866 780 1890 806 ἐν
1903 784 1930 816 τῇ

1135 827 1195 862 περὶ
1203 827 1300 852 τούτων
1311 825 1403 860 σκέψει
1414 823 1612 855 δαπανηθείσης
1622 833 1628 840 ·
1640 824 1838 855 καταλαϐούσης
1850 824 1932 851 λοιπον

252 880 410 908 vesperam
429 872 488 907 die,
502 872 695 900 discessimus
709 872 749 901 ab
777 872 920 905 invicem,
934 871 1079 908 colloquio

1137 874 1183 900 τῆς
1196 869 1314 907 ἑσπέρας,
1332 868 1499 907 ὃιεκρίθημεν
1524 868 1569 896 ἀπ’
1586 869 1710 905 ἀλλήλων,
1727 869 1763 900 εἰς
1787 867 1865 896 οὐδεν
1878 869 1934 906 ὀμο-

253 918 368 946 nullam
383 916 422 945 ad
433 919 544 945 certam
560 916 786 945 conclusionem
802 917 955 953 perducto.
969 917 1083 946 Sedite-

253 970 322 990 rum
334 961 470 998 sequenti
480 961 528 989 die
545 969 634 989 mane
641 961 883 996 considentes,de
900 962 1009 990 iisdem
1023 962 1083 990 dis-

255 1006 417 1040 seruimus,
432 1005 594 1034 accedente
605 1005 670 1041 jam
685 1013 722 1033 ex
737 1005 827 1034 fratre
848 1006 1011 1041 Poemenio,
1036 1007 1084 1034 Se-

254 1051 359 1080 bastite
372 1051 558 1088 presbytero,
573 1054 603 1079 et
613 1051 1017 1080 vehementeradversariam
1032 1059 1084 1080 no-

254 1097 301 1125 bis
325 1096 495 1125 doctrinam
520 1095 707 1124 defendente.
733 1095 878 1125 Paulatim
893 1097 982 1133 igitur
1005 1100 1034 1125 et
1048 1105 1084 1126 ea

255 1140 457 1175 dissolvimus,
469 1149 600 1177 quorum
624 1140 746 1169 nomine
759 1141 916 1170 videbatur
930 1149 979 1170 me
994 1149 1083 1170 accu-

256 1193 333 1218 sare,
350 1188 378 1213 et
392 1193 443 1213 eos
457 1185 497 1213 ad
512 1184 779 1213 assentiendumiis
793 1192 861 1222 qum
877 1193 895 1214 a
908 1194 957 1214 me
972 1194 1084 1223 quaere-

255 1229 367 1258 bantur
379 1229 503 1264 adduxi,
516 1229 557 1257 ita
571 1232 602 1257 ut
617 1230 713 1264 gratia
738 1230 854 1258 Domini
882 1230 1085 1259 inveniremur

256 1283 294 1303 ne
305 1274 342 1302 de
359 1274 445 1310 194
457 1274 588 1302 minimis
599 1274 723 1311 quidem
734 1275 824 1303 rebus
839 1275 915 1304 inter
925 1284 981 1303 nos
998 1276 1084 1304 dissi-

257 1319 371 1347 dentes.
390 1321 431 1347 [ta
447 1319 536 1354 igitur
548 1319 627 1347 circa
641 1327 754 1348 nouam
763 1320 821 1348 fere
834 1320 942 1348 horam
959 1322 1086 1349 surrexi-

257 1371 325 1392 mus
345 1363 383 1391 ad
395 1364 592 1399 precandum,
610 1372 645 1391 ac
673 1364 801 1392 Domino
817 1365 930 1401 gratias
957 1366 1084 1401 egimus,

257 1408 499 1443 nobislargienti,
515 1409 595 1436 idem
621 1410 847 1443 utsentiremns,
871 1410 1013 1446 idemque
1044 1411 1086 1439 lo-

257 1461 428 1489 queremur.
445 1453 487 1480 Ad
499 1453 563 1481 hsec
572 1453 731 1490 oportebat
746 1462 795 1481 me
810 1456 839 1482 et
861 1455 1006 1491 scriptam
1029 1455 1084 1483 ali—

257 1506 350 1534 quam
365 1498 586 1526 confessionem
602 1499 642 1526 ab
657 1498 779 1527 homine
789 1499 933 1535 accipere,
960 1502 993 1528 ut
1007 1502 1034 1527 et
1053 1500 1085 1528 il~

255 1542 314 1570 lius
341 1543 521 1571 adversariis
544 1543 702 1571 manifesta
727 1544 885 1572 ﬁerethmc
899 1545 1043 1579 assensio,
1057 1547 1084 1574 et
1098 1550 1117 1577 C

257 1587 370 1615 ceteris
394 1588 539 1615 idoneum
555 1590 684 1615 exstaret
704 1587 783 1616 illius
810 1589 956 1624 propositi
978 1597 1083 1618 monu-

256 1634 404 1659 mentum.
422 1631 477 1659 Sed
489 1631 554 1667 ipse
562 1632 642 1659 volui
653 1632 692 1659 ob
705 1632 869 1668 plurimam
883 1633 1082 1668 diligentiam,

257 1684 327 1704 cum
337 1676 426 1704 fratre
438 1676 589 1705 Theodoto
603 1677 952 1713 eongrediens,libellum
966 1679 1036 1707 ﬂdei
1045 1679 1083 1707 ab

257 1720 325 1756 ipso
337 1721 482 1757 accipere,
494 1721 581 1757 eique
595 1730 687 1758 quem
709 1722 866 1750 nominavi
879 1722 942 1751 viro
953 1723 1058 1752 ofierre
1074 1733 1081 1752 :
1097 1719 1101 1723 ”

256 1766 288 1792 ut
301 1764 362 1793 duo
370 1773 694 1802 consequerer,nempe
709 1769 741 1795 ut
751 1769 780 1795 et
792 1767 856 1803 ipse
866 1767 958 1795 fidem
971 1771 1083 1797 rectam

256 1809 456 1842 conﬁteretur,
475 1813 502 1839 et
512 1811 558 1839 his
572 1811 740 1847 satisﬁcret,
763 1811 876 1839 nullam
902 1812 1083 1842 habentibus

255 1855 480 1883 contradicendi
500 1856 669 1890 materiam,
692 1857 759 1892 post
778 1859 916 1892 acceptas
946 1857 1082 1893 ipsorum

255 1899 453 1929 conditiones.
474 1903 510 1929 At
523 1901 705 1934 Theodotus,
732 1901 912 1937 priusquam
934 1902 1084 1932 didicisset

254 1952 348 1981 quam
363 1945 401 1973 ob
416 1953 540 1974 causam
553 1945 809 1980 convenissemus,
821 1948 849 1974 et
864 1946 938 1983 quid
950 1955 985 1975 ex
995 1947 1083 1976 collo-

254 1989 327 2024 quio
348 1990 499 2017 consecuti
522 1997 669 2022 essemus,
690 1997 752 2018 non
773 1991 838 2026 jam
858 1999 915 2019 nos
932 1991 971 2020 ad
993 2000 1082 2028 syno-

257 2033 331 2061 dum
339 2034 493 2061 vocandos
500 2034 510 2070 j
516 2034 651 2063 udicavit.
657 2034 715 2063 Sed
721 2043 736 2062 e
743 2035 844 2064 medio
852 2036 955 2064 itinere
970 2045 1001 2065 re
1006 2038 1083 2066 versi

257 2085 362 2104 sumus
377 2078 513 2106 animum
537 2078 771 2115 despondentes,
785 2080 871 2116 quod
891 2082 1011 2109 nostros
1026 2089 1081 2119 pro

255 2129 329 2158 pace
344 2122 670 2152 Ecclesiarumlebores
689 2124 788 2153 irritos
802 2125 950 2155 redderet.

290 2243 315 2269 3.
330 2242 434 2270 Postea
461 2241 550 2277 igitur
577 2242 718 2278 imposita
744 2243 816 2271 mihi
844 2243 1020 2272 necessitate
1049 2245 1080 2272 in

254 2286 425 2314 Armeniam
437 2286 539 2321 eundi,
554 2295 623 2315 cum
643 2296 765 2316 nossem
781 2288 932 2324 singulare
947 2289 1080 2318 hominis

253 2330 418 2365 ingenium,
444 2331 612 2368 vellemque
630 2340 734 2360 coram
757 2333 904 2369 locuplete
919 2335 994 2362 teste
1009 2342 1078 2363 cum

252 2374 317 2410 ipse
330 2375 478 2403 rationem
501 2383 604 2404 eorum
626 2384 692 2413 quae
715 2385 836 2413 egeram
860 2377 995 2412 reddere,
1015 2381 1077 2407 tum

286 2485 341 2521 (99)
364 2486 554 2521 Τελειουμένην.
571 2488 614 2516 Ita
639 2496 714 2516 mss.
744 2488 836 2516 nostri
861 2496 980 2517 omnes.
1004 2489 1077 2519 Edili

250 2521 436 2558 τελειουμένῃν.
453 2521 566 2552 Ibidem
583 2525 652 2558 Reg.
665 2523 816 2551 sccundus
828 2526 855 2552 et
869 2523 957 2554 Coisl.
973 2533 1077 2554 secun-

251 2557 308 2595 dus
335 2557 495 2595 Θεοδώρου.,
511 2559 601 2595 quod
629 2557 823 2595 manifestum
858 2562 905 2588 est
930 2563 1075 2590 erratum.

250 2593 343 2636 Iidem
373 2593 434 2623 duo
463 2593 581 2623 codices
601 2594 714 2623 habent
733 2596 878 2627 -κοινωνούς
892 2603 946 2632 pro
961 2606 1076 2624 κοινωνι-

249 2637 320 2660 κους.

284 2665 324 2706 tt)
339 2665 410 2706 Yide
421 2665 603 2706 Addenda.”

271 2701 321 2762 (is)
351 2703 546 2738 Προηγάγομεν.
577 2701 622 2730 Sic
655 2703 712 2730 tres
736 2702 1073 2734 vetustissimicodices.

247 2735 268 2762 E
293 2738 322 2763 lt!
340 2739 550 2766 ποοσηνάνοιιεν.

283 2748 322 2763 uu
340 2748 550 2774 προσηγαγομεν.

283 2771 322 2807 (2)
336 2772 510 2810 Ὀμολογηοῇ.
525 2775 594 2802 Tres
608 2781 680 2802 mss.
697 2781 758 2802 non
773 2776 874 2803 tamen
894 2776 1071 2812 antiquissi-

1135 913 1288 950 λογούμενον
1303 916 1382 951 πέρας
1397 915 1440 940 τὸν
1459 914 1533 950 λόγον
1553 916 1754 951 προαγαγόντες.
1775 917 1812 950 Τῇ
1838 912 1868 940 δὲ
1880 913 1933 946 ἇξῆς

1137 958 1223 991 πάλιν,
1239 959 1314 985 ἔωθεν
1337 959 1555 994 συγκαθεσθίντις
1574 960 1625 993 (l),
1640 960 1700 996 περὶ
1720 963 1768 985 τῶν
1789 959 1873 985 αὐτῶν
1886 957 1934 985 ὂιε-

1136 1002 1272 1039 λεγόμεθα,
1295 1002 1442 1033 ἐπελθόντος
1465 1001 1516 1032 ἤδη
1538 1004 1582 1030 καὶ
1601 1006 1645 1029 τοῦ
1660 1001 1773 1039 ἀδελφοῦ
1788 1006 1933 1039 Ποιμενίου,

1136 1051 1183 1074 τοῦ
1195 1047 1372 1084 πρεσϐυτέρου
1388 1052 1434 1078 τῆς
1450 1047 1613 1079 Σεϐαστείας,
1629 1049 1675 1074 καὶ
1689 1046 1811 1084 σφοδρῶς
1823 1049 1885 1084 ἡμῖν
1895 1049 1934 1074 τὸν

1137 1091 1247 1118 ἐναντίον
1261 1092 1436 1128 γυμναξοντος
1447 1091 1534 1128 λόγον,
1549 1091 1622 1119 Κατᾶ
1635 1093 1728 1130 μικρὸν
1746 1090 1789 1118 οὖν
1805 1093 1878 1129 ἡμεῖς
1901 1102 1933 1127 τε,

1137 1137 1200 1174 ὑπὲρ
1217 1137 1250 1162 ὧν
1272 1135 1358 1169 ἔδοξεν
1385 1137 1447 1174 ἡμῖν
1469 1136 1595 1174 ἐγκαλεῖν,
1619 1136 1792 1173 ἀπελυόμεθα,
1808 1136 1935 1166 κάκείνους

1138 1181 1172 1211 εἰς
1190 1183 1236 1210 τὴν
1260 1185 1309 1207 τῶν
1336 1181 1541 1218 ἐπιξητουμένων
1571 1180 1614 1218 ὑφ’
1640 1182 1714 1218 ἡμῶν
1747 1183 1934 1218 συγκατάθεσιν

1137 1226 1320 1262 προηγάγομεν
1335 1227 1389 1258 (2)·
1407 1226 1474 1256 (ﬁcis
1487 1226 1581 1263 χάριτι
1605 1229 1651 1251 τοῦ
1682 1227 1779 1262 Κυρίου
1804 1225 1934 1262 εὑρεθῆναι

1138 1271 1208 1306 ἡμᾶς
1218 1268 1287 1306 μηδέ
1307 1269 1340 1300 εἰς
1356 1271 1384 1296 τὸ
1407 1272 1581 1307 σμικρότατον
1595 1271 1661 1308 πρὸς
1683 1268 1808 1301 ἀλλήλους
1821 1269 1934 1307 διαφερο-

1138 1316 1238 1351 μένους,
1253 1314 1329 1340 Οὕτω
1344 1316 1429 1341 τοίνυν
1443 1317 1502 1351 περὶ
1517 1316 1620 1343 ἆννάτην
1644 1324 1695 1341 που
1715 1315 1783 1352 ὤραν
1798 1314 1933 1351 ἀνέστημιν

1138 1359 1181 1385 ἐπὶ
1202 1361 1249 1389 τὰς
1273 1361 1434 1396 προσευχὰς,
1457 1359 1697 1396 εὐχαριστήσαντες
1719 1363 1755 1394 τῷ
1781 1362 1881 1396 Κυρίῳ,
1902 1364 1934 1394 τῷ

1139 1402 1212 1430 δόντι
1225 1405 1288 1440 ἡμῖν
1310 1405 1338 1430 τὸ
1365 1404 1428 1430 αὐτὸ
1456 1407 1565 1441 φρονεῖν,
1581 1406 1626 1430 καὶ
1644 1406 1674 1431 τὸ
1688 1405 1751 1430 αὐτὸ
1770 1403 1863 1440 λέγειν.
1880 1405 1933 1431 Ἐπὶ

1137 1451 1239 1480 τούτοις
1260 1447 1313 1475 ἔδει
1335 1459 1366 1485 με
1389 1451 1434 1475 καὶ
1463 1450 1574 1486 ἔγραφόν
1595 1458 1653 1475 τινα
1677 1451 1749 1486 παρὰ
1770 1453 1815 1476 τοῦ
1847 1447 1934 1487 ἀνδρὸς

1138 1495 1274 1532 ὁμολογίαν
1297 1494 1393 1529 λαϐεῖν,
1420 1495 1487 1521 ὥστε
1514 1498 1558 1521 καὶ
1579 1499 1634 1525 τοῖς
1653 1494 1855 1532 ἐναντιουμένοις
1871 1495 1933 1531 αὐτῷ

1138 1540 1246 1576 φανερὰν
1267 1540 1389 1575 γενέσθαι
1413 1541 1460 1568 τὴν
1488 1540 1690 1575 συγκατάθεσιν,
1707 1543 1752 1566 καὶ
1767 1543 1823 1571 τοῖς
1841 1540 1934 1571 λοιποῖς

1139 1586 1228 1614 ἱκανὴν
1239 1582 1304 1610 εἶναι
1320 1588 1365 1610 τοῦ
1382 1582 1477 1622 ἀνδρὸς
1487 1588 1532 1614 τῆς
1545 1587 1719 1622 προαιρέσεως
1728 1587 1776 1614 τὴν
1792 1583 1932 1616 ἀπόδειξιν-

1139 1629 1204 1656 Ἀλλ’
1219 1629 1360 1658 ἐϐουλήθην
1371 1629 1448 1659 αὐτὸς
1463 1630 1512 1655 ὑπὸ
1525 1629 1620 1659 πολλῆς
1633 1628 1775 1666 ἀκριϐείας,
1792 1634 1846 1660 τοῖς
1862 1628 1935 1656 ἁδελ-

1138 1678 1195 1710 φοῖς
1210 1676 1348 1710 συντυχὼν
1367 1677 1423 1705 τοῖς
1441 1676 1500 1711 περί
1515 1672 1657 1705 Θεόδοτον,
1667 1674 1731 1711 παρ’
1753 1674 1838 1700 αὐτῶν
1855 1674 1934 1701 λαϐεῖν

1137 1722 1314 1756 γραμματεῖον
1336 1720 1456 1753 πίστεως,
1472 1720 1518 1744 καὶ
1532 1718 1594 1744 αὐτὸ
1616 1722 1748 1756 προτεῖναι
1766 1724 1802 1754 τῷ
1819 1729 1935 1757 προειρη-

1137 1765 1222 1799 μένῳ·
1248 1764 1290 1789 ῖνα
1313 1762 1444 1800 ἀμφότερα
1457 1764 1576 1798 γένηται,
1593 1764 1607 1792 ἦ
1635 1772 1662 1789 τε
1688 1762 1752 1800 ὀρθὴ
1773 1766 1866 1795 πίστις
1878 1763 1936 1800 παρ’

1138 1807 1218 1834 αὐτοῦ
1233 1807 1382 1844 ὁμολογηθῇ
1399 1807 1446 1843 (3),
1458 1810 1503 1834 καὶ
1518 1806 1593 1833 αὐτοὶ
1608 1807 1844 1846 πληροφορηθῶσι,
1859 1807 1936 1846 μηδε-

1137 1853 1199 1888 μίαν
1212 1852 1315 1887 ῐχοντες
1331 1850 1478 1887 ἀντιλογίας
1494 1851 1618 1878 ὑπόθεσιν
1632 1851 1660 1877 ἐκ
1670 1855 1717 1878 τοῦ
1727 1853 1773 1882 τὰς
1786 1852 1850 1890 παρ’
1859 1856 1937 1878 αυτῶν

1137 1905 1273 1933 προτασεις
1286 1894 1503 1933 παραδεχθῆναι.
1515 1895 1594 1923 Ἀλλὰ
1603 1898 1663 1932 πρὶν
1674 1897 1764 1932 μαθεῖν
1775 1898 1845 1928 τίνος
1860 1897 1936 1923 ἕνεκεν

1139 1942 1324 1977 συνετύχομεν,
1351 1942 1396 1967 καὶ
1413 1943 1440 1966 τί
1455 1941 1517 1977 ἡμῖν
1532 1939 1560 1966 ἐκ
1572 1945 1620 1972 τῆς
1640 1940 1743 1977 ὁμιλίας
1756 1942 1935 1979 κατώρθωται,

1137 1987 1162 2012 οἱ
1182 1988 1240 2023 περὶ
1263 1987 1306 2012 τὸν
1324 1985 1465 2012 ἕπίσκοπον
1490 1983 1617 2012 Θιόδοτον
1636 1985 1723 2012 οὐκέτι
1745 1986 1814 2022 ἡμᾶς
1838 1986 1874 2017 ei;
1893 1989 1937 2015 τὴν

1138 2029 1248 2056 σύνοδον
1266 2029 1466 2067 προτρέψασθαι
1494 2030 1671 2061 κατηξίωσαν.
1698 2029 1830 2057 Ἀλλ’ἆπό
1857 2033 1937 2067 μέσης

1137 2074 1304 2110 ἀνεζεύξαμεν
1326 2075 1366 2110 (4)
1389 2078 1436 2106 τῆς
1465 2072 1540 2109 ὀδοῦ,
1570 2074 1762 2111 ἀθυμήσαντες,
1780 2076 1821 2102 ὃτι
1846 2075 1938 2102 ἀτελιῑς

1137 2120 1198 2155 ἡμῖν
1222 2123 1329 2145 ποιοῦσι
1351 2120 1412 2150 τοὺς
1438 2119 1501 2156 ὑπὲρ
1520 2123 1568 2150 τῆς
1590 2119 1694 2157 εἰρήνης
1714 2123 1764 2146 τῶν
1778 2120 1937 2150 Ἐκκλησιών

1136 2164 1277 2200 καμάτους.

1172 2246 1198 2273 3,
1218 2244 1290 2270 Μετὰ
1315 2247 1399 2269 ταῦτα
1425 2245 1521 2278 τοίνυν,
1547 2242 1638 2273 ἐπειδὴ
1668 2244 1806 2271 κατέλαϐεν
1834 2245 1933 2282 ἡμᾶςὴ

1135 2288 1233 2324 ἀνάγκη
1261 2292 1308 2318 τῆς
1327 2287 1370 2314 ἐπὶ
1395 2289 1442 2317 τὴν
1469 2287 1605 2326 ’Λρμενίαν
1626 2286 1702 2322 ὀδοῦ,
1722 2287 1801 2320 εἰδὼς
1825 2293 1871 2316 τοῦ
1891 2289 1934 2316 ἀν-

1135 2331 1197 2370 δρὸς
1219 2334 1248 2358 τὸ
1276 2331 1435 2370 ἰδιότροπον,
1459 2335 1504 2359 καὶ
1529 2332 1685 2369 βουλόμενος
1704 2333 1754 2360 ὑπὸ
1771 2335 1887 2371 μάρτυρι
1899 2334 1935 2369 (5)

1133 2378 1277 2414 ἀξιοπίστῳ
1297 2377 1372 2408 αὐτὸς
1398 2386 1425 2403 τε
1451 2377 1514 2415 ὑπερ
1541 2381 1592 2403 τῶν
1622 2387 1810 2416 πεπραγμενων
1846 2378 1936 2405 ἁπολο.

1131 2490 1173 2518 mi
1187 2489 1356 2528 ὁμολογῆται.

1167 2525 1207 2561 (4)
1223 2525 1418 2563 ’Λνὲςεύξαμενί
1443 2526 1486 2563 Ita
1514 2525 1584 2563 Reg.
1623 2527 1766 2563 uterque,
1787 2528 1815 2556 et
1851 2525 1933 2556 Coisl.

1131 2564 1257 2599 uterque
1273 2570 1341 2589 cum
1357 2561 1443 2599 Med,
1456 2561 1538 2599 γαί-η
1547 2561 1689 2596 Clarom.,
1698 2561 1797 2599 ‘Ejaris.
1806 2564 1835 2591 et
1844 2563 1932 2597 Bigot.

1130 2598 1194 2634 Non
1206 2596 1335 2634 possum
1351 2597 1440 2634 citare
1447 2596 1646 2634 AHarlmanum
1661 2597 1809 2634 codicem,
1830 2599 1861 2627 in
1876 2596 1932 2634 quo

1129 2632 1235 2670 folium
1260 2633 1343 2670 deest
1368 2633 1426 2661 hoc
1446 2632 1606 2670 loco,_sed
1633 2641 1694 2670 non
1716 2633 1845 2670 dubium
1863 2632 1933 2670 quin

1127 2669 1357 2706 haecscriptura
1371 2670 1414 2706 tot
1427 2668 1498 2706 nixa
1511 2667 1597 2697 libris
1613 2668 1746 2705 antiquis
1764 2677 1801 2706 pr
1809 2667 1932 2698 seferen-

1127 2704 1167 2732 da
1183 2705 1219 2732 sit
1237 2703 1367 2739 vulgata:
1379 2703 1527 2735 ἀνέζευξαν,
1545 2707 1658 2733 reversi
1671 2703 1753 2733 simi.
1765 2703 1775 2706 “
1938 2706 1941 2707 ⁷

1162 2741 1198 2777 (5)
1212 2742 1264 2766 Tn")
1279 2741 1404 2778 μάρτυρι.
1417 2739 1558 2769 Nonnulli
1573 2748 1647 2768 mss.
1664 2739 1705 2767 ἐπὶ
1718 2742 1843 2779 μάρτυρι.
