1998 3145
264 129 316 159 807

951 131 979 159 S.
1003 127 1127 158 BASILII
1144 122 1253 155 MAGNI

1879 128 1917 156 508

265 192 380 222 omnia.
394 191 471 221 Nihil
483 199 587 220 eorum
604 200 672 229 quas
688 192 777 221 nobis
791 191 933 221 aceidunt
946 193 980 220 ut
999 190 1089 220 mole-

1149 190 1236 219 θότητι
1270 189 1401 216 Δισπότου
1434 191 1558 214 οιοκεῖται
1595 187 1629 213 τὰ
1662 187 1754 215 πάντα.
1783 185 1858 214 Οὐδὶν
1879 192 1917 215 τῶν

265 240 345 266 stum
359 237 493 273 accipere
508 239 632 273 oportet,
648 237 766 265 etiamsi
781 237 811 265 in
826 237 986 274 praesentia
1007 237 1089 265 inﬁr-

266 283 401 311 mitatem
412 284 548 309 nostram
561 284 673 317 tangat.
683 281 824 310 Etsienim
831 282 961 310 rationes
972 282 1090 317 ignora-

266 335 346 362 mus,
362 326 400 355 ob
414 334 492 363 quas
516 327 757 363 unumquodque
773 334 877 355 eorum
894 335 961 363 quae
976 326 1091 354 contin-

267 373 351 406 gunt,
374 370 463 398 veluti
484 371 599 399 bonum
625 379 643 399 a
665 371 791 399 Domino
811 371 900 400 nobis
923 370 1090 406 exhibetur,

265 416 367 443 tamen
386 414 444 443 hoc
462 414 550 443 nobis
566 422 747 451 persuasum
769 423 834 443 esse
851 415 951 448 debet,
966 414 1091 443 omnino

263 459 334 487 utile
340 467 407 487 esse
419 459 504 495 quod
516 459 624 491 evenit,
637 460 700 487 sive
710 459 799 488 nobis
809 460 848 488 ob
859 459 1008 496 patientiae
1017 466 1092 487 mer-

264 504 381 538 cedem,
403 504 464 532 sive
479 504 589 532 animee
607 507 782 541 assumptae,
797 513 834 533 ne
849 504 961 533 diutius
982 505 1014 532 in
1035 504 1091 532 hac

262 549 323 577 vita
347 548 514 577 immorans
533 549 652 583 vigente
665 549 695 577 in
714 549 772 578 hoc
784 549 899 577 mundo
920 548 1033 577 malitia
1044 557 1091 576 re-

263 593 406 629 pleretur.
415 593 529 621 Sienim
541 593 598 621 hac
609 594 668 622 vita
683 594 976 622 circumscriberetur
991 593 1090 622 Chris-

264 637 417 665 tianorum
433 645 512 673 spes,
533 646 593 666 non
613 638 762 666 immerito
779 647 851 667 sane
865 639 1026 667 molestum
1047 639 1088 667 vi-

265 682 386 710 deretur
399 682 485 710 citius
501 690 655 719 acorpore
671 683 804 719 disjungi
817 693 823 711 :
838 684 883 712 sin
897 687 998 713 autem
1013 691 1091 712 vera:

265 726 332 754 vitae
350 726 468 754 initium
483 729 538 759 est,
553 727 589 754 iis
604 727 656 764 qui
671 728 839 756 secundum
864 730 957 757 Deum
977 729 1090 763 vivunt,

266 771 375 798 animae
391 779 407 799 e
422 772 556 808 corporis
579 772 708 800 vinculis
730 773 858 805 solutio;
882 773 956 810 quid
976 773 1092 801 tristitia

266 814 424 851 aﬂicimur,
443 816 520 844 sicut
533 818 561 844 et
573 816 592 844 ii
608 817 659 852 qui
676 825 760 853 spem
777 825 838 846 non
853 818 966 846 habent
978 818 1019 845 ¹⁰⁶2
1036 819 1091 846 Fac

265 860 355 895 igitur
371 860 491 889 hortatu
506 870 584 897 meo,
602 864 634 890 ut
648 862 803 890 doloribus
819 871 880 891 non
895 862 1090 897 succumbas,

265 905 318 933 sed
333 905 380 934 his
396 908 423 934 te
439 906 595 935 celsiorem
608 908 856 944 superioremque
871 908 1024 937 ostendas.

558 997 726 1026 EPISTOLA
746 998 803 1026 Cll'

1147 234 1343 270 συμϐαινόντων
1359 234 1421 269 ἡμῖν
1433 235 1468 264 ὡς
1490 233 1606 270 λυπηρὸν
1621 233 1798 270 ὑπορέχεσθαι
1810 234 1868 270 χρὴ,
1881 235 1917 259 xiv

1145 281 1210 315 πρὸς
1237 280 1266 305 τό
1291 280 1373 316 παρὸν
1398 278 1515 307 ἅπτηται
1538 281 1584 307 τῆς
1599 276 1730 307 ἀσθενείας
1747 277 1825 313 ἡμῶν.
1838 277 1864 303 Εἰ
1879 279 1918 314 γὰρ

1144 326 1189 350 καὶ
1213 325 1271 354 τοὺς
1302 323 1393 359 λόγους
1421 322 1572 359 ἀγνοοῦμεν,
1603 322 1662 348 καθ’
1694 321 1736 352 οὓς
1760 322 1860 348 ἕκαστον
1878 327 1918 348 τῶν

1145 370 1283 405 γινομένων
1307 370 1340 398 ὡς
1362 368 1438 394 καλὸν
1461 369 1532 404 παρά
1550 365 1595 393 τοῦ
1621 368 1749 393 Δεσπότου
1773 367 1831 402 ἡμῖν
1845 366 1920 402 ἐπάγε-

1145 423 1199 439 ται·
1228 412 1281 439 ἀλλ’
1312 412 1391 439 ἐκεῖνο
1424 413 1564 438 πεπεῖσθαι
1596 411 1736 452 ὀφείλομφ,
1764 411 1802 437 ὁτι
1834 412 1919 442 πάντως

1147 460 1271 495 συμφέρει
1286 460 1315 484 τὸ
1337 460 1469 494 γινόμενον
1485 458 1499 486 ἡ
1527 458 1589 493 ἡμῖν
1604 455 1651 482 διὰ
1673 458 1715 482 τόν
1736 459 1782 487 τῆς
1806 457 1919 492 ὑπομονῆς

1146 504 1251 540 μισθὸν,
1269 503 1284 532 ἣ
1308 507 1339 539 τῇ
1360 502 1558 540 παραληφθείσῃ
1574 501 1663 537 ψυχῇ,
1680 502 1721 527 ἱνα
1739 502 1785 537 μὴ,
1801 500 1840 526 ἐπὶ
1858 501 1918 527 πλέον

1146 552 1177 584 τῇ
1199 548 1252 584 ζωῇ
1290 549 1372 584 ταύτῃ
1401 545 1609 584 ἑπιϐραδύνασα,
1638 550 1686 577 τῆς
1714 545 1920 582 ἐμπολιτευομένης

1146 597 1182 628 τῷ
1213 592 1262 629 βίῳ
1291 594 1380 626 κακία,
1398 591 1565 627 ὼαπλησθῇ.
1585 591 1615 616 Εἰ
1640 592 1684 626 μὲν
1712 592 1760 627 γὰρ
1788 589 1811 616 ἰν
1834 593 1861 626 τῇ
1878 592 1919 625 ζωῇ

1147 638 1230 673 ταύτῃ
1254 638 1269 666 ὴ
1296 641 1345 663 τῶν
1365 640 1530 673 Χριστιανῶν
1552 635 1624 666 ἐλπὶς
1648 637 1810 672 περιώριστο,
1836 635 1922 664 εἰκότως

1146 682 1261 718 χαλεπὸν
1293 681 1322 707 ἆν
1348 681 1472 718 ἐνομίσθη
1505 681 1534 706 τὸ
1564 681 1656 706 θᾶττον
1676 677 1862 715 διαζευχθῆναι
1886 682 1922 705 τοῦ

1148 729 1276 762 σώματος
1303 726 1325 752 εἰ
1345 724 1374 752 δὲ
1403 725 1473 762 ἀρχὴ
1500 729 1546 751 τοῦ
1570 724 1692 753 ἀληθινοῦ
1717 723 1776 761 βίον
1800 728 1848 754 τοῖς
1869 726 1922 749 κατὰ

1147 773 1211 798 Θεὸν
1232 772 1313 802 ζῶσίν
1336 770 1392 797 ἐστι
1407 773 1436 796 τὸ
1451 775 1499 797 τῶν
1524 768 1629 806 δεσμῶν
1644 770 1741 795 τούτων
1762 773 1808 796 τῶν
1825 778 1921 805 σωματι-

1147 821 1197 842 κῶν
1222 818 1268 846 τὴν
1283 815 1376 853 ψυχὴν
1401 815 1550 848 ἐκλυθῆναι,
1574 817 1599 840 τί
1627 813 1786 851 λνποὺμεθα,
1802 814 1834 845 ὡς
1850 816 1888 839 καὶ
1903 814 1922 839 οἱ

1112 873 1132 900 Β
1147 864 1182 898 μὴ
1209 862 1311 897 ἔχοντες
1333 858 1446 894 arida;
1465 859 1652 897 Παραχλήθητι
1676 858 1720 885 οὖν
1743 861 1777 895 μὴ
1803 859 1920 884 ὑποπεσεῖν

1147 910 1202 936 τοῖς
1223 907 1343 939 πάθεσιν,
1361 904 1425 931 ἀλλὰ
1442 903 1538 940 δεῖξαι,
1561 906 1600 930 ὅτι
1622 904 1776 942 ὑπέρκεισαι
1796 905 1838 929 καὶ
1861 903 1920 939 ὑπερ-

1146 955 1222 988 ῆρας.

1429 996 1596 1021 ΕΠΙΣΤΟΛΗ
1610 993 1665 1022 ΡΠ.

265 1040 414 1069 Certiores
429 1041 516 1080 facit,
532 1042 684 1080 praemisso
699 1042 805 1080 Nicia,
815 1043 997 1077 Satatenses,
1012 1049 1042 1070 se
1056 1048 1158 1080 eorum
1176 1039 1315 1080 precibus
1331 1039 1497 1080 adductum
1517 1047 1586 1080 esse,
1603 1038 1692 1080 ut_eis_
1705 1037 1920 1080 .eonsaaguinem

300 1084 396 1111 suum,
410 1074 437 1104 et
448 1077 505 1104 sibi
518 1074 546 1104 et
559 1078 652 1106 matri
665 1081 692 1106 et
709 1079 823 1113 populo
839 1074 1036 1110 carissimum,
1051 1074 1186 1105 omnibus
1200 1075 1286 1104 rebus
1297 1083 1398 1104 eorum
1415 1075 1542 1103 utilitati
1566 1074 1758 1110 posthabitis,
1774 1074 1920 1109 episcopum

301 1113 483 1141 concederet.
506 1118 509 1121 '

526 1155 647 1184 Civibus
666 1157 829 1186 Satatenis.

301 1201 364 1234 Ego
374 1202 438 1228 tum
448 1200 554 1228 vestris
566 1203 630 1229 tum
640 1201 745 1238 populi
757 1202 846 1230 totius
859 1201 1000 1238 precibus
1012 1209 1093 1230 com-

266 1246 377 1279 motus,
390 1247 419 1272 et
433 1244 569 1273 Ecclesiae
582 1248 688 1274 vestrae
703 1254 808 1275 curam
817 1247 949 1283 suscepi,
965 1249 994 1275 et
1004 1247 1091 1274 vobis

266 1296 368 1317 coram
379 1289 506 1318 Domino
516 1290 666 1326 pollicitus
684 1291 838 1323 sum,nihil
854 1299 902 1319 me
917 1291 1093 1328 prtetermis~

267 1341 373 1361 surum
386 1341 491 1362 eorum
511 1343 578 1370 quae
599 1343 692 1371 penes
711 1344 757 1364 me
772 1336 880 1364 forent.
905 1337 1091 1372 Quapropter

265 1380 388 1406 coactus
401 1387 478 1413 sum,
491 1380 532 1407 uti
540 1380 685 1416 scriptum
697 1382 753 1415 est,
762 1381 850 1417 quasi
859 1381 1006 1417 pupillam
1013 1380 1092 1408 oculi

265 1423 325 1450 mei
341 1424 461 1458 tangere
474 1424 507 1450 “.
520 1423 601 1452 Adeo
616 1424 713 1452 honor
725 1433 816 1461 quem
826 1425 913 1453 vobis
923 1425 1091 1453 maximum

264 1467 374 1501 habeo,
387 1468 429 1496 rei
445 1467 556 1496 nullius
572 1469 721 1497 recordari
735 1477 783 1497 me
795 1469 871 1504 sivit,
888 1477 950 1498 non
964 1477 1091 1497 consan-

266 1512 493 1547 guinitatis,non
509 1514 743 1548 consuetudinis,
752 1523 819 1550 qum
831 1515 902 1542 mihi
914 1522 1008 1551 puero
1021 1522 1091 1542 cum

265 1557 331 1584 viro
352 1558 471 1592 exstitit,
486 1565 549 1594 prce
565 1558 670 1586 vestris
689 1559 866 1594 postulatis;
883 1559 936 1587 sed
954 1559 1090 1587 omnium

268 1608 335 1636 quae
350 1602 424 1628 mihi
438 1602 579 1636 privatim
595 1610 664 1630 eum
679 1610 715 1630 eo
731 1603 769 1631 ad
789 1604 1033 1639 conjunctionem
1050 1603 1092 1630 in-

266 1645 624 1680 tercedunt,oblitus,non
630 1649 772 1682 reputans
783 1648 949 1682 gemituum
960 1648 1091 1684 copiam,

266 1696 359 1725 quam
372 1689 503 1725 populus
513 1698 598 1718 meus
607 1691 665 1719 isto
675 1693 836 1728 praeposito
846 1692 1004 1721 destitutus
1014 1693 1091 1728 edet,

266 1741 327 1761 non
335 1733 485 1770 lacrymas
491 1735 720 1763 universseillius
726 1737 988 1772 cognationis,non
995 1738 1092 1773 ipsius

266 1778 371 1806 matris
375 1778 439 1814 jam
446 1779 610 1816 senis,quse
621 1780 685 1808 solo
695 1780 775 1808 illius
787 1781 897 1809 auxilio
908 1781 1090 1818 sublevatur,

267 1824 441 1852 maestitiam
453 1825 612 1852 attendens
626 1834 632 1858 ;
644 1825 753 1853 horum
765 1825 855 1853 simul
865 1826 1012 1862 omnium,
1023 1835 1092 1863 quae

267 1868 337 1897 talia
351 1871 380 1897 et
392 1871 476 1897 tanta
491 1871 571 1903 sunt,
587 1869 734 1898 rationem
749 1877 811 1898 non
823 1870 940 1898 habens
954 1871 985 1898 id
996 1879 1090 1900 unum

265 1913 444 1948 spectavi,ut
453 1913 614 1942 Eeclesiam
620 1916 752 1942 vestram
767 1914 823 1942 viri
831 1914 906 1942 tanti
916 1915 1091 1950 praefectura

266 1965 418 1993 ornarem,
439 1958 526 1994 eique
550 1966 769 1992 succurrerem,
785 1959 849 1994 jam
863 1959 902 1987 ob
916 1959 1091 1989 diuturnam

266 2002 420 2038 prmpositi
428 2002 624 2037 privationem
635 2002 665 2030 in
675 2010 774 2037 genua
784 2003 1092 2040 provolutae,etmulto

270 2046 357 2081 198
367 2053 403 2074 ac
413 2046 512 2074 valido
525 2046 720 2082 adminiculo,
733 2050 766 2076 ut
780 2048 920 2084 erigatur,
935 2049 1091 2085 indigenti.

266 2091 372 2118 Nostra
386 2090 487 2126 itaque
501 2091 543 2118 sic
558 2099 590 2118 se
603 2091 727 2121 habent.
745 2093 848 2120 Vestra
863 2095 965 2121 autem
973 2094 1038 2128 jam
1048 2102 1092 2122 re-

266 2134 432 2170 poscimus,
443 2142 481 2163 ne
497 2135 616 2163 minora
628 2136 786 2165 videantur
799 2145 851 2173 spe
863 2140 967 2166 nostra
977 2140 1006 2166 et
1019 2138 1090 2174 ﬁde,

265 2187 359 2215 quam
373 2179 435 2208 viro
447 2179 526 2213 dedi,
539 2179 623 2208 illum
639 2188 657 2209 a
671 2189 720 2209 me
735 2180 775 2209 ad
787 2182 902 2210 amicos
910 2190 1092 2219 mecumque

265 2223 530 2259 conjunctissimos
553 2225 639 2259 mitti,
665 2225 719 2254 sed
742 2227 774 2254 ut
806 2226 934 2263 quisque
958 2229 1091 2256 vestrum

265 2267 342 2296 alius
355 2269 448 2297 alium
459 2277 516 2297 suo
527 2269 558 2298 in
568 2269 666 2298 virum
676 2270 775 2298 studio
787 2278 822 2299 ac
833 2279 936 2300 amore
946 2280 1091 2308 superare
1107 2265 1128 2292 Ῑ)

265 2315 400 2342 conetur.
417 2314 569 2342 Ostendite
582 2314 671 2349 igitur
685 2315 862 2351 praeclaram
877 2315 959 2344 illam
970 2319 1091 2344 conten-

266 2357 390 2392 tionem,
402 2366 436 2386 ac
449 2359 657 2394 magnitudine
673 2360 809 2396 obsequii
825 2369 876 2388 cor
886 2361 964 2389 illius
975 2361 1091 2390 demul-

265 2404 338 2436 cete,
353 2404 385 2430 ut
398 2411 468 2430 eum
484 2404 583 2439 capiat
601 2404 714 2433 oblivio
729 2405 843 2441 patriae,
860 2405 969 2434 oblivio
982 2413 1092 2441 cogna-

265 2449 374 2481 torum,
389 2447 500 2476 oblivio
510 2449 614 2485 populi
629 2451 747 2478 tantum
756 2450 914 2486 pendentis
925 2450 964 2478 ab
975 2451 1040 2486 ejus
1047 2459 1092 2479 re-

265 2491 387 2527 gimine,
395 2494 545 2529 quantum
555 2493 655 2522 infans
664 2501 767 2522 recens
781 2496 869 2522 natus
880 2494 919 2523 ab
930 2495 1022 2523 ubere
1029 2504 1091 2525 ma-

265 2538 359 2566 terno.
376 2538 580 2566 Praemisimus
594 2541 694 2567 autem
706 2539 830 2575 Niciam,
846 2541 878 2568 ut
894 2547 930 2569 ea
941 2548 1010 2577 quae
1025 2543 1092 2571 acta

303 2599 325 2617 ¹⁰
346 2600 470 2634 I',Thess.
485 2608 515 2629 1v
533 2603 574 2630 t2.
603 2602 624 2619 “
647 2601 771 2630 Zachar.
786 2610 816 2634 u,
831 2605 857 2631 8.

306 2662 313 2668 ·
334 2653 413 2682 Alias
425 2656 579 2691 CLXXXIII,
597 2655 709 2691 scripta
720 2663 801 2691 anno
816 2659 878 2684 372.

302 2691 357 2727 (26)
380 2693 430 2717 Καὶ
445 2689 585 2726 ἐδεξάμην.
606 2689 684 2718 Harl.
699 2690 890 2727 κατεδεξάμην.

302 2726 359 2767 (27)
374 2728 408 2751 Τὸ
421 2729 612 2767 γεγραμμξιρν..
638 2726 729 2767 Hatria
745 2729 782 2767 et
800 2726 885 2767 Mterl._
902 2731 930 2755 τὸ
947 2729 1089 2767 εἰρημένον.

266 2760 359 2800 Ρᾶρὶρ
374 2760 536 2800 posti-dein
551 2761 690 2800 Μθόηςτὼν
706 2762 970 2800 οἱκειότητοςνλόγων.

305 2796 362 2832 (28)
377 2798 505 2823 Τοιούτων
517 2798 605 2825 ὄντων.
622 2797 696 2826 Med.
712 2800 835 2825 τοιούτων
853 2796 984 2836 ἀλγεινῶν.

1403 1155 1545 1182 Σαταλιῦσι
1559 1154 1690 1186 πολίταις,

1184 1200 1249 1236 Ἐγώ
1277 1201 1324 1232 τὰς
1338 1209 1366 1227 τι
1395 1198 1466 1230 ἰδίας
1491 1200 1564 1236 ὑμῶν
1587 1199 1767 1236 παρακλήσεις
1783 1201 1825 1225 καὶ
1836 1199 1876 1228 τὰς
1886 1199 1921 1223 τοῦ

1146 1245 1209 1271 λαοῦ
1239 1246 1335 1276 παντὸς
1362 1243 1537 1274 δυσωπηθεὶς,
1575 1246 1620 1270 καὶ
1651 1242 1782 1280 ἐδεξάμην
1816 1244 1865 1278 (26)
1888 1243 1921 1269 τὴν

1147 1288 1274 1327 φροντίδα
1297 1294 1342 1320 τῆς
1367 1289 1425 1316 καθ’
1445 1289 1511 1325 ὑμᾶς
1535 1288 1703 1324 Ἐκκλησίας,
1724 1291 1768 1315 καὶ
1789 1288 1921 1322 ὑπεσχόμην

1146 1335 1207 1370 ὑμῖν
1232 1333 1337 1360 ἐνώπιον
1360 1336 1457 1371 Κυρίου
1478 1331 1561 1370 μηδὲν
1576 1332 1702 1368 ἐλλείψειν
1722 1337 1770 1359 τῶν
1785 1332 1818 1363 εἰς
1829 1330 1920 1366 δύναμιν

1146 1377 1210 1415 ἐμὴν
1233 1379 1359 1408 ἡκόντων,
1382 1380 1425 1405 Διὸ
1449 1379 1628 1414 ἠναγκάσθην,
1649 1379 1721 1404 κατὰ
1745 1379 1773 1404 τὸ
1799 1377 1921 1414 γεγραμμέ-

1145 1433 1187 1449 νον
1203 1424 1269 1459 (27),
1292 1423 1344 1450 οἷον
1359 1427 1405 1453 τῆς
1426 1425 1503 1459 κόρης
1518 1427 1564 1449 τοῦ
1581 1422 1644 1459 ἐμοῦ
1659 1422 1793 1459 ὀφθαλμοῦ
1811 1421 1919 1456 ᾶψασθαι.

1147 1468 1238 1498 Οὕτως
1258 1470 1288 1494 τὸ
1314 1467 1472 1505 ὑπερϐάλλον
1498 1472 1542 1498 τῆς
1569 1468 1629 1494 καθ’
1653 1469 1725 1504 ὑμᾶς
1739 1470 1815 1504 τιμῆς
1836 1463 1920 1493 οὐδενός

1147 1522 1190 1549 μοι
1215 1515 1398 1550 συνεχώρησεν
1423 1513 1458 1543 εἰς
1483 1515 1587 1548 μνήμην
1614 1511 1706 1545 ἐλθεῖν,
1731 1512 1760 1538 οὗ
1785 1511 1919 1547 συγγενείας,

1147 1558 1176 1583 οὐ
1192 1562 1238 1588 τῆς
1257 1557 1284 1583 ἐκ
1303 1555 1398 1587 παιδος
1415 1558 1550 1587 συνηθείας
1566 1561 1611 1587 τῆς
1625 1557 1800 1594 ὑπαρχούσης
1814 1565 1854 1592 μοι
1872 1554 1918 1590 πρὸς

1112 1594 1132 1621 C
1147 1603 1190 1628 τὸν
1216 1600 1311 1638 ἄνδρα,
1327 1604 1378 1638 πρὸ
1404 1606 1454 1628 τῶν
1493 1602 1555 1638 παρ’
1586 1602 1658 1637 ὑμῶν
1685 1602 1845 1630 αἱτηθέντων-
1871 1597 1920 1623 ἀλλὰ

1147 1648 1248 1672 πάντων
1275 1647 1320 1682 μὲν
1334 1651 1383 1673 τῶν
1399 1645 1456 1682 ἰδίᾳ
1470 1656 1515 1682 μοι
1538 1647 1714 1683 ὑπαρχόντων
1727 1648 1789 1682 πρὸς
1812 1645 1878 1671 αὑτὸν
1895 1642 1921 1672 εἰς

1147 1691 1304 1722 οἰκειότητος
1331 1691 1404 1727 λόγον
1440 1691 1629 1726 ἐπιλαθόμενος,
1658 1694 1696 1727 μὴ
1729 1690 1922 1725 ὑπολογισάμενος

1148 1734 1178 1762 δὲ
1193 1734 1263 1772 μηδὲ
1291 1739 1337 1762 τοῦ
1367 1740 1512 1772 στεναγμοῦ
1535 1737 1564 1761 τό
1584 1735 1694 1769 πλῆθος,
1725 1735 1736 1761 ὁ
1763 1731 1922 1762 καταστινάξει

1146 1790 1196 1817 μου
1221 1782 1234 1806 ό
1249 1780 1310 1812 λαὸς
1329 1781 1342 1806 ό
1365 1783 1412 1810 τὴν
1437 1783 1601 1817 προστασίαν
1631 1780 1714 1806 αὑτοῦ
1734 1779 1874 1816 ζημιωθεὶς,
1893 1777 1921 1812 μὴ

1145 1826 1235 1856 πάσης
1257 1825 1337 1851 αὑτοῦ
1361 1829 1407 1855 τῆς
1432 1827 1581 1861 συγγενείας
1602 1826 1630 1851 τὸ
1646 1823 1773 1863 δάκρυον,
1788 1826 1822 1860 μὴ
1842 1822 1923 1859 μητρὸς

1146 1870 1226 1896 αὑτοῦ
1250 1873 1360 1907 γηραιοῖς
1372 1873 1417 1896 καὶ
1444 1870 1485 1896 ἐπὶ
1509 1873 1574 1906 μόνῃ
1591 1873 1621 1906 τῇ
1640 1870 1705 1908 παρ’
1726 1869 1803 1896 αὑτοῦ
1821 1867 1923 1905 θεραπείᾳ

1148 1915 1307 1945 σαλευούσης
1333 1917 1379 1944 τὴν
1405 1914 1491 1950 θλίψιν
1518 1915 1554 1945 εἰς
1586 1913 1699 1951 καρδίαν
1723 1914 1813 1940 λαϐὼν⁸
1838 1912 1922 1938 πάντων

1146 1961 1211 1996 ὁμοῦ
1239 1961 1362 1986 τοιούτων
1388 1962 1465 1986 ὄντων
1495 1960 1551 1995 (28)
1568 1962 1613 1986 καὶ
1640 1961 1772 1986 τοσούτων
1799 1957 1920 1993 ἀλογήσας,

1147 2004 1198 2035 ἑνὸς
1225 2004 1358 2040 ἐγενόμην,
1371 2008 1417 2031 τοῦ
1445 2006 1492 2034 τὴν
1512 2005 1636 2041 ὑμετέραν
1659 2004 1813 2033 Ἐκκλησίαν
1830 2008 1923 2028 κατακο-

1148 2053 1251 2086 σμῆσαι
1269 2051 1314 2086 μὲν
1338 2054 1369 2086 τῇ
1407 2053 1454 2075 τοῦ
1486 2048 1641 2078 τηλικούτου
1666 2048 1761 2087 ἀνδρὸς
1782 2047 1921 2086 προστασίᾳ-

1148 2094 1283 2131 βοηθῆσαι
1295 2092 1324 2120 δὲ
1340 2094 1403 2130 αὐτῇ
1418 2096 1446 2120 ἔκ
1460 2098 1505 2124 τῆς
1516 2096 1626 2131 χρονίας
1640 2093 1819 2132 ἀπροστασίας
1832 2091 1921 2126 εἰςγόνυ

1145 2138 1234 2165 λοιπὸν
1249 2138 1379 2175 χλιθείσῃ,
1398 2141 1443 2165 καὶ
1460 2138 1553 2169 πολλῆς
1574 2141 1619 2165 καὶ
1638 2136 1754 2169 δυνατῆς
1765 2137 1923 2174 χειραγωγίας

1146 2183 1182 2214 εἰς
1205 2185 1234 2209 τὸ
1255 2182 1427 2213 διαναστῆναι
1448 2182 1554 2220 δεομένῃ
1569 2185 1635 2217 (29).
1651 2185 1690 2210 Τὰ
1706 2185 1749 2220 μὲν
1770 2181 1811 2209 οὖν
1828 2182 1922 2217 ἡμέτερα

1145 2232 1263 2255 τοιαῦτα.
1284 2229 1323 2254 Τὰ
1349 2226 1379 2254 δε
1405 2228 1465 2265 παρ’
1491 2229 1562 2264 ὑμῶν
1593 2227 1752 2264 ἀπαιτοῦμεν
1784 2227 1864 2253 λοιπὸν
1892 2224 1920 2259 μὴ

1146 2272 1268 2299 ἐλάττονα
1297 2276 1408 2309 φανῆναι
1439 2277 1486 2303 τῆς
1514 2274 1638 2310 ἡμετέρας
1665 2271 1780 2307 ελπίδος,
1811 2272 1850 2297 καὶ
1881 2272 1920 2316 τᾱίν

1145 2316 1315 2353 ὑποσχέσεων
1334 2316 1365 2348 ἂς
1379 2318 1541 2354 πεποιήμεθα
1565 2321 1602 2352 τῷ
1631 2316 1720 2354 ἀνδρὶ,
1748 2317 1787 2342 ὃγι
1817 2315 1874 2351 πρὸς
1891 2320 1921 2336 οι·

1144 2364 1229 2392 κείους
1248 2364 1292 2388 καί
1321 2361 1409 2398 φίλους
1424 2361 1500 2388 αὐτὸν
1524 2361 1713 2398 ἐξεπέμψαμεν,
1739 2361 1844 2387 ἕκαστον
1862 2358 1919 2393 ὑμῶν

1145 2406 1336 2444 ὑπερϐαλέσθαι
1355 2408 1398 2433 τὸν
1413 2408 1496 2444 ἕτερον
1512 2407 1535 2433 ἑν
1549 2411 1579 2443 τῇ
1597 2409 1655 2444 περὶ
1670 2408 1713 2433 τὸν
1733 2404 1815 2443 ἄνδρα
1831 2398 1918 2435 σπονδῇ

1145 2453 1190 2478 καὶ
1228 2450 1317 2488 ἀγάπῃ
1346 2452 1572 2489 προθυμουμένου.
1605 2455 1693 2482 Ὀπως
1730 2449 1774 2476 οὖν
1809 2445 1920 2475 ἑτιριὸεὶξη⁴

1147 2497 1193 2523 σθι
1208 2497 1266 2533 (30)
1289 2498 1335 2526 τὴν
1359 2496 1441 2526 καλὴν
1463 2498 1560 2525 ταύτην
1580 2496 1735 2533 φιλοτιμίαν,
1751 2496 1840 2528 καὶτῷ
1857 2492 1919 2526 ὑπερ-

1146 2541 1266 2568 ϐάλλοντι
1290 2545 1334 2572 τῆς
1355 2543 1489 2578 θεραπείας
1505 2541 1702 2578 παρακαλέσητε
1723 2540 1800 2566 αὑτοῦ
1815 2540 1856 2567 τὴν
1870 2542 1920 2571 χαρ-

1181 2659 1239 2694 (29)
1259 2660 1380 2694 Δεομένη.
1396 2658 1468 2686 Male
1483 2658 1514 2686 in
1540 2658 1628 2686 editis
1650 2655 1782 2694 δεομένης.
1803 2653 1924 2683 Ili-ratum.

1147 2694 1254 2722 sustuli
1269 2702 1326 2730 ope
1341 2694 1479 2730 codicum
1496 2702 1567 2722 mss.
1831 2725 1836 2730 ,

1183 2731 1236 2765 (30)
1256 2728 1342 2760 Ὅπως
1355 2734 1398 2756 οῦν
1410 2729 1590 2765 initiatae-05.
1602 2732 1643 2757 Ita
1655 2737 1728 2765 mss.
1748 2728 1837 2756 nostri
1852 2728 1917 2751 sum-

1146 2773 1197 2794 mo
1213 2763 1374 2794 consensu.
1389 2766 1464 2794 Editi
1478 2766 1547 2796 ὅπως
1562 2763 1605 2792 οὖν
1619 2763 1787 2796 ἐπιδείξεσθε.
