1998 3145
75 141 118 169 513
564 133 806 164 EPISTOLARUM
826 132 966 162 CLASSlS
985 134 1020 163 ΙΙ.
1036 135 1142 165 EPIST.
1160 137 1225 165 CVI.
1683 141 1734 168 5M

64 209 204 240 μεμνημενοι
218 200 296 236 ὑμῶν,
317 201 362 225 καὶ
381 199 595 237 εὐχαριστοῦντες
621 199 684 236 ὑπὲρ
710 199 780 234 ὑμῶν
807 201 842 232 τῷ

917 198 970 226 icet
986 199 1035 227 Dei
1059 200 1154 235 gratia
1177 208 1237 228 non
1258 199 1422 228 desinimus
1448 200 1539 229 vestri
1555 202 1734 231 meminisse

64 249 148 285 Κυρίῳ,
174 246 213 271 ὃτι
236 244 333 280 ἀγαθῆς
353 243 431 281 ῥίζης
457 243 544 280 ἀγαθὰ
569 243 747 280 βλαστήματα
775 241 841 275 ἔστε,

63 296 165 328 ἔγκαρπα
182 293 236 320 τοῖς
259 288 365 325 ἀγαθοῖς
381 289 476 325 ἔργοις,
501 291 545 314 καὶ
559 293 595 324 τῷ
615 290 669 314 ὄντι
682 289 716 319 ὡς
731 290 806 324 κρίνα
819 287 844 313 ἐν

63 340 123 374 μέσῳ
148 334 269 361 ἀκανθῶν.
297 335 332 359 Τό
360 335 410 370 γὰρ
444 334 494 360 ὑπὸ
524 334 652 363 τοσαύτης
681 331 846 370 διαστροφῆς

63 386 104 408 τῶν
121 379 339 417 παραγθειρόντων
365 379 408 404 τόν
436 377 511 414 λόγον
537 382 583 408 τῆς
603 377 721 408 ἀληθείας
736 387 845 414 περικυ-

65 426 188 461 κλονμένοις
210 425 245 460 μή
275 420 394 448 ἐνδοῦναι
422 424 485 459 πρὸς
511 424 558 453 τὰς
587 422 699 457 ἀπάτας,
723 421 793 458 μηδὲ
816 423 846 447 τὸ

66 468 220 496 ὰποστολικόν
261 472 308 498 τῆς
351 469 461 498 πίστεως
492 470 617 504 κήρυγμα
649 467 846 498 καταλιπούσας

65 516 117 551 πρὸς
139 515 182 542 τὴν
218 523 261 537 νυν
294 511 504 542 ἐπιπολάζουσαν
538 514 703 548 καινοτομίαν
736 522 845 549 μετατε-

65 561 127 588 θῆναι
148 558 212 593 (48),
242 560 297 587 πῶς
322 556 386 592 οὐχί
405 557 520 592 μεγάλης
548 558 593 593 μὲν
616 559 681 594 πρὸς
714 559 757 583 τὸν
782 558 846 583 Θεὸν

64 604 218 640 εὶχαριστίας
237 602 322 634 ἀξιον,
336 601 462 637 μεγάλους
478 600 508 628 δὲ
522 603 583 638 ὑμῖν
600 601 719 633 ἐπαίνους
739 601 846 628 δικαιό-

63 657 116 674 τατοι
128 647 238 684 προξενεῖ
251 654 257 679 ;
275 646 319 676 Εἰς
334 648 437 683 Πατέρα
455 647 500 672 καὶ
516 647 575 672 Υἱὸν
595 648 638 672 καὶ
650 647 722 682 οἷγιον
743 650 847 683 Πνεῦμα

63 693 232 718 πεπιστεύκατε
245 702 251 707 -
276 692 312 727 μή
337 688 455 727 προδῶτε
477 692 575 720 ταύτην
591 693 637 720 τὴν
659 692 847 728 παρακαταθή-

64 746 113 765 κην.
132 737 230 772 Πατέρα
254 737 302 764 τὴν
326 737 427 761 πάντων
451 734 553 772 ἀρχὴν·
581 737 641 762 Υὶὸν
664 740 799 772 μονογενῆ,
820 735 847 767 ἐξ

64 781 129 807 αὐτοῦ
141 781 301 816 γεννηθέντα,
318 779 438 808 ἀληθινὸν
467 781 542 814 Θεὸν,
568 780 662 806 τέλειον
686 779 713 806 ἐκ
736 779 845 814 τελείου,

66 825 136 851 εἰκόνα
147 825 240 857 ζῶσαν,
266 824 324 850 ὅλον
340 822 477 850 δεικνύντα
503 824 527 850 ἐν
552 825 635 860 ἐαυτῷ
659 827 701 851 τὸν
722 827 826 861 Πατέρα
839 835 845 842 ·

66 872 151 905 Πνεῦμα
173 869 256 905 ἅγιον,
286 867 313 894 ἐκ
334 872 401 894 Θεοῦ
424 871 472 898 τὴν
494 869 605 906 ὕπαρξιν
631 871 693 905 ἕχον
717 870 784 905 (49),
801 872 847 899 τὴν

63 916 135 949 πηγὴν
161 918 204 944 τῆς
232 913 395 949 ἁγιότητος,
430 912 542 950 δύναμιν
575 916 644 945 ζωῆς
678 917 847 951 παρεκτικὴν,

64 959 134 994 χάριν
156 958 318 990 τιλειοποιὸν,
344 955 381 984 δι’
401 956 430 984 οὖ
457 959 611 985 νὶοθετιῖται
632 960 774 995 ἄνθρωπος,
805 963 850 986 καὶ

65 1001 270 1033 ἀπαθανατίζεται
299 1003 354 1037 (50)
383 1004 410 1028 τὸ
442 1003 552 1038 θνητὸν,
585 1006 746 1040 συνημμένον
768 1007 851 1042 Πατρὶ

61 1049 97 1072 καὶ
111 1049 155 1082 1⁸ἱῷ
167 1049 230 1073 κατὰ
243 1048 334 1074 πάντα
345 1046 369 1072 ἐν
383 1045 448 1083 δόξῃ
468 1050 513 1074 καὶ
533 1046 677 1083 ἀίδιὸτητι,
699 1048 724 1075 ἐν
739 1048 850 1086 δυνάμει

65 1094 101 1116 καὶ
118 1091 241 1128 βασιλείᾳ,
256 1091 285 1118 ἐν
308 1090 451 1127 δεσποτεία
469 1095 514 1118 καὶ
531 1094 644 1126 θεὸτητι,
661 1094 693 1123 ὡς
707 1096 752 1120 καὶ
768 1091 782 1123 ἦ
804 1099 849 1120 τοῦ

66 1138 178 1172 σωτηρίου
207 1136 397 1172 βαπτίσματος
416 1135 568 1172 παράδοσις
595 1141 732 1174 μαρτυρεῖ.
759 1140 791 1164 Οἱ
821 1138 850 1165 δὲ

63 1181 147 1215 κτίσμα
176 1179 292 1216 λέγοντες
322 1180 399 1210 ἦτόν
417 1181 477 1206 Υὶόν
497 1181 511 1210 ἡ
542 1183 571 1206 τὸ
605 1185 719 1218 Πνεῦμα,
741 1183 756 1212 ἦ
786 1183 850 1215 ὅλως

64 1224 114 1250 non
129 1225 178 1259 ὶ51)
192 1225 226 1256 εἰς
240 1227 292 1254 τὴν
307 1224 487 1262 λειτουργικὴν
502 1228 547 1252 καὶ
560 1224 682 1255 δουλικὴν
694 1228 850 1263 κατάγοντες

63 1268 132 1301 τάξιν,
149 1270 246 1306 μακράν
270 1264 325 1295 εἱσι
341 1273 388 1300 τῆς
404 1268 536 1304 ἀληθείας,
551 1271 584 1295 ὧν
605 1272 706 1306 φεύγειν
721 1275 849 1308 προσήκει

65 1314 101 1343 τὰς
113 1317 239 1344 κοινωνίας
262 1316 312 1339 καὶ
338 1313 508 1350 ἐκτρέπεσθαι
523 1316 581 1344 τοὺς
600 1314 703 1350 λόγους,
721 1317 755 1346 ὡς
768 1315 850 1346 δηλη-

64 1359 129 1393 τήρια
150 1360 207 1384 ὄντα
226 1358 338 1394 ψυχῶν·
362 1358 421 1384 Ἐὰν
451 1356 481 1384 δέ
506 1368 568 1385 ποτε
593 1358 631 1395 δῷ
650 1361 713 1396 ἡμῖν
729 1361 741 1386 ὁ
759 1363 851 1398 Κύριος

64 1403 166 1436 γενέσθαι
180 1405 246 1429 κατά
260 1404 371 1436 ταυτὸν,
386 1402 543 1440 πλατύτερον
563 1404 623 1439 ὑμῖν
645 1406 702 1435 τοὺς
723 1408 783 1442 περὶ
802 1411 849 1437 τῆς

65 1449 156 1477 πίστεως
182 1447 352 1483 ἐκθησόμεθα
379 1446 490 1482 λόγους·
519 1450 586 1474 ὥστε
610 1448 665 1484 μετ’
693 1448 850 1481 ἀποδείξεων

64 1495 178 1526 γραφικῶν
190 1495 233 1518 καὶ
253 1493 287 1518 τὸ
302 1495 348 1521 τῆς
371 1491 494 1522 ἀληθείας
518 1492 630 1529 ἰσχυρὸν
651 1496 695 1520 καὶ
710 1496 739 1520 τὸ
753 1496 849 1532 σαθρὸν

64 1538 100 1565 τῆς
110 1536 224 1572 αἱρέσεως
238 1537 308 1573 ὑμᾶς
324 1535 474 1572 ἐπιγνῶναι.

903 250 938 271 ac
951 251 1005 279 pro
1016 244 1102 272 vobis
1119 245 1244 273 Domino
1260 245 1370 279 gratias
1392 252 1491 280 agere,
1518 246 1603 282 quod
1623 247 1733 275 radicis

902 287 991 316 bona:
1006 288 1088 317 bona
1099 290 1161 318 sitis
1175 290 1321 325 germina,
1332 289 1422 317 bonis
1436 290 1580 326 operibus
1593 291 1734 326 fecunda,

903 335 931 360 et
945 342 1014 362 vere
1028 336 1172 371 tanquam
1196 334 1258 362 lilia
1282 334 1312 362 in
1336 334 1437 362 medio
1452 334 1626 371 spinarum.
1648 335 1734 369 Quod

904 377 984 407 enim
1008 386 1078 406 cum
1102 381 1185 407 tanta
1209 379 1388 415 perversitas
1415 379 1574 407 hominum
1605 379 1735 408 veritatis

904 422 1072 451 doctrinam
1089 424 1177 459 200
1194 423 1451 459 corrumpentium
1476 431 1531 451 vos
1553 424 1733 458 circumstet,

904 468 1027 496 minimc
1043 470 1144 497 tamen
1159 468 1316 496 fraudibus
1330 468 1443 503 ceditis,
1458 477 1514 496 nec
1531 469 1570 497 ad
1586 469 1735 504 vigentem

904 520 986 541 nunc
1001 513 1165 540 novitatem
1180 512 1290 540 relictis
1306 512 1476 548 apostolicis
1491 513 1562 541 ﬁdei
1574 513 1736 542 documen-

905 558 941 586 tis
957 557 1190 591 transferimini;
1210 556 1365 593 quomodo
1387 565 1449 585 non
1471 557 1598 593 dignum
1616 558 1665 591 sit,
1681 566 1736 594 pro

906 611 967 639 quo
984 605 1081 638 grates
1105 610 1225 637 magnae
1252 603 1311 630 Deo
1326 602 1479 637 agantur?
1502 604 1657 639 quomodo
1674 611 1735 631 non

906 656 1035 683 magnas
1050 648 1156 676 laudes
1170 647 1257 675 vobis
1270 647 1376 675 merito
1392 647 1552 676 conciliet?
1574 650 1605 676 ln
1621 650 1737 677 Patrem

908 695 936 720 et
952 693 1056 720 Filium
1071 694 1100 721 et
1116 692 1257 729 Spiritum
1272 694 1408 719 sanctum
1423 692 1542 720 creditis
1559 702 1566 721 :
1583 695 1684 721 cavete
1700 701 1737 721 ne

908 738 965 766 hoc
988 737 1122 773 prodatis
1146 737 1328 773 depositum.
1354 737 1470 764 Patrem
1485 744 1585 765 rerum
1600 738 1735 766 omnium

909 781 1111 818 principium;
1134 781 1238 809 Filium
1256 781 1456 816 unigenitum,
1473 789 1509 809 ex
1532 789 1567 809 eo
1592 782 1737 817 genitum,

910 835 1014 854 verum
1040 828 1143 859 Deum,
1165 826 1329 862 perfectum
1348 833 1384 853 ex
1410 826 1552 862 perfecto,
1573 826 1738 861 imaginem

911 871 1020 905 vivam,
1038 873 1152 899 Patrem
1168 873 1263 898 totum
1288 870 1318 898 in
1335 870 1494 906 semetipso
1508 871 1715 899 ostendentem
1731 880 1736 898 :

912 915 1051 952 Spiritum
1069 917 1218 949 sanctum,
1234 915 1436 943 exsistentiam
1453 923 1470 943 a
1486 917 1545 943 Deo
1564 915 1738 950 habentem,

912 960 1076 988 sanctitatis
1097 960 1222 993 fontem,
1247 960 1306 987 vim
1330 960 1396 987 vitae
1416 959 1658 994 conciliatricem,
1673 967 1739 994 gra-

912 1005 983 1032 tiam
1009 1004 1156 1040 perfectos
1182 1004 1362 1032 efﬁcientem
1378 1013 1384 1031 :
1399 1011 1453 1040 per
1479 1011 1569 1039 quem
1594 1004 1687 1032 homo
1708 1004 1738 1032 in

911 1049 1005 1077 ﬁlium
1017 1049 1185 1085 adoptatur,
1202 1051 1230 1076 et
1242 1049 1269 1076 id
1291 1048 1373 1085 quod
1399 1048 1524 1076 mortale
1551 1051 1604 1079 est,
1617 1048 1738 1076 immor-

911 1094 1021 1122 talitate
1037 1094 1183 1121 donatur:
1201 1093 1396 1128 conjunctum
1413 1092 1489 1120 Patri
1505 1095 1532 1120 et
1544 1092 1614 1120 Filio
1627 1092 1657 1120 in
1673 1100 1738 1120 om-

911 1139 1010 1172 nibus,
1023 1137 1053 1165 in
1065 1138 1160 1172 gloria
1170 1140 1198 1165 et
1211 1137 1423 1171 aeternitateﬁn
1437 1138 1582 1173 potestate
1594 1139 1622 1164 et
1634 1145 1738 1172 regno,

911 1183 942 1211 in
961 1183 1096 1211 dominio
1123 1185 1151 1210 et
1165 1183 1332 1217 divinitate,
1352 1181 1615 1218 quemadmodum
1631 1184 1658 1210 et
1672 1182 1740 1218 ipsa

910 1227 1102 1263 baptismatis
1118 1227 1261 1255 salutiferi
1273 1226 1394 1255 traditio
1408 1228 1539 1253 testatur.
1557 1228 1592 1254 At
1604 1234 1673 1254 vero
1688 1226 1740 1262 qui

911 1274 963 1300 aut
978 1272 1082 1300 Filium
1105 1273 1156 1299 aut
1183 1271 1324 1307 Spiritum
1347 1270 1451 1298 dicunt
1474 1278 1541 1298 esse
1560 1273 1739 1304 creaturam,

912 1320 962 1345 aut
977 1318 1101 1345 omnino
1114 1316 1257 1353 Spiritum
1271 1317 1300 1343 in
1316 1316 1523 1344 ministrorum
1539 1324 1573 1343 ae
1585 1323 1741 1344 servorum

911 1361 1050 1397 redigunt
1074 1361 1223 1394 ordinem,
1240 1360 1328 1395 longe
1347 1360 1459 1388 absunt
1473 1368 1491 1388 a
1510 1361 1651 1394 veritate;
1667 1368 1742 1396 quo-

911 1415 979 1435 rum
1008 1405 1152 1440 fugienda
1183 1405 1359 1433 communio
1385 1413 1419 1432 ac
1445 1412 1600 1433 sermones
1613 1404 1740 1439 vitandi,

911 1451 991 1479 velut
1004 1450 1176 1478 animarum
1197 1449 1353 1486 pernicies.
1369 1449 1454 1481 Quod
1477 1449 1501 1476 si
1526 1456 1665 1484 unquam
1682 1449 1740 1476 Do—

911 1496 995 1524 mino
1010 1495 1152 1530 largiente
1177 1495 1207 1522 in
1234 1502 1330 1522 unum
1350 1493 1520 1527 veniamus,
1543 1493 1642 1521 fusius
1656 1493 1742 1521 vobis

871 1541 890 1568 C
912 1549 981 1568 cum
1009 1540 1046 1568 de
1075 1539 1136 1566 ﬁde
1160 1539 1249 1566 disse]
1259 1546 1325 1572 am;
1357 1538 1433 1566 adeo
1457 1539 1490 1565 ut
1507 1546 1544 1566 ex
1566 1537 1703 1566 deductis
1725 1545 1742 1566 e

65 1579 196 1616 Scriptura
220 1580 538 1609 demonstratiombus
568 1583 630 1610 tum
656 1583 787 1612 veritatis
817 1585 879 1614 vim
895 1587 957 1614 tum
974 1583 1095 1613 haeresis
1107 1583 1291 1611 debilitatem
1303 1582 1499 1619 perspiciatis.

338 1646 507 1670 ΕΠΙΣΤΟᾹΗ
527 1643 581 1676 Ρξ.

1194 1646 1313 1673 EPISTO
1320 1646 1362 1673 LA
1383 1646 1460 1673 CVl‘.

68 1702 177 1733 Militem
194 1706 339 1734 maximis
358 1706 520 1734 virtutibus
537 1707 700 1741 prwditum
716 1709 853 1737 Basilius
868 1710 899 1737 in
914 1716 969 1737 sua
983 1709 1228 1743 peregrinatione
1241 1710 1436 1742 cognoverat.
1455 1708 1544 1736 Nunc
1560 1709 1691 1742 acceptae
1704 1706 1742 1734 ab

461 1749 493 1770 eo
508 1743 641 1777 epistola:
655 1744 815 1778 respondet
831 1748 858 1773 et
873 1745 913 1773 ad
925 1745 1181 1779 perseverantiam
1196 1743 1350 1772 hortatur.

367 1807 516 1840 Στρατιωτη
523 1825 529 1831 .

93 1864 158 1903 ’Υπὲρ
173 1865 270 1892 πολλῶν
290 1867 395 1902 ἔχοντες
410 1866 579 1903 εὐχαριστεῖν
594 1871 628 1903 τῷ
651 1870 750 1905 Κυρίῳ,
764 1869 797 1894 ὧν
811 1870 855 1895 καὶ

67 1908 195 1946 ἠξιώθημεν
203 1911 269 1947 παρ’
279 1910 362 1936 αὐτοῦ
374 1909 416 1936 ἐπὶ
428 1915 472 1941 τῆς
483 1909 625 1947 ἐπιδημίας
637 1913 719 1948 ἡμῶν,
731 1915 855 1949 μέγιστον

68 1951 150 1988 ἀγαθόν
164 1955 302 1992 ἐκρίναμεν
327 1956 372 1984 τὴν
387 1958 484 1990 γνῶσιν
503 1959 550 1986 τῆς
571 1960 620 1986 σῆς
632 1958 794 1992 τιμιότητος,
809 1960 856 1987 τὴν

66 1999 125 2034 παρὰ
153 2003 197 2025 τοῦ
230 1999 335 2035 ἀγαθοῦ
368 2001 500 2025 Δεσπότου
529 2002 748 2038 παρασχεθεῖσαν
782 2003 855 2038 ἡμῖν,

66 2040 180 2079 Ἐγνωμει
194 2045 243 2081 γὰρ
270 2042 360 2080 ἄνδρα
385 2041 532 2078 δεικνύντα,
553 2045 593 2070 ὅτι
617 2048 662 2071 καὶ
685 2045 709 2071 ἐν
724 2050 758 2081 τῷ
776 2056 856 2083 στρα-

67 2092 163 2123 τιωτικῷ
179 2088 228 2125 βίῳ
246 2087 361 2115 δυνατὸν
377 2093 422 2119 τῆς
443 2091 506 2126 πρὸς
520 2090 584 2115 Θεὸν
601 2089 705 2125 ἀγάπης
720 2092 749 2116 τὸ
765 2091 857 2118 τέλειον

70 2128 203 2158 διασῶσαι·
228 2137 273 2159 καὶ
297 2134 338 2160 ὅτι
357 2133 404 2159 ούκ
422 2133 446 2159 ἐν
472 2137 503 2169 τῇ
527 2133 649 2170 περιϐολῇ
679 2135 855 2172 τῆςέσθῆτος,

69 2173 113 2200 ἀλλ’
128 2176 149 2202 ἐν
163 2182 192 2213 τῇ
221 2177 342 2205 διαθέσει
366 2182 414 2209 τῆς
437 2178 528 2214 ψυχῆς
552 2179 565 2204 ὁ
586 2182 742 2216 Χριστιανὸς
765 2180 858 2217 ὀφείλει

69 2223 314 2260 χαρακτηρίζεσθαι,
334 2225 383 2249 Καὶ
395 2224 452 2249 τότε
475 2223 519 2248 οὖν
532 2225 598 2259 μετά
613 2225 700 2255 πάσης
719 2224 858 2262 ἐπιθυμίας

71 2268 233 2303 συνετύχομέν
259 2277 319 2294 σοι·
349 2270 394 2293 καὶ
420 2271 474 2301 νῦν,
506 2268 600 2299 ὁσάκις
626 2267 656 2293 ἀν
689 2269 725 2300 εὶς
755 2273 859 2306 μνήμην

71 2307 179 2345 ᾗθωμεν,
204 2315 334 2348 μεγίστης
357 2311 518 2347 ἀπολαύομεν
534 2312 705 2349 εὐφροσύνης.
721 2312 859 2351 Ἀνὸρίζου

71 2355 154 2388 τοίνυν,
170 2358 212 2381 καὶ
231 2358 324 2392 ἴσχυε,
350 2358 395 2382 καὶ
410 2358 457 2385 τὴν
481 2358 544 2392 πρὸς
569 2359 633 2383 Θεὸν
647 2356 750 2392 ἀγάπην
763 2361 860 2395 τρέφειν

71 2398 108 2422 καὶ
128 2398 348 2431 πολύπλασιάζειν
364 2399 403 2426 ἀεὶ
428 2399 574 2434 σπούδαζε,
593 2401 634 2427 ἵνα
658 2411 700 2427 σοι
722 2403 795 2431 καὶὴ
811 2408 861 2429 τῶν

72 2439 162 2475 ἀγαθῶν
177 2446 237 2483 παρ’
251 2445 332 2471 αὐτοῦ
344 2447 464 2482 χορηγία
483 2445 526 2471 ἐπὶ
540 2445 629 2481 μεῖζον
648 2448 738 2483 προΐῃ.
753 2446 814 2473 ’Ότι
833 2446 862 2474 δὲ

71 2488 108 2511 καὶ
120 2487 187 2523 ἡμῶν
202 2491 346 2525 μέμνησαι,
358 2488 486 2526 οὐδεμιᾶς
507 2490 596 2527 ἐτέρας
612 2489 766 2522 ἀποδείξεως
781 2493 862 2529 προσ-

73 2527 182 2567 deiurant,
193 2535 240 2562 τὴν
254 2533 282 2560 ἐκ
297 2538 346 2559 τῶν
359 2535 520 2572 πραγμάτων
536 2536 641 2570 ἔχοντες
652 2538 806 2573 μαρτυρίαν.

104 2628 155 2669 μβ)
177 2632 364 2669 Μετατεθῆναι.
390 2632 481 2669 Hanc;
497 2640 614 2662 vocem.
641 2640 710 2669 quae
733 2631 817 2660 deest
831 2633 862 2661 in

74 2663 161 2704 editis,
185 2667 247 2704 erui
273 2674 310 2694 ex
338 2675 409 2695 mss.
431 2667 576 2704 quinque.
594 2663 721 2700 Quidam
742 2668 862 2696 codices

74 2697 176 2737 habent
189 2702 302 2729 ibidem
317 2697 479 2737 κῖιοφωνίᾶν,
497 2697 578 2732 vana
591 2697 767 2732 c‘ommenta.

105 2736 155 2775 Q9)
167 2736 292 2775 ίΥπαρξιν
303 2736 517 2773 ἔχονζουὶᾱαω
528 2739 646 2767 codices
659 2740 792 2775 ὕπαρχον,

106 2770 416 2806 (50)Ἀποιθαναὲἶζεται.
450 2775 497 2803 Sic
522 2783 594 2803 mss.
624 2770 755 2803 codices.
789 2775 864 2804 Editi

1277 1805 1378 1833 Militi.

946 1870 1020 1897 Cum
1035 1877 1090 1905 pro
1106 1868 1206 1896 multis
1222 1867 1350 1896 debeam
1365 1869 1464 1902 grates
1480 1867 1609 1895 Domino
1625 1866 1742 1902 persol-

911 1921 990 1946 vere,
1015 1921 1082 1949 quse
1105 1913 1144 1940 ab
1169 1920 1204 1940 eo
1229 1912 1260 1940 in
1287 1919 1355 1939 mea
1375 1910 1613 1947 peregrinatione
1627 1910 1741 1946 accepi,

911 1958 1027 1986 bonum
1051 1957 1220 1985 maximum
1248 1956 1392 1992 judicavi,
1420 1955 1504 1992 quod
1525 1955 1599 1983 boni
1623 1954 1744 1983 Domini

912 2002 993 2030 dono
1008 2001 1214 2038 praestantiam
1232 2003 1315 2028 tuam
1329 2000 1536 2035 cognoverim.
1547 2000 1649 2027 Virum
1661 1999 1742 2027 enim

913 2046 1052 2081 cognovi,
1069 2046 1121 2081 qui
1136 2046 1166 2073 in
1180 2045 1299 2073 militari
1313 2045 1403 2073 etiam
1422 2045 1483 2072 vita
1508 2044 1676 2081 perfectum
1693 2043 1745 2071 Dei

913 2099 1049 2119 amorem
1065 2092 1093 2118 et
1110 2089 1286 2117 cliaritatem
1313 2089 1424 2117 servari
1440 2097 1540 2125 posse,
1558 2091 1586 2117 et
1602 2088 1744 2117 Christia-

914 2143 987 2163 num
1016 2142 1077 2162 non
1107 2142 1142 2161 ex
1168 2133 1337 2166 vestimenti
1369 2133 1476 2168 forma,
1507 2133 1560 2160 sed
1585 2141 1622 2160 ex
1650 2132 1744 2160 animi

914 2179 1020 2207 habitu
1035 2178 1172 2215 dignosci
1184 2178 1292 2206 debere
1308 2178 1506 2205 demonstrat.
1523 2178 1556 2205 Et
1567 2179 1637 2205 tunc
1654 2177 1745 2212 igitur

914 2224 1113 2253 libentissime
1139 2231 1202 2250 sum
1230 2224 1329 2250 tecum
1355 2229 1536 2257 congressus
1563 2230 1569 2249 :
1597 2223 1625 2248 et
1653 2228 1745 2255 nunc,

916 2268 1032 2305 quoties
1045 2268 1198 2301 recordor,
1209 2267 1345 2295 maxima
1359 2267 1442 2294 fruor
1462 2265 1625 2302 voluptate.
1643 2267 1746 2301 Itaque

917 2316 1036 2342 strenue
1059 2320 1125 2347 age,
1142 2315 1170 2340 et
1193 2311 1400 2345 corroborare,
1414 2313 1442 2339 et
1466 2310 1516 2338 Dei
1541 2318 1677 2338 amorem
1693 2317 1747 2338 nu-

917 2359 984 2386 trire
1001 2366 1035 2385 ac
1051 2365 1160 2392 augere
1176 2364 1295 2392 semper
1309 2356 1406 2391 stude,
1422 2358 1454 2383 ut
1479 2357 1507 2383 et
1526 2355 1579 2383 tibi
1594 2354 1746 2383 bonorum

917 2402 956 2431 ab
973 2410 1007 2430 eo
1020 2402 1106 2438 copia
1121 2403 1283 2430 accrescat.
1299 2400 1385 2428 Nullo
1400 2402 1501 2428 autem
1516 2399 1637 2434 indigeo
1660 2407 1748 2434 argu-

918 2449 1030 2480 mento,
1045 2455 1106 2483 quo
1128 2448 1155 2474 te
1177 2446 1236 2474 mei
1251 2453 1418 2473 memorem
1442 2452 1508 2472 esse
1524 2444 1662 2478 edocear,
1676 2452 1746 2472 cum

917 2500 965 2520 res
980 2491 1052 2527 ipsae
1070 2490 1247 2527 perhibeant
1262 2489 1477 2518 testimonium.

919 2633 1147 2662 ἐπαθανατίζεται.

955 2671 1012 2699 (ﬁt)
1034 2669 1109 2695 Αὐτὸ.
1128 2667 1174 2696 Sic
1198 2667 1369 2695 invenimus
1385 2667 1415 2694 in
1431 2666 1525 2694 tribus
1541 2665 1748 2693 vetustissimis

921 2705 1076 2746 codicibus
1087 2706 1116 2731 ct
1128 2703 1194 2730 aliis
1209 2702 1374 2730 nonnullis.
1391 2702 1465 2730 Editi
1477 2702 1580 2737 αὐτούς,
1595 2702 1707 2730 Filium
1720 2705 1748 2730 et

920 2742 1079 2775 Spiritum.

959 2778 967 2787 '
983 2775 1062 2803 Alias
1078 2775 1181 2810 CDVH,
1199 2773 1310 2810 scripta
1323 2780 1403 2802 anno
1418 2774 1483 2800 372.
