1998 3145
262 130 313 158 523

946 124 977 153 S.
995 122 1124 152 BASILII
1142 123 1254 153 MAGNI

1889 132 1935 162 ιιι

299 193 326 219 2.
347 191 382 218 At
396 189 480 218 vides
493 187 648 225 quomodo
658 187 831 216 circuitione
841 187 917 222 utar,
927 185 1002 214 dum
1017 193 1083 222 ape-

1181 188 1207 215 2.
1229 186 1297 214 Ἀλλ’
1323 188 1386 225 ὁρᾷς
1425 189 1494 220 ὅπως
1527 189 1614 225 κύκλῳ
1652 192 1767 228 περίειμι
1795 190 1874 218 ὀκνῶν
1899 194 1938 220 καὶ

263 236 322 264 rire
336 242 439 263 vereor
459 242 494 261 ac
513 233 637 267 refugio,
662 240 725 268 qua
752 232 790 260 de
819 239 913 260 causa
925 231 1091 259 orationem

264 280 431 309 instituam.
459 278 645 306 Domitianus
660 277 708 305 ille
733 276 921 305 necessarius
936 277 1034 304 noster
1049 276 1094 303 est

266 325 306 353 ab
316 324 440 360 antiquo
455 331 492 351 ex
501 322 688 359 parentibus,
705 322 747 350 sic
769 323 802 349 ut
813 320 888 349 nihil
903 320 1027 348 omnino
1039 319 1092 347 diti

265 368 477 398 feratafratre.
495 367 699 400 Quamobrem
723 366 803 394 enim
818 365 901 402 quod
922 373 1026 393 verum
1049 366 1095 393 est

265 422 326 443 non
342 413 462 441 dicam?
474 412 586 440 Deinde
596 420 722 440 causam
733 410 915 443 edoctus,ob
927 418 1021 446 quam
1029 409 1095 438 haec

265 458 528 496 pertulit,dignum
541 465 605 485 esse
618 457 680 485 dixi
694 456 747 493 qui
759 456 803 484 sic
817 457 977 492 pateretur.
994 457 1095 491 Neque

266 504 346 532 enim
365 503 528 540 quisquam
544 502 590 535 sit,
617 501 670 537 qui
681 501 705 529 si
729 509 837 537 parum
850 502 902 528 aut
920 500 1049 528 multum
1064 500 1096 528 in

266 551 349 577 tuam
376 547 515 575 virtutem
539 545 718 583 peccaverit,
746 553 869 582 poenam
883 544 1016 579 effugiat.
1038 545 1097 573 Sed

266 592 412 630 quoniam
427 591 565 619 videmus
581 591 661 618 hunc
674 590 705 618 in
720 592 802 618 metu
821 592 849 618 et
865 589 1033 624 ignominia
1047 589 1097 618 de-

267 639 397 673 gentem,
414 635 602 671 salutemque
616 635 710 671 ipsius
724 634 755 662 in
768 637 820 662 tua.
835 634 982 662 sententia
996 633 1095 667 sitam,

268 682 341 710 satis
353 681 437 709 illum
456 688 555 717 poenae
582 679 923 714 dedissejudicavimus,
936 681 974 714 et,
987 681 1021 707 ut
1031 687 1094 708 ma-

267 726 447 761 gnanimum
458 725 606 761 quiddam
616 724 705 752 simul
720 726 748 752 et
763 724 933 752 humanum
943 723 980 751 de
998 731 1034 752 eo
1048 731 1096 752 co-

267 772 352 806 gites,
368 771 575 799 obsecramus.
605 771 680 798 Nam
700 769 826 797 rebelles
842 769 899 797 sub
915 770 1095 805 potestatem

265 816 412 850 redigere,
441 817 469 843 et
480 814 563 842 fortis
579 816 622 842 est
637 814 703 849 viri,
720 816 748 842 et
767 822 835 842 vere
850 814 1026 850 imperantis
1043 823 1049 841 :
1065 815 1096 842 at

265 861 432 895 benignum
454 867 518 887 esse
546 867 581 887 ac
600 861 794 887 mansuetum
809 859 840 886 in
852 861 1028 895 prostratos,
1042 859 1096 886 ho-
1109 865 1129 892 Β

265 905 355 934 minis
376 906 420 933 est
438 904 688 939 magnanimitate
708 906 736 932 et
751 903 908 932 clementia
923 911 1029 931 omnes
1049 912 1096 931 su-

264 949 407 987 perantis.
426 951 528 985 Itaque
540 948 604 983 tibi,
634 949 659 976 si
673 948 764 984 voles,
780 948 812 976 in
824 956 886 976 uno
899 950 927 976 et
939 948 1046 976 eodem
1060 948 1095 976 li-

264 994 342 1022 cebit
359 995 443 1022 tuam
458 995 487 1021 et
503 993 534 1020 in
546 992 719 1020 ulciscendo
735 993 763 1020 et
786 993 817 1020 in
833 992 982 1020 servando
996 992 1036 1020 ad
1050 1000 1096 1020 ar-

263 1038 385 1067 bitrium
409 1037 691 1072 magnanimitatem
720 1037 886 1065 ostendere.
915 1037 965 1065 Hic
984 1037 1094 1065 modus

263 1083 403 1120 supplicii
425 1083 496 1111 satis
521 1082 557 1110 sit
587 1082 770 1116 Domitiano,
791 1084 890 1110 metus
905 1089 1011 1110 eorum
1024 1089 1093 1119 qum

262 1129 428 1164 exspectat,
454 1128 562 1162 etquae
593 1134 624 1154 se
639 1126 703 1162 pati
718 1126 845 1161 dignum
863 1134 927 1154 esse
937 1126 1032 1155 novit.
1045 1126 1093 1154 His

261 1173 325 1200 nihi
339 1172 381 1200 illi
400 1171 440 1200 ad
465 1179 589 1208 pinnam
619 1171 746 1207 adjicias
779 1171 1000 1207 supplicamus.
1018 1171 1093 1199 Illud

261 1217 343 1245 enim
354 1216 514 1244 considera
533 1215 675 1244 dominos
693 1223 797 1244 eorum
809 1215 861 1252 qui
870 1215 1010 1244 laeserant
1028 1224 1093 1244 exs-

261 1261 355 1289 titisse
370 1260 481 1289 multos
495 1269 531 1289 ex
541 1260 578 1288 iis
588 1261 640 1297 qui
653 1262 721 1288 ante
736 1268 793 1288 nos
806 1260 918 1293 vixere,
929 1260 967 1288 de
980 1261 1093 1297 quibus

260 1306 363 1334 nullus
391 1305 431 1334 ad
451 1308 590 1342 posteros
616 1305 814 1334 transmissus
829 1306 916 1342 205
933 1313 1091 1341 sermone;

260 1353 292 1379 at
302 1359 374 1380 vero
402 1351 479 1379 iram
509 1350 673 1385 remisisse,
698 1350 751 1386 qui
777 1349 969 1386 philosophia
983 1350 1092 1385 vulgus

259 1395 507 1428 antecelluerunt,
532 1402 663 1431 quorum
687 1394 869 1422 immortalis
891 1394 1040 1422 memoria
1061 1394 1092 1422 in

259 1440 342 1468 omni
357 1448 423 1468 aevo
438 1439 627 1476 perhibetur.
656 1439 792 1467 Addatur
804 1439 896 1474 igitur
906 1441 934 1466 et
945 1439 1004 1467 hoc
1018 1447 1093 1475 prae-

258 1486 352 1514 coniis
367 1485 438 1514 tuis.
460 1484 580 1519 Largire
595 1484 695 1519 nobis,
711 1484 763 1520 qui
775 1485 827 1511 tua
841 1483 994 1512 celebrare
1009 1483 1093 1520 cupi-

1147 230 1320 269 ὰναδυόμενος
1347 235 1394 263 τὴν
1419 234 1505 260 αἰτίαν
1531 233 1658 270 ἐκφαίνειν
1684 236 1746 273 ὑπὲρ
1772 236 1806 262 ὧν
1821 242 1937 274 ποιοῦμαι

1146 278 1208 308 τοὺς
1235 277 1336 313 λόγους.
1365 280 1518 315 Δομιτιοωὸς
1545 279 1620 310 οὗτος
1635 279 1784 312 ἐπιτήδειος
1798 282 1860 317 ἡμῖν
1875 281 1938 309 ἐστιν

1148 321 1174 348 ἐκ
1199 322 1248 348 τῶν
1276 325 1368 359 γονέων
1398 324 1514 351 ἄνωθεν·
1541 325 1607 351 ὥστε
1632 323 1738 361 ἐδελφοῡ
1767 325 1833 362 μηδ’
1861 328 1938 354 ὁτιοῦν

1149 364 1292 404 διαφέρειν
1316 369 1348 394 Τί
1379 369 1428 405 γὰρ
1457 368 1488 394 ἄν
1512 378 1552 400 τις
1575 371 1611 404 μὴ
1640 369 1740 400 τάληθῆ
1771 370 1856 407 λέγοις
1883 371 1939 399 Εἶτα

1147 413 1194 440 τήν
1223 411 1309 438 αἰτίαν
1335 413 1458 449 μαθόντες
1483 412 1527 449 ἀφ’
1555 413 1587 445 ἧς
1615 417 1698 441 ταῦτα
1723 416 1856 449 πέπονθιν,
1874 417 1938 448 ἄξιον

1149 454 1267 483 εἷναιτοῦ
1294 458 1385 484 παθεῖν
1414 457 1496 489 οὕτως
1523 457 1627 494 ἐφαμιν.
1651 457 1728 488 Μηδὶ
1753 461 1804 498 γὰρ
1818 462 1884 488 ἴστω
1895 472 1937 498 μη-

1150 499 1215 534 δεὶς,
1245 501 1281 534 ὃς,
1307 503 1400 540 μικρὸν
1428 502 1443 532 ἡ
1473 503 1562 539 μεῖξον
1582 503 1618 534 ιὶς
1641 505 1688 533 τὴν
1710 506 1759 534 σὴν
1783 504 1876 542 ἀρετὴν
1887 506 1939 543 ἆμι.

1148 545 1232 578 λὴσας
1259 546 1324 582 (74),
1353 549 1400 577 τὴν
1436 550 1562 584 τιμωρίαν
1590 547 1708 584 ἐκφύγοι·
1740 549 1809 577 Ἀλλ’
1841 552 1939 588 ὁρῶντες

1149 594 1241 616 τοῦτου
1270 589 1395 628 περιδεῶς
1424 594 1468 618 καὶ
1498 591 1600 624 ἀδόξως
1621 594 1714 627 ζῶντα,
1741 596 1784 621 καὶ
1810 594 1852 622 ἐπὶ
1864 601 1893 633 τῇ
1910 602 1936 633 σῇ

1148 635 1228 672 ψήφῳ
1249 638 1366 673 κειμένην
1389 637 1469 663 αὐτοῦ
1487 639 1534 668 τὴν
1560 641 1701 674 σωτηρίαν,
1718 640 1850 676 ἀρκοῦσαν
1870 641 1938 668 αὐτὸν

1149 681 1220 717 ἔχειν
1250 683 1297 710 τὴν
1327 679 1405 711 δίκην
1433 682 1589 719 ἐκρίναμεν
1615 683 1802 720 μεγαλόψυχον
1829 695 1857 712 τε
1883 687 1939 723 ὁμοῦ

1150 727 1195 751 καὶ
1211 726 1390 763 φιλάνθρωπον
1416 725 1589 757 διανοηθῆναι
1609 737 1638 754 σι
1663 731 1723 766 περὶ
1739 729 1819 756 αὐτοῦ
1836 731 1940 757 ἱκετεύο-

1150 779 1204 806 μιν.
1234 771 1283 796 Τὸ-
1296 771 1341 806 μὶν
1363 771 1414 808 γὰρ
1442 773 1504 802 τοὺς
1526 771 1712 804 ἀντιτείνοντας
1726 774 1776 800 ὑπὸ
1791 778 1871 812 χεῖρα
1884 775 1940 812 λαμ-

1150 813 1234 841 ϐάνειν
1261 813 1381 853 ἀνδρείου
1408 825 1435 842 τε
1463 818 1508 842 καὶ
1535 817 1663 854 ἄρχοντος
1682 818 1717 849 ὡς
1741 817 1858 850 ἀληθῶς·
1874 822 1901 846 τὸ
1916 819 1941 847 δ⁸ι

1149 862 1204 890 τοῖς
1231 860 1434 887 ὑποπιπτωκόσι
1457 863 1577 898 χρηστὸν
1603 859 1668 888 εἶναι
1696 865 1740 889 καὶ
1761 867 1854 901 πρᾶον,
1870 875 1940 901 μιγα-

1148 904 1292 941 λοφροσύνῃ
1321 905 1422 931 πάντων
1446 907 1491 932 καὶ
1515 906 1658 943 ἠμιρότητι
1673 905 1849 944 διαφέροντος.
1867 909 1940 936 Ὠστι

1148 948 1258 985 ὑπάρξει
1288 958 1332 975 σοι
1361 948 1515 985 βουληθέντι
1541 949 1565 976 ἄν
1591 954 1628 986 τῷ
1653 951 1721 977 αὐτῶ
1743 954 1790 982 τὴν
1801 963 1828 980 τι
1842 955 1904 991 πρὸς
1915 956 1940 980 τό

1149 992 1298 1029 ἀμύνασθαι
1319 996 1365 1020 καὶ
1377 996 1424 1023 τὴν
1438 994 1474 1025 si;
1493 995 1522 1021 τὸ
1550 995 1652 1029 σώζειν,
1669 997 1703 1026 ὡς
1717 996 1747 1022 ἂν
1771 996 1866 1030 ἆθιλοις
1879 999 1939 1034 (75),

1148 1035 1330 1069 ἂπιδιίξασθαι
1358 1038 1570 1075 μεγαλοψυχίαν.
1603 1043 1685 1067 Τοῦτο
1727 1043 1820 1080 μέτρον
1853 1042 1940 1080 ἀρκοῦν

1147 1085 1293 1118 Δομετιανῷ
1325 1087 1371 1113 τῆς
1401 1083 1543 1118 κολάσεως,
1584 1089 1634 1111 τῶν
1671 1085 1896 1124 προσδοκωμένων
1929 1089 1940 1114 ὁ

1147 1126 1235 1163 φόϐος,
1261 1129 1307 1154 καὶ
1333 1127 1367 1153 ὧν
1391 1127 1463 1160 ἄξιον
1489 1127 1558 1155 οἶδεν
1587 1129 1678 1156 ἑαυτὸν
1692 1131 1783 1157 παθεῖν
1793 1133 1865 1161 ὅντα.
1879 1134 1940 1159 Τού-

1145 1180 1198 1202 τοις
1222 1169 1306 1207 μηδὲν
1331 1171 1365 1202 εἰς
1382 1174 1509 1209 τιμωρίαν
1543 1175 1696 1210 προσθεῖναι
1737 1175 1808 1211 αὐτῷ
1838 1178 1940 1204 ικιτεύο-

1145 1225 1200 1252 μεν.
1229 1217 1280 1242 Καὶ
1306 1217 1357 1254 γὰρ
1385 1216 1464 1243 ἄκιῖνο
1503 1219 1605 1252 σκόπει,
1637 1219 1677 1245 ὅτι
1705 1221 1793 1256 κύριοι
1826 1223 1872 1258 μὶν
1896 1226 1939 1248 τῶν

1146 1259 1312 1290 ἠδικηκότων
1338 1260 1428 1287 πολλοὶ
1451 1265 1500 1288 τῶν
1520 1264 1643 1300 πρότερον
1669 1262 1723 1293 ἤδη
1749 1267 1938 1301 γογόνασιν,ὦν

1146 1303 1234 1336 οὐδεὶς
1248 1307 1313 1342 πρὸς
1336 1307 1397 1337 τοὺς
1422 1306 1529 1344 ὕστερον
1555 1305 1699 1344 διιπέμφθη
1724 1309 1818 1345 λόγος’
1846 1310 1939 1347 ἁφῆυτι

1146 1347 1177 1376 δι
1200 1352 1246 1380 τήν
1274 1350 1354 1388 ὀργὴν
1373 1351 1398 1376 οἱ
1425 1351 1564 1389 φιλοσοφίᾳ
1589 1354 1650 1384 τοὺς
1676 1353 1783 1385 πολλοὺς
1804 1355 1939 1394 ὑπιράραν-

1144 1404 1195 1428 τις,
1225 1395 1259 1421 ὧν
1290 1394 1418 1427 ἀθάνατος
1445 1397 1460 1425 ἠ
1491 1398 1581 1433 μνήμη
1609 1396 1645 1433 τῷ
1672 1400 1761 1435 χρόνῳ
1783 1400 1840 1435 (76)
1869 1403 1938 1427 παντὶ

1145 1438 1336 1477 παραδέδοται.
1370 1442 1543 1478 Προσκιίσθω
1567 1440 1598 1469 δι
1625 1444 1670 1469 καὶ
1702 1447 1779 1470 τοῦτο
1809 1449 1865 1477 τοῖς
1886 1448 1937 1482 περὶ

1147 1488 1194 1511 σοῦ
1218 1483 1378 1521 διηγήμασι.
1392 1487 1438 1516 Δός
1453 1487 1525 1522 ἡμῖν,
1541 1490 1595 1517 τοῖς
1623 1488 1709 1523 ὑμνεῖν
1733 1492 1938 1527 προαιρουμένοις

257 1539 337 1566 mus,
361 1532 394 1558 ut
421 1529 618 1557 humanitatis
640 1528 780 1564 exempla
793 1527 1002 1564 superioribus
1019 1530 1083 1556 teme

1147 1530 1180 1556 τὰ
1199 1530 1243 1562 σὰ,
1272 1530 1320 1560 τὰς
1339 1529 1363 1556 ἐν
1386 1533 1439 1560 τοῖς
1460 1531 1513 1556 ἄνω
1538 1533 1647 1569 χρόνοις
1658 1531 1786 1569 ᾀδομένοις
1801 1534 1938 1572 φιλανθρω-

256 1575 382 1612 poribus
392 1574 554 1602 decantata
563 1573 718 1601 laudando
725 1580 915 1609 superemus.
924 1573 969 1601 Sic
977 1575 1004 1601 et
1015 1573 1093 1601 Croe-

257 1628 309 1648 sus
322 1619 375 1647 ﬁlii
387 1618 564 1646 interfectori
576 1617 650 1645 iram
663 1617 816 1645 remisisse
830 1617 946 1648 dicitur,
960 1617 1093 1653 seipsum

259 1664 301 1691 ad
327 1662 509 1698 supplicium
535 1661 692 1690 offerenti:
709 1663 738 1690 et
769 1669 900 1696 magnus
928 1661 976 1690 ille
999 1662 1092 1697 Cyrus

258 1707 330 1736 huic
345 1706 402 1743 ipsi
413 1707 515 1734 Crasso
526 1707 643 1734 amicus
657 1708 728 1742 post
738 1706 894 1734 victoriam
908 1705 1010 1733 fuisse.
1031 1707 1090 1733 Hos

257 1753 335 1780 inter
349 1753 376 1779 te
391 1751 632 1785 numerabimus,
652 1752 681 1778 et
703 1758 758 1786 pro
780 1750 857 1778 virili
869 1750 934 1778 haec
947 1749 1091 1786 praedica-

257 1796 368 1829 bimus,
388 1795 448 1824 nisi
467 1795 559 1823 exiles
572 1794 697 1831 quidam
718 1802 782 1822 esse
806 1794 930 1822 omnino
945 1794 1019 1822 tanti
1033 1794 1089 1822 viri

257 1848 412 1878 praecones
428 1840 646 1868 existimemur.

292 1888 320 1915 3.
340 1886 486 1914 Caeterum
515 1883 590 1912 illud
613 1883 728 1912 caeteris
753 1891 875 1911 necesse
894 1885 938 1911 est
964 1883 1086 1919 addere,

257 1938 308 1959 eos
328 1930 380 1967 qui
399 1929 519 1966 quidvis
538 1928 730 1965 deliquerint,
756 1936 819 1956 non
834 1928 874 1956 ob
889 1936 925 1956 ea
941 1936 1009 1964 quae
1022 1928 1087 1964 jam

257 1975 393 2004 admissa
417 1976 487 2002 sunt
510 1973 609 2009 puniri
634 1974 708 2009 (qua
733 1973 813 2001 enim
837 1975 900 2001 arte
917 1981 985 2009 quae
1007 1973 1087 2002 facta

257 2021 337 2054 sunt,
352 2018 463 2047 infecta
481 2017 698 2051 reddantur?);
730 2017 782 2045 sed
801 2019 834 2045 ut
859 2019 910 2046 aut
935 2018 993 2054 ipsi
1004 2017 1086 2046 dein-

257 2072 327 2100 ceps
334 2063 468 2091 meliores
475 2062 616 2096 ﬁant,aut
622 2061 687 2090 aliis
695 2062 829 2098 sapieudi
836 2062 894 2090 sint
900 2063 1083 2099 exemplum.

256 2110 370 2137 Horum
381 2110 481 2136 autem
488 2109 626 2135 neutrum
638 2115 719 2136 nunc
726 2107 998 2144 deessequisquam
1004 2108 1085 2137 dixe-

255 2154 293 2182 rit
309 2163 315 2181 :
331 2153 395 2190 ipse
406 2160 539 2188 namque
556 2152 667 2180 horum
693 2151 902 2180 recordabitur
910 2153 998 2180 etiam
1016 2156 1085 2190 post

1147 1576 1209 1605 πίας
1237 1573 1437 1611 ὑπερϐαλέσθαι.
1468 1575 1544 1602 Οὕτω
1575 1578 1618 1603 καὶ
1645 1581 1757 1614 Κροῖσος
1781 1583 1819 1614 τῷ
1851 1578 1938 1606 παιδο-

1149 1620 1215 1655 φὸνῳ
1245 1621 1292 1648 τὴν
1315 1618 1395 1656 ὀργὴν
1416 1619 1516 1656 ἀφεῖναι
1543 1620 1655 1657 λέγεται,
1682 1621 1771 1649 ἑαυτὸν
1800 1623 1940 1661 παραδόντι

1148 1664 1183 1694 εἰς
1209 1665 1350 1700 τιμωρίανο
1375 1666 1421 1690 καὶ
1449 1667 1532 1701 Κῦρος
1556 1666 1569 1691 ὁ
1596 1668 1678 1702 μέγας
1705 1667 1775 1703 αὐτῷ
1803 1670 1884 1705 τούτῳ
1904 1673 1939 1704 τῷ

1148 1711 1250 1746 Κροίσῳ
1280 1709 1349 1746 φίλος
1371 1711 1492 1745 γενέσθαι
1511 1711 1576 1746 μιτὰ
1603 1713 1650 1741 τὴν
1671 1713 1755 1742 νίκην,
1783 1715 1887 1744 Τούτοις
1911 1724 1940 1741 σε

1147 1755 1396 1791 συναριθμήσομιν·
1425 1757 1479 1788 καὶ,
1505 1755 1555 1784 ὅση
1586 1753 1696 1793 δύναμις
1723 1758 1846 1795 ἡμετέρα,
1861 1762 1941 1785 ταῦτα

1144 1797 1361 1836 ἁναγορεύσομιν,
1378 1801 1447 1836 εἴπερ
1460 1802 1495 1836 μὴ
1513 1802 1604 1838 μικροί
1618 1811 1683 1832 τινες
1698 1800 1761 1828 εἶναι
1776 1805 1940 1831 παντάπασιν

1144 1841 1239 1880 ἀνδρὸς
1258 1846 1383 1870 τοσούτου
1399 1847 1508 1880 κήρυκες
1518 1846 1712 1882 νομισθείὸμιν.

1179 1889 1204 1917 3.
1227 1888 1322 1915 Ἐκεῖνο
1349 1886 1378 1916 δὲ
1406 1888 1448 1916 ἐπὶ
1471 1892 1553 1916 πᾶσιν
1570 1890 1648 1917 εἰπεῖν
1664 1890 1815 1928 ἀναγκαῖον,
1832 1893 1870 1920 ὃτι
1882 1895 1939 1925 τοὺς

1142 1933 1227 1960 ὁτιοῦν
1254 1931 1409 1964 ἀδικοῦντας
1441 1934 1494 1970 οὐχ
1515 1935 1578 1972 ὑπερ
1605 1939 1655 1961 τῶν
1684 1934 1738 1966 ἤδη
1767 1940 1938 1974 γεγενημένων

1140 1977 1304 2014 κολάξομεν”
1330 1978 1382 2013 (τίς
1412 1980 1463 2015 ’γὰρ
1483 1979 1514 2005 ἄν
1541 1981 1642 2014 γένοιτο
1668 1983 1779 2017 μηχανὴ
1804 1984 1841 2018 μὴ
1870 1992 1938 2019 7:7:-

1140 2023 1236 2051 νῆσοαι
1260 2023 1293 2048 τὰ
1311 2025 1482 2060 πεπραγμένα
1496 2023 1520 2060 ;)
1543 2023 1596 2050 ἆ)λ’
1618 2025 1687 2056 ὅπως
1702 2025 1732 2051 ἄν
1747 2026 1762 2055 ἦ
1780 2026 1856 2053 αὖτοὶ
1877 2029 1939 2065 πρὸς

1139 2067 1168 2093 τὸ
1180 2066 1269 2094 λοιπὸν
1294 2065 1414 2104 ἀμείνους
1434 2069 1557 2104 γένοιντο,
1584 2069 1598 2098 ἦ
1628 2069 1721 2107 ἑτέροις
1741 2071 1881 2108 ὑπάρξειαν
1896 2075 1937 2098 τοῦ

1141 2115 1278 2148 σωφρονεῖν
1305 2110 1476 2148 παραδειγμα
1503 2113 1571 2148 (77).
1601 2115 1704 2141 Τούτων
1727 2117 1812 2142 τοίνυν
1838 2117 1937 2143 οὐθίτι-

1138 2165 1182 2193 ρον
1207 2154 1287 2182 ἔνδιῖν
1313 2157 1344 2182 ἄν
1367 2166 1406 2188 τις
1429 2156 1453 2183 ἔν
1480 2161 1516 2193 τῷ
1535 2160 1645 2195 παρόντι
1669 2161 1782 2195 φήσειεν,
1812 2160 1889 2191 αὐτὸς
1913 2170 1937 2187 τι

255 2200 401 2232 mortem;
421 2197 553 2235 reliquos
579 2205 662 2231 vero,
686 2197 760 2225 dum
783 2197 814 2225 in
825 2197 906 2225 hunc
919 2197 1082 2234 intuentur,

1145 2201 1188 2238 γὰρ
1207 2203 1252 2227 καὶ
1268 2202 1333 2237 μετὰ
1347 2202 1391 2227 τὸν
1408 2202 1516 2228 θάνατον
1548 2204 1646 2229 τούτων
1672 2206 1834 2240 μεμνήσεται
1847 2215 1855 2222 ·
1882 2207 1936 2235 τούς

255 2247 337 2274 metu
350 2246 484 2273 mortuos
499 2251 565 2271 esse
576 2245 657 2279 puto.
668 2243 765 2276 Quare
773 2243 923 2280 quidquid
935 2243 1083 2280 supplicio

255 2289 467 2325 adjecerimus,
482 2290 619 2316 nostram
634 2288 770 2323 ipsorum
781 2288 857 2316 iram
869 2288 987 2324 explere
1000 2289 1082 2318 vide-

254 2335 356 2363 bimur
368 2342 374 2361 :
390 2332 474 2370 quod
485 2332 615 2360 multum
635 2332 751 2365 abesse,
779 2335 812 2360 ut
824 2333 862 2361 de
876 2335 904 2361 te
917 2341 1021 2362 verum
1034 2334 1081 2369 sit,

255 2386 311 2413 ego
321 2385 394 2405 sane
406 2376 542 2411 dixerim,
550 2384 647 2412 neque
657 2377 767 2405 adduci
775 2377 953 2413 potuissem,
962 2379 1082 2414 utejus-

254 2423 337 2451 modi
348 2421 475 2450 verbum
498 2421 592 2449 ullum
605 2422 780 2460 proferrem,
798 2421 855 2449 nisi
869 2422 978 2458 majori
992 2422 1082 2451 bene-

252 2468 322 2496 ﬁcio
335 2466 413 2495 aﬁici
427 2465 551 2494 dantem
565 2474 659 2502 quam
675 2466 855 2502 accipientes
868 2466 1078 2502 perspicerem.

253 2514 354 2549 Neque
365 2511 445 2540 enim
456 2510 561 2547 paucis
575 2511 737 2547 perspicua
765 2510 819 2538 erit
841 2510 898 2538 ista
909 2510 1001 2539 animi
1017 2519 1080 2541 ma-

253 2556 388 2593 gnitudo.
399 2557 474 2584 Nam
486 2555 680 2592 Cappadoces
695 2562 802 2584 omnes
813 2555 887 2592 quid
895 2555 1030 2585 futurum
1043 2557 1080 2586 sit

287 2662 344 2698 (74)
361 2660 515 2698 Ἀμιλῄσας.
541 2660 589 2698 Ita
605 2658 857 2698 C9is_l.___uterque,
880 2659 967 2694 Med.,
997 2660 1073 2698 Yat.,

251 2694 321 2733 Reg.
336 2694 490 2725 secundus
518 2697 547 2723 et
565 2695 644 2723 Harl.
662 2694 737 2722 Editi
752 2694 917 2732 ἁμαρτήσας,
931 2695 1016 2732 quod
1027 2703 1074 2724 eo.

251 2733 483 2830 ῗθῗὸἷὲἓθὲλοις.
499 2767 545 2796 Sic
564 2768 622 2796 tres
645 2765 838 2796 vetustissimi
851 2766 982 2797 codices.
997 2767 1075 2797 Editi

252 2813 263 2830 Ι
308 2814 349 2830 ης.

252 2813 323 2841 ιοιιη
328 2814 349 2835 ς.

1137 2255 1164 2272 τε
1176 2245 1282 2277 λοιποὺς
1310 2247 1427 2273 τεθνάναι
1455 2251 1492 2282 τῷ
1521 2245 1574 2274 δέει
1592 2249 1658 2286 πρὸς
1679 2252 1770 2275 τοῦτνν
1789 2249 1935 2288 ἀφορῶντας

1137 2291 1239 2326 οἴομαι.
1265 2290 1342 2317 ”Ωσθ’
1371 2291 1432 2327 ὅπερ
1456 2291 1486 2317 ἄν
1513 2293 1668 2329 προσθῶμεν
1686 2297 1717 2329 τῇ
1743 2296 1868 2332 τιμωρίᾳ,
1892 2296 1934 2324 τὴν

1136 2334 1216 2371 ὀργὴν
1239 2336 1311 2372 ἡμῶν
1341 2335 1425 2361 αὐτῶν
1455 2335 1654 2373 ἀποπιμπλάναι
1674 2335 1799 2375 δόξομεν
1816 2340 1829 2365 ὃ
1845 2339 1933 2366 πολλοῦ

1136 2377 1190 2406 δεῖν
1219 2379 1261 2406 ἐπὶ
1277 2383 1324 2406 σοῦ
1349 2380 1442 2411 αληθὲς
1466 2379 1530 2407 εἶναι
1546 2383 1624 2418 φαίην
1643 2382 1674 2408 ἄν
1694 2383 1786 2419 ἔγωγε,
1803 2386 1848 2410 καὶ
1863 2382 1933 2410 οὐδὲν

1134 2424 1165 2450 ἄν
1180 2425 1276 2451 τούτων
1302 2428 1350 2450 τῶν
1376 2424 1457 2461 λόγων
1483 2427 1625 2462 προήχθην
1639 2426 1729 2460 εἰπεῖν,
1741 2427 1763 2454 εἰ
1775 2430 1812 2464 μὴ
1831 2429 1933 2464 μείζονα

1133 2473 1170 2504 τῷ
1185 2467 1289 2496 διδόντι
1315 2472 1362 2499 τὴν
1386 2471 1467 2506 χάριν
1489 2469 1599 2508 ἐνεώρων
1629 2471 1644 2501 ἡ
1672 2475 1724 2502 τοῖς
1745 2471 1930 2508 λαμϐάνουσιν.

1134 2511 1204 2540 Οὐδὲ
1229 2515 1280 2550 γὰρ
1301 2513 1397 2550 ὀλίγοις
1420 2515 1494 2540 ἔσται
1523 2518 1673 2552 καταφανὴς
1704 2517 1719 2546 ἡ
1747 2517 1932 2554 μεγαλοψυχία

1132 2562 1178 2585 τοῦ
1194 2560 1305 2596 τρόπον.
1329 2557 1505 2586 Καππαδόκαι
1531 2561 1582 2598 γὰρ
1609 2559 1721 2593 ἅπαντες
1749 2560 1930 2589 ἆποσκοποῡσι

1165 2661 1221 2697 (76)
1238 2665 1281 2699 Τῷ
1292 2664 1390 2699 χρόνῳ.
1422 2663 1580 2692 Vaticanus
1607 2663 1713 2698 codex,
1735 2664 1807 2699 Reg.
1823 2670 1928 2692 secun-

1129 2696 1186 2736 dus
1196 2696 1224 2725 et
1235 2696 1482 2736 COisl;_secundus
1495 2703 1530 2735 τῷ
1544 2699 1603 2736 βίῳ.

1165 2734 1219 2768 (77)
1241 2733 1424 2772 Ποφάὸειγμα.
1442 2733 1648 2772 Βεεζιιὶοιᾳιιο
1665 2737 1693 2765 et
1717 2735 1807 2764 Coisl.
1822 2741 1925 2764 secun-

1129 2761 1186 2797 dus
1196 2761 1410 2808 παραδείγματα.
