1998 3145
46 146 92 173 545
524 143 765 173 EPISTOLARUM
785 142 926 172 CLASSIS
951 143 984 171 ll.
1006 142 1117 173 EPIST.
1144 143 1242 173 CXXV.
1673 149 1724 176 5L6

46 212 73 243 τῇ
89 211 122 243 σῇ
139 216 171 243 με
185 209 338 244 περιτυχεῖν
357 208 522 242 γνησίοιττι,
536 207 695 243 ἐλογισάμην
710 205 740 232 ἂν
753 205 778 232 ἄν
801 207 844 233 σοὶ

919 206 1053 241 ongredi,
1073 207 1154 235 visus
1177 214 1274 235 essem
1293 206 1368 234 mihi
1386 208 1415 234 et
1432 206 1498 235 illos
1513 207 1543 237 in
1559 210 1586 237 te
1608 209 1725 246 conspi-

45 251 175 281 κάκείνους
194 251 344 289 ἑωρακέναι*
358 249 428 278 διότι
443 256 489 282 τῆς
503 251 593 288 ἀγάπη
599 261 619 287 ς,
631 251 708 287 λέγω,
719 254 844 277 τοσοῦτον

919 258 986 279 ere:
1014 250 1258 288 proptereaquod
1277 250 1443 279 dilectionis
1467 253 1578 281 modus
1597 254 1629 282 in
1653 262 1727 282 uno-

47 297 68 324 ᾗ
91 297 193 332 ἑκάστῳ
206 297 278 333 ὑμῶν
299 298 328 323 τὸ
351 299 444 334 μέτρον
466 296 545 331 ἐστὶν,
562 298 594 327 ὡς
609 295 703 327 ίπίσης
717 298 762 325 τήν
785 297 845 334 περὶ

921 303 1021 332 uoque
1036 298 1170 324 vestrum
1186 298 1286 324 tantus
1301 297 1356 328 est,
1373 297 1406 324 ut
1420 303 1505 333 aeque
1528 298 1658 335 quisque
1678 307 1726 327 su-

900 341 1027 377 perandi
1041 341 1174 369 studium
1189 349 1247 377 pra:
1267 349 1299 369 se
1313 341 1396 370 ferat.
1422 342 1537 370 Gratias
1556 343 1594 371 de
1614 344 1650 372 iis
1666 345 1727 373 Deo

899 388 1003 414 sancto
1018 386 1085 422 egi:
1108 394 1273 423 precorque
1286 388 1329 421 ut,
1350 387 1374 414 si
1395 387 1479 423 quod
1494 388 1594 417 adhuc
1607 390 1726 426 tempus

899 430 938 459 ad
950 430 1111 458 vivendum
1123 431 1262 467 supersit,
1278 430 1330 459 ﬁat
1343 431 1416 459 mihi
1434 439 1488 467 per
1502 433 1530 460 te
1547 433 1606 461 vita
1619 433 1726 469 jucun-

899 475 959 503 da:
984 475 1245 511 quemadmodum
1264 483 1346 504 nunc
1360 476 1483 512 quidem
1503 477 1646 506 miseram
1661 486 1727 507 rem

900 527 964 548 esse
983 519 1077 548 vitam
1093 528 1128 548 ac
1142 520 1320 555 fugiendam
1334 520 1481 556 existimo,
1498 529 1516 549 a
1537 522 1728 551 charissimo-

899 572 968 592 rum
983 564 1201 593 consuetudine
1223 567 1405 601 separatam.
1421 567 1485 594 Non
1498 568 1543 595 est
1553 568 1645 602 enim,
1658 576 1728 597 mea

900 609 1058 645 sententia,
1074 609 1105 637 in
1118 617 1179 645 quo
1197 609 1265 646 quis
1279 609 1361 638 bono
1385 609 1488 638 animo
1505 619 1572 640 esse
1584 612 1687 648 possit,
1703 612 1728 640 si

46 346 88 369 τοῦ
101 341 214 372 πλείονος
230 340 329 378 ἑκάστῳ
346 341 500 378 φιλονεικίαν
515 341 693 378 ἐμφαίνεσθαι.
712 340 770 368 Ἐπὶ
784 342 844 368 1'06-

47 397 99 418 τοις
117 386 312 422 ηὗχαρίστησα
331 390 368 422 τῷ
390 385 456 422 ἁγίῳ
478 390 546 423 Θεῷ,
565 388 611 413 καὶ
631 387 756 422 εὔχομαι,
775 387 844 422 εἰπερ

48 434 81 459 ἔτι
94 431 261 457 ὑπολείπεταί
275 440 314 461 τις
328 432 424 467 χρόνος
441 431 518 465 ζωῆς,
538 431 659 467 γενέσθαι
676 440 721 467 μοι
737 428 782 456 διὰ
798 433 845 456 σοῦ

47 479 90 506 την
103 476 173 506 ζωὴν
193 473 298 510 ἡδεῖαν,
313 476 348 506 ὡς
367 478 396 502 τό
410 485 438 511 γε
457 479 501 501 νῦν
520 475 608 502 ἄθλιον
630 477 739 511 πρᾶγμα
753 476 782 501 τὸ
797 474 845 511 ζῇν

47 523 88 547 καὶ
102 521 211 556 φευκτόν
226 520 283 556 (46)
299 518 365 546 εἶναι
386 521 513 557 ἡγοῦμαι,
528 524 576 551 τῆς
587 524 636 546 τῶν
652 519 779 556 φιλτάτων
795 529 845 545 συ-

46 567 148 594 νονσίας
169 566 366 601 κεχωρισμένον
386 566 453 600 (47).
482 564 520 590 Οὐ
543 566 592 601 γάρ
619 564 686 598 ἐστι,
708 564 777 590 κατὰ
798 565 846 592 τὴν

46 609 106 646 ἐμὴν
116 611 217 646 κρίσιν,
231 608 270 645 ἐφ’
319 618 357 639 τις
372 608 401 634 ὂν
418 609 582 646 εὐθυμήσειε,
598 613 649 636 τῶν
666 608 766 639 ἀληθῶς
782 607 846 644 ἀγα-

45 656 147 680 πώντων
162 652 356 690 διεζευγμένας.

919 653 942 682 b
956 653 1002 688 iis,
1015 653 1069 690 qui
1081 662 1150 682 vere
1162 654 1301 690 diligunt,
1312 654 1514 691 disjungatur.

312 710 480 734 ΕΠΙΣΤΟΛΗ
500 707 578 736 ΡΚΕΥ.

1165 708 1334 737 EPISTOLA
1355 709 1463 737 CXXV'.

47 760 247 798 Redeuntiaus
262 761 304 798 ad
318 761 472 798 veritatem
485 765 538 789 aut
552 761 695 798 suspectis
710 760 1152 798 Nicwnaﬁdespreseribenda,
1164 762 1325 798 secundum
1336 769 1441 790 sanam
1453 763 1729 798 interpretationem

78 797 336 834 Naquarcetlus
349 796 609 834 consubstantiali,
625 796 790 834 atqui/1am
801 803 819 824 a
834 795 967 834 Sabellio
982 797 1043 825 orti
1057 797 1101 824 his
1118 795 1234 834 vocibus
1247 805 1281 825 ex
1298 797 1356 825 alia
1370 798 1500 834 essentia
1513 795 1558 826 vel
1573 799 1730 834 hypostasi

80 833 167 862 abusi
177 835 258 865 sunt,
276 833 411 868 quamvis
428 832 560 867 synodus
578 840 640 860 non
654 831 732 860 idem
747 839 809 860 esse
821 831 926 868 doceat
941 833 1096 860 essentiam
1114 836 1142 861 et
1155 833 1350 868 hypostasim.
1366 833 1454 862 Fides
1469 831 1730 863 Niczna't'otidem

80 868 178 909 verbis
189 867 341 903 refertur;
356 868 408 896 sed
417 869 489 931 quia
504 868 540 909 de
554 868 672 903 Spiritu
687 867 909 910 sanctaobiter,
922 870 1040 896 tantum
1054 868 1099 910 ibi
1108 871 1209 909 actum
1220 871 1272 903 est,
1289 869 1369 910 illud
1380 877 1462 897 nunc
1475 871 1642 898 necessario
1654 878 1731 905 prav-

80 903 282 931 scrxbendum.
297 906 330 931 ut
342 907 416 931 anat
440 906 706 931 ematizenturmu:
716 904 863 931 Samium
879 906 1053 931 creaturam
1066 904 1171 931 dicunt
1182 907 1234 931 aut
1247 907 1389 931 sentiunt.
1403 908 1456 931 aut
1467 907 1579 931 natura
1592 909 1729 931 sanctum

78 903 282 936 scribendum,
294 906 330 940 ut
342 903 708 939 anathemati:entur,qui
716 903 863 940 Spiritum
879 906 1053 940 creaturam
1066 904 1171 932 dicunt
1182 903 1234 932 ᾰιιι
1247 905 1389 939 sentiunt,
1403 908 1456 933 aut
1467 907 1579 933 natura
1592 903 1729 935 sanetum

81 946 142 977 esse
157 947 216 977 non
226 939 417 973 conﬁtentur.
429 939 653 977 Gloriﬁeandus
664 942 706 977 est
720 947 786 968 cum
799 939 887 977 Patre
897 940 924 966 et
934 939 1014 977 Filio
1024 947 1034 967 .'
1047 939 1120 967 etab
1131 947 1231 977 eorum
1245 940 1449 977 communione
1459 941 1667 974 recedendum,
1680 942 1733 977 qui

82 975 286 1011 illumrdicunt
308 977 490 1004 creaturam.
506 975 642 1003 Additur
664 975 808 1003 adversus
829 974 1061 1011 catumniantes,
1082 983 1135 1003 nec
1153 976 1286 1010 geni/um
1300 976 1397 1006 illum,
1416 983 1468 1004 nec
1477 977 1643 1011 ingenitum
1659 974 1729 1006 dici.

79 1010 390 1039 Anathematizantur
404 1011 458 1046 qui
468 1018 534 1039 eum
550 1011 846 1040 administratorium
859 1009 964 1038 dicunt
980 1013 1034 1038 aut
1045 1011 1126 1040 Filio
1139 1009 1332 1046 praeponam,
1349 1013 1375 1039 et
1388 1011 1501 1039 Filium
1513 1009 1613 1040 Patri.

47 1054 215 1102 ’Λντίγραφον
231 1066 345 1095 Πίστεως
357 1065 581 1102 ὑπαγοριυθείσης
596 1065 667 1101 παρὰ
682 1068 727 1091 τοῦ
739 1064 852 1100 ἁγιωτά-

919 1064 1072 1099 Exemplar
1082 1064 1154 1099 ﬁdei
1167 1071 1186 1092 a
1201 1064 1386 1092 sanctissimo
1400 1065 1515 1093 Basilio
1530 1065 1661 1102 dictata,
1684 1067 1734 1095 cui

79 1118 126 1135 τον
142 1109 202 1144 (48)
222 1107 370 1144 Βασιλείαν,
419 1108 567 1145 ὑπέγραψεν
588 1108 733 1140 Εὖστάθιος
748 1109 761 1134 ό
777 1107 853 1135 Σεϐα-

965 1108 1141 1144 subseripsit
1156 1109 1335 1137 Eustathius
1349 1109 1491 1138 Sebastiz
1505 1111 1669 1145 episcopus.

81 1155 169 1183 στείας
184 1155 335 1183 ἐπίσκοπος.

83 1200 107 1226 Ι.
123 1199 190 1228 Τοὺς
205 1199 220 1227 ἦ
237 1197 432 1235 προληφθέντας
448 1197 522 1234 ἑτέρᾳ
535 1199 648 1229 πίστεως
662 1198 788 1234 ὁμολογίᾳ
807 1199 852 1224 καὶ

47 1243 237 1279 μετατίθεσθαι
250 1244 316 1279 πρὸς
333 1244 381 1272 τὴν
396 1246 446 1269 τῶν
465 1242 548 1280 ὀρθῶν
564 1243 702 1279 συνάφειαν
723 1242 852 1279 βουλομέ-

47 1297 113 1320 νους,
130 1289 146 1316 ἦ
162 1289 210 1313 καὶ
224 1290 268 1313 νῦν
284 1290 386 1324 πρῶτον
401 1286 426 1313 ἐν
440 1291 472 1324 τῇ
494 1289 645 1323 κατηχήσει
659 1290 704 1313 τοῦ
716 1287 793 1323 λόγου
807 1291 853 1317 τῆς

47 1331 169 1362 ἀληθείας
184 1330 376 1368 ὶπιθυμοῦντας
389 1332 521 1368 μενέσθαι,
536 1329 715 1358 διδάσκεσθαι
729 1334 785 1369 χρή
806 1333 853 1361 τὴν

47 1378 96 1404 ὑπὸ
115 1380 168 1402 τῶν
182 1378 319 1414 μακαρίων
334 1378 455 1413 Πατέρων
480 1375 504 1402 ἐν
519 1380 551 1413 τῇ
575 1377 642 1403 κατὰ
666 1377 778 1403 Νίκαιάν
792 1385 854 1403 ποτε

47 1421 262 1457 σνγκροτηθείσῃ
287 1419 391 1456 συνόδῳ
409 1424 554 1458 γραφεῖσαν
570 1423 674 1448 Πίστιν.
690 1422 726 1447 Τὸ
746 1419 776 1447 δὶ
790 1420 854 1447 αὐτὸ

45 1469 124 1492 τοῦτο
138 1467 278 1502 χρήσιμον
297 1464 328 1491 ἂν
348 1466 386 1494 εἴη
411 1467 457 1491 καὶ
478 1466 544 1501 πρός
567 1466 627 1496 τοὺς
654 1465 855 1502 ὑπὸνοουμένους

45 1510 169 1540 ἐναντίως
184 1510 256 1546 ἔχειν
268 1513 300 1546 τῇ
317 1509 472 1546 ὑγιαινούσῃ
490 1507 664 1545 διδασκαλίᾳ,
680 1511 725 1536 καὶ
740 1510 855 1536 συσκιά-

45 1556 143 1586 ζοντας
159 1554 257 1580 ἑαυτῶν
281 1553 428 1590 ἁποφυγαῖς
443 1554 622 1591 εὐπροσώποις
638 1555 667 1580 τό
682 1558 730 1586 τῆς
745 1552 856 1581 κακοδο-

45 1600 107 1632 ξίας
122 1601 253 1636 φρόνημα.
276 1601 327 1626 Καὶ
342 1601 393 1637 γὰρ
408 1601 454 1625 καὶ
476 1600 576 1630 τούτοις
590 1599 723 1637 αὐτάρκης
738 1599 753 1628 ἡ
772 1598 857 1635 ἐγκει-

944 1200 968 1226 t.
990 1198 1046 1231 Qui
1061 1199 1163 1226 autem
1177 1197 1236 1226 alia
1248 1197 1318 1226 ﬁdei
1334 1197 1521 1226 confessione
1532 1200 1737 1236 praeoccupati

907 1244 986 1277 sunt,
1007 1244 1036 1270 et
1057 1242 1097 1270 ad
1115 1242 1354 1271 orlhodoxorum
1373 1242 1518 1272 unitatem
1538 1244 1665 1272 transire
1686 1252 1737 1273 vo-

905 1286 981 1320 lunt,
1008 1289 1060 1315 aut
1080 1287 1170 1315 etiam
1188 1295 1270 1315 nunc
1293 1287 1426 1323 primum
1452 1287 1492 1316 ad
1517 1287 1737 1318 institutionem

907 1331 1048 1360 doctrinae
1072 1331 1205 1360 veritatis
1230 1331 1354 1368 cupiunt
1371 1332 1458 1368 215
1475 1332 1638 1367 ’accedere,
1651 1333 1671 1361 ii
1685 1333 1736 1362 do-

908 1375 993 1404 cendi
1003 1377 1074 1404 sunt
1084 1375 1226 1412 scriptam
1237 1384 1254 1403 a
1266 1376 1361 1404 beati
1374 1376 1510 1404 Patribus
1523 1376 1615 1405 ﬁdem
1626 1377 1656 1405 in
1667 1386 1738 1406 con-

908 1420 975 1449 cilio
990 1419 1063 1448 olim
1085 1420 1188 1448 Nicmaa
1208 1422 1322 1449 coacto.
1338 1421 1400 1449 Hoc
1416 1420 1518 1456 ipsum
1534 1424 1635 1449 autem
1650 1421 1739 1451 fuerit

908 1465 978 1495 utile
992 1465 1081 1494 etiam
1094 1465 1238 1494 adversus
1254 1473 1317 1500 eos,
1333 1473 1410 1502 quos
1426 1466 1558 1502 suspicio
1573 1468 1618 1495 est
1631 1466 1738 1495 doctri-

908 1518 954 1539 nas
971 1518 1051 1538 sanae
1068 1510 1233 1544 adversari,
1247 1511 1359 1547 quique
1379 1510 1525 1546 speciosis
1546 1511 1607 1539 suis
1622 1511 1739 1547 effugiis

910 1562 1034 1583 sensum
1050 1554 1200 1590 opinionis
1216 1562 1317 1590 prava:
1333 1556 1507 1590 contegunt.
1522 1556 1596 1583 Nam
1606 1555 1653 1583 his
1666 1563 1742 1592 quo-

910 1607 969 1636 que
985 1598 1094 1627 sufﬁcit
1107 1599 1172 1627 haec
1186 1599 1254 1635 ipsa
1268 1598 1354 1628 ﬁdes.
1371 1599 1421 1627 Vel
1436 1599 1516 1628 enim
1532 1600 1743 1629 emendabunt

45 1646 113 1681 μιῆιη
130 1646 234 1674 Πίστις.
252 1642 286 1670 Ἦ
304 1644 356 1681 γὰρ
383 1641 574 1681 διορθώσαιντο
594 1643 691 1670 ἑαυτῶν
713 1645 759 1673 τὴν
777 1643 801 1669 ἐν
821 1647 855 1679 τῷ

919 1651 1000 1672 suum
1012 1643 1148 1680 ipsorum
1161 1643 1312 1672 occultum
1323 1644 1480 1672 morbum:
1494 1647 1545 1673 aut
1560 1653 1629 1673 eum
1638 1646 1669 1673 in
1679 1645 1741 1674 imo

44 1692 159 1726 κρυπτῷ
181 1690 267 1714 νόσον·
294 1688 308 1718 ᾖ
327 1687 554 1724 συγκαλύπτοντες
569 1688 651 1718 αὐτὴν
671 1687 694 1714 ἄν
710 1692 746 1723 τῷ
769 1687 855 1724 βρίθει¹

919 1688 1106 1723 iccultantes,
1124 1688 1181 1724 ipsi
1197 1688 1321 1724 quidem
1337 1688 1453 1717 fraudis
1466 1689 1615 1725 judicium
1635 1690 1741 1725 ferent,

46 1734 126 1761 αὐτοὶ
139 1734 186 1770 μὶν
198 1735 228 1760 τὸ
242 1736 325 1770 κρῖμα
339 1737 385 1764 τῆς
401 1732 504 1764 ἀπάτης
517 1732 703 1770 βαστάσουσιν
716 1733 783 1768 (49),
795 1734 855 1769 ἡμῖν

919 1733 999 1762 nobis
1014 1741 1086 1761 vero
1102 1732 1221 1760 facilem
1236 1732 1267 1760 in
1283 1732 1331 1760 die
1344 1733 1450 1768 judicii
1465 1733 1671 1763 defensionem
1687 1742 1741 1771 pa-

46 1776 80 1805 δ¹ε
94 1780 142 1807 τὴν
155 1777 299 1814 ἀπολογίαν
313 1778 412 1814 κούφην
427 1779 452 1804 ἓν
465 1782 498 1814 τῇ
515 1779 599 1816 ἡμέρᾳ
621 1781 668 1808 τῆς
688 1779 799 1816 κρίσεως
811 1787 859 1804 πα-

46 1823 274 1860 ρασκευιιὶσουσιν⁷
292 1822 334 1849 ὅτε
357 1821 519 1858 ἀποκαλύψει
543 1823 556 1848 ὁ
576 1823 672 1861 Κύριος
696 1823 729 1849 τὰ
755 1823 859 1860 κρυπτὰ

46 1871 96 1894 τοῦ
114 1869 237 1901 σκότους,
256 1869 301 1893 καὶ
321 1870 463 1905 φανερώσει
482 1868 527 1898 τὰς
545 1866 643 1904 βουλὰς
658 1867 708 1893 τῶν
729 1866 858 1905 καρδιῶν.

48 1911 202 1949 Λαμϐοξνειν
222 1913 308 1938 τοίνυν
320 1911 426 1946 ,αὐτοὺς
451 1911 639 1948 ὁμολογοῦντας
660 1913 798 1948 προσήκει,
819 1912 859 1938 ὅτι

47 1958 210 1984 πιστεύουσι
223 1957 292 1983 κατὰ
303 1957 336 1983 τὰ
354 1957 459 1994 ῥήματα
473 1957 506 1983 τὰ
521 1957 570 1983 ὑπὸ
585 1960 636 1983 τῶν
651 1958 770 1994 Πατίρων
785 1957 859 1993 ἡμῶν

47 2002 185 2029 ἓκτεθίντα
200 2000 225 2027 ἐν
245 2005 276 2038 τῇ
298 2003 397 2037 Νικαίᾳ
418 2003 463 2027 καὶ
483 2002 551 2028 κατὰ
569 2003 617 2030 τὴν
633 2002 712 2037 ὗγιῶς
735 2002 785 2028 ὑπό
810 2005 860 2027 τῶν

45 2047 175 2084 ῥημάτων
190 2047 286 2073 τούτων
302 2045 490 2083 ἐμφαινομένην
512 2044 530 2073 δ
533 2047 641 2074 ιάνοιαν.
663 2046 722 2072 Εἰσὶ
733 2047 783 2084 γὰρ
796 2055 861 2076 τινες

47 2093 72 2118 οἱ
95 2092 143 2117 καὶ
167 2090 191 2116 ίν
215 2091 297 2127 ταύτῃ
323 2095 354 2127 τῇ
379 2093 471 2117 Πίστει
494 2089 631 2121 δολοῦντες
649 2092 692 2117 τὸν
719 2090 794 2127 λόγον
813 2094 861 2121 τῆς

49 2135 187 2167 ἀληθείας,
203 2137 249 2161 καὶ
263 2136 330 2173 πρὸς
342 2136 371 2162 τὸ
387 2135 484 2162 ἑαυτῶν
500 2134 624 2172 βούλημα
637 2136 680 2161 τόν
695 2139 753 2162 νοῦν
768 2139 819 2162 τῶν
835 2134 860 2161 ὶν

48 2181 119 2216 αὐτῇ
133 2180 258 2216 ῥημάτων
273 2179 397 2211 ἕλκοντες.
420 2179 505 2206 ’Ὅπου
521 2190 551 2216 γε
565 2182 610 2206 καὶ
624 2179 772 2217 Μάρκελλος
789 2179 862 2206 ἐτόλ-

48 2234 137 2262 μησεν
153 2223 253 2251 ἀσεϐῶν
267 2224 301 2255 εἰς
319 2226 367 2254 τὴν
386 2225 534 2251 ὑπόστασιν
547 2229 592 2251 τοῦ
607 2226 705 2263 Κυρίου
721 2225 794 2261 ἡμῶν
806 2225 861 2254 Ἰη-

51 2273 102 2297 σοῦ
120 2273 252 2306 Χριστοῦ,
267 2271 313 2295 καὶ
327 2269 403 2305 ψιλὸν
420 2269 498 2296 αὐτὸν
518 2269 687 2306 ἐξηγούμενος
701 2269 785 2305 λόγον,
799 2268 863 2296 ἐκεῖ·

50 2316 94 2341 θεν
123 2314 346 2350 προφασίσασθαι
369 2314 422 2350 (50)
450 2315 495 2345 τὰς
529 2313 614 2351 ἀρχὰς
645 2313 784 2350 εἰληφέναι,
816 2318 862 2340 τοῦ

911 1778 1034 1813 rabunt,
1054 1785 1123 1806 cum
1138 1777 1284 1805 revelabit
1299 1777 1446 1806 Dominus
1463 1778 1643 1807 abscondita
1658 1781 1741 1808 tene-

912 1822 1037 1851 brarum
1052 1824 1080 1850 et
1094 1821 1253 1859 patefaciet
1268 1822 1394 1850 consilia
1420 1823 1557 1851 cordium
1570 1824 1604 1851 ¹⁸.
1623 1823 1669 1851 Sic
1687 1823 1741 1852 ita-

912 1875 971 1904 que
988 1866 1173 1903 suscipiendi
1193 1869 1272 1902 sunt,
1294 1868 1327 1895 ut
1349 1867 1469 1895 credere
1493 1875 1525 1895 se
1544 1867 1743 1896 conﬁteantur

914 1911 1083 1940 secundum
1095 1911 1188 1939 verba
1203 1919 1221 1939 a
1233 1911 1368 1939 Patribus
1376 1911 1487 1940 nostris
1498 1911 1578 1940 edita
1589 1912 1705 1947 Nicaeae,
1716 1914 1744 1941 et

914 1956 1082 1985 secundum
1102 1964 1209 1985 sanam
1224 1956 1270 1984 his
1289 1957 1387 1985 verbis
1407 1957 1608 1992 signiﬁcatam
1627 1959 1744 1985 senten-

914 2001 997 2030 tiam.
1023 2002 1096 2029 Sunt
1121 2001 1201 2029 enim
1228 2001 1374 2036 nonnulli,
1391 2002 1444 2038 qui
1457 2001 1489 2029 in
1508 2001 1566 2030 hac
1581 2002 1672 2030 etiam
1685 2001 1744 2030 ﬁde

915 2046 1085 2074 doctrinam
1100 2045 1232 2073 veritatis
1248 2045 1424 2082 depravent,
1445 2048 1473 2074 et
1487 2046 1565 2074 illius
1580 2046 1743 2074 verborum

917 2098 1040 2119 sensum
1054 2089 1092 2117 ad
1105 2097 1194 2117 suum
1211 2089 1346 2125 ipsorum
1364 2090 1522 2118 arbitrium
1535 2090 1744 2127 dator-queant.

917 2134 1070 2171 Siquidem
1087 2142 1181 2162 ausu
1202 2135 1246 2162 est
1267 2136 1295 2162 et
1310 2134 1473 2168 Marcellus,
1498 2143 1568 2162 cum
1583 2135 1613 2162 in
1629 2134 1747 2163 Domini

915 2179 1011 2208 nostri
1038 2179 1109 2207 Jesu
1139 2178 1245 2206 Christi
1276 2178 1469 2214 hypostasim
1502 2181 1581 2206 esset
1613 2179 1745 2214 impius,

916 2224 1078 2261 ipsumque
1091 2223 1209 2251 nudum
1224 2222 1352 2251 verbum
1366 2231 1433 2251 esse
1446 2225 1597 2256 statueret,
1611 2223 1681 2251 inde
1697 2231 1748 2251 an~

918 2276 984 2296 sum
998 2268 1215 2305 principiorum
1232 2267 1374 2304 arripere,
1399 2268 1664 2296 consubstantialis
1690 2275 1748 2295 no-

919 2313 1030 2342 tionem
1046 2313 1126 2341 male
1140 2320 1309 2349 exponens.
1329 2313 1362 2340 Et
1379 2311 1517 2340 nonnulli
1531 2311 1570 2340 ab
1585 2311 1680 2348 impia
1693 2311 1748 2340 Sa-

49 2359 199 2396 ὁμοουσίου
215 2360 263 2388 τὴν
287 2356 406 2385 διάνοιαν
429 2363 515 2390 κακῶς
534 2358 713 2396 ἐξηγούμενος.
731 2360 781 2385 Καὶ
796 2368 855 2385 τινει

919 2358 997 2386 bellii
1015 2357 1170 2395 Libyensis
1184 2357 1317 2393 haeresis,
1332 2357 1519 2394 hypostasim
1542 2359 1571 2385 et
1590 2357 1750 2386 essentiam

89 2421 115 2440 ’³
136 2422 147 2448 I
168 2422 238 2449 Cor.
253 2428 294 2455 xv,
311 2423 337 2450 5.

88 2483 150 2519 (46)
170 2484 205 2520 Τὸ
220 2485 267 2520 ζῇν
282 2485 327 2510 καὶ
341 2485 458 2520 φευκτόν.
477 2483 554 2520 satis
569 2485 656 2520 acute
673 2482 703 2520 ill
719 2482 859 2520 eamdem

51 2518 242 2555 sententiam
253 2518 414 2554 Gregorius
424 2520 492 2547 Naz.
504 2519 535 2547 in
551 2519 637 2555 epist.
647 2521 681 2555 73
690 2518 723 2555 in
735 2519 862 2547 mandu-

52 2555 89 2582 tis
100 2554 156 2582 dat
166 2553 342 2591 Amazonio,
353 2556 386 2582 ut
398 2555 498 2591 siquis
511 2553 641 2591 quaérat,
647 2553 696 2582 ubi
707 2555 863 2591 nuneGre-

52 2590 172 2630 gorius,
183 2592 212 2618 et
221 2589 296 2630 quid
307 2597 408 2630 rerum
419 2589 500 2630 agat,
511 2589 694 2630 respondere
705 2597 767 2630 non
778 2589 864 2630 dubi:

53 2628 94 2654 tet
108 2633 183 2662 eum
192 2625 292 2662 quiete
303 2628 332 2653 et
342 2625 730 2662 tranquillephilosophari.
741 2625 826 2662 Quod
838 2625 864 2653 si

52 2669 161 2697 rursus
177 2660 259 2689 idem
273 2663 368 2697 roget,
380 2660 536 2697 quomodo
547 2660 780 2697 disjunctionem
790 2661 866 2697 ferat

53 2696 239 2733 amicorum,
247 2696 378 2733 nonjam
387 2696 513 2725 ﬁdenter
519 2696 702 2733 respondeat
712 2704 784 2733 eum
793 2696 865 2733 pbi-

54 2731 225 2768 losopbari,
241 2731 295 2760 sed
308 2732 410 2760 animo
423 2740 488 2760 esse
503 2731 672 2760 admodum
685 2731 809 2759 imbclli’.

72 2803 77 2808 _
90 2767 148 2803 (47)
170 2769 382 2808 Κιχωρισμίνον.
399 2769 442 2797 lla
456 2776 531 2797 mss.
548 2768 644 2796 Editio
659 2767 794 2796 secunda
809 2769 865 2796 Pa-

55 2804 107 2831 ris.
119 2804 331 2840 κεχωρισμένος.

952 2483 1008 2520 (48)
1026 2483 1197 2520 ξΑγιωτάτουῖ
1212 2484 1254 2510 Ita
1267 2482 1343 2520 ltied.
1366 2483 1398 2520 et
1413 2481 1503 2520 (loisl.
1529 2484 1666 2520 uterque,
1682 2482 1750 2520 Yat.

918 2521 946 2546 ct
957 2517 1070 2554 Regius
1085 2517 1248 2547 secundus.
1266 2519 1330 2546 Duo
1350 2517 1399 2545 alii
1421 2517 1518 2554 αγιουη
1534 2517 1614 2545 Εᾱὶιῑ
1626 2517 1750 2554 μεγάλου.

919 2553 1160 2585 Βεθεῐίπισκοπος
1176 2554 1206 2581 in
1221 2554 1300 2581 Harl.
1315 2555 1344 2581 et
1357 2553 1478 2582 duobus
1494 2553 1572 2582 aliis.

955 2591 1010 2624 (49)
1028 2591 1221 2616 Βαστάσουσιν.
1238 2591 1281 2617 Ita
1296 2597 1371 2617 mas.
1388 2592 1515 2625 septem,
1532 2597 1566 2625 ac
1577 2587 1669 2625 paulo
1683 2589 1753 2624 post

919 2625 1042 2654 totidem
1053 2626 1311 2661 παρασκευάσουσιν.
1327 2623 1456 2661 Utraque
1464 2632 1521 2652 vox
1532 2624 1562 2652 in
1577 2623 1664 2652 editis
1677 2625 1753 2650 tem-

920 2669 992 2698 pore
1007 2661 1145 2697 praesenti
1161 2668 1316 2698 expressa.

953 2694 1017 2733 (ΞΜ
1030 2694 1258 2733 Προφκσίσασθαι.
1278 2695 1366 2724 Coisl.
1394 2694 1546 2724 secundus
1568 2696 1596 2722 et
1618 2695 1691 2729 Reg.
1709 2702 1754 2722 se-

920 2732 1037 2769 cundus
1052 2732 1278 2769 προφασίζεσθαι.

955 2768 964 2778 ⁸
983 2767 1062 2796 Alias
1072 2767 1211 2796 LXXVIII.
1228 2767 1344 2805 Scripta
1358 2774 1439 2796 anno
1454 2767 1518 2794 3'73.
