1998 3145
48 133 95 162 διο
525 129 767 158 EPISTOLARUM
785 127 925 158 CLASSIS
944 130 979 160 ιι.
999 130 1106 160 EPIST.
1142 131 1240 161 cxxv.

79 197 108 224 3.
140 193 212 220 Ἐπεὶ
236 191 280 220 οὖν
307 192 418 220 ενταῦθα
445 193 479 218 τὰ
500 193 544 229 μὲν
559 192 625 219 ἄλλα
637 191 783 228 ἀρκούντως
797 192 842 218 καὶ
857 190 882 218 Α

49 239 158 278 ἀκριϐῶς
186 237 338 275 δίώρισται,
366 238 399 264 τὰ
430 238 475 274 μεν
491 237 532 264 ini
548 236 689 275 διορθώσει
710 241 759 264 τῶν
776 236 844 273 βλα-

50 285 148 317 ϐἐντων,
180 284 214 310 τὰ
242 281 272 309 δὲ
298 282 333 314 εἰς
365 282 533 320 προφυλακὴν
561 287 610 308 τῶν
623 280 845 319 προσδοκωμένων

50 328 239 365 ὑποφνήσεθαι·
265 327 277 354 ὁ
300 325 330 354 δὲ
352 329 412 363 περὶ
445 331 491 354 τοῦ
531 328 680 363 Πνεύματος
720 326 792 362 λόγος
822 325 846 352 ἐν

50 371 206 410 παραδρομῇ
248 375 340 398 κεῖται
389 370 514 408 οὐδεμιᾶς
547 371 698 409 ἐξεργασίας
729 371 848 403 ἀξιωθεὶς

52 418 95 446 διὰ
120 420 149 445 τὸ
176 415 288 452 μηδέπω
316 419 373 444 τότε
404 420 482 445 τοῦτο
508 417 662 447 κεκινῆσθαι
685 418 714 444 τὸ
730 418 845 453 ζήτημα,

52 464 101 491 ἀλλ’
125 461 338 490 ἀνεπιϐούλευτον
369 461 525 499 ἆνυπάρχειν
557 465 616 493 ταῖς
637 465 686 489 τῶν
714 464 849 488 πιστευόν-

51 514 96 536 τῶν
122 508 231 544 ψυχαῖς
257 510 305 538 τὴν
332 509 391 544 περὶ
417 507 497 534 αὑτοῦ
528 505 656 534 διάνοιαν·
673 508 741 534 κατὰ
754 508 848 543 μικρὸν

52 553 78 580 δὲ
108 556 236 590 προιόντα
263 553 296 579 τὰ
321 553 422 588 πονηρὰ
447 556 496 583 τῆς
520 551 641 584 ἀσεϐείας
667 554 813 589 σπέρματα,
831 551 849 578 ἀ

51 602 171 636 προτερον
209 599 254 634 μεν
281 598 331 623 ὑπὸ
365 597 465 634 Ἀρείου
491 601 538 625 τοῦ
552 597 702 635 προστάτου
718 601 764 627 τῆς
779 597 849 632 αἱρέ-

52 653 110 674 σεως
137 642 295 676 κατεϐλήθη,
325 641 433 679 ὕστερον
460 640 489 668 δὲ
524 642 573 668 ὑπό
607 646 656 668 τῶν
687 643 720 668 τὰ
752 640 848 667 ἐκείνου

50 692 130 718 κακῶς
161 685 367 723 διαδεξαμένων,
393 687 435 713 ἐπὶ
461 686 529 724 λύμῃ
559 690 608 713 τῶν
625 685 783 716 Ἐκκλησιῶν
809 685 849 717 ἐξ·

52 733 156 769 ιτράφη,
182 733 228 757 καὶ
257 732 272 760 ἡ
300 730 442 757 ἀκολουθία
467 735 514 762 τῆς
542 730 661 762 ἀσεϐείας
678 730 712 761 εἰς
725 733 771 760 τὴν
782 731 850 756 κατὰ

51 781 92 803 τοῦ
122 777 272 812 Πνεύματος
302 774 471 812 βλασφημίαν
501 775 651 810 ἀπέσκηψεν
677 775 743 811 (59)·
772 774 850 811 ἀναγ-

51 824 120 847 καῖον
165 822 232 858 πρὸς
264 821 325 850 τοὺς
357 822 392 856 μὴ
427 817 594 856 φειδομένους
627 819 732 855 ἑαυτῶν,
780 817 850 856 μηδὲ

1673 135 1724 164 550

936 194 962 220 3.
991 193 1140 226 Quoniam
1163 193 1254 229 igitur
1275 193 1325 223 hic
1339 195 1445 224 cetera
1459 195 1583 232 quidem
1598 196 1686 233 plene
1697 199 1727 226 et

901 241 1040 266 accurate
1050 239 1174 268 deﬁnita
1187 241 1266 273 sunt,
1278 239 1388 276 partim
1402 240 1441 268 ad
1451 241 1648 270 emendanda
1657 250 1726 278 qum

900 282 973 311 laesa
984 283 1113 318 fuerant,
1129 284 1237 320 partim
1252 285 1291 313 ad
1302 285 1498 321 praecavenda
1518 294 1586 322 quze
1610 287 1727 315 subori-

901 329 969 355 tura
991 329 1235 364 praevidebantur
1251 337 1257 363 ;
1273 329 1410 358 doctrina
1439 333 1541 359 autem
1563 331 1601 359 de
1616 331 1727 367 Spiritu

903 374 1007 400 sancto
1020 373 1144 402 strictim
1170 374 1279 410 posita,
1295 382 1350 402 nec
1365 375 1459 403 ullam
1485 375 1726 412 disquisitionem

901 417 966 446 visa
980 418 1141 455 requirere,
1169 427 1204 447 eo
1219 419 1303 456 quod
1327 419 1465 448 nondum
1484 422 1556 449 tunc
1571 423 1650 449 esset
1661 421 1727 449 haec

902 465 986 491 mota
1013 464 1151 500 quaestio,
1172 463 1225 492 sed
1250 464 1314 492 sine
1329 465 1445 493 insidiis
1468 465 1559 494 insita
1574 468 1651 494 esset
1664 474 1727 494 cre-

902 507 1038 536 dentium
1054 508 1163 536 animis
1178 509 1215 536 de
1225 508 1275 536 illo
1288 509 1435 537 sententia
1449 509 1611 546 :paulatim
1625 512 1726 538 autem

903 553 1068 581 crescentia
1081 553 1243 590 impietatis
1261 554 1387 586 semina,
1404 562 1472 590 quae
1496 554 1579 591 prius
1604 555 1728 591 quidem

903 597 942 626 ab
957 597 1025 625 Ario
1033 598 1154 626 haeresis
1169 601 1290 626 auctore
1303 599 1394 634 jacta,
1408 601 1514 635 postea
1539 607 1611 627 vero
1639 600 1678 627 ab
1693 599 1728 628 iis

903 642 1044 679 quiillius
1059 650 1174 671 errores
1188 643 1326 680 improbe
1355 646 1545 680 exceperunt,
1571 644 1610 672 ad
1634 644 1729 673 Eccle-

904 687 1017 715 siarum
1042 687 1207 723 perniciem
1233 687 1361 717 enutrita
1387 690 1466 721 sunt,
1480 688 1608 725 ipsaque
1621 688 1729 724 impie-

904 731 971 759 tatis
984 733 1073 759 series
1086 731 1117 759 in
1130 732 1353 768 blasphemiam
1376 735 1481 761 contra
1508 733 1649 769 Spiritum
1664 741 1730 762 eru-

903 776 969 812 pit:
993 778 1153 813 propterea
1176 776 1323 805 adversus
1345 785 1407 811 eos,
1430 777 1483 814 qui
1508 777 1638 814 sibiipsis
1667 785 1729 806 non

903 822 1042 856 parcunt,
1058 827 1156 856 neque
1167 820 1353 848 inevitabiles
1365 821 1463 849 minas
1486 829 1504 849 a
1528 822 1654 849 Domino
1677 829 1730 849 no-

52 867 246 903 προορωμένους
272 867 320 894 τὴν
343 865 455 901 ἄφυκτον
480 863 597 898 ἀπειλήν,
616 864 647 894 ἦν
661 869 714 895 τοῖς
731 863 849 901 βλασφη-

909 866 968 892 stro
998 864 1123 900 Spiritus
1145 865 1240 901 sancti
1254 865 1551 901 blasphematoribus
1567 866 1729 894 intentatas

53 915 145 947 μοῦσιν
159 910 194 942 εἰς
213 911 242 936 τὸ
259 913 365 947 Πνεῦμα
378 911 407 936 τό
421 909 496 945 ἅγιον
509 910 522 935 ὁ
554 911 649 947 Κύριος
676 911 748 946 ἡμῶν
777 909 851 936 ἐπαν-

53 957 166 982 ετείνατο
204 954 269 988 (60),
304 953 383 980 ἔκιῖνο
416 956 567 992 προτείνειν⁷
601 955 640 981 ὅτι
676 956 731 991 χρὴ
757 954 852 986 αὐτοὺς

54 999 249 1036 ἀναθεματίζειν
275 1000 335 1030 τοὺς
360 999 479 1035 λέγοντας
512 999 612 1036 κτίσμα
643 1000 672 1025 τὸ
692 1002 796 1036 Πνεῦμα
821 1001 851 1025 τὸ

53 1045 136 1081 ἅγιον,
164 1047 210 1070 καὶ
230 1045 289 1075 τοὺς
313 1047 435 1078 νοοῦντας
462 1043 541 1078 οὕτω,
569 1046 614 1070 καὶ
635 1045 694 1075 τούς
709 1045 745 1080 μὴ
762 1044 852 1080 ὁμολο-

53 1093 161 1125 γοῦντας
184 1089 248 1115 αὐτὸ
282 1090 358 1126 φύσει
381 1089 456 1124 ἅγιον
472 1087 546 1121 εἶναι,
573 1089 605 1119 ὡς
619 1090 675 1115 ἔστι
687 1089 763 1126 φύσει
780 1089 852 1125 οἶγιος

53 1135 64 1160 ὁ
90 1136 195 1172 Πατὴρ,
224 1135 267 1160 καὶ
298 1134 374 1170 φύσει
397 1133 472 1169 ἅγιος
489 1133 502 1159 ὃ
517 1134 584 1166 Υἱὸς,
601 1133 653 1159 ἁλλ’
669 1133 852 1165 ἁποξενοῡντας

54 1179 113 1205 adre
127 1183 176 1209 τῆς
201 1179 271 1209 θείοις
290 1180 334 1204 καὶ
363 1180 494 1214 μακαρίας
520 1179 631 1214 φύσεως.
659 1176 807 1209 Ἀπόδειξις
823 1176 852 1204 δὲ

52 1227 96 1249 τοῦ
124 1223 204 1261 ὀρθοῦ
234 1224 397 1259 φρονήματος
421 1224 450 1248 τὸ
467 1223 511 1259 ’μὴ
527 1223 654 1260 χωρίζειν
673 1222 735 1249 αὐτὸ
750 1223 852 1259 Πατρός

52 1270 97 1294 καί
122 1269 186 1295 Υἰοῦ
212 1265 268 1303 (δεῖ
292 1268 342 1304 γὰρ
371 1268 447 1303 ἡμᾶς,
470 1266 649 1303 βαπτίζεσθαι
666 1268 721 1303 μεν,
742 1268 773 1298 ὡς
788 1277 853 1304 παρ-

53 1312 185 1349 ελάϐομενο
215 1312 347 1338 πιστεύειν
377 1309 416 1347 δέ,
446 1313 478 1342 ὡς
508 1311 702 1348 βαπτιζόμεθα·
734 1309 852 1343 δοξάζειν

53 1355 94 1392 δὲ,
121 1358 154 1387 ὡς
181 1357 401 1393 πεπιστεύκαμεν,
430 1358 535 1394 Πατέρα
558 1358 603 1382 καὶ
632 1357 692 1383 Υἱόν
720 1358 764 1382 καὶ
779 1356 853 1392 ἅγιον

53 1401 182 1438 Πνεῦμα),
212 1400 375 1437 ἀφίστασθαι
399 1399 428 1427 δὲ
456 1404 502 1432 τῆς
525 1403 658 1431 κοινωνίας
684 1405 733 1427 τῶν
754 1402 855 1438 κτίσμα

24 1447 189 1482 νλεγόντων,
230 1447 266 1478 ὡς
312 1450 426 1483 φανερῶς
475 1445 711 1483 βλασφημούντων·
757 1445 854 1472 ἐκείνου

53 1490 287 1528 διωμολαγημένου
316 1490 458 1528 (ἀναγκαία
485 1492 536 1528 γὰρ
562 1492 577 1520 ἡ
607 1490 794 1527 ἐπισημείωσις
810 1489 855 1516 διὰ

50 1538 114 1566 τοὺς
145 1535 331 1571 συκοφάντας),
361 1536 402 1562 ὅτι
433 1537 490 1562 οὔτε
524 1535 660 1571 ἀγέννητον
692 1535 796 1572 λέγομεν
826 1537 855 1562 τὸ

50 1584 161 1617 Πνεῦμα
188 1581 219 1606 τὸ
241 1579 324 1616 οἷγιον·
357 1580 401 1606 ἕνα
425 1581 476 1617 γὰρ
504 1578 611 1616 οἴδαμεν
643 1579 778 1616 ἀγέννητον
812 1581 856 1606 καὶ

52 1628 116 1662 μίαν
149 1629 200 1651 τῶν
235 1626 312 1650 ὄντων
346 1623 444 1661 ἀρχὴν,
479 1625 522 1651 τὸν
555 1626 658 1662 Πατέρα
685 1628 731 1651 τοῦ
758 1626 855 1662 Κυρίου

53 1671 128 1706 ἡμῶν
157 1669 246 1699 Ἰησοῦ
275 1673 404 1706 Χριστοῦ⁹
433 1670 490 1695 οὔτε
517 1671 647 1705 γεννητὸνα
676 1670 719 1696 ἕνα
745 1671 795 1706 γὰρ
811 1679 857 1705 μον

50 1719 143 1750 νογενῆ
170 1714 195 1740 ἐν
221 1718 253 1750 τῇ
281 1713 429 1750 παραδόσει
455 1718 500 1744 τῆς
526 1716 642 1745 Πίστεως
663 1712 854 1750 δεδιδάγμεθα·

51 1761 84 1786 τὸ
118 1757 148 1785 δε
177 1762 282 1795 Πνεῦμα
306 1763 351 1789 τῆς
378 1758 500 1790 ἀληθείας
526 1758 553 1784 ἐκ
580 1762 626 1784 τοῦ
651 1760 752 1796 Πατρός
781 1758 857 1785 ἐκπο-

55 1804 180 1841 ρῒᾶεσθαι
209 1801 390 1839 διδαχθέντες,
421 1802 449 1829 ἐκ
477 1807 523 1829 τοῦ
549 1807 616 1829 Θεοῦ
643 1801 707 1829 εἶναι
720 1802 858 1840 ὁμολογοῦ-

57 1859 102 1886 μεν
136 1847 275 1878 ἁκτίστως.
305 1848 516 1884 Ἀναθεματίζειν
546 1846 576 1874 δὲ
608 1850 653 1874 καί
671 1850 732 1879 τοὺς
746 1847 858 1885 λειτουρ-

56 1896 132 1930 γικὸν
166 1893 285 1929 λέγοντας
317 1893 345 1919 τὸ
380 1896 485 1929 Πνεῦμα
509 1894 537 1919 τὸ
564 1893 648 1929 ἅγιόν,
675 1895 709 1924 ὡς
737 1891 783 1919 διὰ
814 1897 860 1924 τῆς

60 1942 145 1975 φωνῆς
176 1938 272 1968 ταύτης
297 1937 332 1969 εἰς
353 1938 399 1966 τὴν
431 1941 477 1963 τοῦ
513 1939 657 1973 κτίσματος
701 1938 860 1974 κατάγοντας

57 1982 142 2014 τάξιν.
171 1983 210 2010 Τὰ
233 1983 283 2020 γὰρ
307 1981 474 2020 λειτουργικὰ
501 1983 636 2018 πνεύματα
650 1984 783 2018 κτίσματα
797 1983 859 2018 ἡμῖν

57 2029 72 2057 ἡ
98 2029 186 2064 Γραφή
215 2024 374 2064 παρέδωκεν,
404 2026 524 2060 εἰποῦσα,
554 2027 595 2053 ὅτι
624 2027 720 2057 Πάντες
739 2026 791 2053 εὶσί
808 2026 860 2053 λιι-

57 2073 188 2109 τουργικὰ
243 2073 379 2108 πνεύματα
430 2071 465 2102 εἰς
517 2069 651 2098 διακονίαν
702 2070 861 2098 ἀποστελλό-

30 2115 35 2134 ¹
57 2127 134 2154 μενα.
173 2117 220 2143 Διά
242 2117 276 2155 3'2
308 2118 368 2147 τοὺς
387 2117 472 2142 πάντα
499 2117 634 2154 φύροντας,
651 2118 696 2142 καὶ
715 2118 750 2152 μὴ
766 2115 862 2152 φυλάσ‹

59 2171 154 2192 σοντας
179 2163 225 2190 τὴν
250 2160 274 2188 ἐν
294 2164 349 2193 τοῖς
374 2160 542 2197 Εὐαγγελίοις
570 2159 756 2196 διδασκαλίαν,
783 2161 861 2197 ἄναγ-

904 909 1103 945 prospiciunt,
1129 909 1203 937 illud
1228 910 1400 938 necessario
1413 910 1646 947 proponendum
1663 912 1707 939 est
1722 919 1729 939 :

905 956 1042 990 oportere
1071 955 1103 981 ut
1121 954 1312 982 anathemate
1337 954 1443 983 feriant
1455 962 1506 983 eos
1522 955 1574 992 qui
1588 955 1730 991 Spiritum

906 1000 1046 1026 sanctum
1072 998 1176 1027 dicunt
1199 1006 1267 1026 esse
1291 1001 1471 1034 creaturam,
1497 1002 1526 1028 et
1552 1007 1603 1028 eos
1617 1001 1669 1036 qui
1687 1000 1731 1027 sic

906 1043 1047 1076 sentiunt,
1063 1044 1091 1071 et
1106 1050 1157 1071 eos
1173 1043 1225 1079 qui
1240 1051 1302 1071 non
1326 1043 1504 1072 conﬁtentur
1526 1052 1596 1072 eum
1622 1046 1731 1073 natura

906 1090 1045 1116 sanctum
1061 1096 1137 1121 esse,
1154 1088 1233 1116 sicut
1246 1090 1354 1116 natura
1369 1090 1490 1116 sanctus
1516 1090 1560 1117 est
1587 1090 1682 1123 Pater,
1703 1090 1732 1117 et

905 1134 1014 1160 natura
1024 1135 1146 1161 sanctus
1158 1135 1202 1160 est
1220 1132 1319 1167 Filius,
1345 1132 1399 1161 sed
1413 1133 1513 1169 ipsum
1529 1141 1546 1161 a
1568 1133 1668 1161 divina
1696 1141 1732 1162 ac

905 1177 995 1206 beata
1007 1180 1115 1206 natura
1129 1177 1312 1206 abalienant.
1340 1179 1436 1207 Rectzae
1452 1180 1553 1206 autem
1579 1179 1732 1207 sententiae

907 1225 1120 1257 argumentum
1141 1225 1194 1258 est,
1209 1223 1294 1251 illum
1309 1231 1371 1251 non
1386 1231 1526 1260 separare
1550 1231 1568 1251 ει
1595 1223 1680 1251 Patre
1706 1223 1734 1250 et

908 1267 978 1295 Filio
990 1267 1117 1303 (oportet
1128 1267 1206 1295 enim
1223 1275 1280 1295 nos
1306 1267 1452 1304 baptizari
1471 1267 1733 1305 quemadmodum

908 1312 1090 1348 accepimus,
1116 1314 1143 1340 et
1168 1312 1288 1340 credere
1313 1312 1575 1349 quemadmodum
1601 1312 1735 1349 baptiza-

907 1364 986 1390 mur,
1001 1356 1168 1391 gloriﬁcare
1179 1364 1249 1384 vero
1264 1356 1315 1390 ita,
1329 1358 1361 1385 ut
1375 1357 1537 1391 credimus,
1567 1358 1684 1385 Patrem
1707 1358 1735 1386 et

908 1401 1013 1429 Filium
1029 1403 1057 1429 et
1070 1401 1212 1437 Spiritum
1225 1402 1375 1434 sanctum)
1397 1403 1487 1438 atque
1502 1401 1593 1430 etiam
1620 1401 1659 1429 ab
1683 1410 1734 1429 eo-

908 1453 976 1473 rum
1004 1445 1056 1481 qui
1083 1445 1224 1481 Spiritum
1251 1447 1420 1473 creaturam
1444 1445 1558 1479 dicunt,
1586 1447 1619 1474 ut
1632 1447 1734 1481 aperte

908 1490 1197 1526 blasphemantium,
1214 1489 1427 1518 communione
1441 1489 1580 1518 recedere
1593 1498 1598 1518 :
1615 1490 1673 1517 hoc
1686 1498 1736 1518 ex-

872 1530 891 1558 C
910 1534 1027 1570 plorato
1055 1536 1083 1562 et
1110 1534 1183 1562 citra
1207 1534 1443 1562 controversiam
1472 1535 1612 1561 manente
1652 1534 1735 1569 (nam

909 1579 1079 1607 necessaria
1093 1580 1139 1606 est
1151 1578 1192 1606 ob
1207 1578 1412 1614 sycophantas
1428 1577 1611 1610 observatio)
1639 1585 1736 1614 neque

910 1623 1076 1659 ingenitum
1091 1623 1150 1651 dici
1170 1631 1188 1651 a
1202 1623 1290 1651 nobis
1306 1623 1447 1659 Spiritum
1462 1624 1599 1650 sanctum
1617 1631 1624 1655 ;
1640 1631 1736 1651 unum

911 1668 990 1696 enim
1017 1667 1155 1696 novimus
1180 1667 1359 1703 ingenitum,
1375 1669 1404 1695 et
1418 1675 1514 1695 unum
1535 1674 1635 1695 rerum
1652 1667 1737 1704 prin-

912 1712 1033 1749 cipium,
1055 1712 1174 1740 Patrem
1201 1712 1319 1740 Domini
1345 1713 1439 1739 nostrl
1454 1712 1524 1739 Jesu
1541 1711 1667 1740 Christi:
1688 1719 1738 1739 ne-

912 1765 971 1794 que
995 1758 1127 1792 genitum
1145 1765 1260 1791 ;unum
1286 1757 1367 1784 enim
1392 1764 1458 1784 esse
1484 1757 1683 1792 unigenitum,
1707 1757 1739 1784 in

912 1802 982 1830 ﬁdei
997 1802 1155 1830 traditione
1170 1801 1332 1830 didicimus
1350 1810 1356 1829 :
1373 1801 1514 1837 Spiritum
1543 1803 1644 1829 autem
1666 1801 1740 1829 veri-

912 1847 980 1874 tatis
996 1854 1032 1874 ex
1054 1848 1138 1874 Patre
1153 1846 1314 1882 procedere
1330 1845 1439 1880 edocti,
1453 1853 1490 1874 ex
1505 1847 1565 1873 Deo
1578 1853 1645 1873 esse
1671 1853 1740 1873 con-

912 1891 1033 1919 ﬁtemur
1057 1891 1130 1919 citra
1157 1891 1349 1919 creationem.
1373 1891 1519 1918 Praeterea
1548 1890 1739 1918 anathemate

913 1935 1046 1970 feriendi,
1075 1936 1128 1973 qui
1154 1935 1442 1964 administratorium
1470 1934 1574 1962 dicunt
1597 1934 1740 1970 Spiritum

915 1981 1063 2015 sanctum,
1078 1982 1111 2008 ut
1126 1980 1178 2016 qui
1194 1979 1279 2008 illum
1308 1979 1339 2008 in
1367 1981 1575 2007 creaturarum
1603 1978 1741 2007 ordinem

914 2025 972 2053 hac
985 2032 1059 2052 voce
1074 2024 1245 2053 detrudant.
1259 2025 1334 2053 Nam
1357 2023 1630 2052 administratorios
1653 2023 1741 2060 spiri-

915 2071 963 2098 tus
992 2071 1144 2097 creaturas
1176 2076 1240 2096 esse
1266 2069 1356 2097 nobis
1370 2068 1494 2096 tradidit
1510 2068 1672 2104 Scriptura,
1688 2067 1742 2096 ubi

916 2114 1011 2142 dicit:
1036 2114 1143 2142 Omnes
1164 2116 1234 2141 sunt
1263 2113 1519 2142 administratorii
1546 2113 1680 2148 spiritus,
1710 2113 1742 2140 in

916 2159 1114 2187 ministerium
1124 2158 1207 2186 missi
1214 2159 1219 2175 ¹
1226 2157 1422 2193 "1“.Denique
1428 2158 1551 2192 propter
1559 2165 1610 2184 eos
1619 2157 1671 2192 qui
1681 2164 1744 2184 om-

57 2208 133 2233 κοιῖόν
161 2205 218 2232 ἐστι
243 2207 289 2232 καὶ
315 2209 392 2232 τοῦτο
407 2203 691 2242 προσδιαστιίλασθαι·
708 2206 746 2233 ὅτι
761 2206 854 2241 φεύγειι

916 2204 967 2232 nia
980 2203 1173 2240 permiscent,
1186 2210 1241 2230 nec
1254 2201 1422 2229 doctrinam
1437 2201 1468 2229 in
1495 2200 1662 2236 Evangeliis
1677 2200 1743 2228 reli-

58 2249 101 2278 δεῖ
123 2253 170 2277 καὶ
202 2252 263 2282 τοὺς
291 2252 337 2279 τήν
368 2249 523 2277 ἀκολουθίαν
556 2251 587 2280 ἣν
606 2248 756 2287 παρέδωκεν
770 2251 861 2287 ἡμῖνὸ

59 2297 157 2332 Κύριος
194 2294 386 2332 ἐναμείϐοντας,
427 2296 460 2327 ὡς
490 2298 603 2333 φανερῶς
634 2297 797 2332 μαχομένους
829 2299 860 2332 τῇ

57 2339 179 2376 εὐσεϐείᾳ
207 2339 274 2375 (δυ’
303 2342 349 2366 καὶ
378 2340 438 2366 Υίὸν
471 2341 515 2376 μὲν
538 2340 736 2377 προτάσσοντας
749 2343 795 2366 τοῦ
811 2343 863 2366 Πα-

57 2387 130 2423 τρὸς,
161 2385 223 2411 Tim}
255 2382 284 2411 δέ
311 2386 341 2411 τὸ
364 2387 470 2421 Πνεῦμα
496 2386 525 2411 τὸ
556 2382 632 2420 ὀῖγιον
674 2385 857 2422 προτιθέντας.

57 2431 196 2458 Ἀκίνητον
225 2429 276 2465 γὰρ
304 2431 349 2455 καὶ
380 2428 605 2467 ἀπαρεγχείρητον
625 2428 766 2466 φυλάσσειν
780 2438 863 2466 προσ-

58 2477 117 2503 ἡκει
140 2475 189 2502 τήν
219 2473 385 2508 ἀκολουθίαν,
419 2473 448 2502 ἣν
473 2473 499 2506 ἐξ
525 2474 606 2505 αὐτῆς
632 2477 678 2499 τοῦ
698 2475 795 2511 Κυρίου
818 2477 863 2503 τῆς

59 2523 147 2555 φωνῆς
187 2517 376 2555 παρελάϐομεν,
423 2518 545 2550 εἰπόντος·
593 2519 770 2555 Πορευθέντες,
810 2528 862 2555 μα-

98 2626 162 2644 ¹⁴’¹⁵
190 2624 278 2655 Hebr.
295 2633 314 2662 I,
330 2626 370 2654 t4.

99 2727 157 2760 (59)
169 2723 346 2760 Ἀπέσῖκηψεκ
361 2723 448 2753 Coisl.
465 2725 590 2760 uterque
599 2725 628 2754 ct
641 2732 720 2753 unus
743 2732 780 2753 ex
807 2725 864 2752 Re-

64 2761 121 2796 giis
137 2759 295 2795 ἐπέσκηψεν.

100 2798 158 2831 (60)
191 2796 394 2824 Ἐπανετεινατο.
425 2795 513 2825 Coisl.
538 2796 656 2835 primus
678 2796 861 2826 ἐπανετείνετο.

917 2250 995 2276 ctam
1009 2248 1094 2283 217
1112 2246 1296 2281 custodiunt,
1325 2253 1448 2273 necesse
1468 2247 1512 2273 est
1535 2245 1593 2273 hoc
1620 2252 1743 2281 quoque

917 2293 1081 2327 declarare,
1098 2300 1149 2320 eos
1161 2292 1250 2320 etiam
1262 2291 1315 2328 qui
1326 2290 1463 2319 ordinem
1476 2289 1565 2318 nobis
1581 2297 1599 2317 a
1615 2289 1743 2317 Domino

917 2338 1060 2366 traditum
1093 2337 1255 2371 invertunt,
1280 2337 1308 2364 et
1336 2335 1442 2363 Filium
1469 2336 1538 2362 ante
1566 2335 1696 2368 Patrem,
1716 2335 1744 2362 et

920 2382 1060 2418 Spiritum
1085 2383 1224 2410 sanctum
1249 2382 1317 2409 ante
1331 2380 1435 2408 Filium
1451 2379 1610 2412 collocant,
1626 2378 1744 2414 fugien-

918 2428 975 2455 dos
1004 2434 1080 2460 csse,
1106 2428 1139 2454 ut
1170 2426 1224 2462 qui
1251 2427 1352 2462 aperte
1380 2433 1449 2452 cum
1475 2424 1583 2460 pietate
1599 2425 1742 2459 pugnent.

918 2473 1064 2501 Immotus
1080 2471 1160 2500 enim
1175 2473 1204 2499 et
1216 2469 1399 2498 inviolabilis
1420 2469 1638 2498 custodiendus
1658 2468 1743 2502 ordo,

918 2525 1010 2554 quem
1025 2524 1061 2545 ex
1075 2517 1142 2553 ipsa
1152 2515 1270 2544 Domini
1285 2523 1359 2544 voce
1385 2514 1528 2544 traditum
1558 2512 1744 2549 accepimus,

923 2762 936 2788 θ
955 2726 1013 2768 (ﬁt)
1038 2726 1074 2760 Τῇ
1105 2721 1229 2758 ευσεϐείᾳ.
1254 2722 1296 2750 Ita
1310 2727 1420 2750 novem
1435 2726 1510 2747 mss.
1530 2716 1605 2745 Editi
1633 2719 1662 2753 τῇ
1681 2715 1746 2746 ἁλη-

939 2770 989 2788 εια.

939 2770 989 2796 ειᾳ.
