1998 3145
266 128 319 155 155

955 121 985 150 S.
1001 119 1127 149 BASILII
1143 120 1255 150 MAGNI

1894 127 1948 154 558

265 189 328 223 tui;
344 188 396 216 sed
416 186 500 216 cordi
515 194 584 216 meo
597 187 714 215 tantam
732 187 830 214 inesse
843 185 936 221 hujus
951 185 994 213 rei
1008 184 1089 220 cupi-

1148 184 1215 209 οὔπω
1227 181 1384 221 δεδύνημαι·
1401 184 1425 212 ἂν
1441 183 1471 212 δὴ
1482 189 1514 222 τῇ
1528 184 1627 222 καρδίᾳ
1650 189 1701 222 μου
1725 196 1857 216 τοσαυτην
1871 189 1943 224 ἒχειν

265 234 390 262 ditatem
404 233 483 265 dico,
499 234 531 260 ut
545 239 645 259 meam
661 231 751 260 etiam
766 231 894 259 libenter
905 230 998 258 vitam
1017 237 1090 265 pro-

265 278 405 313 fundam,
419 279 452 305 ut
461 276 522 305 odii
530 276 654 304 ﬂamma
664 284 682 304 ει
697 276 830 310 maligno
843 283 972 303 accensa
982 274 1091 302 exstin-

267 325 384 358 guatur.
402 325 442 350 Ac
457 322 514 350 nisi
528 321 612 358 pacis
623 321 724 349 studio
738 329 800 349 non
814 321 1029 355 abnegaverim
1044 327 1091 347 ve-

265 368 329 397 nire
353 367 518 402 Coloniam,
541 374 603 394 non
623 367 799 403 paciﬁcetur
821 367 910 402 219
931 365 1004 394 mihi
1019 365 1088 393 vita.

264 414 371 441 Veram
384 412 526 448 equidem
540 411 623 440 illam
639 419 757 447 pacem,
770 419 839 448 quae
859 411 949 439 nobis
965 410 1004 438 ab
1023 410 1091 446 ipso

265 457 394 486 Domino
418 457 521 485 relicta
545 459 601 489 est,
618 457 761 493 exquiro:
778 459 806 484 et
821 456 904 493 quod
918 456 998 484 volui
1017 455 1092 483 mihi

265 503 302 531 ad
330 502 559 539 persuasionem
590 501 667 535 dari,
691 501 824 529 hominis
852 503 896 529 est
919 500 992 528 nihil
1009 499 1092 528 aliud

264 555 358 584 quam
373 554 478 575 veram
493 554 601 582 pacem
624 546 832 579 desiderantis,
844 546 984 582 quamvis
1009 545 1093 573 aliter

264 591 401 620 nonnulli
427 591 583 619 veritatem
612 593 814 626 pervertentes
850 591 1092 626 interpretentur.

265 637 391 665 Utantur
414 635 504 671 igitur
531 635 571 663 illi
601 635 663 663 suis
687 635 807 671 linguis,
825 637 857 663 ut
879 635 1093 668 volunt;nam

263 681 399 718 profecto
413 681 480 709 illos
505 680 670 717 aliquando
685 680 795 709 horum
815 679 977 708 verborum
992 679 1091 716 paeni—

264 726 350 755 tebit.

301 820 328 846 2.
340 818 483 845 Caeterum
495 816 685 844 sanctitatem
699 817 782 843 tuam
794 823 857 848 oro,
866 817 899 843 ut
909 823 1012 843 eorum
1023 823 1093 851 quae

1145 227 1284 264 ἐπιθυμίαν
1310 232 1386 266 φημὶ,
1414 231 1481 257 ὥστε
1506 228 1591 262 ἡδέως
1617 230 1646 257 ἂν
1675 233 1720 258 καὶ
1747 234 1794 261 τὴν
1810 232 1880 262 ζωὴν
1895 235 1943 261 τὴν

1145 272 1258 309 ἐμαυτοῦ
1281 275 1409 310 προέσθαι
1434 276 1497 312 ῠπὶρ
1526 279 1572 302 τοῦ
1603 277 1648 305 τὴν
1676 276 1727 302 ὑπὸ
1753 280 1799 303 τοῦ
1825 282 1943 314 πονηροῦ

1145 317 1297 354 ἆξαφθςῖσαν
1322 318 1404 355 φλόγα
1425 323 1472 346 τοῦ
1498 322 1593 356 μίσους
1616 320 1838 351 κατασϐεσθῆναι.
1856 324 1907 348 Καὶ
1920 322 1942 348 εἰ

1145 364 1180 398 μὴ
1211 367 1256 392 τῆς
1279 362 1417 399 ἕπιθυμίας
1442 364 1522 391 ἕνεκεν
1549 369 1597 396 τῆς
1618 366 1686 391 κατὰ
1708 367 1755 395 τὴν
1778 366 1881 403 εἰρήνην
1894 367 1940 396 ἡν-

1146 409 1264 443 ισχόμην
1280 407 1386 444 ἐγγίσαι
1395 413 1448 439 τοῖς
1462 411 1528 435 κατὰ
1544 409 1684 436 Κολώνιιαν
1702 413 1803 445 τόποις,
1819 414 1855 448 μὴ
1873 411 1941 448 εἰρη-

1145 453 1245 481 νιυθείη
1267 462 1312 489 μοι
1328 454 1384 488 (76)
1405 454 1421 483 ἡ
1439 456 1503 486 ζωή.
1520 455 1627 492 Εἰρήνην
1643 457 1730 491 μέντοι
1750 458 1798 485 τὴν
1816 455 1941 486 ἀληθινὴν

1145 499 1193 526 τὴν
1213 497 1257 523 ὑπ’
1272 497 1352 524 αὐτοῦ
1377 502 1424 524 τοῦ
1454 502 1550 536 Κυρίου
1569 499 1782 536 καταλειφθεῖσαν
1796 502 1859 536 ἡμῖν
1885 501 1943 527 ἑπι-

1149 543 1229 572 ζητῶ’
1256 544 1301 568 καὶ
1322 542 1335 568 ὃ
1357 543 1522 580 παρεκάλεσά
1544 544 1599 578 (77)
1628 554 1673 581 μοι
1701 545 1738 575 ιὶς
1766 545 1944 583 πληροφορίαν

1147 586 1271 623 ὑπάρξαι,
1292 587 1339 613 οὐκ
1358 587 1418 614 ἀλλο
1440 598 1465 614 τι
1487 588 1674 625 ἐπιθυμοῦντος
1690 589 1760 616 ἔστιν
1780 590 1794 620 ἦ
1815 595 1861 621 τῆς
1882 590 1946 620 ἀλη-

1149 631 1222 662 θινῆς
1249 631 1364 668 εἰρήνης,
1390 632 1437 658 κᾶν
1463 633 1546 664 ἄλλως
1577 635 1644 664 τινες
1672 632 1870 672 διαστρέφοντες
1895 637 1946 664 τὴν

1148 675 1269 704 ἀλήθειαν
1298 676 1454 712 ἐξηγῶνται.
1486 678 1592 704 Ἐκεῖνοι
1619 680 1664 715 μεν
1687 677 1731 705 οὖν
1750 681 1947 716 κεχρησθωσαν

1146 724 1204 751 ταῖς
1222 720 1357 755 ’γλώσσαις
1382 722 1464 748 αὐτῶν
1488 722 1527 759 ἐφ’
1554 723 1571 749 ᾶ
1593 723 1748 760 βούλονται·
1768 725 1868 755 πάντως
1893 726 1946 763 γὰρ

1148 765 1237 796 αὐτοῖς
1249 775 1310 792 ποτε
1324 769 1374 792 τῶν
1388 767 1511 803 ῥημάτων
1527 769 1623 794 τούτων
1636 768 1818 805 μεταμελήσει.

1183 810 1211 837 2.
1225 811 1277 839 Τὴν
1302 808 1331 836 δὲ
1356 812 1404 840 σὴν
1426 812 1550 841 ὁσιότητα
1564 813 1705 849 παρακαλῶ
1725 814 1872 850 μεμνῆσθαι
1893 819 1945 840 τῶν

263 862 348 890 initio
363 861 521 897 proposita
546 860 628 888 fuere
653 860 834 891 meminerit,
849 868 905 888 nec
926 860 1089 896 decipiatur

1149 853 1174 885 ἐξ
1197 855 1286 891 ἀρχῆς
1300 856 1462 892 προτάσεων,
1478 858 1522 882 καὶ
1538 859 1573 893 μὴ
1598 858 1764 894 παράγεσθαι
1784 858 1861 889 ἄλλας
1875 857 1946 884 ἀπο-

264 906 339 935 alias
349 914 403 942 pro
411 905 475 934 aliis
484 905 921 942 queestionibusresponsiones
929 904 1092 940 excipiens,

262 960 361 988 neque
371 951 434 979 vim
444 953 472 979 et
482 950 603 987 pondus
617 950 710 979 addat
723 958 829 979 eorum
840 950 1094 985 cavillationibus,

262 997 316 1033 qui
324 996 389 1024 sine
397 995 517 1023 dicendi
527 995 678 1031 facultate,
688 1003 725 1023 ex
738 995 804 1023 solo
815 995 910 1023 animi
924 995 971 1023 sui
985 1003 1095 1031 propo-

263 1040 319 1069 sito
328 1041 465 1069 omnium
476 1039 660 1076 nequissime
672 1040 826 1068 veritatem
838 1039 1015 1076 depravant.
1026 1041 1095 1069 Pro-

262 1085 353 1123 posui
367 1085 448 1114 enim
463 1083 612 1120 simplicia
627 1085 657 1112 et
673 1084 754 1112 clara
769 1086 796 1112 et
818 1084 917 1112 facilia
931 1084 971 1112 ad
997 1092 1094 1113 recor-

262 1130 400 1159 dandum
423 1129 527 1165 verba,
540 1131 644 1157 utrum
659 1137 711 1157 eos
737 1129 790 1166 qui
804 1137 866 1157 non
885 1129 1034 1165 recipiunt
1048 1130 1094 1158 Ni-

263 1183 381 1204 caenam
394 1174 499 1209 ﬁdem,
512 1182 670 1203 arceamus
685 1182 704 1202 θ,
717 1174 941 1206 communione,
951 1178 980 1203 et
992 1177 1092 1203 utrum

264 1219 386 1248 cumViis
413 1219 465 1256 qui
487 1220 657 1247 creaturam
673 1219 771 1247 dicere
792 1219 934 1255 Spiritum
955 1222 1093 1249 sanctum

264 1264 387 1298 audent,
402 1265 520 1300 partem
534 1263 647 1292 habere
667 1264 810 1292 nolimus.
831 1263 880 1292 Ille
897 1266 1008 1300 autem,
1023 1273 1093 1293 cum

263 1309 304 1338 ad
313 1308 438 1337 verbum
452 1307 673 1344 quaestionibus
685 1308 869 1344 respondere
884 1309 1046 1344 debuisset,
1057 1317 1094 1338 ea

262 1353 352 1382 nobis
362 1361 432 1389 qua:
451 1352 558 1381 misisti
573 1353 804 1387 consarcinavit,
821 1353 912 1390 idque
933 1362 995 1382 non
1007 1362 1092 1382 men-

263 1398 301 1427 tis
323 1396 568 1433 simplicitate,ut
594 1397 702 1433 aliquis
733 1397 911 1433 suspicetur,
928 1406 1027 1434 neque
1054 1398 1093 1426 ob

265 1443 346 1471 hanc
361 1449 497 1475 causam,
513 1441 597 1478 quod
619 1442 835 1478 consequentia
854 1442 1093 1471 animadvertere

263 1494 326 1516 non
340 1488 452 1523 posset.
467 1485 525 1515 Sed
538 1486 614 1514 illud
629 1486 654 1514 ei
667 1486 698 1514 in
711 1488 845 1514 mentem
859 1487 952 1521 venit,
967 1487 992 1515 si
1004 1488 1094 1522 neget

262 1540 331 1569 quae
342 1531 553 1568 proponimus,
567 1530 630 1558 fore
641 1532 675 1558 ut
684 1538 715 1558 se
725 1530 788 1566 ipse
803 1531 924 1567 populis
940 1531 1055 1567 aperiat
1064 1533 1089 1560 et

1148 1526 1216 1557 λαοῖς
1249 1526 1338 1552 ἑαυτὸν
1367 1526 1515 1556 κατάδηλον
1543 1531 1649 1557 ποιησει
1672 1539 1678 1546 ·

262 1576 356 1604 nudet
368 1585 375 1610 ;
390 1575 435 1603 sin
449 1577 549 1602 autem
561 1574 649 1603 nobis
662 1575 833 1610 assentitur,
843 1575 1050 1604 discessurum
1061 1584 1092 1604 se

264 1621 304 1649 ab
319 1620 370 1648 illo
385 1619 477 1648 medii
491 1619 623 1648 hominis
640 1619 774 1655 consilio,
787 1628 849 1656 quo
863 1620 937 1649 nihil
946 1621 1093 1649 hactenus

264 1663 418 1700 antiquius
437 1663 554 1692 habuit.
580 1664 695 1692 Fucum
717 1672 789 1699 ergo
808 1664 896 1693 nobis
915 1673 977 1693 non
991 1665 1091 1700 faciat,

263 1716 363 1745 neque
378 1716 448 1736 cum
463 1708 527 1737 aliis
538 1711 623 1737 tuam
635 1709 726 1737 etiam
737 1709 953 1738 circumveniat
962 1710 1093 1746 pruden-

264 1753 349 1787 tiam,
365 1753 419 1781 sed
437 1753 529 1781 breve
544 1753 633 1781 nobis
647 1761 827 1790 responsum
842 1753 940 1782 mittat
954 1754 994 1782 ad
1011 1762 1092 1790 quae-

265 1798 404 1833 stionem,
430 1800 482 1827 aut
501 1798 649 1826 conﬁtens
669 1798 916 1826 communionem
931 1806 1001 1826 cum
1023 1799 1093 1827 ﬁdei

263 1843 410 1878 hostibus,
441 1844 494 1871 aut
516 1850 643 1877 negans.
674 1842 741 1870 Ha'c
755 1842 782 1870 ei
809 1842 833 1870 si
853 1843 1049 1878 persuaseris,
1065 1845 1094 1872 et

263 1887 381 1916 miseris
401 1886 476 1915 mihi
495 1889 602 1921 rectas,
616 1889 645 1915 et
667 1886 774 1923 quales
789 1894 906 1923 precor,
923 1889 1092 1923 responsio-

264 1941 320 1961 nes
332 1942 339 1967 ;
351 1940 408 1967 ego
424 1940 493 1959 sum
504 1932 557 1967 qui
566 1931 713 1959 hactenus
724 1932 827 1960 omnia
839 1932 961 1968 peccavi
973 1940 980 1966 ;
995 1940 1052 1968 ego
1062 1932 1093 1961 il-

263 1977 327 2006 lam
337 1984 460 2005 omnem
473 1976 596 2013 culpam
608 1976 639 2004 in
661 1984 710 2005 me
723 1977 848 2014 recipio,
864 1979 935 2006 tunc
948 1986 966 2006 a
978 1986 1026 2006 me
1038 1979 1093 2006 hu-

263 2021 397 2050 militatis
414 2020 667 2055 signiﬁcationem
685 2029 820 2058 reposce.
835 2022 975 2055 Quandiu
991 2025 1093 2052 autem

262 2065 373 2094 horum
392 2064 466 2092 nihil
481 2064 541 2099 ﬁet,
557 2065 693 2100 ignosce,
709 2066 935 2101 religiosissime
959 2069 1054 2103 Pater,
1068 2068 1093 2096 si

262 2116 326 2137 non
332 2108 449 2144 possim
456 2116 526 2137 cum
537 2109 730 2138 simulatione
737 2110 776 2138 ad
783 2111 834 2138 Dei
841 2118 926 2139 aram
938 2112 1092 2142 accedere.

263 2154 323 2182 Nisi
336 2153 415 2181 enim
432 2153 490 2182 hoc
515 2156 693 2190 metuerem,
709 2162 763 2183 cur
785 2163 834 2183 me
855 2155 919 2192 ipse
933 2155 972 2184 ab
986 2157 1093 2193 Euppii

270 2198 485 2227 communione
513 2199 723 2236 sejunxissem,
748 2199 805 2228 viri
834 2199 912 2228 adeo
934 2201 965 2228 in
989 2201 1092 2229 litteris

264 2243 446 2278 excellentis.
471 2244 548 2273 adeo
577 2246 663 2273 aetate
692 2244 834 2280 provecti,
850 2252 886 2272 ac
910 2247 952 2273 tot
966 2247 995 2273 et
1009 2248 1093 2275 tanta

270 2288 409 2318 amicitiae
417 2289 486 2324 jura
495 2296 617 2317 mecum
628 2288 767 2317 habentis
778 2288 792 2316 ‘2
803 2289 890 2322 Quod
905 2289 930 2317 si
938 2289 1003 2318 haec
1014 2292 1093 2319 recte

298 2379 354 2413 (‘76)
372 2380 416 2407 Μὴ
447 2377 602 2414 εἰρηνευθιίη
633 2386 688 2414 μοι.
721 2377 839 2412 Legitur
868 2387 918 2414 μου
933 2377 975 2406 in.
997 2378 1084 2406 Coisl.

285 2423 373 2443 rimo.

262 2423 373 2452 primo.

297 2452 354 2485 (77)
381 2449 411 2476 ‘0
438 2449 611 2485 παρεκάλεσα,
644 2448 687 2477 Ita
714 2457 786 2478 mss.
819 2457 885 2478 sex.
918 2449 994 2478 Editi
1023 2451 1084 2487 ὅπερ

264 2486 384 2513 ἐκάλεσα.

300 2522 588 2557 (78)7Δεχόμενον.γηᾷ
601 2520 692 2557 Harl.,
709 2520 784 2548 Med.
800 2522 829 2548 et
848 2520 941 2557 VCoisl.
959 2521 1083 2557 primus.

263 2558 339 2586 Editi
350 2555 505 2593 δεχομένην.
523 2555 637 2584 ibidem
650 2555 822 2593 ἔρῳτημάτων
837 2556 922 2585 deest
944 2555 975 2585 in
995 2557 1085 2591 Regio

285 2594 372 2621 rimo.
387 2592 423 2629 In
433 2600 495 2629 uno
508 2594 609 2620 autem
620 2592 840 2629 codice,que_m
852 2593 923 2620 citat
937 2593 1083 2629 Combef.,

275 2627 464 2666 egiturﬂla;
478 2627 617 2666 ἐρῳτήσεις
630 2627 684 2654 ἀντ’
706 2627 787 2654 ἄλλοθι
803 2627 986 2666 ἔρῳτημάτων,
1007 2627 1084 2657 alias

261 2672 319 2700 pro
334 2665 402 2692 aliis
413 2664 598 2700 quaestiones,
762 2699 768 2700 γ
814 2664 818 2666 ’
859 2667 862 2668 ⁷

300 2701 354 2736 (79)
369 2700 399 2727 Εἰ
418 2699 483 2731 τοὺς
504 2702 551 2736 μή.
570 2699 615 2727 Sic
633 2706 690 2734 ope
714 2699 854 2736 codicum
880 2699 978 2732 Coisl.,
996 2701 1083 2735 Med.,

263 2735 382 2773 Harliet
388 2736 470 2773 Regii
478 2735 640 2773 utriusque
651 2735 888 2770 emendavimus,
896 2736 980 2772 quod
990 2744 1083 2773 prave

263 2771 295 2800 in
310 2771 395 2800 editis
410 2771 567 2807 legebatur
581 2771 617 2803 cl;
631 2772 692 2802 τοὺς
706 2773 754 2807 μή.

1148 901 1246 937 κρίσεις
1261 899 1315 926 ἀντ’
1335 899 1415 926 ἄλλων
1442 899 1612 938 ἐρωτημάτων
1636 901 1777 939 δεχόμενον
1791 904 1857 940 (78),
1874 902 1947 940 μηδὲ

1148 948 1230 970 ποιεῖν
1259 945 1349 982 ἐνεργὰ
1374 946 1407 971 τὰ
1432 948 1583 982 σοφίσματα
1608 951 1658 973 τῶν
1685 948 1743 974 ἄνευ
1763 952 1808 979 τῆς
1831 951 1888 985 περὶ
1912 949 1945 974 τὸ

1147 988 1228 1024 λέγειν
1249 987 1381 1026 δυνάμεως
1401 989 1444 1016 ἀπ’
1469 991 1550 1023 αὐτῆς
1565 993 1645 1028 μόνης
1667 996 1715 1023 τῆς
1728 995 1832 1029 ⁹γνώμης
1856 991 1949 1019 δεινο-

1148 1043 1215 1060 τατα
1239 1034 1341 1060 πάντων
1376 1037 1422 1064 τὴν
1460 1034 1581 1065 ἀλήθειαν
1619 1039 1843 1074 κακουργούντων.
1874 1041 1949 1075 Προ-

1148 1081 1230 1105 ἐτεινα
1248 1080 1299 1116 γὰρ
1315 1079 1384 1106 ἁπλᾶ
1404 1082 1449 1106 καὶ
1467 1085 1535 1117 σαφῆ
1559 1083 1604 1108 καὶ
1618 1081 1809 1119 εὐμνημόνευτα
1825 1083 1947 1121 ῥήματα·

1149 1123 1170 1150 εἰ
1198 1125 1258 1155 τοὺς
1277 1126 1312 1160 μὴ
1337 1123 1393 1160 (79)
1413 1123 1573 1162 δεχομένους
1599 1128 1646 1156 τὴν
1680 1127 1704 1153 ἐν
1730 1130 1829 1164 Νικαίᾳ
1853 1130 1948 1154 πίστιν

1147 1170 1345 1205 παραιτούμεθα
1374 1169 1409 1201 εἰς
1437 1172 1579 1205 κοινωνίαν,
1598 1171 1650 1198 καῖ
1672 1172 1693 1198 εἰ
1718 1173 1784 1208 μετὰ
1807 1177 1856 1199 τῶν
1885 1176 1949 1199 κτί-

1149 1223 1203 1249 σμα
1228 1213 1309 1249 λέγειν
1340 1215 1368 1240 τό
1400 1218 1504 1251 Πνεῦμα
1531 1218 1560 1242 τὸ
1587 1215 1660 1251 ἅγιον
1687 1216 1889 1254 ἀποτολμώντων
1919 1220 1948 1245 τὸ

1148 1260 1225 1295 μέρος
1256 1259 1326 1294 ἔχειν
1351 1258 1398 1284 οὐκ
1425 1258 1581 1296 ἀνεχόμεθα.
1601 1260 1630 1287 Ὀ
1655 1259 1693 1295 δὲ,
1725 1261 1781 1288 ἀντὶ
1807 1266 1852 1288 τοῦ
1879 1265 1949 1300 πρὸς

1147 1304 1207 1333 ἔπος
1239 1306 1298 1333 ταῖς
1335 1302 1491 1341 ἐρωτήσεσιν
1529 1304 1731 1342 ἀποκρίνασθαι,
1768 1306 1850 1333 ἐκεῖνα
1880 1308 1947 1344 ἡμῖν

1148 1346 1334 1385 ἐρραψῴδησεν
1360 1348 1424 1385 ἅπερ
1447 1348 1599 1381 ἀπέστειλας
1629 1351 1686 1385 (80)
1704 1361 1710 1367 ”
1731 1353 1775 1377 καὶ
1795 1355 1871 1378 τοῦτο
1897 1353 1947 1378 οὐκ

1147 1391 1254 1428 ὠφελείᾳ
1279 1395 1394 1428 γνώμης,
1422 1394 1454 1423 ὡς
1480 1394 1510 1419 ἄν
1529 1403 1565 1429 τῳ
1593 1392 1670 1426 δόξαι
1691 1395 1759 1430 (81),
1775 1394 1838 1422 οὐδὲ
1856 1400 1893 1432 τῷ
1908 1399 1944 1433 μὴ

1149 1434 1280 1463 δύνασθαι
1305 1440 1415 1474 συνορᾴν
1436 1439 1465 1463 τὸ
1485 1436 1635 1466 ἀκόλουθον.
1665 1438 1733 1465 Ἀλλ’
1763 1440 1842 1466 ἐκεῖνο
1867 1440 1944 1477 λογί-

1148 1481 1230 1516 ζεται,
1254 1482 1304 1515 ὅτι¹
1326 1481 1479 1518 ἀρνούμενος
1503 1484 1546 1518 μὲν
1571 1484 1644 1520 ἡμῶν
1666 1486 1712 1514 τὴν
1733 1487 1871 1522 πρότασιν,
1888 1487 1946 1518 τοῖς

1708 1531 1884 1565 συντιθέμῆος
1916 1529 1946 1558 δὲ

1147 1572 1219 1608 ἡμῖν,
1245 1576 1292 1602 τῆς
1321 1581 1465 1608 μεσότητος
1500 1572 1688 1609 ἀποστήσεται,
1714 1575 1745 1605 ἧς
1773 1574 1846 1601 οὐδὲν
1871 1576 1945 1612 αὖτῷ

1146 1617 1229 1654 μέχρι
1248 1620 1293 1642 τοῦ
1313 1620 1357 1642 νῦν
1383 1618 1468 1652 γέγονε
1492 1620 1687 1656 προτιμότερον.
1704 1621 1746 1649 Μὴ
1769 1622 1854 1646 τοίνυν
1872 1621 1944 1657 ἡμᾶς

1147 1661 1374 1698 κατασοφιζέσθω,
1400 1660 1470 1698 μηδὲ
1495 1664 1562 1699 μετὰ
1590 1668 1639 1690 τῶν
1669 1663 1749 1690 ἄλλων
1765 1667 1810 1691 καὶ
1833 1668 1881 1694 τὴν
1900 1668 1943 1695 σὴν

1147 1707 1352 1743 παρακρουέσθω
1372 1709 1496 1744 φρόνησιν
1514 1719 1520 1724 -
1550 1707 1613 1735 ἀλλὰ
1634 1710 1757 1746 σύντομον
1781 1711 1843 1747 ἡμῖν
1867 1710 1942 1747 λόγον

1148 1751 1325 1778 ἁποστειλάτω
1347 1753 1412 1789 πρὸς
1425 1754 1454 1778 τὸ
1474 1751 1605 1789 ἐρώτημα,
1626 1754 1640 1784 ἦ
1667 1754 1798 1791 ὁμολογῶν
1823 1757 1869 1784 τὴν
1885 1766 1945 1782 κοι-

1146 1799 1235 1823 νωνίαν
1257 1798 1320 1833 πρὸς
1342 1799 1402 1828 τοὺς
1426 1797 1538 1834 ἐχθροὺς
1561 1802 1608 1830 τῆς
1634 1801 1754 1833 πίστεως,
1779 1801 1792 1830 ἣ
1816 1799 1942 1838 ἀρνούμε-

1146 1851 1200 1872 νος.
1235 1841 1292 1867 Ἐὰν
1321 1845 1404 1868 ταῦτα
1429 1845 1576 1880 συμπείσῃς
1598 1843 1685 1878 αὐτὸν,
1702 1847 1747 1871 καὶ
1772 1845 1879 1882 πέμψῃς
1901 1856 1944 1882 μοι

1146 1886 1236 1922 ὀρθὰς,
1252 1888 1297 1912 καὶ
1325 1887 1382 1917 οἰας
1407 1888 1530 1923 εὔχομαι,
1558 1889 1602 1918 τὰς
1632 1887 1794 1925 ἀποκρίσεις·
1811 1889 1860 1925 ἐγὼ
1892 1891 1945 1927 εἰμι

1147 1933 1159 1958 ὁ
1181 1933 1214 1958 τὰ
1235 1933 1343 1958 κατόπιν
1358 1933 1443 1958 πάντα
1462 1933 1628 1970 ἡμαρτηκὼς·
1644 1933 1693 1970 ἐγὼ
1714 1933 1830 1972 δέχομαι
1853 1939 1943 1963 πᾶσαν

1146 1978 1193 2006 τὴν
1229 1976 1313 2003 αἰτίαν
1351 1976 1446 2006 ἐκείνην
1473 1976 1511 2004 ἐπ’
1538 1979 1658 2014 ἐμαυτόν
1686 1981 1743 2006 τότε
1779 1989 1811 2016 με
1838 1981 1946 2007 ἀπαίτει

1146 2022 1384 2059 ταπεινοφροσύνης
1409 2020 1546 2054 ἐπίδειξιν.
1574 2022 1639 2054 Ἕως
1663 2021 1688 2049 δ’
1715 2023 1745 2049 ἆν
1767 2023 1851 2060 μηδὲν
1866 2029 1945 2061 Viam-

1146 2077 1190 2093 ται
1211 2068 1318 2100 τούτων,
1336 2067 1476 2102 σόγγνωθι,
1501 2067 1679 2103 θεοφιλέστατε
1697 2069 1791 2106 Πάτερ,
1808 2072 1844 2106 μὴ
1863 2068 1944 2097 dwa-

1146 2114 1212 2148 μένῳ
1241 2111 1304 2148 μετὰ
1322 2111 1484 2149 ὑποκρίσεως
1510 2112 1692 2150 θυσιαστηρίῳ
1717 2117 1783 2140 Θεοῦ
1808 2117 1944 2152 παρεστά-

1146 2167 1188 2182 ναι
1211 2156 1278 2191 (82)·
1299 2156 1329 2182 Εἰ
1352 2157 1403 2193 γὰρ
1430 2159 1465 2192 μὴ
1492 2160 1567 2184 τοῦτο
1589 2157 1742 2194 ἐφοϐούμην,
1766 2161 1836 2191 τίνος
1864 2161 1942 2187 ἕνεκεν

1108 2200 1256 2247 1)ὶμαυτόν
1282 2199 1411 2238 ἱχωριζον
1435 2201 1575 2235 Εὖῑππίου,
1602 2204 1719 2229 τοιούτου
1747 2205 1792 2239 μὶν
1824 2206 1859 2230 τὰ
1887 2207 1943 2242 περὶ

1147 2246 1246 2281 λόγους,
1260 2249 1383 2272 τοσοῦτον
1409 2244 1439 2272 6":
1464 2248 1552 2283 χρόνῳ
1569 2249 1622 2280 (83)
1636 2250 1804 2283 προήκοντας,
1825 2254 1942 2276 τοσαῦτα

1148 2288 1177 2317 δὲ
1210 2294 1257 2322 τῆς
1284 2292 1349 2328 πρὸς
1375 2291 1441 2327 ἡμᾶς
1457 2291 1543 2327 φιλίας
1563 2289 1655 2318 δίκαια
1673 2295 1830 2329 κεκτημένου
1847 2303 1854 2329 ς
1872 2295 1901 2322 Εἰ
1916 2293 1941 2320 δε

1170 2379 1313 2418 (βῳᾋπερ
1327 2379 1490 2418 ἀπέστειλαςῖ
1499 2380 1520 2412 Ο
1526 2381 1643 2408 uamvis
1651 2381 1715 2409 haec
1722 2382 1875 2418 scriptura
1882 2382 1939 2411 solo

1141 2415 1325 2454 Coisliniano
1340 2415 1582 2454 primornitatur,
1598 2424 1653 2444 nec
1676 2415 1806 2454 statuere
1825 2419 1938 2454 possim

1140 2458 1180 2490 an
1196 2451 1226 2478 in
1236 2451 1308 2490 aliis
1319 2453 1465 2490 occurrat,
1476 2459 1542 2490 eam
1557 2455 1657 2490 tamen
1669 2460 1730 2480 non
1748 2451 1858 2482 dubito
1870 2462 1940 2490 pree-

1140 2486 1299 2525 ferendam
1309 2494 1377 2525 esse
1387 2487 1524 2525 vulgatae,
1533 2487 1699 2525 ἐπειστῃλας,
1707 2496 1774 2525 qua!
1786 2486 1938 2525 scripsisti.

1176 2523 1231 2557 (81)
1252 2522 1293 2552 Ὠς
1308 2523 1338 2548 ἄν
1351 2532 1387 2558 τῳ
1407 2521 1493 2554 δόξαι.
1516 2524 1559 2550 Ita
1579 2524 1668 2557 Harl.,
1695 2521 1781 2557 Med.,
1811 2521 1935 2553 Clarom.

1139 2560 1168 2585 et
1182 2557 1232 2586 alii
1248 2566 1266 2586 a
1281 2557 1460 2586 Combeﬁsio
1476 2559 1575 2595 citati.»
1585 2559 1660 2588 Editi
1674 2561 1709 2590 ὡς
1723 2559 1793 2595 αὐτῷ
1809 2559 1896 2593 δόξαι.

1175 2595 1230 2630 (82)
1251 2595 1423 2630 Παριστάναι.
1443 2596 1485 2621 Ita
1500 2593 1588 2622 Coisl.
1605 2595 1720 2630 primus
1736 2598 1764 2623 et
1776 2593 1856 2624 Harl.
1871 2603 1936 2624 cum

1139 2629 1261 2666 duobus
1277 2629 1352 2658 aliis.
1369 2629 1443 2657 Editi
1471 2629 1639 2666 παριστάναι.
1656 2630 1765 2666 Regius
1783 2632 1934 2660 secundus

1138 2667 1167 2693 et
1177 2665 1264 2703 Coisl.
1281 2665 1431 2693 secundus
1446 2667 1636 2703 παρίστασθαι.

1173 2702 1228 2735 (83)
1250 2704 1349 2736 Χρόνῳ.
1362 2703 1403 2729 lta
1413 2703 1471 2729 tres
1482 2702 1675 2729 vetustissimi
1686 2702 1818 2735 codices.
1832 2703 1935 2731 melius

1138 2727 1235 2777 quas
1247 2727 1316 2777 eam
1325 2727 1434 2774 χρέως
1445 2727 1566 2766 imas;
1573 2727 1771 2776 ganeas;
1778 2727 1934 2776 iga-.2115;

1137 2779 1190 2800 sex
1205 2774 1237 2801 ut
1251 2774 1283 2801 in
1294 2774 1387 2802 textu.
