1998 3145
271 102 323 130 559

958 100 976 129 S
983 121 990 128 .
1015 100 1139 128 BASILII
1156 101 1266 132 MAGNI
1895 111 1938 139 560

270 164 369 192 Filius
381 167 434 198 est,
445 163 540 192 Filius
554 170 622 191 vero
634 163 774 197 ﬁlialiter
787 163 891 192 Pater.
902 163 1001 199 Atque
1015 163 1090 191 simi-

1155 167 1204 191 Καὶ
1219 166 1344 197 ὡσαύτως
1359 166 1399 194 ἰπὶ
1415 171 1460 194 τοῦ
1476 169 1634 204 Πνιύματος,
1648 170 1714 195 καθὸ
1730 167 1764 199 δὴ
1780 171 1817 202 εἷς
1845 173 1907 202 Θεὸς
1925 174 1938 202 ἡ

272 210 342 238 liter
356 210 393 237 de
400 209 516 244 Spiritu
529 217 536 242 ;
553 211 698 244 quatenus
712 216 785 237 sane
804 216 881 236 unus
897 209 974 237 Deus
998 208 1095 236 Trini-

272 258 318 283 tas
337 257 392 282 est.
406 254 473 281 Haec
487 256 557 282 sunt
582 261 651 289 quas
665 253 872 288 divulgantur,
889 261 958 289 qum
972 252 1096 289 quidem

270 306 430 335 nunquam
443 306 568 335 possum
579 298 699 326 credere
709 300 883 326 commenta
893 305 958 326 esse
970 297 1096 325 circum-

271 343 439 378 ferentium,
455 342 594 379 quamvis
608 350 644 371 ex
669 350 774 371 eorum
800 343 831 370 in
859 350 915 371 nos
943 342 1096 370 calumnia

270 388 344 416 nihil
359 388 425 416 illos
439 388 607 416 existimem
623 395 686 416 non
710 387 835 416 audere.
859 388 933 415 Cum
961 387 1041 415 enim
1056 386 1096 415 ad

270 433 422 470 quosdam
433 440 468 461 ex
480 432 542 460 suis
552 432 725 465 scriberent,
739 434 898 468 postquam
910 431 1096 460 calumniam

269 477 301 505 in
315 485 372 505 nos
401 476 543 510 effudere,
572 476 637 504 haec
666 476 860 510 addiderunt,
885 476 1095 504 haereticorum

270 521 395 558 quidem
413 521 507 549 verba
530 528 599 548 esse
628 523 849 556 asseverantes,
871 520 974 556 scripti
994 522 1096 548 autem

270 568 425 603 parentem
442 567 582 600 tacentes,
593 567 627 593 ut
646 565 729 601 apud
744 565 852 600 vulgus
877 573 932 593 nos
948 565 1095 594 existime-

270 618 339 639 mur
352 613 489 638 auctores
505 617 581 637 esse.
604 609 660 638 Sed
676 612 775 637 tamen
802 617 864 638 non
891 618 927 638 eo
940 617 1048 646 usque,
1064 611 1096 638 ut

269 655 363 684 verba
369 654 877 691 comminiscerentur,processisset
885 663 989 683 eorum
997 657 1093 687 astus,

270 702 303 728 ut
317 699 391 728 mihi
404 699 528 736 quidem
554 698 617 735 ipse
632 699 812 736 persuadeo.
839 699 931 734 Unde,
956 700 1042 735 221
1063 701 1096 728 ut

270 747 299 773 et
317 744 558 772 criminationem
581 743 612 772 in
635 751 692 772 nos
719 743 953 772 invalescentem
972 743 1093 780 propul-

269 797 418 823 saremus,
445 791 474 817 et
497 788 638 817 omnibus
662 788 889 817 ostenderemus
912 788 986 816 nihil
1005 788 1093 817 nobis

1151 210 1238 247 Τριάς.
1254 212 1342 237 Ταῦτά
1357 211 1414 239 ἐστι
1425 213 1458 238 τὰ
1470 212 1654 249 θρυλλούμενα,
1665 213 1682 240 ἀ
1697 213 1820 242 οὐδέποτε
1834 215 1940 253 δύναμαι

1150 258 1291 282 πιστεῦσαι
1306 256 1449 293 πλάσματα
1459 256 1525 284 εἶναι
1536 261 1586 283 τῶν
1597 261 1782 295 περιφερόντων
1792 261 1860 296 (89),
1871 262 1892 287 εἰ
1902 265 1940 288 καὶ

1151 299 1190 325 ὅτι
1205 299 1233 326 ἔκ
1247 305 1295 331 τῆς
1305 302 1363 328 καθ’
1376 303 1449 338 ἡμῶν
1463 303 1517 338 (90)
1535 306 1709 340 συκοφαντίας
1718 303 1793 331 οὐδὲν
1808 305 1941 343 λογίζομαι

1151 344 1238 375 αὐτοῖς
1253 345 1398 382 ἁτόλμητον
1421 346 1495 375 εἶναι.
1516 348 1656 385 Γράφοντις
1677 350 1728 386 γάρ
1751 359 1807 377 τισι
1821 355 1868 377 τῶν
1889 352 1941 378 καθ’

1151 388 1267 424 ἑαυτοὺς,
1282 393 1327 417 καὶ
1339 392 1491 427 προσθέντες
1506 393 1563 427 (91)
1581 395 1627 422 τήν
1640 394 1699 420 καθ’
1717 395 1789 430 ἡμῶν
1811 393 1940 429 διαϐολὴν,

1151 432 1280 471 ὶπήγαγον
1289 439 1379 471 ταῦτα,
1383 437 1414 473 ῥὴ
1418 446 1489 472 ματα
1499 438 1543 473 μὲν
1554 437 1690 475 αἰρετικὼν
1697 439 1870 475 ὀνομάσαντες
1878 441 1941 475 (92),

1151 480 1194 504 τὸν
1209 477 1239 505 δὲ
1253 482 1353 517 πατέρα
1367 485 1412 511 τῆς
1428 486 1583 518 συγγραφῆς
1598 481 1824 520 ἀποκρυψάμενοι,
1841 485 1883 510 ἳνα
1896 489 1943 515 τοῖς

1150 523 1250 554 πολλοῖς
1265 525 1339 561 ἡμεῖς
1363 526 1525 562 νομισθὼμεν
1553 525 1618 553 εἶναι
1643 528 1668 553 οἱ
1693 527 1862 565 λογογράφοι.
1879 530 1944 559 Πλὴν

1151 567 1203 594 ἀλλ’
1218 569 1266 595 οὐκ
1280 568 1310 595 ἂν
1325 572 1407 607 μέχρι
1419 574 1465 596 τοῦ
1480 573 1524 596 καὶ
1543 571 1648 608 ῥήματα
1670 573 1801 599 συνθεῖναι
1822 574 1944 610 προῆλθεν

1150 612 1234 639 αὐτῶν
1247 614 1262 642 ἠ
1279 613 1389 648 ἐπίνοια,
1405 615 1440 644 ῶς
1452 624 1481 650 γε
1491 614 1601 651 ἐμαυτὸν
1616 617 1709 644 πείθω.
1726 616 1812 649 Ὀθεν,
1828 618 1892 655 ὑπὲρ
1903 622 1944 644 τοῦ

1149 659 1194 683 καὶ
1207 660 1254 686 τὴν
1266 658 1326 684 καθ’
1341 659 1413 694 ἡμῶν
1428 657 1576 695 κρατοῦσαν
1591 659 1761 697 βλασφημίαι
1777 661 1943 696 ἀπώσασθαι,

1149 704 1194 728 καὶ
1210 700 1295 733 δεῖξαι
1307 706 1398 737 πᾶσιν,
1412 705 1447 735 ὡς
1459 702 1535 730 οὐδὲν
1548 705 1610 741 ἡμῖν
1626 706 1682 732 ἐστι
1695 708 1780 732 κοινὸν
1801 708 1868 744 πρὸς
1889 709 1946 739 τοὺς

1149 745 1229 773 έκεῖνο
1243 746 1371 782 λέγοντας,
1387 748 1589 785 ἠναγκάσθημεν
1609 751 1759 786 μνησθῆναι
1782 755 1828 777 τοῦ
1844 750 1944 789 ἀνδρὸς,

1149 791 1184 821 ὡς
1197 792 1416 828 προσηγίζοντος
1426 791 1458 829 τῇ
1471 792 1576 830 ἀσεϐείᾳ
1585 798 1630 821 τοῦ
1645 794 1792 824 Σαϐελλίου.
1806 797 1855 822 Καὶ
1867 800 1945 823 ταῦτα

269 841 340 862 cum
355 832 403 861 his
416 833 468 869 qui
480 833 539 861 hoc
549 832 653 861 dicunt
668 840 830 860 commune
849 840 926 867 esse,
938 833 1032 861 coacti
1046 840 1090 860 su-

1153 837 1193 862 u'na
1209 836 1242 867 εἰς
1256 841 1390 865 τοσοῦτον.

268 886 338 906 mus
352 877 408 906 viri
418 877 548 911 illius,ut
557 877 597 905 ad
609 877 729 905 Sabellii
745 877 930 914 impietatem
946 877 1093 905 acceden-

268 922 318 956 tis,
333 922 518 950 mentionem
541 921 652 950 facere.
673 923 706 949 Et
716 922 778 950 haec
800 921 924 958 quidem
935 922 1091 950 hactenus.

304 969 330 994 2.
347 966 428 994 Venit
443 968 545 994 autem
559 974 596 994 ex
611 965 683 994 aula
700 966 828 1002 quidam
843 966 997 1002 nuntians,
1024 968 1094 1002 post

267 1011 399 1048 primam
418 1011 608 1047 imperatoris
635 1010 812 1044 motionem,
840 1011 879 1039 ad
903 1019 997 1047 quam
1023 1019 1093 1039 eum

267 1056 453 1092 impulerunt
470 1055 524 1091 qui
542 1055 712 1084 calumnias
731 1055 820 1083 nobis
838 1055 979 1088 inferunt,
1000 1055 1094 1084 latam

268 1109 334 1129 esse
347 1100 472 1128 alteram
487 1100 656 1136 quamdam
672 1099 860 1132 sententiam,
876 1102 955 1128 utne
970 1100 1095 1128 dedere-

267 1153 337 1173 mur
351 1145 591 1179 accusatoribus,
606 1153 705 1181 neque
716 1145 835 1173 illorum
844 1144 1032 1173 traderemur
1041 1153 1094 1173 vo-

266 1189 394 1219 luntati:
409 1188 441 1217 id
458 1189 542 1225 quod
554 1189 637 1217 initio
651 1189 748 1217 fuerat
763 1189 916 1217 decretum
930 1199 936 1222 ;
953 1189 1006 1218 sed
1021 1190 1093 1217 inte-

267 1233 325 1262 rim
339 1233 423 1261 ﬁeret
433 1233 535 1269 aliqua
549 1232 663 1261 dilatio.
686 1233 714 1261 Si
729 1233 819 1268 igitur
840 1236 892 1261 aut
905 1234 961 1261 ista
975 1233 1016 1262 ita
1032 1242 1093 1262 ma-

268 1280 369 1312 neant,
385 1280 438 1306 aut
451 1277 565 1314 aliquid
580 1277 661 1306 aliud
676 1277 842 1306 humanius
858 1280 1015 1313 statuatur,
1030 1279 1092 1314 pie-

267 1323 321 1352 tati
333 1325 390 1351 ture
402 1322 649 1358 signiﬁcabimus.
667 1322 719 1351 Sin
731 1324 833 1351 autem
846 1322 947 1359 priora
960 1323 1091 1357 vincent,

267 1376 306 1397 ne
319 1368 378 1397 hoc
391 1367 515 1404 quidem
527 1369 555 1395 te
564 1366 681 1396 latebit.

303 1415 329 1441 3.
345 1414 492 1441 Ceterum
512 1411 601 1440 frater
624 1412 840 1441 Sanctissimus
864 1421 883 1440 a
904 1412 1001 1440 multo
1019 1420 1091 1441 sane

267 1459 401 1494 tempore
416 1456 498 1493 apud
512 1464 566 1484 vos
581 1458 633 1492 est,
651 1459 679 1484 et
693 1456 768 1493 quid
780 1456 924 1493 requirat,
945 1459 1091 1492 praestan-

1185 963 1211 988 2.
1229 961 1293 987 Ἀπὸ
1310 959 1338 987 δὲ
1353 965 1399 988 τοῦ
1411 961 1590 999 στρατοπέδου
1603 963 1650 992 ἧκέ
1659 973 1697 994 τις
1710 963 1850 1000 ἀγγέλλων,
1863 967 1907 992 ἐπὶ
1917 970 1943 1002 τῇ

1148 1008 1237 1042 πρώτῃ
1261 1008 1363 1035 κινήσει
1384 1010 1430 1032 τοῦ
1454 1011 1619 1043 κρατοῦντος,
1644 1008 1673 1037 ἢν
1693 1010 1816 1038 ἐκίνησαν
1831 1009 1913 1036 αὑτὸν
1926 1011 1946 1036 οἱ

1147 1051 1193 1081 τὰς
1208 1048 1333 1082 διαϐολὰς
1347 1052 1420 1087 ἡμῶν
1446 1051 1502 1087 (93)
1517 1055 1698 1088 καταχέοντες,
1717 1055 1878 1089 γεγενῆσθαί
1893 1065 1947 1081 τινα

1148 1094 1193 1121 καὶ
1208 1093 1330 1133 δευτέραν
1343 1098 1456 1132 γνώμην,
1472 1097 1539 1123 ὦοτε
1562 1099 1598 1133 μὴ
1616 1096 1726 1128 δοθῆναι
1741 1099 1808 1134 ἡμᾶς
1823 1097 1947 1131 ὰδὸτους

1148 1143 1202 1170 τοῖς
1214 1142 1379 1177 κατηγόροις,
1403 1143 1469 1177 μήτε
1496 1139 1681 1178 παραδοθῆναι
1706 1143 1776 1179 ἡμᾶς
1790 1147 1827 1178 τῷ
1847 1143 1946 1170 ἐκείνων

1150 1183 1285 1220 θελήματι,
1298 1185 1358 1221 ὅπερ
1370 1183 1400 1214 ἦν
1411 1184 1438 1216 ἐξ
1449 1184 1535 1222 ἀρχῆς
1546 1186 1648 1223 ὁρισθέν
1661 1197 1667 1203 -
1680 1186 1744 1213 ἀλλα
1754 1197 1811 1213 τινα
1825 1190 1946 1224 γενέσθαι

1147 1231 1208 1259 τέως
1223 1228 1359 1258 ἀναϐολήν.
1372 1230 1430 1256 Ἐὰν
1442 1228 1485 1256 οὖν
1499 1231 1513 1260 ἦ
1528 1235 1611 1257 ταῦτα
1620 1233 1695 1268 μένῃ,
1707 1232 1721 1261 ἣ
1737 1233 1833 1258 τούτων
1844 1243 1871 1259 τι
1885 1232 1944 1269 δόξῃ

1148 1273 1394 1311 φιλανθρωπότερον,
1421 1277 1585 1311 σημανοῦμεν
1609 1285 1657 1302 σου
1681 1280 1712 1312 τῇ
1732 1276 1878 1314 θεοσεϐείᾳ.
1893 1278 1946 1305 Ἐὰν

1148 1316 1178 1345 δὲ
1191 1323 1273 1356 κρατῇ
1290 1321 1323 1346 τὰ
1336 1322 1460 1357 πρότερα,
1476 1318 1539 1347 οὐδὲ
1553 1323 1629 1348 τοῦτό
1641 1331 1670 1348 σι
1683 1321 1802 1351 λήσεται.

1182 1409 1208 1436 3.
1231 1407 1261 1433 Ὀ
1286 1410 1374 1444 μέντοι
1398 1407 1509 1445 ἁδε)φός
1540 1412 1734 1446 Σαγκτίσσιμος
1760 1412 1862 1442 πάντως
1893 1412 1946 1438 ἐστὶ

1145 1452 1208 1488 παρ’
1234 1453 1294 1488 ὑμῖν
1322 1453 1412 1489 πάλαι,
1433 1457 1478 1480 καὶ
1508 1453 1525 1480 ἆ
1553 1454 1679 1491 ἐπιζητεῖ,
1711 1453 1780 1485 δῆλα
1805 1458 1896 1492 γέγονε
1915 1460 1943 1492 τῇ

268 1503 315 1531 tias
326 1504 384 1530 tum
397 1501 536 1529 innotuit.
552 1502 666 1537 Itaque,
684 1501 708 1529 si
731 1500 805 1537 quid
820 1502 1023 1529 necessarium
1037 1501 1089 1530 ha-

1153 1496 1286 1526 rslstérnri
1317 1507 1374 1525 σου.
1396 1498 1425 1524 Εἰ
1455 1496 1498 1525 οὖν
1528 1501 1644 1535 φαίνεται
1671 1499 1811 1535 ἀναγκαῖόν
1831 1510 1858 1526 τι
1879 1502 1946 1536 ἔχειν

267 1547 338 1575 bere
353 1545 489 1573 videatur
503 1544 629 1581 epistola
648 1544 688 1573 ad
708 1544 923 1579 Occidentales,
942 1552 1010 1573 eam
1025 1552 1044 1572 a
1063 1546 1090 1573 te

267 1591 423 1619 exaratam
438 1589 477 1617 ad
492 1596 548 1617 nos
563 1589 678 1617 mittere
691 1588 834 1624 digneris,
846 1592 878 1617 ut
888 1589 927 1617 ab
938 1589 1091 1617 unanimi-

267 1635 326 1664 bus
350 1633 502 1662 subscribi
521 1641 672 1667 curemus,
698 1641 733 1662 ac
759 1636 898 1670 paratam
921 1634 1092 1662 habeamus

268 1678 520 1715 subscriptionem
530 1678 561 1706 in
571 1678 675 1707 charta
684 1681 929 1714 separata,quam
939 1678 1092 1714 possimus

268 1725 445 1753 connectere
459 1731 529 1752 cum
548 1723 653 1752 charta
663 1731 733 1759 qua:
749 1731 768 1751 a
781 1722 871 1751 fratre
885 1725 988 1751 nostro
1012 1731 1091 1750 com-

267 1768 444 1807 presbytero
458 1767 677 1797 circumfertur.
693 1769 754 1803 Ego
774 1767 854 1795 enim
870 1775 940 1795 cum
964 1768 996 1795 in
1010 1776 1092 1796 com-

268 1814 415 1844 mentario
429 1813 502 1842 nihil
519 1813 686 1842 invenirem
709 1811 794 1849 quod
816 1820 881 1840 rem
905 1820 1091 1849 causamque

267 1859 442 1894 contineret,
455 1865 516 1887 non
531 1857 626 1887 habui
640 1864 702 1894 qua
723 1856 760 1884 de
775 1864 807 1885 re
827 1856 988 1885 scriberem
1011 1857 1092 1886 Occi-

304 1957 360 1993 (89)
379 1957 578 1993 Περιφεροντων.
595 1956 644 1993 lta_
654 1961 706 1993 se;
719 1962 794 1993 mss.
810 1954 891 1993 Editi
901 1964 1088 1993 πρεφεροντων.

268 1990 407 2021 Siniiliter
415 1990 545 2019 Basilius
554 1990 585 2018 in
598 1990 683 2021 epist.
695 1992 746 2018 265
759 1998 821 2018 non
833 1990 924 2019 audet
935 1990 1090 2020 Eustathio

267 2030 386 2057 tantum
408 2026 523 2054 facinus
550 2026 710 2054 attribuere
727 2034 733 2053 :
751 2028 781 2054 at
796 2026 821 2053 si
837 2026 900 2054 haec
922 2026 1015 2054 verba
1031 2027 1090 2055 sint

266 2062 440 2099 Apolinarii,
455 2069 573 2089 merum
589 2061 854 2099 Sabellianisimum»
866 2069 932 2089 esse
957 2069 1089 2099 pronun-

266 2096 330 2127 tiat.
343 2098 486 2132 Citantur,
498 2099 529 2133 ut
536 2096 709 2133 Apolinarii,
724 2105 742 2125 a
751 2097 904 2125 Timotheo
912 2096 1089 2133 presbytero

267 2132 597 2170 Constantinopolitano
611 2133 642 2160 in
653 2132 728 2160 libro
741 2133 784 2161 De
795 2132 963 2170 (emptione
973 2132 1089 2170 haereti-

267 2168 783 2217 coria]:,ﬂaplu‘d'Cotelerium,to‘uiyll
789 2169 1086 2217 ltlo*72.u.‘rnent.'Gravc..,
1102 2190 1123 2217 Β

290 2227 297 2234 .
305 2208 366 2234 395.
377 2203 434 2234 sed
444 2207 545 2233 tamen
554 2204 584 2232 in
593 2204 764 2240 Apolinario
777 2203 896 2232 licentia
904 2205 1001 2239 magis
1012 2205 1087 2232 scri-

288 2241 369 2272 endi,
384 2248 477 2275 quam
494 2239 663 2268 Sabelliana
678 2239 816 2275 impietas
830 2239 1042 2275 vituperanda.
1056 2241 1087 2268 ld

265 2277 346 2305 enim
362 2275 500 2304 videntur
524 2275 658 2303 indicare
675 2275 846 2311 Orientales,
864 2275 937 2303 dum
953 2276 984 2303 in
999 2276 1085 2311 epist.

265 2311 364 2340 Basilii
369 2313 420 2347 2763
430 2312 606 2347 queruntur,
614 2310 697 2347 quod
701 2310 867 2347 Apolinarii
878 2310 913 2339 de
924 2310 1084 2346 theologia,

264 2347 294 2375 id
305 2349 359 2380 est,
373 2346 410 2374 de
420 2346 555 2382 personis
561 2346 905 2382 divinis,disputationes
916 2353 976 2374 non
988 2348 1085 2380 petitis

265 2390 280 2411 ε
286 2381 446 2417 Scriptura
452 2382 687 2417 probationibus,
695 2381 746 2417 sed
754 2381 892 2409 humanis
899 2383 1085 2417 argumentis

263 2416 414 2447 nitantur.
428 2417 593 2445 Plurimum
606 2425 637 2445 se
660 2416 803 2445 amabant
828 2416 1034 2452 Apolinaristee
1048 2418 1085 2446 de

263 2453 411 2483 catholica
424 2453 571 2481 Trinitatis
584 2452 656 2486 ﬁde,
665 2460 701 2480 ac
714 2452 753 2488 de
768 2452 859 2487 hujus
869 2452 1020 2488 dogmatis
1035 2453 1085 2481 de-

262 2489 409 2522 fensione,
424 2491 456 2517 ut
468 2489 568 2517 videre
583 2491 626 2516 est
641 2487 723 2523 apud
737 2488 856 2523 Gregor.
872 2487 951 2521 Nai,
964 2490 1038 2516 orat.
1052 2491 1082 2516 51

261 2527 364 2564 Neque
377 2525 456 2552 hanc
479 2524 603 2564 laudem
625 2522 801 2564 Apolinario‘
815 2522 944 2564 denegat
959 2523 1085 2564 Epipha-

260 2558 341 2595 niu's,
356 2561 462 2589 haeres.
478 2563 523 2594 77,
540 2559 594 2586 sed
620 2558 701 2586 delet
720 2558 804 2595 quod
821 2566 888 2595 eam
916 2558 1019 2594 impiis
1045 2559 1083 2587 de

260 2594 367 2624 Incarn
371 2596 470 2624 atione
476 2594 814 2630 erroribusperverterit.
822 2594 903 2622 Adeo
909 2598 1010 2623 autem
1021 2603 1083 2623 non

258 2631 419 2661 laborabat
428 2630 548 2660 Sabellii
557 2629 664 2657 morbo
677 2629 878 2665 Apolinarius,
888 2633 919 2658 ut
931 2631 1083 2659 interdum

259 2668 290 2695 in
319 2668 464 2695 Arianam
491 2666 629 2694 haeresim
651 2665 720 2693 ferri
744 2665 903 2699 videretur,
920 2666 1033 2701 gradus
1051 2666 1083 2694 in

258 2703 397 2731 'l‘rinitate
417 2702 546 2738 ﬁngens,
561 2703 589 2738 et
607 2708 765 2738 magnum,
782 2701 928 2738 majorem
948 2705 976 2730 et
990 2702 1084 2730 maxi-

258 2736 572 2771 muminducens,utei
580 2736 763 2773 exprobrant
769 2737 926 2772 Gregorius
933 2738 1081 2773 Nazianz.,

257 2775 333 2804 orat.
348 2775 392 2809 5t,
405 2776 434 2803 et
446 2771 661 2809 Theodoretus,
675 2771 727 2801 lib.
744 2780 761 2799 v
778 2773 868 2807 Hist,
885 2781 910 2801 ο.
927 2775 953 2802 3.

1145 1543 1160 1571 ἡ
1192 1543 1257 1579 πρὸς
1292 1544 1350 1573 τοὺς
1381 1541 1503 1574 δυτικοὺς
1533 1543 1668 1578 ἐπιστολὴ,
1701 1545 1867 1576 καταξίωσον
1901 1556 1946 1572 τν-

1145 1588 1237 1617 πώσας
1256 1586 1338 1616 αὐτὴν
1362 1586 1566 1624 διαπέμψασθαι
1582 1589 1637 1624 (94)
1652 1589 1727 1625 ἡμῖν,
1743 1590 1811 1616 ὥστε
1834 1595 1946 1620 ποιῆσαι

1146 1631 1329 1668 ὑπο-γραφῆναι
1354 1633 1426 1668 παρὰ
1450 1631 1499 1659 τῶν
1515 1633 1670 1669 ὀμοψύχων,
1685 1635 1730 1660 καὶ
1755 1633 1862 1670 ἑτοίμην
1879 1636 1947 1671 ἔχειν

1146 1677 1192 1704 τὴν
1217 1676 1379 1712 ὑπογραφὴν,
1405 1676 1429 1703 ἐν
1450 1679 1538 1714 χαρτῃ
1560 1680 1747 1715 κεχωριτμὲδῳ
1761 1678 1819 1714 (95)
1847 1679 1946 1705 ἐντετυ-

1146 1722 1275 1756 πωμένην,
1301 1721 1328 1747 ὃν
1353 1719 1487 1758 δυνάμεθα
1507 1722 1622 1758 συνάψαι
1646 1726 1682 1758 τῷ
1706 1724 1779 1759 παρὰ
1800 1727 1847 1749 τοῦ
1875 1722 1947 1750 ἀδελ-

1146 1769 1194 1801 φοῦ
1218 1766 1290 1801 ἡμῶν
1316 1767 1369 1802 (96)
1385 1771 1430 1793 τοῦ
1455 1767 1686 1804 συμπρεσϐυτέρου
1702 1769 1942 1805 περικομιζομένῳ.

1146 1809 1213 1846 Ἐγὼ
1237 1812 1282 1847 μὲν
1303 1811 1364 1848 γὰρ,
1393 1810 1469 1838 οὐδὲν
1499 1813 1578 1850 εὑρὼν
1601 1813 1658 1847 (97)
1683 1814 1834 1839 συνεκτικὸν
1861 1813 1889 1840 ἐν
1913 1817 1947 1848 τῷ

1146 1856 1345 1892 ύπομνηστικῷ,
1372 1855 1419 1882 οὐκ
1442 1858 1523 1893 ἔσχον
1550 1857 1613 1894 ὑπὲρ
1629 1857 1660 1883 οὖ
1682 1856 1819 1884 ἐπιστείλω
1843 1862 1899 1889 τοῖς
1922 1858 1946 1884 ἐν

1180 1955 1237 1994 (90)
1252 1953 1319 1994 Καθῖ
1324 1954 1408 1994 ᾑμῶν.
1420 1955 1489 1994 Tres
1502 1954 1693 1994 vetustissimi
1703 1954 1823 1994 codices
1833 1958 1864 1983 et
1874 1957 1946 1990 Reg.

1167 1989 1260 2026 rimus
1272 1989 1329 2026 καθ’
1342 1990 1420 2026 ἡμᾶς.
1444 1989 1492 2026 Sic
1502 1990 1598 2026 etiam
1621 1990 1712 2018 editio
1727 1992 1844 2025 Hagan.
1875 1994 1906 2020 et
1922 1989 1944 2019 ﬁt

1168 2025 1232 2053 asil.
1251 2025 1308 2053 Sed
1323 2027 1425 2052 tamen
1436 2025 1510 2053 nihil
1524 2026 1705 2054 mutandum
1719 2025 1846 2054 videtur.

1178 2061 1236 2096 (91)
1252 2061 1419 2097 Προσθέντες.
1433 2061 1520 2089 Coisl.
1540 2061 1691 2090 secundus
1703 2063 1733 2090 et
1751 2063 1822 2097 Reg.
1838 2070 1950 2090 secun-

1142 2095 1199 2124 dus
1209 2095 1353 2133 προθῖντις.

1143 2167 1159 2198 ζ
1178 2132 1234 2168 (92)
1251 2132 1450 2168 ’ονομοίσαντες,
1482 2134 1525 2160 tta
1552 2140 1602 2160 sex
1637 2141 1711 2161 mss.
1746 2133 1824 2161 Editi
1849 2133 1947 2170 ὄνομα·

1160 2177 1237 2198 οντες,

1160 2177 1237 2198 οντες,

1177 2203 1233 2241 (93)
1248 2203 1403 2241 :Hludw._ltu
1417 2205 1532 2241 veteres
1547 2203 1614 2232 libri
1626 2211 1682 2240 pro
1695 2211 1730 2232 eo
1741 2204 1825 2241 quod
1836 2205 1946 2234 vitiose

1139 2238 1170 2266 in
1187 2238 1272 2266 editis
1281 2238 1442 2273 legebatur
1454 2240 1526 2275 ἡμῖν.

1176 2274 1231 2311 (9-4)
1263 2273 1477 2311 Καταξίωσον...’
1505 2273 1718 2311 διαπέμψασθαι.
1752 2277 1796 2304 Ita
1825 2279 1945 2304 veteres

1139 2309 1208 2347 libri
1222 2310 1458 2347 quinquesEditi
1471 2309 1629 2347 xaruEiaio.t.
1655 2309 1818 2347 διαπέμψαι.
1844 2312 1943 2339 Editio

1140 2345 1346 2380 Haganoensis
1371 2345 1462 2374 habet
1485 2346 1660 2377 καταξίωσαν.
1685 2345 1779 2375 Paris.
1805 2347 1944 2375 secunda

1140 2381 1313 2412 καταξίωσον.

1175 2417 1452 2455 (9ὅ)1(εχωρισμένῳ.
1466 2415 1646 2445 Addidimus
1670 2417 1749 2445 hanc
1774 2425 1883 2446 vocem
1906 2426 1943 2446 ex

1139 2460 1191 2480 36X
1206 2461 1282 2480 mss.

1175 2489 1232 2522 (96)
1246 2491 1297 2514 Τοῦ
1314 2486 1425 2524 ἀδελφοῦ
1442 2489 1523 2524 ἡμῶν.
1546 2488 1618 2517 Male
1641 2488 1672 2516 in
1695 2488 1827 2517 editione
1847 2489 1942 2517 Paris.

1139 2523 1415 2564 additurAmfoeééu,
1429 2524 1512 2564 quod
1538 2524 1567 2564 in
1578 2524 1840 2564 editioneﬂagan.
1865 2528 1898 2553 et
1913 2525 1944 2552 in

1138 2559 1237 2595 prima
1251 2559 1412 2587 Basileensi
1424 2559 1517 2592 deest,
1533 2562 1562 2587 et
1576 2560 1607 2587 in
1622 2559 1765 2587 omnibus
1780 2569 1866 2594 mss.,
1884 2568 1942 2588 nec

1138 2594 1289 2632 conciliari
1315 2597 1412 2631 potest
1427 2603 1504 2632 cum
1530 2595 1631 2632 Basilii
1650 2596 1807 2629 sententia,
1834 2604 1852 2624 a
1880 2603 1943 2632 quo

1138 2630 1350 2666 Sanctissimns
1365 2630 1456 2666 paulo
1467 2633 1536 2658 ante
1551 2630 1723 2666 nominatus
1738 2633 1793 2659 est.

1174 2666 1230 2702 (97)
1243 2664 1327 2702 Οὐδὲν
1342 2664 1436 2702 sia—pair.
1448 2668 1489 2694 ita
1499 2665 1589 2702 rQoisl.
1604 2665 1718 2702 primus
1735 2669 1763 2694 et
1778 2667 1850 2695 Med.
1866 2675 1942 2694 curn

1137 2701 1257 2739 duobus
1272 2701 1349 2739 aliis.
1371 2700 1450 2730 Harl.
1478 2700 1553 2728 οὐδὲν
1573 2700 1691 2739 εὗρον...,
1707 2704 1751 2729 καὶ
1771 2702 1819 2728 οὐκ
1843 2704 1941 2738 ἔσχον.

1137 2736 1213 2765 Editi
1228 2736 1280 2773 οὐχ
1295 2738 1385 2774 εὑρών.
