1998 3145
245 162 297 190 863

943 157 971 187 8.
993 155 1117 185 BASILH
1135 155 1244 185 MAGNI

1877 161 1941 189 564

246 224 312 261 ipse
325 231 344 253 a
361 224 464 252 nostra
478 221 691 252 communione
705 220 947 257 abscidit,neque
958 219 987 247 in
1002 226 1073 246 con-

1130 217 1160 248 ἂς
1190 219 1250 245 καθ’
1274 220 1347 256 ἡμῶν
1381 219 1528 257 συνέγραψε
1556 217 1782 256 διαπεμψάμενος.
1811 224 1862 252 Τῆς
1886 224 1938 258 μὴ

246 269 382 297 stitutum
405 268 506 296 locum
533 267 693 296 convenire
718 267 878 295 nobiscum
892 266 922 293 in
938 264 1075 293 animum

245 313 401 346 inducens,
417 320 515 348 neque
532 312 696 348 discipulos
709 319 781 339 suos
793 310 996 341 adducensmt
1008 316 1074 345 pro—

245 358 369 385 miserat
384 364 391 383 :
417 357 470 384 sed
484 364 533 384 me
560 356 729 384 dilacerans
744 363 804 384 una
821 363 890 383 cum
912 352 1075 390 Theophilo

245 401 332 430 Cilice
360 401 391 428 in
416 401 665 436 frequentissimis
696 400 904 434 conventibus,
937 398 1019 426 nuda
1047 399 1076 426 et

245 449 349 483 aperta
363 446 580 482 criminatione,
601 449 633 474 ut
654 445 751 474 aliena
767 445 806 474 ab
820 445 915 481 ipsius
938 443 1075 472 doctrina

244 491 349 527 populi
371 490 481 518 animis
496 490 641 526 dogmata
664 491 856 518 inserentem.
872 490 938 517 Haec
950 488 1075 525 quidem

245 535 318 564 satis
333 543 447 571 magna
458 537 587 569 erant,ut
595 538 732 563 nostram
745 542 867 563 omnem
875 541 945 562 cum
955 541 989 561 eo
1002 540 1075 560 con-

242 579 430 615 junctionem
445 579 629 608 dirimerent.
645 581 808 616 Postquam
821 587 891 607 vero
906 584 935 606 et
958 578 989 605 in
1007 577 1075 605 Cili-

245 624 323 652 ciam
337 624 427 658 venit,
439 626 528 660 atque
536 623 688 652 Gelasium
701 623 868 660 quemdam
879 622 1074 655 conveniens,

245 668 343 696 eidem
356 668 450 697 ﬁdem
464 669 613 704 exposuit,
630 676 722 704 quam
736 668 924 696 conscribere
938 669 1002 695 erat
1016 665 1075 694 Arii

245 712 350 745 solius,
366 715 394 741 et
413 713 436 740 si
451 713 519 749 quis
533 720 697 748 germanus
711 713 790 740 illius
814 712 998 748 discipulus;
1013 713 1075 739 tum

245 757 368 785 demum
380 756 477 791 magis
495 757 586 785 etiam
601 757 632 784 in
648 757 848 792 disjunctione
863 755 1014 784 obﬁrmati
1026 763 1075 782 su-

245 809 325 837 mus,
341 802 413 830 illud
427 801 530 830 animo
542 802 776 836 considerantes,
800 809 898 838 neque
911 800 1076 836 Ethiopem

245 846 354 883 pellem
369 854 456 874 suam
471 854 609 882 unquam
624 849 821 880 mutaturum,
840 853 938 882 neque
953 844 1077 882 panthe-

1128 261 1172 288 οὖν
1201 267 1333 295 κοινωνίας
1363 266 1436 301 ἡμῶν
1465 265 1543 295 αὐτός
1566 264 1706 302 ἀπέρρηξεν
1733 265 1834 299 ἑαυτὸν,
1859 269 1937 302 μήτε

1127 309 1196 334 κατὰ
1209 310 1253 334 τόν
1272 310 1414 346 ὡρισμένον
1433 311 1511 336 τόπον
1536 308 1695 346 συνδραμεῖν
1721 311 1784 346 ἡμῖν
1811 309 1938 347 ἀνασχό-

1129 361 1210 389 μινος,
1231 356 1296 389 μήτε
1317 356 1378 384 τοὺς
1405 355 1523 390 μαθητὰς
1542 352 1632 380 ἑαυτοῦ
1664 357 1836 391 παραγαγὼν,
1864 357 1936 392 ὅπερ

1129 397 1258 433 ὑπέσχετο
1274 405 1282 413 ·
1310 397 1373 425 ἀλλὰ
1392 401 1435 424 καὶ
1462 399 1532 435 ἡμᾶς
1563 398 1718 428 στηλιτεύων
1738 399 1763 425 ἐν
1777 398 1937 437 πανδήμοις

1130 440 1262 476 συνόδοις,
1295 444 1361 478 μετὰ
1396 447 1442 469 τοῦ
1475 443 1579 474 Κίλικος
1610 443 1745 479 Θεοφίλου,
1773 448 1858 481 γυμνῇ
1887 448 1937 471 καὶ

1129 485 1339 523 ἀπαρακαλύπτῳ
1355 492 1386 524 τῇ
1413 487 1578 524 βλασφημίᾳ,
1600 490 1632 518 ὡς
1646 487 1770 526 ἀλλότρια
1797 494 1843 520 τῆς
1868 489 1938 515 ἑαυ-

1128 534 1175 556 τοῦ
1200 532 1236 566 (4)
1267 529 1442 563 δίδασκα)ἰας
1460 536 1518 564 ταῖς
1545 532 1648 569 ψυχαῖς
1669 537 1716 559 τοῦ
1739 533 1803 559 λαοῦ
1829 533 1937 560 iamsi—

1129 585 1222 612 ραντας
1251 574 1383 612 δόγματα,
1398 577 1484 603 Ἱκανὰ
1512 579 1556 614 μὲν
1576 575 1620 603 οὖν
1636 575 1666 606 ἧν
1688 580 1732 603 καὶ
1746 582 1828 604 ταῦτα
1842 581 1938 605 πᾶσαν

1129 619 1202 656 ἡμῶν
1221 622 1268 649 τὴν
1280 623 1343 658 πρὸς
1362 621 1439 648 αὐτὸν
1462 622 1601 658 συνάφειαν
1625 619 1751 648 διαλῦσαι
1777 623 1826 659 (5).
1849 623 1940 650 Ἐπιι-

1131 661 1164 692 δὴ
1179 662 1208 691 δὴ
1235 667 1280 691 καὶ
1297 665 1330 695 εὶς
1353 665 1471 692 Κιλικίαν
1491 666 1578 700 ἐλθὼν,
1594 668 1639 692 καὶ
1656 669 1793 703 συντυχὼν
1816 667 1939 703 Γελασίῳ

1129 710 1192 740 τινὶ,
1218 711 1307 735 πίστιν
1326 709 1397 746 αὐτῷ
1423 709 1530 744 ἐξέθετο,
1555 710 1585 739 ἢν
1605 713 1683 747 μόνον
1707 712 1746 747 (ϐ)
1775 709 1805 740 ἦν
1829 711 1938 748 Ἀρείου

1132 753 1297 790 συγγράψαι,
1311 756 1356 780 καὶ
1380 756 1402 780 εἴ
1424 764 1465 785 τις
1479 755 1559 781 αὐτοῦ
1586 758 1691 790 γνήσιος
1710 756 1828 791 μαθητής
1843 764 1850 771 ‘
1870 758 1939 782 τότε

1132 795 1166 826 δὴ
1180 800 1226 823 καὶ
1244 798 1319 824 πλέον
1337 800 1400 835 πρὸς
1417 801 1460 825 τόν
1475 801 1615 837 χωρισμὸν
1630 799 1819 836 ἐϐεϐαιώθημιν
1833 809 1839 815 ’
1854 800 1937 836 λογι-

1132 847 1249 883 σάμενοι,
1263 848 1302 873 ὅτι
1317 849 1376 874 οὒτε
1389 848 1483 884 Αἰθίοψ
1500 848 1602 880 ἀλλάξει
1616 850 1679 875 ποτὶ
1687 850 1717 875 τό
1731 847 1816 886 δέρμα
1838 849 1936 881 αὐτοῦ,

244 899 311 919 ram
326 890 460 919 maculas
470 899 539 919 suas
552 891 585 925 ιε,
597 899 695 927 neque
710 891 866 918 hominem
881 890 911 918 in
927 889 1073 926 perversis

1131 892 1190 917 οὔτε
1201 890 1331 929 πάρδαλις
1340 892 1373 918 τὰ
1382 892 1542 930 ποικίλματα
1554 893 1645 929 αὐτῆς,
1661 894 1720 920 οὗτε
1734 894 1746 920 ὁ
1762 894 1786 919 ἐν
1803 891 1936 931 διαστρο-

244 935 391 963 nutritum
424 935 621 970 dogmatibus
644 935 768 963 haeresis
801 935 907 963 vitium
945 934 1076 962 deterere

244 987 345 1016 posse.

280 1026 306 1051 2.
332 1024 382 1052 His
408 1024 510 1052 audax
535 1024 652 1052 facinus
677 1024 803 1059 addidit,
819 1026 852 1052 ut
877 1024 908 1052 in
923 1031 978 1051 nos
1004 1022 1076 1050 sori-

243 1068 326 1097 beret
353 1068 399 1096 vel
430 1069 532 1105 potius
561 1071 756 1106 componeret
782 1068 891 1104 longos
922 1075 1076 1096 sermones

243 1113 327 1141 omni
342 1113 477 1140 convicio
493 1121 528 1140 ac
542 1113 695 1140 calumnia
712 1112 836 1140 refertos
853 1121 859 1139 :
876 1111 988 1148 quibus
1002 1110 1076 1138 nihil

242 1157 455 1193 respondimus
470 1157 627 1191 hactenus,
640 1159 800 1193 propterea
814 1156 897 1193 quod
909 1155 1006 1186 edocti
1028 1163 1075 1183 su-

244 1210 312 1230 mus
339 1201 378 1230 ab
405 1202 547 1237 Apostolo
570 1209 632 1230 non
661 1201 864 1237 nosmetipsos
883 1200 996 1235 ulcisci,
1021 1199 1076 1227 sed

242 1245 342 1274 locum
358 1246 409 1274 irae
424 1245 497 1274 dare
510 1247 549 1281 '9;
565 1249 628 1274 tum
644 1246 735 1275 etiam
763 1246 835 1282 quia
856 1254 925 1273 cum
941 1244 1075 1274 conside-

242 1298 378 1318 raremus
393 1290 642 1318 dissimulationis
657 1291 852 1326 profundum,
869 1298 931 1326 qua
945 1298 1009 1318 sese
1023 1297 1076 1317 no-

241 1335 288 1362 bis
301 1335 384 1362 omni
399 1337 533 1371 tempore
548 1335 721 1370 insinuavit,
741 1338 815 1363 muti
830 1335 965 1371 quodam
982 1334 1074 1362 modo

242 1388 304 1416 prae
324 1382 445 1416 stupore
474 1379 569 1408 effecti
595 1388 714 1409 sumus.
730 1381 837 1408 Verum
856 1380 975 1408 etiamsi
1001 1377 1075 1408 nihil

241 1424 349 1452 horum
364 1427 452 1457 esset,
469 1424 501 1452 id
527 1425 609 1461 quod
634 1433 738 1453 recens
754 1433 847 1453 ausus
873 1428 927 1458 est,
952 1425 1074 1453 cuinam

240 1469 397 1498 horrorem
423 1471 452 1498 et
463 1470 595 1498 hominis
610 1470 841 1499 detestationem
868 1470 987 1506 penitus
1012 1479 1074 1499 non

240 1515 416 1550 ingenerat?
429 1514 485 1547 Qui
500 1514 636 1544 videlicet
664 1517 697 1543 ut
723 1515 815 1543 audio
829 1515 865 1551 (si
879 1515 971 1543 modo
984 1523 1074 1543 verus

241 1567 354 1593 rumor,
374 1567 430 1588 nec
448 1562 654 1588 commentum
679 1562 723 1588 est
749 1559 788 1587 ad
815 1559 998 1588 calumniam
1025 1568 1073 1588 ex—
1088 1572 1108 1601 α

241 1604 428 1639 cogitatum),
461 1604 551 1631 etiam
583 1604 755 1632 reordinare
788 1604 950 1632 nonnullos
981 1612 1073 1632 ausus

242 1650 297 1681 est,
317 1648 401 1684 quod
429 1647 573 1676 hactenus
598 1648 637 1676 ab
660 1649 867 1677 haereticorum
889 1649 1008 1677 nemine
1027 1649 1072 1677 fa-

242 1695 323 1721 ctum
345 1691 472 1720 videtur.
489 1692 648 1725 Quomodo
684 1701 755 1729 ergo
778 1693 842 1721 haec
869 1693 972 1721 leniter
998 1693 1073 1722 ferre

241 1737 404 1774 possimus,
439 1739 466 1765 et
503 1737 651 1765 sanabilia
678 1738 809 1766 hominis
832 1741 957 1774 peccata
980 1738 1074 1766 existi-

242 1782 351 1810 mare?
367 1782 469 1818 Itaque
495 1782 686 1810 sermonibus
703 1783 784 1810 falsis
802 1791 840 1811 ne
864 1783 1070 1818 abducamini,

242 1835 340 1864 neque
366 1827 526 1856 hominum
556 1827 643 1863 223
671 1828 774 1856 omnia
807 1828 838 1855 in
868 1828 980 1856 malam
1006 1836 1074 1864 par-

243 1875 303 1902 tem
318 1872 531 1908 accipientium
547 1872 770 1908 suspicionibus
784 1872 877 1901 ﬁdem
895 1873 1073 1908 adhibeatis,

243 1917 398 1953 quasinos
410 1925 458 1945 res
473 1917 649 1952 hujusmodi
664 1917 694 1944 in
711 1917 950 1946 indiﬂ'erentibus
976 1926 1072 1954 pona-

243 1969 322 1990 mus.
338 1963 396 1989 Hoc
411 1961 491 1989 enim
505 1961 557 1989 tibi
573 1961 769 1997 persuadeas,
786 1962 828 1990 vir
847 1962 935 1991 nobis
959 1962 1075 1991 deside.

243 2005 392 2034 ratissime
407 2013 442 2032 ac
460 2005 682 2041 colendiSSIme,
700 2014 858 2042 nunquam
882 2015 931 2035 me
960 2010 1075 2036 tantum

244 2050 357 2078 doloris
371 2049 474 2078 animo
484 2057 552 2077 meo
566 2053 723 2087 acceptum
735 2052 972 2088 scire,quantum
983 2061 1075 2091 nunc,

245 2102 315 2134 cum
330 2094 367 2121 de
383 2094 653 2123 ecclesiasticarum
667 2095 769 2132 legum
783 2097 1006 2133 perturbatione
1021 2106 1076 2126 au-

245 2138 315 2167 divi.
341 2139 399 2167 Sed
423 2139 520 2167 solum
548 2147 681 2176 precare,
701 2143 733 2169 ut
756 2141 805 2169 det
823 2141 912 2169 nobis
934 2143 1076 2170 Dominus

245 2184 369 2212 nihilex
383 2184 540 2213 iracundia
567 2178 665 2220 agere,
680 2186 733 2214 sed
755 2187 930 2215 charitatem
953 2187 1076 2224 habere,

246 2238 313 2266 quae
329 2237 361 2257 se
374 2229 513 2257 indecore
528 2238 589 2258 non
601 2231 982 2265 gerit,necinﬂatur’°.Vide
996 2233 1076 2261 enim

245 2274 506 2311 quemadmodum
526 2276 578 2311 qui
593 2283 629 2303 ea
642 2279 755 2311 carent,
782 2285 874 2313 supra
902 2285 1076 2306 mensuram

246 2319 413 2347 humanam
428 2319 497 2347 elati
512 2319 580 2354 sint,
601 2323 629 2348 et
642 2320 783 2349 indecore
799 2329 832 2349 se
849 2324 965 2357 gerant,
986 2330 1022 2351 ea
1035 2323 1077 2351 {a-

247 2363 350 2391 cinora
364 2363 518 2400 audentes,
532 2372 664 2401 quorum
680 2366 863 2402 praeteritum
884 2368 1001 2403 tempus
1016 2375 1077 2396 non

246 2407 340 2436 habet
353 2408 504 2444 exempla.

285 2497 307 2516 ¹³
325 2499 382 2526 Jer.
393 2505 442 2526 xm
454 2500 498 2527 23.

537 2499 560 2517 ”
574 2501 659 2528 Rom.
675 2507 723 2534 xu,
746 2502 790 2529 t9.
828 2501 852 2519 ²⁰
867 2501 876 2528 l
890 2501 955 2529 Cor.
970 2509 1032 2536 xui,
1048 2502 1076 2530 4.

284 2579 322 2620 (4)
337 2582 390 2610 Τῆς
406 2578 645 2620 ἑαυῖοῦ.]ζᾷέῐέε
661 2580 855 2620 vetustissimi
868 2582 988 2620 codices
1004 2590 1073 2620 cum

248 2614 340 2650 Regio
355 2616 500 2644 secundo.
516 2616 592 2644 Editi
614 2620 661 2648 τῆς
684 2616 774 2644 αὐτοῦ.
802 2618 896 2646 Paulo
920 2621 989 2650 post
1004 2619 1074 2647 editi

248 2649 435 2687 ἐνσπείραντος.
460 2653 528 2687 Tres
552 2651 645 2679 iidem
668 2652 786 2681 codices
812 2661 879 2682 cum
896 2649 1025 2683 Clarom.
1047 2657 1076 2683 et

249 2686 319 2724 Res:
335 2686 472 2724 secunde
485 2686 678 2724 ἐνσπείρανταςο

285 2721 324 2791 ξεῖ)
342 2721 416 2750 Vide
431 2721 589 2752 Addenda.

297 2758 324 2791 6)
338 2757 385 2783 Ἢν
398 2760 489 2791 μόνου.
510 2761 552 2787 Ita
575 2761 589 2787 Ε

297 2758 324 2792 6)
338 2757 385 2783 Ἢν
398 2760 489 2799 μὸν-ου.
510 2761 563 2799 ita
575 2759 665 2799 Harl,
682 2760 768 2795 Med.,
785 2761 872 2790 Coisl.
897 2763 1021 2799 uterque
1047 2763 1075 2791 et

250 2792 321 2832 Reg:
337 2792 498 2832 secundus.
515 2795 587 2832 Editi
608 2795 637 2825 ἣν
649 2792 735 2832 μόνον.

285 2828 324 2863 (τ)
336 2829 499 2867 Συγγράψας.
514 2830 586 2859 Vide
600 2828 693 2868 supra
705 2834 791 2862 notas
804 2833 843 2862 ad
855 2833 1013 2871 epistolam
1027 2835 1071 2869 24,

1131 945 1185 971 φοις
1199 934 1317 972 δόγμασι
1334 940 1486 974 συντραφεὶς
1501 937 1700 975 ἀποτρίψασθαι
1715 936 1826 965 δύναται
1842 940 1872 964 τὸ
1889 948 1938 965 κα-

1130 981 1175 1006 κὸν
1190 985 1221 1010 τῆ
1227 991 1238 1011 ς
1254 980 1385 1018 ἁὶρέσεως.

1165 1027 1192 1052 2.
1224 1026 1448 1053 Ἐπενιανιεύσατο
1483 1025 1512 1054 δὲ
1535 1028 1635 1058 τούτοις
1664 1029 1709 1054 καὶ
1739 1027 1845 1064 γράψας
1873 1028 1936 1055 καθ’

1130 1069 1213 1105 ἡμῶν,
1230 1070 1323 1106 μᾶλλον
1340 1069 1370 1097 δὲ
1385 1071 1539 1108 συγγράψας
1559 1073 1598 1108 (7)
1617 1073 1707 1108 λόγους
1734 1073 1851 1110 μακρῶς
1880 1074 1937 1100 πά-

1131 1123 1178 1144 σης
1198 1113 1333 1152 λοιδορίας
1359 1118 1403 1142 καὶ
1424 1119 1599 1153 συκοφαντίας
1625 1119 1752 1154 γέμοντας
1768 1126 1774 1132 ·
1804 1119 1870 1155 ὑπὲρ
1903 1118 1936 1143 ὧν

1130 1157 1205 1185 οὐδὲν
1231 1159 1423 1197 ἀπεκρινάμεθα
1445 1163 1518 1195 τέως,
1539 1160 1586 1188 διὰ
1613 1163 1642 1188 τὸ
1673 1161 1841 1198 διδαχθῆναι
1862 1163 1936 1200 παρὰ

1131 1208 1175 1230 τοῦ
1199 1203 1371 1241 Ἀποο-τόλου,
1396 1208 1431 1242 μὴ
1450 1205 1556 1236 ἑαυτοὺς
1580 1205 1702 1240 ἐκδικεῖν,
1732 1206 1796 1233 ἀλλὰ
1823 1206 1936 1234 διδόναι

1129 1251 1208 1278 τόπον
1223 1253 1254 1285 τῇ
1282 1249 1347 1287 ὀργῇ
1365 1261 1371 1267 ·
1392 1253 1436 1277 καὶ
1455 1251 1511 1287 οἶμα
1537 1251 1702 1282 ἐννοήσαντες
1726 1253 1755 1278 τὸ
1776 1251 1859 1288 βάθος
1889 1257 1936 1282 τῆς

1129 1294 1301 1330 ὑποκρίσεως,
1330 1295 1386 1330 μεθ’
1404 1295 1432 1325 ἧς
1462 1297 1546 1321 πάντα
1572 1298 1615 1322 τόν
1642 1299 1736 1333 χρόνον
1761 1297 1824 1332 ἡμῖν
1850 1306 1936 1334 προσ-

1130 1340 1241 1374 ηνέχθη,
1277 1339 1377 1376 ἀφασίᾳ
1408 1342 1460 1366 τινὶ
1483 1340 1526 1366 ὑπ’
1554 1339 1696 1372 ἐκπλήξεως
1719 1343 1931 1378 κατεσχέθημεν.

1130 1383 1161 1408 Ei
1188 1382 1217 1409 δὲ
1244 1386 1289 1409 καὶ
1313 1382 1395 1420 μηδὲν
1422 1383 1452 1413 ἧν
1477 1384 1586 1418 ἐκείνων,
1603 1387 1630 1411 τὸ
1654 1386 1766 1421 ὑπόγυον
1789 1390 1879 1417 τοῦτο,
1903 1388 1932 1412 τό

1129 1427 1253 1463 τολμηθὲν
1278 1428 1358 1463 αὐτῷ,
1376 1431 1426 1455 τινὶ
1441 1429 1488 1455 οὐκ
1512 1429 1542 1455 ἂν
1569 1432 1662 1466 φρίκην
1689 1433 1733 1456 καὶ
1761 1429 1931 1468 ἀποστροφήν

1129 1472 1239 1501 παντελῆ
1270 1476 1316 1498 τοῦ
1345 1471 1437 1509 ἀνδρὸς
1455 1472 1622 1507 ἰνιποίησεν;
1653 1475 1680 1504 ὃς
1710 1484 1749 1510 γε,
1781 1475 1816 1506 ὡς
1844 1475 1931 1501 ἀκούω

1128 1517 1191 1551 (εἴγε
1207 1515 1328 1547 ἀληθὴςό
1356 1516 1439 1552 λόγος,
1454 1520 1497 1543 καὶ
1525 1520 1560 1554 μὴ
1581 1518 1690 1555 πλάσμα
1714 1518 1785 1545 ἐστὶν
1812 1518 1855 1545 ἐπὶ
1875 1518 1933 1545 δια-

1129 1559 1189 1596 ϐολῇ
1214 1561 1353 1596 συντεθὲν),
1380 1562 1420 1588 ὅτι
1448 1564 1492 1588 καὶ
1518 1562 1756 1600 ἀναχειροτονῆσαί
1769 1573 1840 1594 τινας
1866 1564 1932 1590 ἐτόλ-

1127 1614 1220 1641 μησεν,
1245 1605 1354 1642 ὁμέχρι
1381 1609 1493 1643 σήμερον
1508 1606 1596 1638 οὒδιὶς
1619 1612 1669 1633 τῶν
1699 1609 1834 1645 αἱρετικῶν
1851 1611 1932 1637 ποιή-

1129 1658 1178 1680 σας
1197 1652 1323 1686 φαίνεται.
1345 1654 1402 1682 Πῶς
1429 1649 1473 1677 οὖν
1495 1650 1606 1678 δυνατόν
1634 1653 1724 1690 πράως
1750 1655 1834 1689 φέρειν
1863 1654 1931 1690 ἡμᾶς

1127 1695 1160 1719 τὰ
1181 1699 1300 1729 τοιαῦτα,
1321 1697 1366 1721 καὶ
1394 1696 1488 1732 ἰάσιμα
1509 1695 1574 1723 εἶναί
1587 1697 1700 1733 νομίζειν
1718 1701 1762 1723 τοῦ
1779 1696 1877 1735 ἀνδρὸς
1900 1699 1932 1724 τὰ

1128 1738 1323 1775 {spargit-ripam;
1341 1742 1383 1770 Μὴ
1406 1743 1491 1767 τοίνυν
1517 1739 1629 1776 ψευδέσι
1657 1741 1744 1777 λόγοις
1767 1743 1930 1779 παράγεσθε,

1128 1782 1198 1819 μηδὲ
1213 1785 1346 1815 ὑπονοίαις
1374 1783 1475 1823 ἀνδρῶν
1504 1787 1589 1812 πάντα
1608 1785 1717 1817 εὐκόλως
1738 1788 1804 1824 πρὸς
1825 1790 1856 1813 τὸ
1883 1797 1930 1813 κα-

1129 1830 1172 1854 κὸν
1203 1827 1411 1865 ἑκλαμϐανόντων
1441 1831 1572 1866 πείθεσθε,
1602 1833 1637 1862 ὡς
1666 1832 1718 1868 οῐρα
1751 1833 1828 1868 ἡμεῖς
1852 1830 1929 1858 ἀδιά-

1130 1883 1196 1911 φορα
1215 1874 1252 1909 (8)
1280 1875 1403 1910 τιθέμεθα
1426 1876 1459 1901 τὰ
1485 1879 1603 1903 τοιαῦτα.
1621 1878 1735 1902 Γίνωσκε
1762 1878 1825 1913 γὰρ,
1844 1878 1930 1903 ποθει-

1129 1921 1220 1944 νότατε
1238 1919 1301 1954 ἡμῖν
1319 1922 1363 1946 καὶ
1377 1923 1528 1956 τιμιώτατα,
1556 1921 1596 1946 ὅτι
1621 1922 1692 1947 οὔπω
1714 1919 1777 1947 οῖδα
1804 1926 1929 1948 τοσοῦτον

1130 1963 1220 1994 πένθος
1251 1963 1340 1990 ἄλλοτε
1365 1968 1395 2000 τῇ
1430 1964 1507 2001 ψυχῇ
1535 1975 1585 2001 μου
1615 1964 1837 2002 παραδεξάμινος,
1871 1968 1929 1992 ὅσον

1129 2011 1184 2042 νῦν,
1221 2008 1262 2034 ὅτε
1287 2010 1390 2038 ἤκουσα
1413 2013 1463 2034 τῶν
1497 2008 1722 2038 ἐκκλησιαστικῶν
1752 2011 1855 2047 θεσμῶν
1884 2013 1929 2039 τὴν

1132 2053 1276 2088 σύγχυσιν,
1292 2053 1371 2080 Ἀλλὰ
1384 2055 1457 2090 μένον
1470 2054 1563 2090 εὔχου²
1587 2055 1629 2081 ’ἱνα
1644 2053 1699 2091 δῴη
1726 2056 1788 2092 ἡμῖν
1809 2055 1822 2081 ὁ
1839 2057 1932 2092 Κύριος

1130 2095 1213 2133 μηδὲν
1237 2099 1304 2124 κατὰ
1325 2099 1406 2134 θυμὸν
1435 2098 1551 2136 ἐνεργεῖν,
1573 2098 1627 2125 ἀλλ’
1653 2100 1723 2136 ἔχειν
1749 2103 1796 2129 τὴν
1817 2100 1930 2136 ἀγάπην,

1131 2142 1187 2171 ἣτις
1200 2142 1247 2168 οὐκ
1266 2141 1423 2179 ἀσχημονεῖ,
1438 2143 1467 2169 οὐ
1489 2147 1639 2179 φυσιοῦται.
1652 2143 1720 2181 Ὀρα
1733 2146 1784 2182 γὰρ
1805 2146 1876 2175 ὅπως
1895 2144 1932 2177 (9)

1131 2186 1155 2211 οἰ
1178 2189 1213 2222 μὴ
1230 2188 1331 2222 ἔχοντες
1356 2189 1454 2216 ταύτην
1477 2187 1632 2226 ἐπήρθησαν
1652 2191 1696 2225 μὶν
1723 2189 1786 2227 ὑπὲρ
1803 2191 1836 2215 τὰ
1850 2191 1929 2226 μέτρα

1130 2231 1163 2256 τὰ
1175 2229 1331 2268 ἀνθρώπινα,
1345 2231 1559 2270 ἐνασχημονοῦσι
1575 2232 1604 2260 δὲ
1616 2237 1652 2270 τῷ
1673 2233 1735 2270 βίῳ,
1751 2234 1931 2271 κιτατολμών-

1130 2284 1167 2305 τες
1181 2275 1297 2313 πράξεων
1318 2278 1386 2313 (10),
1408 2277 1442 2303 ὧν
1462 2278 1475 2304 ὁ
1493 2277 1626 2316 παρελθὼν
1641 2281 1735 2315 χρόνος
1750 2278 1798 2305 οὐκ
1824 2280 1882 2316 ἔχει
1899 2279 1928 2304 τά

1131 2318 1312 2358 ὑποδείγματα
1318 2335 1326 2348 :

1131 2589 1197 2618 quas
1207 2581 1245 2609 ad
1257 2581 1450 2618 {\thanasium
1464 2581 1658 2618 Ancyranum
1674 2582 1787 2618 scripta
1802 2584 1858 2611 est.

1136 2616 1204 2679 ςδαξ)
1222 2616 1376 2654 Ἀδιάφορα.
1390 2616 1614 2653 Regsecundus
1629 2619 1658 2645 et
1672 2616 1760 2646 Coisl.
1778 2618 1924 2647 secundus

1136 2663 1147 2679 κ
1170 2663 1283 2679 ιαωοοον.

1131 2663 1283 2691 αοιαφορον.

1155 2691 1204 2734 _(9)
1219 2689 1286 2726 Ὀρα
1300 2690 1348 2726 γάρ
1369 2689 1445 2719 ὅπως.
1467 2690 1510 2718 Ita
1524 2697 1597 2718 mss.
1618 2697 1681 2718 sex.
1696 2689 1772 2718 Editi
1788 2689 1859 2728 Ὀρα
1882 2689 1924 2726 γὰρ

1129 2735 1169 2751 πω
1187 2746 1193 2752 .

1143 2797 1147 2798 7
1192 2762 1217 2798 Ο)
1235 2760 1450 2798 Καῖατολμῶντες
1475 2761 1604 2798 πράξεωνὶ
1623 2760 1760 2798 eterrHoc
1774 2761 1924 2798 reordina-

1128 2797 1217 2824 tionis
1230 2796 1443 2832 facinus,quod
1454 2796 1557 2825 rumor
1568 2797 1606 2825 ad
1617 2797 1761 2825 Basilium
1772 2796 1923 2828 detulerat,

1128 2840 1191 2861 non
1205 2832 1322 2861 videtur
1336 2833 1422 2861 certis
1434 2833 1551 2861 indiciis
1565 2832 1656 2861 fuisse
1671 2833 1893 2862 conﬁrmatum.
