1998 3145
247 153 302 182 567

251 268 319 289 sam
349 259 484 288 invenire
507 266 570 287 non
592 266 730 295 possum,
746 258 806 286 nisi
831 257 925 294 quod,
942 256 973 285 id
994 255 1078 293 quod

250 305 335 333 initio
358 304 430 337 dixi,
454 303 545 339 hujus
567 299 657 331 etiani
688 304 729 330 rei
761 302 948 336 molestiam,
977 309 1080 337 poena-

251 358 330 384 rum,
342 357 409 386 quae
430 348 503 377 mihi
528 348 568 377 ob
592 349 717 385 peccata.
738 347 846 376 debitae
871 348 1080 383 sunt,partem

253 402 320 423 esse
332 393 479 430 judicavi.

289 486 317 512 2.
338 484 413 512 Nam
439 482 572 519 primum
598 482 722 519 quidem
749 482 851 510 animo
880 480 973 514 dolui,
998 480 1082 517 quod

254 528 396 556 veritates
409 535 426 555 a
436 527 504 555 ﬁliis
517 526 675 555 hominum
700 526 853 554 diminutas
868 526 925 554 sint
942 533 949 553 :
976 524 1082 553 deinde

255 581 328 602 vero
352 575 471 608 egomet
495 572 568 600 mihi
587 572 683 606 timui,
699 579 737 600 ne
762 572 851 600 etiam
872 571 938 599 aliis
953 571 1084 607 peccatis

256 618 362 647 odium
370 618 530 646 hominum
544 617 717 653 adjicerem,
730 616 804 645 nihil
816 624 880 645 esse
892 616 963 644 fidei
977 616 1008 644 in
1024 615 1085 644 ullo

257 671 381 700 prorsus
403 662 527 691 homine
558 662 754 695 existimans;
781 661 931 698 siquidem
951 660 992 689 illi
1016 660 1084 697 ipsi,

258 708 370 744 quibus
394 707 425 736 in
440 707 582 736 maximis
596 707 686 735 rebus
707 706 912 741 conﬁdebam,
926 705 1000 734 tales
1013 713 1086 741 erga

258 760 318 786 me,
334 752 408 781 tales
423 760 495 788 erga
509 752 608 789 ipsam
625 752 779 780 veritatem
795 759 859 779 sese
881 751 1085 788 praebuerunt.

260 797 382 826 Noveris
408 797 507 833 igitur,
535 797 625 825 frater
649 799 679 825 et
703 796 844 833 quisquis
858 795 990 824 veritatis
1004 803 1087 824 ama-

261 844 320 875 tor,
331 849 388 870 nec
414 850 483 870 mea
506 849 572 870 esse
588 841 710 877 scripta,
725 849 781 870 nec
804 840 877 869 mihi
892 840 1025 877 probari,
1050 840 1085 868 si-

938 150 967 178 S.
987 145 1118 176 BASILII
1135 147 1245 177 MAGNI

246 215 494 250 condemnarent,
510 213 606 243 multa
633 221 754 242 mecum
779 213 988 246 considerans,
1008 219 1079 240 cau-

1144 212 1178 237 εαὶ
1227 210 1271 238 ἀπ’
1308 211 1446 251 ἀλλοτρίων

1878 152 1931 179 568

1500 213 1557 248 (17)
1602 213 1815 249 συγγραμμάτων
1861 213 1932 249 ἡμᾶς

1134 260 1288 292 κατακρῖναι
1315 257 1381 292 (18),
1412 257 1494 284 πολλὰ
1526 257 1696 294 λογισάμενος
1723 257 1780 284 κατ’
1806 257 1924 294 ἐμαυτὸν,

1134 299 1241 326 ἐπινοεῖν
1263 303 1310 330 τὴν
1337 302 1421 328 αἰτίαν
1450 303 1497 328 οὐκ
1524 303 1587 338 ἔχω,
1621 302 1642 328 εἰ
1665 304 1713 338 μὴ,
1737 303 1799 339 ὅπερ
1829 302 1857 333 ἐξ
1885 301 1931 339 ἀρ-

1134 349 1187 381 χῆς
1211 346 1290 378 εἶπον,
1315 349 1392 384 μέρος
1419 348 1507 385 ἔκρινα
1535 345 1599 373 εἶναι
1620 351 1670 372 τῶν
1695 346 1862 383 ὀφειλομένων
1885 357 1930 382 μοι

1136 387 1184 416 διὰ
1207 391 1254 421 τὰς
1284 389 1410 428 ἁμαρτίας
1444 391 1584 426 κολάσεων,
1617 393 1662 417 καὶ
1687 393 1734 420 τὴν
1764 391 1807 417 ἐπὶ
1831 392 1931 422 τούτοις

1135 434 1229 464 λύπην.

1171 481 1198 507 2.
1226 482 1331 516 Πρῶτον
1427 482 1478 517 γὰρ
1509 482 1690 510 χατεπένθησα
1720 485 1751 517 τῇ
1778 480 1869 517 ψυχῇ,
1893 482 1931 507 ὅτι

1138 523 1310 560 ὠλιγώθησαν
1338 526 1365 551 αἱ
1392 524 1512 554 ἀλήθειαι
1538 525 1588 552 ἀπὸ
1611 530 1660 552 τῶν
1686 527 1748 551 υἱῶν
1771 530 1821 551 τῶν
1839 525 1934 563 ἀνθρὼ-

1138 579 1202 595 πων-
1230 570 1319 596 ἔπειτα
1345 568 1374 596 δὲ
1401 580 1447 596 ¹και
1471 570 1598 607 ἐφοϐήθην
1627 571 1705 601 αὐτὸς
1730 573 1789 608 περὶ
1810 570 1933 607 ἐμαυτοῦ,

1139 615 1174 650 μή
1198 624 1259 640 ποτι
1286 616 1352 652 πρὸς
1379 619 1438 646 ταῖς
1463 615 1520 651 (19)
1548 615 1638 646 ἄλλαις
1663 614 1804 653 ἁμαρτίαις
1819 618 1865 641 καὶ
1889 618 1935 644 τὴν

1139 659 1338 696 μισανθρωπίαν
1353 660 1438 694 πάθω,
1454 658 1530 686 οὐδὲν
1544 661 1638 686 πιστὸν
1662 660 1686 686 ἐν
1713 658 1799 686 οὐδενὶ
1828 659 1935 696 λογιζό-

1140 711 1213 737 μενος
1238 700 1314 737 εἶναι,
1347 702 1416 738 εῖπιρ
1446 703 1471 728 οἱ
1505 702 1541 733 εἰς
1566 704 1598 728 τὰ
1635 704 1748 739 μέγιστα
1782 702 1844 740 παρ’
1875 702 1936 739 ἐμοῦ

1140 747 1319 778 πιστευθέντες
1347 751 1461 773 τοιοῦτοι
1473 749 1518 784 μὲν
1546 749 1606 786 περὶ
1629 747 1681 784 ἐμὲ,
1698 752 1812 774 τοιοῦτοι
1827 746 1857 774 δὲ
1879 751 1938 784 περὶ

1140 791 1222 821 αὐτὴν
1262 791 1393 828 ἐφάνησαν
1429 794 1476 822 τὴν
1514 791 1646 822 ἀλήθειαν.
1686 795 1799 819 Γίνωσκε
1839 795 1934 827 τοίνυν,

1141 834 1245 872 ἆδελφέ,
1261 838 1306 862 χαὶ
1329 840 1380 867 πᾶς
1404 837 1477 868 ὅστις
1492 841 1539 868 τῆς
1566 836 1686 868 ἀληθείας
1707 837 1791 873 φίλος,
1807 839 1872 874 μήτε
1889 837 1937 874 ἐμὰ

259 887 385 924 quidem
401 894 463 915 non
477 895 514 915 ex
529 894 598 915 mea
619 885 767 914 sententia
778 885 942 922 composita
957 885 1084 914 fuerunt.

1144 881 1206 907 εἶναι
1231 882 1265 907 τὰ
1285 883 1466 918 συντάγματα,
1494 884 1551 908 οὔτε
1579 881 1736 918 ἀρέσκεσθαι
1757 882 1812 918 (‘20)
1838 882 1936 916 αὐτοῖς,

261 931 348 965 Quod
369 931 393 960 si
412 931 517 968 scripsi
541 931 707 968 aliquando
727 933 796 959 ante
812 938 909 959 annos
924 930 1034 959 multos
1047 929 1087 959 ad

260 977 469 1013 Apolinarium
485 979 537 1005 aut
551 976 590 1005 ad
603 977 736 1013 aliquem
758 976 860 1013 alium,
873 976 1010 1005 accusari
1025 984 1088 1004 non

260 1020 368 1049 debeo.
385 1022 458 1049 Nam
474 1029 530 1049 nec
545 1021 610 1058 ipse
630 1029 751 1056 accuso,
766 1021 790 1049 si
806 1020 874 1057 quis
889 1029 926 1049 ex
950 1020 1088 1048 sodalitio

261 1064 363 1102 aliquo
385 1065 414 1094 in
432 1066 570 1094 haeresim
592 1065 747 1094 abscissus
762 1067 808 1094 est
829 1065 966 1101 (omnino
988 1067 1089 1093 autem

259 1108 399 1137 homines
416 1109 553 1143 novistis,
566 1109 684 1138 tametsi
706 1108 886 1137 nominatim
904 1116 967 1137 non
983 1108 1089 1145 appel-

260 1153 314 1189 lo),
334 1154 407 1190 quia
432 1154 643 1190 unusquisque
659 1162 713 1182 suo
731 1154 824 1190 ipsius
837 1156 962 1190 peccato
980 1153 1090 1182 morie-

261 1200 320 1226 tur.
337 1199 404 1226 Haac
426 1198 551 1235 quidem
579 1199 618 1227 ad
642 1198 769 1226 missum
797 1201 914 1227 tomum
934 1198 1089 1235 respondi,

262 1244 296 1270 ut
310 1243 339 1270 et
351 1242 414 1278 ipse
425 1242 577 1271 veritatem
600 1242 760 1278 intelligas,
773 1245 803 1271 et
816 1243 852 1270 iis
863 1242 915 1278 qui
934 1242 1091 1271 veritatem

261 1285 293 1314 in
316 1285 462 1322 injustitia
483 1286 615 1315 detinere
635 1287 751 1323 nolunt,
767 1287 961 1316 manifestam
984 1287 1090 1316 facias.

262 1330 349 1363 Quod
379 1331 404 1359 si
430 1331 527 1359 fusius
559 1331 693 1367 singulas
727 1331 950 1360 criminationes
976 1331 1090 1360 diluere

260 1376 434 1412 oportuerit,
466 1378 495 1404 et
523 1376 593 1411 hoc,
631 1376 795 1412 adjuvante
825 1378 895 1411 Deo,
925 1376 1088 1413 praestabo.

261 1421 330 1454 Nos,
347 1420 438 1449 frater
454 1421 584 1458 Olympi,
603 1428 701 1457 neque
716 1421 790 1449 deos
803 1423 862 1449 tres
877 1421 1017 1457 dicimus,
1033 1429 1089 1449 nec

262 1472 332 1493 cum
367 1465 541 1502 Apolinario
569 1466 832 1494 communicamus

513 1609 683 1637 EPISTOLA
701 1608 838 1637 CXXXII'.

1142 925 1196 952 ἐπεὶ
1224 928 1260 962 μὴ
1287 930 1318 962 τῇ
1349 926 1396 963 ἐμῇ
1424 929 1514 963 γνώμη
1541 928 1750 964 συγγεγράφθαι.
1779 927 1810 954 Εἰ
1835 925 1865 953 όνε
1894 927 1937 953 ἐπ-

1142 970 1244 997 ἐστειλά
1265 980 1327 997 ποτε
1348 973 1398 1008 πρὸ
1426 971 1525 997 πολλῶν
1550 971 1670 998 ἐνιαυτῶν
1691 972 1746 1007 (21)
1766 971 1937 1008 Ἀπολιναρίῳ

1143 1015 1158 1044 ἦ
1176 1015 1242 1051 ἄλλῳ
1266 1018 1328 1050 τινὶ,
1357 1016 1524 1052 ἐγκαλεῖσθαι
1552 1016 1599 1043 οὐκ
1626 1016 1726 1053 ὀφείλω,
1744 1018 1810 1043 Οὔτε
1821 1018 1874 1053 γὰρ
1897 1017 1938 1042 αν-

1143 1062 1187 1091 τὸς
1214 1060 1268 1096 (22)
1293 1060 1401 1096 ἐγκαλῶ,
1425 1063 1447 1087 εἰ
1472 1071 1513 1092 τις
1536 1061 1563 1087 ἐκ
1591 1065 1639 1092 τῆς
1666 1061 1780 1098 ἑταιρίας
1807 1063 1879 1093 τινὸς
1909 1061 1939 1091 εἰς

1145 1107 1243 1142 αἵρεσιν
1270 1107 1422 1142 ἁπεσχίσθη
1450 1104 1553 1141 (οἴδατε
1577 1105 1606 1133 δὲ
1630 1107 1732 1136 πάντως
1757 1108 1818 1138 τοὺς
1833 1105 1939 1144 ἄνδρας,

1144 1149 1191 1176 κᾶν
1212 1151 1338 1186 ὀνομαστὶ
1352 1152 1388 1186 μὴ
1400 1150 1487 1186 λέγω),
1503 1149 1573 1177 διότι
1596 1151 1706 1182 ἕκαστος
1719 1151 1750 1187 τῇ
1775 1149 1834 1186 ἰδίᾳ
1857 1151 1940 1188 ἀμαρ-

1145 1197 1189 1231 τίᾳ
1212 1194 1390 1223 ἀποθανεῖται,
1417 1198 1507 1221 Ταῦτα
1531 1199 1575 1221 νῦν
1603 1196 1648 1232 μὶν
1670 1195 1848 1233 ἀπεκρινάμην
1878 1198 1940 1233 πρὸς

1145 1240 1188 1265 τὸν
1211 1238 1389 1265 ἀποσταλέντα
1416 1241 1493 1276 τόμον
1528 1239 1595 1276 (23)-
1624 1241 1667 1266 ἵνα
1691 1241 1767 1271 αὐτὸς
1793 1250 1820 1266 τε
1846 1239 1940 1270 εἰδείης

1144 1285 1191 1313 τὴν
1221 1283 1351 1317 ἀλήθειαν,
1377 1286 1423 1310 καὶ
1447 1288 1502 1315 τοῖς
1521 1283 1687 1321 βουλομένοις
1713 1287 1748 1321 μὴ
1771 1287 1896 1321 κατέχειν
1911 1287 1940 1315 ὡς

1145 1328 1169 1355 ἑν
1197 1327 1360 1365 (Eudami)
1392 1331 1440 1358 τὴν
1467 1328 1587 1358 ἀλήθειαν
1621 1330 1729 1367 φανερὰν
1755 1330 1938 1366 καταστήσῃς·

1144 1373 1186 1399 ἐὰν
1211 1371 1241 1400 δὲ
1267 1371 1313 1409 δέῃ
1340 1376 1385 1399 καὶ
1414 1373 1571 1410 πλατύτερον
1595 1375 1658 1410 ὑπὲρ
1687 1373 1798 1400 ἑκάστου
1826 1378 1876 1400 τῶν
1902 1375 1938 1401 ἐπ-

1144 1419 1298 1454 ενεχθέντων
1322 1419 1384 1454 ἡμῖν
1411 1417 1640 1454 ἀπολογήσασθαι,
1667 1418 1806 1445 καὶτοῦτο
1830 1422 1939 1448 ποιήσο-

1143 1472 1199 1500 μεν,
1214 1466 1260 1489 τοῦ
1285 1466 1353 1489 Θεοῦ
1378 1467 1570 1500 συνεργοῦντος.
1597 1463 1695 1500 Ἡμεῖς,
1725 1462 1819 1499 ὰδελφὲ
1846 1465 1940 1501 Ὀλύμ-

1143 1517 1196 1540 πιε,
1222 1509 1281 1534 οὔτε
1301 1511 1367 1544 τρεῖς
1383 1508 1456 1539 θεοὺς
1477 1508 1534 1543 (‘25)
1547 1508 1662 1545 λέγομεν,
1684 1510 1752 1535 οὔτε·
1770 1509 1939 1547 Ἀπολιναρίῳ

1109 1568 1129 1596 C
1144 1555 1314 1588 κοινωνοῦμεν
1321 1573 1327 1580 .

1411 1609 1579 1633 ΕΠΙΣΤΟΛΗ
1595 1606 1676 1635 ΡΛΒ’.

263 1652 339 1682 Cum
351 1653 431 1682 varii
443 1653 480 1681 de
492 1653 637 1681 Abramio
650 1660 799 1681 sermones
810 1655 916 1686 essent,
928 1653 1033 1681 scribit
1045 1652 1086 1681 ad
1103 1658 1170 1679 eum
1186 1651 1320 1679 Basilius
1335 1651 1435 1679 statim
1451 1659 1487 1680 ac
1498 1651 1602 1680 didicit
1616 1652 1646 1679 in
1658 1651 1770 1680 aedibus
1786 1651 1942 1680 Saturnini

900 1689 1015 1717 comitis
1041 1686 1209 1717 Antiochia?
1223 1687 1349 1715 versari.

433 1724 576 1753 Abramio
591 1725 724 1761 episcopo
737 1725 920 1753 Batnorum.

302 1778 365 1811 Quo
391 1777 422 1806 in
448 1777 515 1807 loco
539 1778 634 1815 pietas
662 1781 714 1806 tua
728 1779 863 1806 versetur
878 1776 918 1805 ab
943 1779 1090 1805 autumno

265 1830 391 1860 prorsus
406 1823 551 1859 ignoravi.
569 1823 684 1852 Etenim
699 1823 830 1851 incertos
842 1822 988 1857 [rumores
1004 1830 1091 1859 repe-

301 1896 312 1907 '
331 1895 411 1923 Alias
428 1896 548 1924 CCCXV.
564 1895 681 1931 Scripta
693 1896 848 1931 anno_373.

304 1932 360 1964 (l7)
377 1931 427 1958 Arr‘
458 1931 606 1967 ἀλλοτρίων.
630 1929 720 1959 Coisl.
737 1929 854 1967 primus
874 1929 913 1956 ἐπ’
941 1929 1089 1967 ἀλλοτρίων.

303 1967 357 2002 (I8)
379 1965 564 2004 Karaxpzmi._
577 1966 670 1999 Harl.,
689 1967 758 2000 Reg.
782 1965 896 2004 primus
910 1967 938 1994 et
963 1965 1090 1994 Clai-om.

267 2004 438 2038 κατακρίνειν,
455 2001 484 2038 εἰ
494 2001 586 2038 paulo
598 2004 669 2038 post
688 2005 840 2038 κατανοεῖν..
856 2001 906 2038 Hic
921 2003 1022 2029 autem
1037 2009 1092 2037 ap-

267 2036 367 2074 posita
381 2039 445 2065 erat
471 2036 503 2065 in
530 2036 616 2065 editis
639 2036 878 2071 interrogationis
893 2039 975 2071 nota,
997 2036 1091 2073 quam

267 2072 369 2109 tollere
385 2072 479 2109 satius
497 2080 566 2109 esse
585 2071 770 2109 existimavi;
787 2080 885 2109 neque
899 2075 1000 2101 tamen
1020 2080 1091 2100 con-

519 2093 566 2100 αιιιυ
585 2093 752 2100 vanu-uua...
764 2094 770 2106 ,
788 2093 885 2106 “uuluv
900 2093 978 2101 ..υ-ων

267 2108 402 2141 tendam,
414 2108 438 2135 si
452 2108 520 2144 quis
535 2108 749 2144 apponendam
763 2108 886 2143 judicet.

302 2144 448 2184 (19)]Ιρρς
472 2148 539 2175 ταῖς.
561 2145 687 2184 [iterque
712 2145 781 2179 Reg.
807 2146 982 2184 et_uterque
997 2144 1092 2179 Bigot.

268 2187 338 2207 cum
361 2179 446 2216 Cois]:
472 2180 605 2208 secundo
624 2179 659 2216 μή
685 2189 745 2206 ποτε
767 2181 873 2216 προσθῶ
893 2179 985 2210 ταῖς...
1000 2189 1094 2216 μισαν-

269 2216 386 2253 θρῳπίαν
395 2213 482 2243 οὐδὲν.

381 2250 560 2288 Ἀρὲσκεσθαι.
591 2253 716 2288 Ιιᾶἓοίξιο
747 2259 823 2288 mss.
848 2250 922 2288 Editi
941 2249 1090 2288 ἀρκεῖσθαι,

267 2286 382 2323 Ibidem
402 2286 467 2323 _tres
489 2286 686 2323 vetustissimi
700 2286 818 2314 codices
844 2286 897 2313 ἐπεὶ
913 2286 1000 2323 μὴ’τῇ
1030 2287 1090 2323 ἐμῇ·

265 2321 344 2391 ξᾱῄιὶ
356 2320 425 2358 μηδὲ
435 2326 465 2358 τῇ
483 2322 542 2358 ἐμῇ,
556 2329 610 2351 nec
624 2330 661 2351 ea:
672 2330 736 2351 mea
759 2320 917 2350 sententta'
929 2320 1093 2357 com'pos'z‘t'a

284 2365 371 2385 uisse.

284 2365 371 2385 utsse.

303 2393 360 2427 (21)
381 2393 528 2420 Ἐνιαυτῶν.

268 2427 342 2455 Editi
356 2427 428 2456 ἐτῶν.

303 2464 361 2501 (2'2i
378 2464 472 2496 Αὐτός,
488 2465 584 2493 Edditi
595 2464 711 2493 addunt
725 2464 785 2501 ἐγώ,
801 2464 884 2501 quod
899 2464 981 2492 deest
992 2464 1023 2492 in
1035 2472 1092 2501 Vscx

267 2499 379 2527 nostris
407 2501 572 2529 codicibus.
605 2501 656 2528 Hic
683 2499 784 2528 autem
810 2499 941 2528 ‘vidctur
967 2500 1091 2528 Basilius

266 2534 371 2572 Arium
381 2538 410 2563 et
432 2536 549 2564 Aetium
572 2536 745 2572 designare,
761 2543 893 2572 quorum
908 2535 1024 2572 primus
1040 2537 1092 2572 Eu-

268 2571 370 2599 stathii
383 2572 535 2608 magister,
551 2571 625 2599 alter
647 2571 811 2608 discipulus
831 2571 936 2605 fuerat,
953 2573 985 2599 ut
999 2571 1089 2600 disci-

266 2613 335 2634 mus
351 2615 387 2635 ex
399 2607 596 2644 epistolisr2?3
613 2609 641 2634 et
659 2607 720 2644 _240.

302 2643 359 2679 (>23)
378 2642 471 2679 Τόμον.
489 2642 564 2679 Editi
579 2645 647 2679 post
661 2642 739 2670 hanc
758 2650 864 2679 vocem
887 2642 1004 2671 addunt
1015 2642 1089 2679 ᾲλλά,

266 2677 319 2705 sed
334 2677 440 2706 melius
455 2679 537 2706 deest
547 2677 685 2706 in’tribus
699 2678 909 2707 vetustissimis
923 2678 1089 2707 codicibus.

303 2713 420 2750 (24in;
433 2714 457 2740 ἐν
477 2712 581 2742 ἀδικία.
598 2715 681 2742 Deest
694 2714 791 2750 prima
814 2714 923 2742 vocula
943 2714 973 2742 in
989 2714 1090 2742 multis

264 2749 417 2787 veteribus
432 2749 527 2783 libris,
548 2757 610 2778 non
623 2749 724 2787 tamen
737 2750 768 2787 in
783 2750 1012 2787 antiquissimis.
1032 2750 1089 2778 lbi-

264 2782 335 2811 dem
349 2785 420 2813 editi
433 2788 613 2816 καταστήσας.
631 2786 700 2814 Mss.
711 2787 744 2813 ut
757 2786 788 2814 in
803 2782 894 2814 textu.

300 2819 356 2855 (25)
374 2823 446 2857 Τρεῖς
476 2822 557 2852 θεούς.
588 2822 672 2857 Saepe
705 2821 779 2850 alias
804 2822 886 2850 hunc
909 2821 999 2850 trium
1017 2821 1089 2850 deo-

569 2394 611 2422 Ita
641 2396 700 2422 tres
725 2392 927 2430 antiquissimi
956 2393 1087 2422 codices.

1324 1722 1469 1760 Ἀϐραμίῳ,
1487 1722 1619 1759 ἑπισκόπῳ
1635 1726 1746 1752 Βατνῶν.

1183 1777 1270 1803 Πάντα
1298 1777 1341 1802 τὸν
1369 1775 1420 1803 ὰπὸ
1446 1780 1491 1803 τοῦ
1520 1780 1670 1814 μετοπώρου
1704 1780 1799 1815 χρόνον
1824 1778 1942 1814 ἠγνόησα

1146 1824 1203 1859 περὶ
1228 1825 1274 1851 τῆς
1302 1820 1436 1852 εὐλαϐείας
1467 1831 1526 1856 σου,
1554 1822 1618 1848 ὅπου
1657 1820 1769 1858 διάγεις.
1799 1825 1851 1849 Καὶ
1893 1824 1941 1861 γὰρ

1146 1901 1213 1922 rum
1233 1900 1364 1921 errorem
1377 1892 1532 1921 Catholicis
1543 1892 1642 1921 Ariani
1656 1892 1847 1922 afﬁnxerunt.
1861 1896 1942 1923 Hunc

1146 1929 1307 1966 Gregorius
1329 1929 1548 1966 Nazianzenus,
1569 1931 1645 1957 orat.
1662 1931 1686 1962 1,
1703 1931 1731 1957 et
1743 1931 1788 1960 29.
1802 1938 1832 1966 p.
1858 1933 1903 1965 16,
1918 1933 1944 1959 et

1145 1963 1332 2002 489,refellit_,
1343 1967 1376 1992 ut
1386 1972 1403 1993 a
1413 1963 1566 2002 nonnullis
1575 1963 1944 2002 propngnatum;quosni-

1147 1973 1332 1997 ιιδνηόιθιιιι,
1343 1973 1376 1992 ιιι
1386 1973 1403 1993 a
1413 1973 1944 2028 nonnumsgropugnarum,quosm-

1147 2001 1205 2029 mis
1219 2000 1403 2029 orthodoxos
1419 2002 1515 2028 vocat.
1531 2001 1566 2028 Se
1600 2002 1712 2035 tamen,
1725 2009 1792 2029 cum
1804 2001 1891 2030 nulla
1900 2010 1944 2030 ex-

1149 2038 1227 2065 stent
1242 2035 1352 2064 saeculo
1362 2038 1470 2071 quarto
1490 2035 1581 2071 hujus
1606 2036 1714 2064 erroris
1736 2037 1873 2071 vestigia,
1886 2045 1944 2066 cre-

1147 2072 1218 2100 dere
1231 2071 1336 2108 malim
1364 2070 1405 2108 ita
1425 2070 1561 2108 locutum
1583 2079 1649 2100 esse
1678 2070 1866 2108 Gregorium,
1886 2081 1944 2101 non

1147 2079 1218 2100 uere
1231 2079 1336 2099 maum
1364 2079 1405 2099 ita
1426 2079 1561 2099 locutum
1583 2079 1649 2100 esse
1678 2079 1866 2135 Gregorium,
1886 2081 1944 2101 non

1147 2107 1231 2144 quod
1245 2107 1310 2144 ipse
1324 2107 1415 2144 hujus
1425 2107 1548 2144 haeresis
1558 2109 1720 2135 sectatores
1756 2108 1946 2144 eprehendis-

1148 2142 1201 2176 s‘et,
1213 2142 1360 2179 sedquod
1374 2150 1411 2171 ea
1424 2142 1462 2170 de
1475 2150 1591 2179 re,quse
1605 2151 1668 2179 rem
1684 2142 1872 2179 causamque
1887 2152 1944 2173 non

1148 2177 1331 2213 continebat,
1349 2186 1418 2206 cum
1431 2177 1549 2206 Arianis
1572 2178 1688 2214 litigare
1702 2178 1803 2207 nollet.
1821 2177 1869 2208 Sic
1895 2182 1944 2208 Ba~

1111 2214 1230 2252 Dsilius
1258 2214 1334 2252 inter
1366 2222 1416 2252 ea,
1437 2222 1506 2250 quae
1544 2214 1697 2252 Eustathio
1726 2215 1943 2252 subscribenda

1147 2250 1290 2286 proponit
1303 2250 1332 2277 in
1343 2250 1428 2286 epist.
1448 2252 1508 2285 I25,
1525 2258 1586 2278 non
1597 2250 1706 2278 omittit
1717 2251 1877 2286 fugiendos
1887 2259 1943 2280 esse

1147 2285 1194 2314 eos
1206 2285 1268 2321 ’qui
1281 2285 1392 2314 Fitiuin
1407 2286 1504 2320 Patri,
1519 2288 1547 2314 et
1559 2286 1637 2314 Filio
1649 2286 1794 2321 Spiritum
1807 2291 1942 2316 sanctum

1144 2324 1338 2358 pra'ponunt.
1347 2323 1389 2358 At
1400 2321 1430 2349 id
1441 2321 1567 2349 Basilius
1580 2321 1698 2350 videtur
1713 2322 1813 2358 potius
1826 2331 1942 2352 conces-

1147 2357 1221 2398 sisse
1245 2357 1406 2398 Eustathio,
1423 2365 1517 2398 quam
1539 2365 1593 2398 sua
1607 2357 1937 2398 _sponté_n_ecessarium

1146 2392 1275 2421 duxisse.
1291 2394 1392 2429 Neque
1405 2392 1487 2429 enim
1508 2392 1664 2429 probabile
1687 2395 1731 2421 est
1756 2393 1815 2422 hoc
1844 2401 1938 2423 errore

1145 2428 1539 2465 quemquam’insaniisse:
1571 2428 1625 2456 sed
1648 2429 1821 2465 Eustathius
1846 2433 1874 2459 et
1895 2429 1939 2458 alii

1146 2464 1412 2492 Pneuniatomachi
1427 2464 1507 2492 hanc
1521 2466 1626 2493 notam
1645 2464 1763 2493 inurere
1787 2466 1939 2495 tentabant

1145 2500 1275 2536 veritatis
1299 2499 1519 2535 defensoribus,
1537 2508 1575 2536 ac
1589 2500 1620 2528 in
1644 2500 1749 2536 primis
1764 2501 1872 2530 Basilio
1891 2500 1938 2536 qui

1145 2535 1329 2572 calumniam
1351 2543 1370 2563 a
1383 2543 1414 2564 se
1435 2535 1592 2572 propulsat
1611 2535 1737 2572 in’epist
1761 2538 1826 2565 251.
1844 2535 1939 2567 Simile

1145 2571 1318 2612 exemplum
1332 2571 1526 2613 suppeditant
1543 2571 1761 2608 Apolinaristae,
1778 2573 1833 2609 qui
1852 2576 1884 2614 ut
1897 2580 1939 2613 ca-

1145 2607 1256 2635 tholico
1280 2607 1412 2643 dogmati
1428 2607 1574 2636 invidiam
1589 2610 1733 2641 crearent,
1754 2607 1834 2636 duos
1859 2608 1937 2637 Filios

1146 2643 1185 2672 ab
1200 2629 1594 2680 adverszﬁ'iigsuis‘admitti
1607 2629 1938 2680 eiﬁariamfhominipa-

1144 2686 1210 2707 ram
1223 2678 1282 2707 dici
1294 2678 1458 2714 fingebant.
1471 2679 1628 2714 Gregorius
1643 2679 1849 2708 Nazianzenus
1864 2678 1937 2708 hunc

1145 2722 1277 2743 errorem
1296 2722 1400 2742 recens
1420 2717 1560 2743 exortum
1575 2722 1639 2742 esse
1654 2715 1726 2742 dicit
1753 2715 1784 2743 in
1803 2717 1879 2744 orat.
1898 2715 1936 2745 14,

1137 2758 1176 2786 .p.
1204 2751 1266 2778 221.
1290 2752 1442 2786 Nyssenus
1463 2758 1535 2786 vero
1559 2753 1591 2778 ut
1613 2751 1855 2779 commentitium
1865 2749 1936 2786 etab

1143 2785 1580 2827 Apolinaristis.impudenter_
1609 2786 1714 2827 fictum
1740 2786 1874 2823 explodit
1908 2785 1937 2813 in

1145 2821 1231 2858 epist.
1248 2821 1288 2851 ad
1298 2821 1495 2857 Eustathium,
1507 2824 1529 2850 t.
1544 2823 1590 2856 III,
1606 2829 1636 2858 p.
1651 2824 1714 2851 660.
