1998 3145
71 150 124 178 589

550 151 793 180 EPISTOLARUM
812 151 955 180 CLASSIS
973 152 1006 180 Il.
1026 151 1135 181 EPIST.
1156 152 1287 181 CXXXIV.

1703 152 1756 180 570

70 209 270 246 πεπλανημένας
291 210 338 241 τὰς
364 213 452 248 φήμας
482 211 612 250 εὕρισκον,
649 217 699 239 τῶν
726 214 771 250 μὲν
787 212 872 249 ἀπαγ-

932 212 1056 248 riebam,
1074 213 1139 242 aliis
1155 217 1183 242 te
1204 213 1368 243 Samosatis
1383 213 1567 242 commorari
1594 213 1756 242 nuntianti-

69 254 212 290 γελλόντων
245 255 270 281 ἐν
296 257 457 292 Σαμοσάτοις
486 255 631 294 διατρίϐειν
666 267 713 284 σου
733 260 780 287 τὴν
796 257 873 284 εὐλά-

70 299 152 333 ϐειαν,
181 304 232 326 τῶν
260 298 288 326 δὲ
311 300 335 326 ἐν
355 305 385 337 τῇ
400 304 487 339 χώρᾳ·
502 302 583 328 ἀλλων
599 301 628 330 δε
640 305 700 340 περὶ
714 304 761 332 τὰς
775 302 874 338 βοίτνας

71 345 152 375 αὑτὰς
186 343 423 382 διαϐεϐαιουμένων
448 347 596 384 ἱωρακέναι⁸
614 346 657 374 διὸ
674 346 735 374 οὐδὶ
756 352 874 384 συνεχῶς

71 389 219 417 ἐπέστειλα.
252 394 306 416 Νῦν
339 389 377 426 δὲ,
407 392 496 428 μαθὼν
519 393 544 418 ἐν
572 393 722 429 Ἀντιοχείᾳ
760 391 873 428 διάγειν,

70 434 96 460 ἐν
171 434 243 470 οἰκίᾳ
266 438 312 461 τοῦ
340 433 552 472 αἰδεσιμωτάτου
572 439 723 475 Σατορνίνου
750 441 796 464 τοῦ
833 439 875 463 κό-

69 489 163 515 μητος,
195 478 284 506 ἔδωκα
312 481 359 509 τὴν
383 479 521 511 ἐπιστολὴν
555 483 696 519 προθύμως
723 486 758 517 τῷ
786 482 874 508 ποθει-

69 524 170 559 νοτάτῳ
199 526 244 551 καὶ
274 524 452 562 εὐλαϐεστάτῳ
480 524 582 563 ἀδελφῷ
616 528 802 562 Σαγκτισσίμῳ
838 530 874 561 τῷ

71 566 296 603 συμπρεσϐυτέρῳ
310 567 376 603 (26),
393 566 431 594 δι’
458 568 489 594 οὖ
503 570 722 605 προσφθέγγομαὶ
752 578 799 594 σου
827 570 874 598 τήν

69 610 184 646 ἀγάπην,
233 611 401 649 παρακαλῶν,
443 613 556 651 ὅπουπερ
594 613 623 639 ἂν
655 612 693 650 ᾖς,
726 613 875 650 μεμνῆσθαι

69 655 187 691 μάλιστα
219 657 267 692 μὲν
292 660 338 682 τοῦ
365 660 443 691 Θεοῦ,
468 655 524 683 εἶτα
543 659 588 684 καὶ
611 658 695 694 ἡμῶν,
711 657 754 688 οῦς
770 656 873 692 ἀγαπᾷν

69 699 95 731 ἐξ
123 699 216 737 ἀρχῆς
247 700 376 737 προείλου,
404 703 449 728 καὶ
482 703 552 738 ἔχειν
585 701 610 728 ἔν
638 705 693 733 τοῖς
708 701 874 731 οἰκειοτάτοις

69 743 289 781 ἀριθμουμένους.

348 802 517 827 ΕΠΙΣΤΟΛΗ
538 800 608 827 ΡΛΓ

71 859 194 888 Petrum
207 860 325 898 salutat
340 865 366 898 et
374 861 524 896 hortatur,
538 866 580 898 ut,

928 257 997 289 bus.
1016 258 1082 286 aliis
1106 267 1184 293 rure,
1207 258 1273 286 aliis
1295 266 1366 286 vero
1390 260 1417 286 te
1437 258 1517 286 circa
1545 259 1654 287 Batnas
1673 258 1755 295 ipsas

929 302 1026 331 visum
1042 312 1060 332 a
1075 311 1106 331 se
1116 311 1183 331 esse
1200 303 1421 331 affirmantibus
1437 311 1444 330 :
1461 305 1647 339 quapropter
1672 303 1754 332 haud

928 348 1033 376 crebro
1051 348 1168 384 scripsi.
1183 350 1265 376 Nunc
1281 351 1381 376 autem
1397 348 1486 376 simul
1500 350 1533 376 ut
1546 347 1636 376 didici
1656 349 1683 376 te
1698 350 1755 376 An-

928 393 1045 422 tiochiae
1060 394 1173 422 versari
1186 393 1216 421 in
1228 393 1344 421 sedibus
1357 392 1559 421 colendissimi
1587 393 1675 429 225
1701 393 1753 421 Sa-

930 439 1039 467 turnini
1055 439 1181 472 comitis,
1193 438 1263 466 dedi
1282 437 1440 474 epistolam
1455 437 1581 466 libenter
1600 437 1754 466 desidera-

928 483 1046 511 tissimo
1070 491 1105 512 ac
1129 482 1328 518 religiossimo
1357 482 1439 510 fratri
1466 482 1660 510 Sanctissimo
1675 490 1756 510 com-

929 528 1105 564 presbytero
1121 535 1194 564 :per
1209 535 1301 564 quem
1327 526 1425 554 saluto
1447 526 1637 554 dilectionem
1659 529 1754 561 tuam,

929 573 1093 601 obsecrans
1109 575 1141 600 ut
1155 571 1328 608 ubicunque
1338 571 1438 606 fueris,
1453 571 1483 598 in
1498 570 1604 607 primis
1631 571 1754 607 quidem

930 617 1103 645 memineris
1133 616 1193 651 Dei,
1218 616 1327 644 deinde
1352 618 1381 644 et
1394 615 1498 650 nostri,
1514 623 1591 651 quos
1610 615 1650 644 ab
1672 615 1755 644 initio

930 661 1052 698 diligere
1067 661 1196 690 statuisti
1209 662 1237 689 et
1249 661 1325 688 inter
1341 660 1473 688 maxime
1495 660 1682 688 necessarios
1701 667 1755 688 nu-

929 714 1058 735 merare.

1177 795 1343 824 EPISTOLA
1365 795 1509 823 CXXXlIl'.

614 862 841 891 uemadmodum
853 863 1031 890 caaterarum
1042 865 1151 892 rerum,
1164 859 1206 886 ita
1218 857 1306 885 etiam
1317 857 1483 885 Athanasii
1492 857 1522 884 in
1533 864 1563 885 se
1569 857 1679 885 amoris
1691 863 1755 885 suc-

125 871 194 888 rum
207 871 325 889 saturat
340 871 366 890 et
374 871 524 896 narratur,
538 871 580 898 αι,
614 871 841 891 uemaamoaum
853 871 1031 890 cannarum
1042 871 1151 892 rerum,
1164 871 1206 886 ἰα
1218 871 1306 885 cuum
1317 871 1481 885 nutunusu
1492 871 1522 884 ιη
1533 871 1678 885 scumurto
1691 871 1700 885 ο

123 904 223 924 cessor
237 897 287 931 sit,
301 900 328 925 et
341 897 546 932 fraternitatis
569 871 677 935 agique
691 899 812 934 diffusa
820 904 925 926 curam
940 895 1041 923 eodem
1052 894 1203 926 studio,ac
1212 893 1397 921 beatissimus
1407 893 1460 921 ille
1475 893 1531 927 vir,
1547 893 1700 928 suscipiat.

236 959 336 995 Πέτρῳ,
353 958 488 995 επισκόπῳ
508 957 712 996 Ἀλεξανδρείας.

109 1005 161 1032 Τῆς
194 1004 240 1037 μέν
284 1007 437 1039 σωματικῆς
482 1003 566 1040 φιλίας
596 1004 725 1041 ὀφθαλμοὶ
757 1003 875 1041 πρόξενοι

68 1048 197 1082 γίνονται,
223 1049 270 1073 καὶ
298 1048 313 1076 ἡ
346 1045 393 1074 διὰ
407 1052 509 1085 μακροῦ
525 1051 624 1086 χρόνον
645 1048 794 1085 ἐγγινομένη
813 1058 874 1074 συν-

70 1091 146 1119 ήθεια
158 1090 274 1127 βεϐαιοῖ·
290 1093 336 1121 τὴν
367 1090 396 1118 δὲ
423 1091 547 1122 ἀληθινὴν
567 1092 671 1129 ἀγάπην
704 1093 719 1122 ἡ
737 1096 782 1119 τοῦ
799 1093 875 1119 Πνεύ-

70 1145 152 1171 ματος
180 1133 269 1173 δωρεὰ
302 1138 455 1170 συνίστησι,
482 1138 653 1164 συνάπτουσα
676 1138 722 1174 μὲν
737 1138 770 1163 τὰ
784 1141 875 1174 μακρῷ

72 1177 205 1206 διεστῶτα
236 1182 318 1216 τόπῳ,
350 1181 518 1218 γνωρίζουσα
547 1180 576 1208 δε
602 1181 719 1213 ἀλλήλοις
733 1183 793 1213 τοὺς
807 1181 874 1217 ἁγα-

72 1227 180 1258 πητοὺς,
210 1224 240 1251 αὖ
269 1223 316 1251 διὰ
344 1230 500 1262 σωματικῶν
525 1229 714 1265 χαρακτήρων,
745 1226 808 1252 ἀλλὰ
829 1224 876 1252 διὰ

75 1273 124 1295 τῶν
152 1274 201 1301 τῆς
228 1269 321 1306 ψυχῆς
339 1270 395 1306 (27)
413 1269 573 1308 ἰδιωμάτων.
589 1271 622 1298 ⁸0
638 1270 672 1301 δὴ
686 1274 731 1298 καὶ
749 1271 786 1308 ἐφ’
801 1271 874 1307 ἡμῶν

73 1314 87 1342 ἡ
108 1318 155 1340 τοῦ
170 1316 269 1352 Κυρίου
284 1315 367 1352 χάρις
381 1314 498 1349 ἐποίησε,
517 1318 709 1353 παρασχομένη
729 1317 796 1352 ἡμᾶς
810 1314 874 1341 ἰδεῖν

74 1367 102 1384 σε
113 1362 168 1389 τοῖς
182 1363 230 1390 τῆς
246 1359 341 1395 ψυχῆς
360 1359 512 1397 ὀφθαλμοῖς,
537 1364 582 1388 καὶ
609 1361 820 1399 περιπτύξασθαί
847 1369 875 1386 σε

73 1407 102 1439 τῇ
123 1403 215 1440 ἀγάπῃ
232 1407 263 1440 τῇ
282 1403 401 1441 ἀληθινῇ,
417 1407 460 1432 καὶ
489 1407 566 1432 οἱονεὶ
583 1408 735 1442 συμφυῆναί
755 1415 808 1441 σοι,
830 1407 875 1431 καὶ

73 1449 137 1484 πρὸς
167 1450 231 1484 μίαν
256 1447 336 1475 ἐλθεῖν
365 1450 455 1476 ἕνωσίν
485 1449 512 1476 ἐκ
541 1454 590 1480 τῆς
614 1452 682 1476 κατὰ
712 1452 759 1479 τὴν
786 1452 874 1476 πίστιν

73 1494 220 1524 κοινωνίας.
251 1495 416 1530 Πεπείσμεθα
455 1495 505 1532 γὰρ
537 1504 566 1521 σε
611 1493 706 1532 ἀνδρὸς
747 1496 874 1521 τοσούτου

74 1537 175 1573 θρέμμα
204 1538 369 1574 ὑπάρχοντα,
393 1541 438 1565 καὶ
465 1541 512 1568 τὴν
537 1538 565 1565 ἔκ
590 1538 703 1566 παλαιοῦ
735 1537 875 1576 διατριϐήν

75 1581 226 1617 μετάὖτοῦ
252 1581 381 1618 λαχόντα,
406 1587 442 1619 τῷ
472 1583 542 1619 αὐτῷ
566 1585 723 1621 πορεύεσθαι
739 1585 873 1620 πνεύματι,

73 1628 115 1652 καὶ
134 1630 190 1657 τοῖς
204 1626 292 1657 αὐτοῖς
309 1631 427 1664 στοιχεῖν
442 1632 490 1659 τῆς
513 1627 646 1659 εὐσεϐείας
672 1627 800 1665 δόγμασι.
831 1630 874 1654 Διὸ

73 1673 115 1697 καὶ
138 1672 375 1708 προσφθεγγόμεθά
398 1682 445 1698 σου
468 1675 515 1702 τὴν
542 1675 694 1710 τιμιότητα,
720 1675 764 1699 καὶ
790 1683 874 1709 παρα-

73 1715 198 1752 καλοῦμεν
226 1717 293 1752 μετὰ
320 1721 369 1742 τῶν
397 1717 479 1743 ἄλλων
507 1720 551 1744 καὶ
577 1720 623 1747 τήν
646 1720 705 1755 περὶ
727 1718 798 1754 ἡμᾶς
811 1716 874 1744 διά-

75 1761 143 1786 θεσιν
171 1765 218 1787 τοῦ
244 1760 358 1797 μεγάλου
390 1760 486 1799 ἀνδρὸς
511 1760 697 1794 διαδέξασθαι⁸
719 1761 874 1789 ἐπιστέλλειν

74 1814 99 1830 τε
112 1806 176 1841 ἡμῖν
204 1807 324 1836 συνήθως
349 1807 382 1832 τὰ
410 1807 479 1833 κατὰ
507 1809 614 1841 σαυτὸν,
638 1809 682 1834 καὶ
697 1806 874 1843 ἐπιμελεῖσθαι

74 1854 117 1880 τῆς
140 1854 280 1886 πανταχοῦ
314 1849 488 1888 ἀδελφότητος
509 1855 562 1884 τοῖς
591 1852 680 1883 αὐτοῖς
710 1851 874 1888 σπλάγχνοις

1108 956 1209 991 Petro,
1227 955 1362 990 episcopo
1381 955 1588 983 Alexandriae.

967 1000 1105 1036 Corporis
1131 999 1255 1036 quidem
1285 999 1422 1028 amicitiae
1449 999 1656 1027 conciliatores
1687 1000 1758 1027 sunt

930 1045 1019 1079 oculi,
1036 1051 1164 1080 eamque
1180 1043 1322 1072 diuturna
1331 1043 1519 1072 consuetudo
1526 1041 1756 1071 conﬁrmat.Sed

930 1101 1032 1122 veram
1049 1092 1227 1121 charitatem
1243 1092 1359 1121 donum
1376 1092 1502 1129 Spiritus
1515 1091 1676 1126 constituit,
1688 1099 1757 1120 con-

928 1138 1059 1174 jungens
1068 1137 1159 1173 longo
1172 1136 1316 1165 distantia
1326 1137 1463 1165 locorum
1470 1136 1674 1172 intervallo,ac
1683 1135 1756 1164 ami-

929 1182 972 1210 cis
995 1184 1141 1218 prmstaus
1165 1183 1198 1209 ut
1225 1189 1289 1209 sese
1314 1180 1443 1209 invicem
1473 1183 1668 1216 cognoscant,
1693 1187 1756 1207 non

930 1226 1082 1262 corporeis
1096 1225 1184 1260 notis,
1200 1225 1252 1253 sed
1271 1226 1381 1254 animae
1397 1225 1641 1262 proprietatibus.
1668 1223 1756 1257 Quod

929 1270 1030 1306 ipsum
1045 1272 1074 1299 et
1087 1270 1117 1298 in
1133 1269 1220 1298 nobis
1235 1270 1351 1298 Domini
1367 1270 1463 1305 gratia
1479 1269 1611 1306 perfecit,
1623 1269 1755 1304 largiens

930 1317 962 1343 ut
977 1317 1004 1343 te
1016 1315 1186 1343 videremus
1214 1314 1309 1342 animi
1329 1315 1432 1350 oculis,
1449 1317 1538 1351 teque
1562 1314 1756 1350 amplectere-

929 1368 997 1388 mur
1006 1367 1078 1388 vera
1092 1359 1260 1391 dilectione,
1275 1367 1309 1387 ac
1322 1359 1413 1387 veluti
1442 1360 1664 1387 cohaereremus
1690 1357 1755 1392 tibi,

930 1404 1002 1433 etin
1014 1412 1107 1432 unam
1121 1403 1294 1432 veniremus
1309 1404 1453 1431 unionem
1477 1411 1513 1431 ex
1535 1403 1606 1431 ﬁdei
1619 1411 1756 1430 commu-

929 1448 1029 1477 nione.
1055 1448 1145 1476 Nobis
1171 1448 1250 1476 enim
1276 1450 1321 1476 est
1343 1456 1524 1484 persuasum
1551 1449 1588 1481 te,
1613 1447 1669 1475 viri
1690 1446 1757 1474 talis

930 1494 1099 1528 alumnum,
1113 1496 1141 1522 et
1150 1493 1242 1529 longa
1255 1493 1334 1521 illius
1347 1493 1566 1521 consuetudine
1594 1500 1695 1525 usum,
1710 1499 1757 1519 eo-

929 1537 1000 1566 dem
1014 1538 1151 1567 incedere
1167 1538 1272 1574 spiritu
1287 1537 1455 1575 eademque
1480 1537 1598 1574 pietatis
1613 1537 1758 1572 dogmata

930 1583 1024 1620 sequi.
1042 1584 1230 1619 Quapropter
1237 1585 1266 1611 et
1281 1585 1366 1611 tuam
1377 1582 1474 1611 saluto
1485 1580 1758 1619 prastantiammb-

930 1630 1080 1664 testorque
1094 1630 1127 1655 ut
1141 1635 1208 1656 cum
1223 1628 1337 1656 caeteris
1349 1627 1439 1655 rebus
1452 1627 1540 1655 etiam
1561 1625 1664 1662 magni
1679 1625 1758 1653 illius

929 1673 982 1701 viri
997 1673 1028 1700 in
1043 1680 1098 1700 nos
1108 1680 1244 1700 amorem
1259 1672 1401 1709 excipias,
1414 1672 1548 1708 mihique
1560 1679 1641 1707 saepe
1651 1671 1688 1699 de
1699 1669 1757 1698 tuis

929 1718 1020 1746 rebus
1048 1717 1172 1751 scribas,
1200 1720 1228 1746 et
1256 1725 1360 1746 curam
1391 1711 1538 1753 suscipias
1563 1715 1756 1745 fraternitatis

931 1763 1044 1799 ubique
1058 1763 1184 1797 diffusae,
1196 1762 1360 1791 visceribus
1372 1762 1478 1790 iisdem
1491 1770 1526 1790 ac
1537 1761 1637 1790 studio
1650 1760 1755 1789 eodem

929 1815 990 1844 quo
1019 1810 1047 1836 et
1068 1807 1259 1836 beatissimus
1289 1807 1337 1835 ille
1356 1807 1400 1835 vir
1415 1806 1445 1835 in
1460 1814 1578 1840 omnes,
1592 1805 1645 1842 qui
1660 1807 1754 1834 Deum

928 1852 959 1880 in
974 1852 1099 1880 veritate
1113 1852 1252 1887 diligunt,
1269 1859 1343 1880 usus
1358 1853 1411 1880 est.

73 1897 116 1921 καὶ
143 1899 174 1930 τῇ
201 1895 266 1932 αὐτῇ
295 1897 430 1933 προθυμίᾳ
458 1898 526 1933 (28),
556 1897 571 1934 ᾖ
595 1898 875 1934 καὶὸμακαριώτατος
901 1896 993 1927 ὶκεῐνος
1023 1899 1081 1934 περὶ
1105 1898 1201 1926 πάντας
1226 1895 1324 1933 εχρῆτο
1353 1897 1412 1926 τοὺς
1441 1894 1595 1931 ἀγαπῶντας
1624 1895 1668 1920 τὸν
1693 1894 1754 1920 Θεὸν

73 1938 96 1965 ἰν
116 1938 235 1975 ἀληθείᾳ.

340 1988 507 2012 ΕΠΙΣΤΟΚΗ
527 1985 608 2015 ΡΛΔ’.

1171 1986 1338 2014 EPISTOLA
1359 1984 1514 2014 CXXXIV".

72 2014 196 2067 Gratias
201 2038 265 2074 agit
271 2039 352 2075 quod
356 2039 623 2075 nuper-scripserit.
629 2039 780 2068 Hortatur
785 2042 817 2068 ut
822 2039 930 2075 saepius
935 2039 1059 2067 scribat.
1066 2038 1161 2074 Negat
1167 2046 1197 2066 se
1202 2039 1317 2074 copiam
1328 2038 1438 2067 habere
1445 2038 1568 2066 librarii
1573 2040 1626 2066 aut
1632 2036 1754 2066 notarii.

324 2095 437 2128 Παιονίῲ
447 2093 625 2132 πρεσϐυτέρῳ,

106 2135 188 2162 Ὀσον
218 2137 350 2174 nvi?me
373 2138 443 2174 ἡμᾶς
470 2141 526 2169 τοῖς
563 2138 727 2175 γράμμασιν,
764 2138 877 2169 εἰκάζεις

71 2189 123 2206 που
146 2181 250 2212 πάντως
279 2181 367 2213 αὐτοῖς
387 2182 424 2212 οἷς
450 2181 610 2214 ἐπέστειλας
640 2182 709 2209 οὕτω
734 2184 763 2209 τὸ
796 2183 876 2209 καθα-

71 2227 118 2262 ρὸν
131 2229 179 2257 τῆς
191 2223 313 2262 καρδίας,
331 2225 374 2262 ἀφ’
389 2227 420 2257 ἧς
451 2227 578 2264 προῆλθεν
609 2226 692 2254 ἰκεῐνα
715 2228 748 2254 τὰ
770 2228 878 2265 ῥήματα

73 2269 188 2307 ἀκριϐῶς
213 2270 242 2296 ἇκ
267 2275 316 2297 τῶν
335 2273 496 2309 γραμμάτων
525 2273 708 2308 κατεμηνὺετο.
748 2275 799 2299 Καὶ
826 2273 877 2310 γὰρ

73 2314 152 2345 ὁλκὸς
179 2315 235 2350 (29)
258 2316 303 2351 μεν
331 2314 428 2347 ὕδατος
458 2314 577 2343 δείκνυσι
603 2319 650 2346 τὴν
668 2316 765 2343 οἰκέίαν
778 2319 876 2353 πηγὴν,

73 2359 153 2395 λόγου
170 2357 201 2386 δὲ
216 2361 292 2396 φύσις
305 2362 353 2390 τὴν
368 2365 573 2398 προενεγκοῦσαν
588 2361 666 2388 αὐτὸν
689 2360 801 2399 καρδίαν
823 2372 877 2398 χα-

1179 2093 1302 2120 Paeonia
1320 2092 1505 2127 presbytero.

967 2139 1156 2174 Quantopere
1171 2145 1220 2165 me
1234 2137 1339 2166 litteris
1354 2137 1563 2171 oblectaveris,
1574 2137 1709 2173 profecto
1720 2144 1756 2165 ex

930 2182 967 2211 iis
987 2190 1056 2219 qum
1082 2182 1226 2218 scripsisti
1247 2182 1452 2218 conjecturam
1462 2181 1627 2210 facisradeo
1642 2181 1756 2217 puritas

931 2227 1040 2262 cordis,
1072 2235 1109 2255 ex
1135 2235 1197 2264 quo
1220 2226 1313 2255 verba
1338 2226 1389 2254 illa
1414 2226 1593 2263 proﬂuxere,
1616 2227 1756 2254 accurate

931 2280 968 2300 ex
990 2271 1094 2300 litteris
1119 2271 1368 2308 perspiciebatur.
1386 2272 1459 2299 Nam
1477 2278 1627 2307 aquarum
1639 2269 1755 2298 rivulus

931 2316 1044 2344 fontem
1065 2324 1154 2344 suum
1169 2316 1294 2344 indicat:
1304 2315 1452 2344 sermonis
1468 2317 1570 2343 autem
1584 2316 1693 2343 natura
1705 2321 1755 2350 pe-

931 2363 1005 2396 ctus,
1018 2361 1099 2389 unde
1115 2360 1278 2396 emanavit,
1298 2360 1433 2396 depingit
1443 2367 1479 2388 ac
1494 2359 1642 2395 designat.
1659 2360 1756 2392 Quare

73 2404 242 2441 ρανετηρίζιι.
274 2404 355 2432 Ὠστε
380 2406 475 2432 ἄτοπόν
497 2416 525 2433 τε
550 2409 595 2433 καὶ
625 2406 690 2433 πολὺ
718 2410 763 2434 τοῦ
779 2407 874 2438 εἰκότος

932 2405 1099 2434 absurdum
1115 2405 1261 2442 quiddam
1273 2407 1302 2433 et
1316 2413 1334 2433 a
1348 2405 1501 2433 verisimili
1516 2404 1606 2440 longe
1624 2404 1758 2433 alienum

73 2448 291 2486 παρηλλαγμένον
316 2451 468 2477 πεπονθέναι
494 2451 622 2488 ὁμολογῷ.
653 2449 812 2482 Σπουδάζων
826 2453 876 2489 γὰρ

73 2492 114 2519 ἀεὶ
155 2494 311 2531 γράμμασιν
357 2493 523 2531 ἐντυγχάνειν
556 2500 604 2527 τῆς
634 2495 793 2527 τελειότητος
817 2506 875 2531 σου,

73 2535 166 2566 ἐπειδὴ
190 2537 281 2564 ἔλαϐον
314 2538 350 2569 εἰς
378 2543 472 2577 χεῖρας
502 2542 549 2570 τὴν
572 2541 722 2576 ἐπιστολὴν,
755 2543 800 2567 καὶ
832 2540 877 2566 ἄν·

195 2601 434 2641 ΣυμτερεεϐυτέρῳΖ
441 2638 445 2641 _
459 2601 534 2641 Editi
559 2602 677 2632 addunt
691 2604 774 2640 ἡμῶν,
792 2604 876 2641 quod

71 2636 161 2664 deest
175 2636 206 2664 in
222 2636 366 2664 omnibus
380 2636 535 2666 cedicibus
550 2646 624 2667 mss.

110 2672 248 2714 (.2‘7)__Ti,;
275 2672 376 2714 ψ-υχῆςζ
397 2673 451 2714 Δεἰς.
482 2674 585 2714 Coisl._
600 2675 716 2714 primus
746 2677 774 2704 et
800 2675 875 2704 Med.

71 2707 148 2745 Editi
161 2711 214 2738 Τῆς
226 2707 332 2745 ἀρετῆς
345 2710 465 2737 virtutis
478 2707 723 2745 proprietatibus.

107 2744 167 2784 (28)
207 2744 357 2784 Προθμμίᾳ.
378 2746 437 2784 __Ita
469 2744 562 2773 iidem
577 2746 645 2784 duo
683 2746 876 2784 vetustissimi

71 2779 205 2820 codices,
223 2778 319 2820 multo
333 2778 435 2820 melius
449 2788 550 2820 quam
557 2781 608 2820 alii
630 2783 659 2820 et
683 2782 754 2820 editi
774 2791 877 2820 προμη-

73 2815 141 2852 θείᾳ,
151 2823 225 2852 qua;
235 2816 336 2844 tamen
342 2815 490 2852 scriptura
494 2816 601 2852 legitur
606 2817 645 2847 ad
651 2815 819 2855 marginem
825 2815 876 2848 co-

931 2449 1006 2478 mihi
1015 2449 1110 2479 fateor
1121 2450 1268 2479 evenisse.
1283 2451 1355 2479 Cum
1370 2449 1451 2478 enim
1465 2452 1534 2478 tuas
1547 2456 1667 2486 semper
1684 2448 1758 2477 litte-

930 2503 981 2524 ras
996 2495 1094 2531 legere
1107 2503 1315 2532 percuperem,
1336 2494 1387 2522 ubi
1408 2494 1567 2531 epistolam
1588 2494 1620 2522 in
1648 2500 1758 2521 manus

931 2541 1058 2578 sumpsi,
1073 2548 1108 2569 ac
1126 2540 1195 2576 legi,
1211 2540 1247 2568 iis
1263 2548 1331 2577 quae
1358 2539 1471 2576 scripta
1486 2541 1572 2568 erant
1596 2545 1659 2567 non
1688 2545 1757 2565 sum

931 2603 1005 2632 dicis
1017 2602 1202 2631 Coisliniaui.

966 2640 1024 2674 (29)
1061 2639 1160 2670 Ὀλκὸς.
1202 2640 1277 2667 Ante
1301 2639 1382 2667 hanc
1408 2646 1521 2674 vocem,
1541 2635 1612 2674 editi
1644 2635 1759 2674 habent

930 2671 985 2716 καί,
1001 2671 1053 2716 sed
1069 2674 1156 2703 abest
1170 2674 1209 2703 ab
1222 2674 1443 2712 antiquissimis
1456 2672 1610 2702 codicibus
1625 2674 1654 2700 et
1667 2671 1758 2708 pluri-

929 2709 988 2739 bus
1000 2709 1078 2739 aliis.
1295 2709 1305 2712 “

967 2747 977 2757 "
987 2746 1066 2783 Alias
1082 2746 1334 2783 CQCXXssci-ipta
1349 2753 1429 2775 anno
1443 2746 1505 2773 373.

966 2783 988 2794 “
1003 2781 1082 2810 Alias
1094 2782 1227 2811 CCCXLI.
1243 2781 1360 2818 Scripta
1372 2788 1453 2810 anno
1473 2782 1536 2809 373.
