1998 3145
255 101 307 129 559

942 99 960 127 S
967 119 973 126 .
998 98 1123 127 BASlLlI
1140 100 1250 130 MAGNI

1883 109 1933 137 560

254 163 353 192 Filius
365 165 417 197 est,
429 162 524 191 Filius
538 169 606 190 vero
617 162 757 196 ﬁlialz'ter
771 162 875 190 Pater.
887 161 985 197 Atque
999 161 1074 189 simi-

1139 165 1188 189 Καὶ
1203 164 1328 196 ὡσαύτως
1343 164 1383 192 ἰπὶ
1398 169 1444 192 τοῦ
1460 167 1618 202 Πνιύματος,
1632 167 1697 193 καθὸ
1714 165 1748 197 δὴ
1765 169 1801 200 εἷς
1830 171 1896 200 Θεὸς
1916 171 1931 199 ἠ

256 209 326 237 liter
339 209 376 236 de
384 208 520 243 Spiritu;
537 210 681 243 quatenus
696 215 769 235 sane
788 214 866 235 unus
881 207 958 235 Deus
982 207 1078 234 Trini-

256 257 302 282 tas
321 256 375 281 est.
389 253 457 280 Haec
471 255 541 280 sunt
566 260 635 288 quae
649 251 856 287 divulgantur,
873 259 942 288 quae
955 251 1080 287 quidem

255 305 413 334 nunquam
427 305 552 333 possum
563 297 683 325 credere
693 299 867 325 commenta
877 303 941 324 esse
954 296 1081 324 circum-

254 342 423 377 ferentium,
439 341 578 378 quamvis
593 349 628 369 ex
653 349 758 369 eorum
784 341 816 369 in
843 349 899 369 nos
927 340 1080 368 calumnia

254 386 329 415 nihil
342 386 409 414 illos
422 386 591 415 existimem
608 393 670 414 non
694 385 819 414 audere.
843 386 917 414 Cum
945 385 1026 413 enim
1040 384 1080 413 ad

254 431 406 468 quosdam
417 439 452 459 ex
464 431 526 458 suis
536 431 709 463 scriberent,
722 433 883 466 postquam
894 429 1080 458 calumniam

253 476 285 503 in
299 483 356 503 nos
385 475 526 508 effudere,
555 475 621 503 haec
650 474 844 508 addiderunt,
869 474 1079 502 hereticorum

254 520 378 557 quidem
397 519 491 547 verba
514 527 583 546 esse
612 521 833 554 asseverantes,
856 519 958 555 scripti
978 520 1080 546 autem

254 566 410 602 parentem
425 566 566 598 tacentes,
577 566 611 592 ut
629 564 713 600 apud
728 564 837 599 vulgus
861 571 917 592 nos
932 563 1079 591 existime-

254 617 323 637 mur
336 611 473 637 auctores
488 616 565 636 esse.
587 608 644 637 Sed
660 610 759 636 tamen
785 616 848 636 non
875 616 910 636 eo
924 615 1033 644 usque,
1048 609 1081 636 ut

253 654 347 682 verba
353 653 861 689 comminiscerentur,processisset
869 661 974 682 eorum
981 655 1078 685 astus,

254 701 287 727 ut
302 698 375 726 mihi
388 697 512 735 quidem
538 697 602 734 ipse
616 697 795 734 persuadeo.
823 697 914 732 Unde,
940 698 1025 733 221
1047 699 1080 725 ut

254 745 283 772 et
302 743 542 771 criminationem
565 742 596 770 in
619 750 676 770 nos
703 742 937 770 invalescentem
956 742 1077 778 propul-

253 795 402 821 saremus,
429 789 459 816 et
481 787 622 815 omnibus
646 787 873 816 ostenderemus
897 787 971 815 nihil
989 786 1077 815 nobis

1135 209 1223 245 Τριάς.
1238 211 1326 236 Ταῦτά
1341 209 1397 237 ἔστι
1409 211 1442 236 τὰ
1454 210 1638 248 θρυλλοὺμινα,
1648 211 1666 238 ἃ
1680 210 1805 240 οὐδέποτε
1819 212 1934 251 δύναμαι

1134 257 1276 280 πιστεῦσαι
1290 254 1434 291 πλάσματα
1443 255 1509 282 εἶναι
1520 259 1570 282 τῶν
1581 259 1766 293 περιφερόντων
1777 259 1844 294 (89),
1857 259 1879 285 εἰ
1889 262 1933 286 καὶ

1135 297 1174 323 ὅτι
1189 297 1217 324 ἐκ
1231 303 1279 329 τῆς
1289 300 1348 326 καθ’
1361 301 1432 336 ἡμῶν
1448 302 1501 336 (90)
1519 304 1693 337 συκοφαντίας
1702 300 1777 329 οὐδὲν
1792 303 1934 341 λογίζομαι

1135 342 1222 374 αὐτοῖς
1237 343 1381 381 ἁτόλμητον
1405 344 1479 373 εἶναι.
1500 347 1640 383 Γράφοντες
1661 348 1712 384 γάρ
1735 357 1791 374 τισι
1805 353 1853 375 τῶν
1875 350 1933 375 καθ’

1135 387 1251 422 ἑαυτοὺς,
1267 391 1311 415 καὶ
1323 390 1475 425 προσθέντες
1490 391 1547 425 (91)
1565 392 1611 420 τὴν
1624 392 1683 418 καθ’
1701 392 1774 428 ἡμῶν
1795 391 1932 427 διαϐολὴν,

1135 431 1264 469 ἐπήγαγον
1273 434 1473 471 ταῦτα,ῥήματα
1483 436 1527 471 μὲν
1538 435 1673 473 αἱρετικῶν
1680 437 1854 473 ὀνομάσαντες
1863 439 1932 473 (92),

1135 478 1178 502 τὸν
1193 475 1223 503 δὲ
1237 480 1337 515 πατέρα
1352 483 1396 509 τῆς
1412 484 1567 516 συγγραφῆς
1582 479 1807 518 ἀποκρυψάμενοι,
1825 483 1867 508 ἱνα
1881 486 1934 513 τοῖς

1134 521 1234 552 πολλοῖς
1249 523 1323 559 ἡμεῖς
1347 524 1509 560 νομισθῶμεν
1537 523 1602 551 εἶναι
1627 526 1652 551 οὶ
1677 525 1846 563 λογογράφοι.
1863 527 1934 557 Πλὴν

1135 565 1187 592 ἀλλ’
1202 566 1250 593 οὐκ
1264 566 1294 593 ἂν
1309 570 1392 605 μέχρι
1403 572 1449 594 τοῦ
1464 571 1509 594 καὶ
1527 569 1633 606 ῥήματα
1654 571 1784 596 συνθεῖναι
1805 571 1934 608 προῆλθῇι

1134 610 1218 637 αὐτῶν
1231 612 1246 640 ἡ
1264 610 1373 646 ἐπίνοια,
1390 613 1424 642 ὥς
1435 622 1465 648 γε
1475 612 1586 648 ἐμαυτὸν
1600 615 1693 642 πείθω.
1711 613 1796 648 Ὀθεν,
1812 616 1876 653 ὑπὲρ
1887 621 1935 642 τοῦ

1133 657 1178 681 καὶ
1191 657 1238 684 τὴν
1251 655 1310 682 καθ’
1325 657 1397 691 ἡμῶν
1413 655 1561 693 κρατοῦσαν
1576 657 1745 695 βλασφημίαν
1761 658 1934 694 ἀπώσασθαι,

1133 702 1178 726 καὶ
1194 698 1279 732 δεῖξαι
1291 704 1382 735 πᾶσιν,
1396 703 1431 733 ὡς
1444 700 1519 728 οὐδὲν
1533 703 1594 738 ἡμῖν
1610 704 1666 730 ἐστι
1679 705 1764 730 κοινὸν
1785 706 1852 742 πρὸς
1872 707 1936 737 τοὺς

1133 743 1213 770 ἐκεῖνο
1227 744 1355 780 λέγοντας,
1372 746 1573 783 ἠναγκάσθημεν
1594 749 1743 783 μνησθῆναι
1765 752 1812 775 τοῦ
1827 748 1934 786 ἀνδρὸς,

1133 790 1168 819 ὡς
1182 790 1401 826 προσεγγίζοντος
1410 789 1442 827 τῇ
1455 790 1561 828 ἀσεϐείᾳ
1569 796 1614 819 τοῦ
1629 792 1776 822 Σαϐελλίου.
1790 795 1839 820 Καὶ
1851 798 1934 821 ταῦτα

253 840 324 860 cum
340 831 387 860 his
400 831 452 867 qui
464 831 523 859 hoc
533 831 637 859 dicunt
652 839 814 859 commune
833 839 911 865 esse,
922 830 1016 859 coacti
1031 839 1074 858 su<

1137 835 1177 869 μὲν
1193 834 1226 865 εἰς
1240 839 1374 863 τοσοῦτον.

253 885 322 905 mus
337 876 392 904 viri
402 875 532 910 illius,ut
541 875 581 904 ad
593 875 712 904 Sabellii
729 875 914 912 impietatem
930 875 1077 903 acceden-

253 921 302 955 tis,
317 920 502 949 mentionem
525 920 636 948 facere.
656 921 690 948 Et
700 920 762 948 haec
784 919 909 956 quidem
919 920 1076 949 hactenus.

288 967 314 993 2.
331 964 412 992 Venit
428 966 529 992 autem
544 972 580 992 ex
595 964 666 992 aula
684 964 812 1000 quidam
827 965 981 1000 nuntians,
1008 966 1078 1000 post

251 1010 383 1047 primam
402 1009 592 1046 imperatoris
619 1009 796 1042 motionem,
824 1009 864 1037 ad
888 1017 982 1045 quam
1007 1017 1077 1037 eum

251 1054 437 1091 impulerunt
454 1054 508 1090 qui
527 1053 696 1082 calumnias
715 1053 804 1081 nobis
823 1053 964 1088 inferunt,
984 1053 1078 1082 latam

252 1107 318 1127 esse
331 1098 457 1127 alteram
471 1098 640 1135 quamdam
656 1098 845 1130 sententiam,
860 1100 939 1126 utne
955 1098 1079 1126 dedere-

251 1152 322 1172 mur
335 1144 575 1178 accusatoribus,
590 1151 690 1179 neque
701 1143 819 1171 illorum
828 1143 1017 1171 traderemur
1026 1152 1078 1171 vo-

250 1188 378 1218 luntati:
393 1187 426 1216 id
442 1187 526 1224 quod
538 1187 622 1216 initio
635 1187 733 1216 fuerat
747 1187 901 1216 decretum
914 1197 920 1221 ;
937 1188 990 1216 sed
1005 1187 1078 1216 inte-

250 1232 309 1261 rim
323 1232 408 1260 ﬁeret
417 1231 520 1268 aliqua
533 1231 647 1260 dilatio.
670 1231 698 1260 Si
714 1231 803 1266 igitur
824 1234 876 1260 aut
889 1232 945 1260 ista
960 1232 1001 1260 ita
1016 1240 1078 1260 ma-

252 1279 353 1310 neant,
369 1278 421 1304 aut
435 1275 549 1312 aliquid
564 1276 646 1304 aliud
661 1276 827 1304 humanius
842 1278 1000 1311 statuatur,
1014 1277 1077 1312 pie-

251 1322 305 1351 tati
317 1323 375 1350 tum
386 1320 634 1356 signiﬁcabimus.
652 1320 703 1350 Sin
716 1323 817 1349 autem
831 1321 932 1358 priora
944 1321 1076 1355 vincent,

251 1374 290 1395 ne
303 1367 362 1395 hoc
376 1366 500 1402 quidem
512 1367 539 1394 te
549 1365 666 1394 latebit.

287 1413 314 1440 3.
330 1412 476 1439 Caeterum
496 1409 586 1438 frater
608 1410 824 1439 Sanctissimus
849 1419 867 1438 a
889 1410 985 1439 multo
1004 1419 1076 1439 sane

252 1458 386 1492 tempore
401 1455 482 1491 apud
497 1463 550 1483 vos
565 1457 618 1490 est,
635 1458 663 1483 et
677 1455 753 1491 quid
765 1455 909 1491 requirat,
930 1457 1075 1490 praestan-

1169 961 1196 986 2.
1214 958 1277 985 Ἀπὸ
1294 957 1323 985 δὲ
1338 963 1383 986 τοῦ
1396 958 1574 997 στρατοπέδου
1588 962 1635 990 ἧκὲ
1644 971 1682 992 τις
1695 961 1833 998 ἀγγέλλων,
1846 964 1888 990 ἐπὶ
1898 968 1931 1000 τῇ

1133 1006 1221 1041 πρώτῃ
1245 1006 1348 1033 κινήσει
1368 1008 1414 1030 τοῦ
1438 1009 1603 1041 κρατοῦντος,
1628 1006 1657 1035 ἣν
1678 1008 1800 1036 ἐκίνησαν
1816 1007 1894 1034 αὑτὸν
1907 1009 1934 1034 οἱ

1131 1049 1178 1080 τὰς
1192 1047 1318 1080 διαϐολὰς
1332 1050 1405 1085 ἡμῶν
1430 1050 1486 1085 (93)
1502 1052 1682 1086 καταχέοντες,
1702 1053 1860 1087 γεγενῆσθαὶ
1873 1062 1934 1080 τινα

1133 1093 1177 1119 καὶ
1193 1092 1314 1131 δευτέραν
1327 1097 1441 1130 γνώμην,
1457 1096 1523 1121 ὥστε
1547 1097 1582 1131 μὴ
1600 1094 1711 1126 δοθῆναι
1726 1097 1792 1133 ἡμᾶς
1807 1095 1935 1130 ἐκδότους

1133 1141 1187 1168 τοῖς
1199 1140 1363 1175 κατηγόροις,
1388 1141 1454 1175 μήτε
1481 1138 1665 1176 παραδοθῆναι
1691 1141 1760 1177 ἡμᾶς
1774 1145 1811 1176 τῷ
1831 1141 1933 1168 ἐκείνων

1134 1182 1269 1218 θελήματι,
1282 1183 1342 1219 ὅπερ
1355 1181 1384 1212 ἦν
1396 1183 1422 1215 ἐξ
1434 1182 1520 1220 ἀρχῆς
1531 1185 1632 1221 ὁρισθὲν
1645 1195 1652 1201 ι
1665 1184 1728 1211 ἄλλα
1739 1195 1796 1212 τινα
1809 1188 1933 1222 γενέσθαι

1132 1229 1192 1258 τέως
1208 1226 1344 1256 ἀναϐολήν.
1357 1228 1415 1254 Ἐὰν
1427 1227 1469 1254 οὖν
1484 1229 1498 1258 ἦ
1513 1233 1596 1255 ταῦτα
1605 1231 1680 1266 μένῃ,
1691 1230 1705 1259 ἡ
1721 1231 1816 1256 τούτων
1828 1241 1854 1257 τι
1865 1229 1930 1268 δόξῃ

1132 1271 1379 1310 φιλανθρωπότερον,
1405 1276 1570 1309 σημανοῦμεν
1594 1283 1642 1300 σου
1666 1278 1696 1310 τῇ
1717 1274 1859 1312 θεοσεϐείᾳ.
1873 1275 1932 1303 Ἐὰν

1133 1315 1162 1343 δὲ
1175 1321 1257 1354 κρατῇ
1274 1319 1308 1344 τὰ
1321 1320 1444 1355 πρότερα,
1461 1316 1523 1345 οὐδὲ
1537 1320 1614 1345 τοῦτο
1626 1329 1655 1346 σι
1668 1319 1785 1348 λήσεται.

1166 1407 1192 1434 3.
1216 1405 1246 1432 Ὀ
1271 1408 1358 1442 μέντοι
1383 1405 1494 1443 ἀδελφὸς
1524 1410 1718 1444 Σαγκτίσσιμος
1744 1409 1846 1439 πάντως
1874 1409 1932 1436 ἐστὶ

1129 1451 1193 1486 παρ’
1218 1451 1278 1486 ύμῖν
1307 1451 1397 1487 πάλαι,
1418 1455 1463 1478 καὶ
1493 1451 1510 1479 ἃ
1537 1452 1664 1489 ἐπιζητεῖ,
1696 1451 1764 1482 δῆλα
1789 1455 1877 1490 γὴονε
1896 1459 1928 1491 τῇ

253 1501 300 1530 tia;
310 1502 369 1528 tute
382 1499 520 1527 innotuit.
536 1500 652 1535 Itaque,
669 1499 693 1527 si
716 1499 790 1536 quid
805 1500 1007 1527 necessarium
1022 1500 1074 1528 ha-

1137 1494 1271 1524 τελειότητί
1302 1505 1358 1523 σου.
1380 1496 1410 1522 Εἰ
1440 1495 1483 1522 οὖν
1514 1500 1628 1533 φαίνεται
1655 1497 1795 1533 ἀναγκαῖόν
1815 1508 1842 1524 τι
1861 1500 1931 1534 ἔχειν

251 1545 323 1574 here
338 1543 474 1572 videatur
488 1543 614 1579 epistola
633 1542 673 1571 ad
693 1542 907 1577 Occidentales,
927 1550 995 1571 eam
1010 1550 1028 1570 a
1047 1545 1075 1571 te

252 1590 408 1618 exaratam
423 1587 462 1615 ad
476 1595 533 1616 nos
547 1587 663 1615 mittere
676 1587 819 1622 digneris,
832 1590 863 1615 ut
873 1586 912 1615 ab
924 1587 1075 1615 unanimi-

252 1634 311 1663 bus
335 1632 486 1660 subscribi
505 1640 657 1665 curemus,
682 1639 718 1660 ac
744 1634 883 1668 paratam
906 1632 1077 1660 habeamus

252 1677 504 1714 subscriptionem
514 1676 546 1705 in
556 1677 659 1705 charta
669 1679 915 1713 separata,quam
923 1676 1077 1712 possimus

253 1724 429 1751 connectere
443 1730 514 1750 cum
533 1721 637 1751 charta
649 1729 718 1758 quae
734 1729 753 1750 a
766 1720 856 1749 fratre
870 1723 973 1749 nostro
997 1729 1076 1749 com-

252 1767 428 1805 presbytero
443 1766 662 1796 circumfertur.
678 1767 739 1801 Ego
759 1765 839 1794 enim
855 1773 924 1793 cum
949 1765 980 1793 in
996 1774 1077 1794 com-

253 1812 400 1842 mentario
413 1812 488 1840 nihil
504 1812 671 1840 invenirem
694 1810 778 1847 quod
801 1818 865 1838 rem
890 1818 1076 1847 causamque

253 1857 427 1892 contineret,
439 1864 501 1885 non
515 1856 610 1886 habui
625 1863 687 1892 qua.
707 1855 745 1883 de
760 1862 791 1883 re
812 1854 973 1883 scriberem
996 1855 1077 1884 Occi-

289 1955 345 1991 (89)
364 1955 563 1991 Πιριφεροντων.
580 1954 629 1991 lta_
639 1960 691 1991 se;
704 1960 779 1981 mss.
795 1952 1073 1991 Εάίιί-προφεροντων.

253 1988 392 2019 Sixhiliter
400 1988 530 2017 Basilius
538 1989 570 2017 in
583 1988 668 2019 epist.
680 1990 731 2016 265
744 1996 806 2016 non
818 1988 909 2017 audet
921 1988 1075 2017 E'u'stathio

253 2028 370 2055 tantum
392 2024 507 2053 facinus
535 2024 695 2052 attribuere
712 2032 718 2052 :
736 2026 766 2052 at
780 2024 806 2052 si
821 2024 885 2052 haec
906 2024 1000 2052 verba
1016 2025 1075 2053 sint

251 2060 424 2097 Apolinarii,
440 2067 558 2088 merum
574 2059 839 2097 Sabellianismumi
851 2067 916 2087 esse
941 2068 1074 2097 pronun-

251 2095 315 2125 tiat.
328 2096 471 2130 citantur,
483 2097 514 2132 ut
521 2095 694 2132 Apolinarii,
708 2095 889 2132 aVTimotheo
897 2095 1074 2131 presbytero

251 2130 581 2168 Constantinopolitano
596 2131 627 2158 in
637 2130 713 2158 libro
725 2131 769 2159 De
780 2130 948 2168 receptione
958 2130 1074 2168 haered-

252 2176 354 2214 σοζτέζη
359 2166 1071 2214 ιθὲυέἓοέἓ¹ῗῖίἱλὲνιεὲίῗέεψιῈῩΙΞἮηΞἾέΨδῗσπν
1087 2188 1108 2214 ι)

275 2225 282 2232 .
290 2206 352 2232 395.
362 2201 419 2232 Séd
429 2205 530 2231 tamen
540 2202 570 2230 in
578 2201 749 2238 Apolinario
761 2201 881 2230 licentia
888 2202 986 2237 magis
997 2203 1071 2230 scri-

273 2239 354 2270 endi.
369 2246 462 2273 quam
479 2237 648 2266 Sabelliaua
663 2237 801 2273 impietas
815 2237 1026 2273 vituperanda.
1040 2238 1071 2266 Id

250 2275 331 2303 enim
346 2272 484 2302 videntur
509 2273 643 2301 indicare
659 2272 922 2309 Orientalestdum
938 2273 969 2300 in
984 2274 1070 2309 epist.

250 2309 405 2345 Basilii2b’3
416 2311 590 2345 queruntur,
599 2308 682 2345 quod
686 2307 852 2345 Apoliuarii
862 2308 898 2336 (te
908 2307 1069 2343 theologia,

249 2345 279 2373 id
290 2347 344 2378 est,
357 2344 395 2372 de
405 2343 540 2381 personis
546 2343 890 2381 divinis,disputationes
901 2352 960 2372 non
972 2345 1070 2378 petitis

249 2388 265 2409 ο
271 2379 430 2415 Scriptura
437 2380 672 2415 probationibus,
680 2379 731 2415 sed
739 2379 1070 2415 humanisrargumentis

248 2414 399 2445 nitantur.
413 2416 578 2444 Plurimum
591 2423 622 2443 se
645 2414 788 2443 amabant
813 2414 1019 2450 Apolinaristie
1033 2416 1070 2444 de

248 2452 396 2481 catholica
409 2452 557 2480 Trinitatis
570 2450 641 2484 ﬁde,
650 2458 686 2478 ac
699 2450 738 2486 de
752 2449 847 2485 hujus
854 2450 1005 2486 dogmatis
1020 2451 1070 2479 de-

247 2488 394 2520 fensione,
409 2489 442 2516 ut
454 2487 553 2515 videre
568 2488 612 2514 est
626 2485 708 2521 apud
722 2486 841 2521 Gregor.
857 2485 936 2519 Nai,
948 2488 1022 2514 orat.
1037 2489 1066 2515 51

246 2525 349 2563 Neque
362 2523 442 2551 hanc
464 2522 588 2563 laudem
610 2520 786 2563 ap'olinariq
800 2520 929 2562 denegat
944 2522 1070 2563 Epipha—

245 2555 325 2594 nius,
341 2559 448 2587 haeres.
464 2561 508 2593 77,
525 2557 579 2594 sed
606 2555 686 2584 dolet
706 2555 789 2594 quod
806 2555 890 2594 eain,
901 2555 1005 2592 impiis
1030 2558 1068 2585 de

245 2592 352 2623 Incarn
356 2594 455 2622 atione
461 2592 611 2621 erroribus
618 2592 725 2628 perver
727 2592 799 2628 terit.
806 2592 888 2620 Adeo
894 2596 996 2621 autem
1006 2601 1068 2622 non

243 2630 404 2659 laborabat
413 2628 533 2658 Sabellii
542 2627 649 2656 morbo
662 2627 863 2663 Apolinarius,
873 2631 904 2656 ut
916 2628 1068 2657 interdum

244 2666 276 2694 in
304 2666 449 2694 Arianam
476 2664 614 2692 haeresim
636 2663 705 2691 ferri
729 2663 888 2698 videretur,
906 2664 1018 2699 gradus
1036 2664 1068 2692 in

243 2701 382 2730 Trinitate
402 2701 531 2736 ﬁngens,
546 2702 574 2728 et
592 2706 750 2736 magnum,
767 2699 913 2735 majorem
933 2703 961 2728 et
975 2700 1069 2728 maxi-

243 2734 558 2772 muminducens,utei
565 2734 748 2772 exprobrant
754 2734 911 2772 Gregorius
919 2736 1066 2771 Naziauz.,

243 2774 318 2802 orat.
333 2775 376 2808 51,
390 2775 419 2802 et
431 2770 646 2807 Theodoretus,
660 2770 712 2800 lib.
729 2779 746 2798 ν
763 2771 853 2806 Hist"
870 2779 895 2800 c.
912 2773 938 2800 3.

1130 1541 1145 1569 ἡ
1177 1541 1242 1577 πρὸς
1277 1542 1335 1571 τοὺς
1366 1539 1488 1572 δυτικοῦς
1518 1541 1653 1576 ἐπιστολὴ,
1686 1542 1849 1574 καταξίωσον
1882 1554 1931 1570 τυ-

1130 1587 1222 1615 πώσας
1241 1584 1322 1614 αὐτὴν
1347 1583 1551 1622 διαπέμψασθαι
1566 1587 1621 1622 (94)
1637 1587 1712 1623 ἡμῖν,
1728 1588 1795 1613 ὥστε
1817 1592 1930 1617 ποιῆσαι

1131 1629 1314 1666 ὑπογραφῆναι
1339 1631 1411 1666 παρὰ
1435 1629 1484 1657 τῶν
1499 1631 1654 1667 ὁμοψύχων,
1670 1633 1715 1657 καὶ
1740 1631 1845 1668 ἑτοίμην
1860 1633 1930 1668 ἔχειν

1131 1675 1177 1702 τὴν
1201 1674 1364 1710 ὑπογραφὴν,
1389 1673 1413 1701 ἐν
1434 1676 1523 1712 χάρτῃ
1545 1675 1802 1712 κεχωρισμένῳ
1830 1676 1930 1703 ἐντετυ-

1131 1720 1259 1754 πωμένην,
1286 1719 1313 1745 ὅν
1338 1717 1472 1756 δυνάμεθα
1491 1720 1607 1756 συνάψαι
1631 1724 1666 1755 τῷ
1691 1721 1763 1757 παρὰ
1785 1725 1831 1747 τοῦ
1856 1720 1931 1748 ἀδελ-

1131 1767 1179 1799 φοῦ
1203 1764 1275 1800 ἡμῶν
1301 1764 1353 1800 (96)
1369 1769 1415 1791 τοῦ
1440 1765 1671 1802 σνμπρεσϐυτέρου
1687 1766 1926 1803 περικομιςομένῳ,

1131 1808 1198 1844 Ἐγὼ
1222 1809 1266 1845 μὲν
1288 1809 1349 1846 γὰρ,
1378 1807 1453 1836 οὐδὲν
1485 1810 1563 1848 ιὺρὼν
1586 1811 1642 1846 (97)
1668 1812 1817 1836 συνεκτικὸν
1844 1810 1870 1836 ἐν
1893 1816 1931 1847 τῷ

1131 1854 1330 1889 ὕπομνηστικῷ,
1357 1853 1404 1880 οὐκ
1427 1855 1508 1890 ἔσχον
1535 1855 1598 1892 ὑπὲρ
1614 1854 1644 1881 οὗ
1667 1854 1803 1881 ἐπιστείλω
1826 1859 1880 1886 τοῖς
1903 1855 1930 1882 ἐν

1165 1953 1222 1992 (90)
1237 1951 1393 1994 Καθξῄμῶν.
1405 1953 1474 1994 Tres
1487 1952 1678 1994 vetustissimi
1688 1952 1807 1994 codices
1817 1955 1846 1981 et
1855 1954 1928 1994 Reg.

1129 1987 1245 2049 Erimus
1257 1987 1314 2014 καθ’
1326 1987 1405 2024 ἡμᾶς.
1429 1987 1481 2029 Sic
1492 1988 1583 2016 etiam
1606 1987 1697 2016 editio
1711 1989 1828 2029 llagan.
1858 1992 1887 2017 et
1902 1987 1926 2018 ﬁt

1152 2023 1217 2049 ast].
1236 2023 1293 2049 Sed
1308 2025 1410 2049 tamen
1422 2023 1494 2049 nihil
1510 2024 1689 2049 mutandum
1704 2024 1830 2049 Videtur.

1152 2023 1217 2050 asil.
1236 2023 1293 2051 Sed
1308 2025 1410 2050 tamen
1422 2023 1494 2051 nihil
1509 2024 1689 2052 mutandum
1704 2023 1830 2052 videtur.

1163 2058 1221 2094 (91)
1237 2059 1403 2095 Προσθέντες.
1419 2059 1505 2087 Coisl.
1525 2059 1676 2087 secundus
1688 2061 1717 2087 et
1735 2061 1805 2094 Reg.
1822 2067 1932 2088 secun-

1127 2093 1184 2121 dus
1194 2093 1338 2131 προθϊντις.

1127 2165 1144 2195 ς
1163 2129 1219 2166 (92)
1235 2129 1434 2166 Ὀνομάσαντις.
1467 2131 1510 2158 Ita
1538 2138 1587 2158 sex
1622 2138 1696 2158 mss.
1730 2130 1807 2158 Editi
1833 2131 1930 2168 ὀνομά-

1145 2174 1222 2195 οντες,

1145 2174 1222 2196 οντες.

1162 2200 1218 2238 (99)
1233 2201 1330 2238 ξΗμών.
1339 2201 1388 2238 ita.
1402 2203 1517 2229 veteres
1532 2201 1599 2229 libri
1611 2208 1667 2237 pro
1680 2209 1715 2230 eo
1725 2201 1808 2238 quod
1820 2202 1928 2232 vitiose

1124 2235 1155 2263 in
1172 2235 1257 2264 editis
1265 2235 1427 2271 legebatur
1439 2237 1511 2273 ἡμῖν.

1161 2272 1216 2308 (974)
1249 2271 1462 2304 Καταξίωσον...’
1490 2271 1703 2308 διαπέμψασθαι.
1736 2274 1780 2301 Ita
1808 2276 1928 2302 veteres

1124 2307 1192 2345 libri
1207 2307 1442 2345 quinque._Editi
1456 2307 1614 2345 καταξίανᾼ.
1641 2307 1801 2345 διαπέμψαι.
1829 2309 1926 2338 Editio

1125 2343 1331 2397 Hagazrioensis
1356 2343 1447 2372 habet
1470 2343 1645 2375 καταξίωσαν.
1670 2343 1763 2372 Paris.
1789 2345 1927 2374 secunda

1125 2388 1299 2410 καταζιωσον.

1160 2415 1216 2450 (93)
1233 2417 1436 2453 Κεχωρισμένῳ.
1451 2413 1632 2443 Addidimus
1655 2414 1734 2442 hanc
1758 2423 1867 2443 vocem
1889 2424 1927 2444 ex

1124 2458 1177 2478 381
1192 2459 1267 2478 mss.

1160 2487 1217 2521 (96)
1231 2490 1282 2512 Τοῦ
1299 2484 1410 2522 ἀδελφοῦ
1427 2487 1508 2522 ἡμῶν.
1531 2486 1603 2522 Male
1627 2486 1657 2522 in
1680 2485 1810 2514 editione
1831 2487 1925 2515 Paris.

1124 2521 1400 2562 ιιᾱρἱυιςκΔωροθέουι,
1414 2521 1497 2562 quod
1522 2521 1552 2562 in
1563 2521 1824 2562 editionellagan.
1851 2523 1928 2550 etin

1123 2557 1222 2593 prima
1236 2557 1397 2585 Basileensi
1409 2557 1501 2590 deest,
1518 2560 1547 2585 et
1561 2557 1592 2585 in
1607 2557 1749 2585 omnibus
1764 2565 1852 2592 mss.,
1869 2566 1927 2586 nec

1123 2592 1274 2630 conciliari
1301 2595 1398 2629 potest
1412 2601 1489 2630 _cum
1514 2593 1616 2630 Basilii
1635 2593 1792 2626 sententia,
1818 2601 1838 2621 a.
1865 2601 1928 2630 quo

1123 2628 1335 2664 Sanctissimus
1350 2628 1441 2664 paulo
1452 2631 1520 2656 ante
1535 2628 1708 2664 nominatus
1723 2630 1778 2655 est.

1159 2664 1214 2700 (97)
1229 2662 1312 2690 Οὐδὲν
1327 2662 1417 2700 εὑρών.
1433 2666 1474 2692 tta
1485 2663 1574 2700 rQoisl.
1588 2663 1703 2700 primus
1720 2666 1748 2692 et
1762 2663 1836 2700 Med.
1852 2673 1927 2692 cum

1122 2697 1243 2737 duobus
1258 2699 1335 2737 aliis.
1356 2697 1435 2728 Harl.
1463 2697 1538 2726 οὐδὲν
1558 2697 1677 2737 εὔροια,
1693 2702 1737 2726 καὶ
1756 2699 1802 2725 οὔκ
1828 2701 1926 2736 ἔσχον.

1122 2735 1199 2764 Editi
1213 2735 1266 2771 οὐχ
1281 2736 1371 2772 εὑρών.
