1998 3145
98 155 147 182 561

596 157 839 187 EPISTOLARUM
853 157 992 187 CLASSIS
1005 160 1037 187 II.
1054 160 1160 190 EPIST.
1182 162 1277 191 CXXX.

1727 168 1779 195 562

97 221 128 253 τῇ
145 214 234 245 δύσει.
249 218 289 244 Τὰ
316 217 361 253 μὲν
375 218 424 255 γὰρ
452 217 582 254 ἀναγκαῖα
596 220 769 256 προείληπται
783 228 789 235 ·
808 221 842 246 τὰ
870 218 891 246 δ“

955 220 1136 251 dentalibus.
1153 223 1326 252 Necessaria
1345 224 1426 252 enim
1449 228 1661 263 praeoccupate
1684 230 1754 256 sunt
1770 236 1777 256 :

97 263 206 299 περιττὰ
245 263 352 298 γράφειν
383 262 511 293 παντελῶς
536 265 656 300 μάταιον.
691 267 753 302 Περὶ
788 263 818 291 δὴ
849 269 899 291 τῶν

97 306 181 332 αὐτῶν
210 306 327 342 ἐνοχλεῖν
345 309 381 343 μὴ
407 309 451 333 καὶ
475 307 573 343 γελοῖον
593 310 653 342 ein;
676 310 774 338 Ἐκείνη
801 308 830 336 δέ
854 319 899 346 μοι

96 349 184 382 ἔδοξεν
200 351 289 387 ὥσπερ
314 350 482 388 ἀγύμναστος
498 351 562 378 εἶναι
585 354 600 382 ἡ
624 354 754 388 ὑπόθεσις,
779 357 824 380 καὶ
839 357 898 390 χώ-

96 406 144 433 ραν
167 397 297 432 παρέχειν
318 397 459 433 γράμμασι
471 397 537 433 (98),
549 399 577 424 τὸ
591 398 773 436 παρακαλέσαι
795 399 897 432 αὐτοὺς,

95 443 131 476 μὴ
148 439 260 477 ἀκρίτως
274 438 403 476 δέχεσθαι
426 442 471 472 τὰς
495 445 629 473 κοινωνίας
644 448 693 469 τῶν
717 442 744 469 ἐκ
763 447 808 474 τῆς
833 443 897 470 ἀνα-

94 484 174 516 τολῆς
203 484 394 522 ἀφικνουμένων
411 495 416 502 ·
447 485 502 512 ἀλλ’
518 487 589 519 ἅπαξ
614 490 675 524 μίαν
704 487 800 525 μερίδα
826 487 897 514 ἐκλε-

94 529 234 566 ξαμένους,
266 531 327 561 τοὺς
350 529 457 562 λοιποὺς
483 532 510 557 ἐκ
528 536 576 562 τῆς
595 535 741 569 μαρτυρίας
766 536 815 559 τῶν
840 543 896 559 κοι-

91 579 207 600 νωνικῶν
231 574 481 611 προσλαμϐάνεσθαι
498 584 504 590 “
532 578 577 602 καὶ
600 579 636 612 μὴ
657 587 735 603 παντι
749 581 786 613 τῷ
805 579 896 603 πίστιν

90 620 220 656 γράφοντι
247 619 289 645 ἐπὶ
320 620 449 656 προφάσει
478 618 512 649 δὴ
534 625 579 651 τῆς
607 619 763 658 ὀρθοὸοξίας
788 623 896 659 προστί-

92 664 195 690 θεσθαι.
213 663 289 690 Οὕτω
312 665 363 701 γὰρ
387 665 572 700 εὑρεθήσονται
598 669 652 696 τοῖς
666 668 826 703 μαχομένοις
841 677 895 693 κοι-

88 712 240 741 νωνοῦντες,
274 708 299 734 οἱ
336 710 371 735 τὰ
401 711 446 745 μὲν
478 710 582 747 ῥήματά
605 710 726 742 πολλάκις
758 713 791 738 τὰ
827 711 895 738 αὐτά

88 753 291 790 προϐάλλονται,
316 754 449 790 μάχονται
476 752 505 780 δὲ
537 753 666 789 ἀλλήλοις,
683 757 744 782 ὅσον
772 757 797 782 οἱ
819 755 893 782 πλεῖ-

89 807 152 824 στον
181 796 360 829 διιστηκότες.
375 798 419 825 Ἲν’
444 796 487 825 οὖν
513 801 549 835 μὴ
570 799 614 826 ἐπὶ
639 800 724 827 πλεῖον
748 801 763 830 ἠ
794 801 894 838 αἵρεσις

88 841 236 873 ἐξάπτηται
253 844 310 875 (99)
334 846 384 869 τῶν
408 844 472 881 πρὸς
499 843 623 875 ἀλλήλους
650 843 892 876 διαστασιαζόντων

89 886 361 924 ἀντιπροϐαλλομένων
374 888 407 913 τὰ
425 887 483 925 παρ’
497 888 580 914 αὐτῶν
593 890 739 926 γράμματα
748 890 797 925 (1),
809 900 893 926 παρα·
908 903 928 930 Β

86 931 220 960 κληθῆναι
232 931 328 963 αὐτοὺς
340 930 404 965 ἔδει,
418 935 569 970 κεχριμένας
582 935 714 960 ποιεῖσθαι
728 937 773 960 καὶ
788 935 832 964 τὰς
842 938 892 960 τῶν

90 975 305 1012 ἐντυγχανόντων
322 977 411 1008 αὐτοῖς
423 979 556 1008 κοινωνίας
569 980 620 1012 (2),
636 981 680 1005 καὶ
695 980 739 1009 τὰς
757 978 892 1016 ἐγγράφως

85 1023 227 1057 γινομένας
244 1023 313 1048 κατὰ
326 1023 371 1048 τὸν
385 1023 465 1048 τύπον
484 1026 532 1053 τῆς
549 1022 711 1054 Ἐκκλησίας.

367 1087 536 1111 ΕΠΙΣΤΟΛΗ
557 1084 617 1112 ΡΛ’.

955 267 1109 302 superﬂua
1130 276 1202 296 vero
1226 268 1355 297 scribere
1378 277 1502 305 prorsus
1516 278 1630 299 vanum
1655 274 1712 300 est.
1738 274 1778 301 De

953 309 1060 338 iisdem
1077 314 1176 340 autem
1188 312 1356 340 molestiam
1372 313 1626 347 exhibere,nonnc
1640 316 1729 344 etiam
1741 316 1778 344 ri-

954 354 1086 383 diculum
1102 356 1188 384 fuerit
1200 356 1213 383 ‘I
1224 356 1274 384 llla
1287 359 1388 385 autem
1399 357 1472 385 mihi
1482 358 1546 386 visa
1559 362 1603 387 est
1615 359 1694 388 velut
1703 360 1778 388 inta-

953 401 1001 426 cta
1015 407 1080 427 esse
1096 401 1229 435 materia,
1247 401 1409 437 locumque
1432 402 1535 430 litteris
1547 403 1629 439 dare,
1647 404 1671 431 si
1693 404 1777 440 ipsos

952 443 1158 481 adhortemur,
1174 453 1210 474 ne
1221 446 1284 474 sine
1297 446 1410 482 judicio
1427 447 1575 483 recipiant
1588 449 1776 478 communio-

951 496 1005 516 nes
1018 496 1054 517 ex
1083 490 1200 519 Oriente
1224 491 1418 525 venientium,
1436 492 1489 519 sed
1508 493 1601 521 semel
1615 501 1678 522 una
1692 496 1776 530 parte

951 532 1055 566 electa,
1068 534 1200 571 reliquos
1216 536 1508 564 communicatorum
1521 537 1692 567 testimonio
1720 539 1775 567 ad-
1813 554 1816 557 -

950 577 1078 614 mittant,
1089 587 1144 606 nec
1155 579 1275 608 cuilibet
1286 580 1357 608 ﬁdei
1371 580 1534 609 formulam
1549 582 1698 618 scribenti,
1717 585 1774 611 sub

949 621 1091 651 doctrinas
1107 624 1281 652 orthodoxae
1289 624 1415 654 obtentu
1430 626 1687 655 assentianturJta
1694 628 1774 656 enim

947 667 1133 702 reperientur
1147 676 1217 696 cum
1232 668 1408 697 hominibus
1423 669 1497 697 inter
1512 677 1543 698 se
1566 671 1774 706 pugnantibus

949 712 1182 740 communicare:
1192 713 1245 749 qui
1258 713 1352 741 verba
1363 714 1487 749 quidem
1496 722 1578 750 saepe
1592 715 1700 743 eadem
1708 723 1775 752 pro-

947 754 1111 788 ferunt,sed
1126 759 1265 793 pugnant
1279 757 1356 786 inter
1371 761 1564 795 se,quantum
1578 759 1631 795 qui
1642 760 1773 789 maxime

947 799 1136 829 dissentiunt.
1153 803 1266 838 itaque,
1286 810 1324 830 ne
1333 803 1430 838 magis
1446 803 1568 831 haeresis
1580 804 1773 833 accendatur.

947 844 1022 872 dum
1045 845 1097 882 qui
1117 845 1193 874 inter
1218 855 1249 874 se
1264 847 1453 882 dissentiunt,
1475 850 1615 884 acceptas
1634 849 1673 877 ab
1699 849 1773 886 ipsis

946 889 1059 917 litteras
1085 890 1142 918 sibi
1168 894 1274 919 mutuo
1300 891 1456 927 objiciunt,
1483 893 1613 928 rogandi
1634 897 1712 926 sunt,
1740 896 1774 923 ut

947 941 1015 961 cum
1028 934 1143 969 judicio
1158 936 1390 964 communiones
1405 940 1562 973 peragant,
1584 940 1613 965 et
1629 945 1680 966 eas
1703 946 1772 975 qum

946 986 1016 1007 cum
1029 979 1242 1008 accedentibus
1256 980 1295 1008 ad
1306 980 1398 1016 ipsos,
1414 983 1443 1009 et
1454 989 1505 1010 eas
1520 989 1588 1018 quae
1602 982 1712 1018 scripto
1727 991 1773 1011 se-

945 1023 1081 1052 cundum
1099 1024 1235 1053 Ecclesia;
1250 1033 1391 1053 normam
1405 1025 1491 1054 ﬁunt.

1158 1087 1245 1123 222
1267 1087 1437 1117 EPISTOLA
1457 1089 1563 1117 CXXX‘.

85 1145 296 1180 Reprehensus
309 1153 328 1174 (ι
344 1145 491 1174 Theodoto
501 1147 637 1175 Basilius
649 1147 727 1182 quod
741 1148 821 1176 nihil
834 1148 1000 1183 scripsisset
1015 1149 1052 1177 de
1065 1149 1238 1183 Eustathio,
1255 1151 1414 1213 resgondet
1429 1158 1458 1179 se
1471 1151 1583 1179 idcirco
1598 1159 1658 1179 non
1677 1151 1771 1186 scrip-

119 1182 202 1213 sisse,
217 1181 298 1213 quod
310 1189 356 1210 res
367 1182 502 1210 omnibus
516 1185 588 1211 nota
601 1184 713 1213 sitmon
727 1184 808 1213 quod
818 1191 905 1213 parvi
919 1184 1071 1213 facienda.
1087 1186 1189 1213 Neoue
1202 1186 1280 1213 enim
1323 1186 1449 1213 astat/iii
1461 1187 1598 1213 discessio
1611 1195 1631 1213 α
1644 1195 1771 1213 commu-

119 1182 202 1220 st'sse,
217 1181 356 1220 (μέσατος
367 1182 502 1220 omnibus
516 1185 588 1220 nota
601 1181 713 1217 sitfuon
727 1184 808 1220 quod
817 1181 905 1219 parvi
917 1184 1071 1219 facienda.
1087 1186 1189 1220 Neque
1202 1181 1280 1213 enim

1323 1186 1449 1214 ustathii
1461 1187 1598 1215 discessio
1611 1195 1631 1215 a
1644 1195 1772 1215 commu-

122 1218 213 1256 nione
237 1217 352 1256 Basilii,
368 1219 502 1256 cgnvicio
517 1219 549 1246 in
567 1219 713 1256 Basilium
732 1217 903 1256 adiuuante
918 1217 1081 1255 Theophila
1098 1217 1200 1256 Cilice,
1217 1221 1290 1256 ﬁdes
1304 1222 1423 1250 Ariona
1435 1222 1551 1250 Gelasio
1567 1223 1639 1251 data
1654 1223 1685 1250 in
1697 1223 1771 1251 Cili-

122 1254 181 1292 cia,
195 1254 312 1292 scripta
328 1253 359 1280 in
373 1253 523 1292 Basiliam
547 1255 706 1292 calumniis
728 1255 853 1292 referta,
869 1253 1063 1292 reordinatio,
1079 1253 1330 1291 novum’facimus
1349 1258 1385 1286 de
1404 1258 1563 1286 Eustathio
1585 1260 1769 1292 nuntiatum,

122 1289 223 1317 videri
236 1289 314 1328 levia
336 1289 463 1324 possint,
487 1292 520 1318 ut
538 1291 662 1326 quidam
686 1291 800 1319 Basilio
823 1289 920 1320 videri
933 1291 1100 1321 dictabam.
1127 1289 1210 1321 Duas
1232 1300 1338 1321 causas
1353 1294 1442 1328 affert
1458 1301 1513 1321 cur
1526 1294 1688 1323 Eustathio
1710 1289 1771 1322 ηογὶ

122 1324 314 1359 responderit
321 1346 327 1353 .

245 1376 376 1415 Θεοδότῳ,
399 1378 533 1415 ἑπισκόπῳ
547 1379 724 1411 Νικοπόλεως.

124 1434 149 1460 1.
176 1431 265 1462 Καλῶς
286 1434 331 1458 καὶ
349 1434 534 1470 προσηκόντως
562 1434 636 1470 ἡμῶν
655 1433 777 1469 καθὴψω,
800 1437 890 1470 τιμιώ-

81 1486 146 1503 τατε
175 1478 210 1507 ὡς
235 1475 337 1507 ἀληθῶς
365 1480 409 1503 καὶ
433 1478 595 1504 ποθεινότατε
621 1476 723 1514 ἂδιλφὶ,
741 1479 781 1504 ὅτι
809 1478 835 1510 ἕξ
858 1478 889 1504 οὗ

82 1522 294 1559 ἀνεχωρήσαμῇι
318 1523 376 1548 τότε
396 1526 444 1553 τῆς
470 1526 517 1553 σῆς
536 1522 668 1554 εὐλαϐείας
693 1524 738 1553 τὰς
763 1525 822 1560 περὶ
841 1527 889 1554 τῆς

80 1570 198 1597 πίστεως
231 1565 330 1597 ἇκεὶνας
362 1567 501 1603 προτάσεις
528 1571 563 1602 τῷ
594 1567 728 1603 Εὗσταθίῳ
764 1569 888 1605 φέροντες,
903 1587 924 1614 C

79 1610 161 1638 οὐδέν
189 1621 232 1637 σοι
253 1612 311 1637 οὗτε
331 1613 424 1649 μικρὸν
453 1613 512 1638 οὔτε
540 1612 628 1649 μεῖζον
647 1616 697 1638 τῶν
723 1613 780 1638 κατ’
810 1613 888 1639 αὐτὸν

79 1654 265 1692 ὶδηλώσαμεν,
286 1656 352 1692 Ἐγὼ
390 1655 420 1683 δί
449 1656 503 1693 οὐχ
531 1658 564 1687 ὡς
593 1657 824 1694 εὐκαταφρονήτων
848 1658 889 1693 (3)

79 1704 134 1728 τῶν
171 1700 235 1738 παρ’
273 1700 354 1727 αὐτοῦ
389 1703 526 1738 γενομένων
557 1701 591 1732 εἰς
622 1702 693 1738 ἡμᾶς
724 1700 858 1738 ὑπερεῖδον
880 1713 887 1721 ·

80 1745 188 1777 ἀλλ’ὡς
212 1745 246 1776 εἰς
272 1746 371 1777 πάντας
396 1745 484 1773 λοιπὸν
510 1747 571 1777 τοὺς
599 1745 751 1782 ἀνθρώπους
779 1744 888 1776 διαϐοη-

82 1792 172 1820 θείσης
192 1794 239 1820 τῆς
254 1792 350 1826 φήμης,
366 1793 411 1817 καί
430 1789 534 1822 οὐδενὸς
561 1795 609 1822 τῆς
631 1790 694 1828 παρ’
716 1792 790 1828 ἡμῶν
809 1789 888 1818 διδα·

83 1835 197 1865 σκαλίας
209 1835 246 1866 εἰς
257 1837 287 1861 τὸ
302 1837 349 1865 τὴν
367 1838 518 1874 προαίρεσιν
530 1840 576 1863 τοῦ
604 1834 699 1873 ἀνδρὸς
720 1834 887 1872 διδαχθῆναι

82 1879 290 1917 προσδεομένου.
335 1883 417 1907 Τοῦτο
453 1880 503 1918 γὰρ
541 1883 586 1907 καὶ
627 1880 703 1911 αὐτὸς
740 1882 886 1915 ἐπι-νόησεν,

83 1926 173 1962 ᾧσπερ
203 1924 359 1961 φοϐούμενος
372 1927 408 1962 μή
435 1925 539 1961 ὀλίγους
555 1929 610 1962 σχῇ
636 1930 683 1957 τῆς
712 1925 804 1952 ἑαυτοῦ
818 1928 888 1961 γνώ-

82 1979 136 2006 μης
156 1971 305 2007 μάρτυρας,
339 1970 372 2000 εἰς
395 1972 482 1996 πᾶσαν
516 1969 646 2006 ἐσχατιὰν
679 1971 725 2001 τὰς
751 1970 888 2000 επιστολὰς

191 2042 347 2085 [βάμμασι.
361 2042 405 2085 [tia
416 2041 650 2085 mssfqui‘ngue:
658 2041 731 2083 Editi
741 2042 887 2079 γράμματι.

119 2079 178 2114 (799)
191 2077 361 2114 'Eﬁdmnraz.
377 2079 421 2114 ita
436 2077 561 2106 Hariiet
575 2077 660 2106 Coisl.
676 2077 798 2114 primus
814 2077 888 2106 cum

84 2111 183 2141 tribus
197 2112 272 2140 aliis.
287 2112 364 2140 Editi
374 2111 543 2144 ἐξαπατῆται.

122 2149 159 2183 (1)
174 2148 618 2188 I‘pdupara:_Ha;c_Tillemontius
628 2149 839 2184 interpretatur
851 2148 889 2188 de

84 2184 213 2212 diversis
239 2184 342 2212 Meletii
356 2186 385 2211 et
399 2184 513 2212 Paulini
526 2184 674 2219 partibus,
693 2192 750 2212 nec
775 2192 837 2212 non
852 2184 889 2212 de

84 2219 283 2260 Marcellianis
297 2219 621 2260 etuApoiinaristissed
630 2220 722 2260 iidem
737 2219 890 2260 designari

84 2255 228 2293 videntur
239 2254 420 2293 haereticiﬁe
430 2255 542 2292 quibus
554 2255 616 2293 agit
630 2254 754 2293 Basilius
768 2254 890 2293 inLepis-
907 2267 930 2293 D

84 2291 147 2319 tola
158 2290 352 2327 praecedenti:
368 2290 459 2327 idque
473 2291 642 2319 accuratius
657 2292 688 2318 in
709 2291 776 2319 Vita
790 2291 819 2319 S.
831 2290 892 2320 Βα-

84 2327 147 2354 silii
160 2326 360 2363 expendetur.

123 2363 162 2397 (2)
178 2361 329 2398 Κόινωνίας.
350 2361 504 2398 Duplicem
530 2361 778 2398 communicandi
803 2362 891 2391 ratio-

85 2405 157 2434 nem
168 2405 237 2425 esse
252 2405 288 2425 ex
296 2397 354 2434 hoc
368 2397 435 2426 loco
446 2400 474 2426 et
483 2406 520 2426 ex
530 2398 672 2434 epist.22li
683 2397 889 2434 perspicimus,

85 2433 213 2461 alteram
227 2441 297 2461 cum
305 2433 341 2461 iis
355 2433 407 2469 qui
422 2441 525 2462 coram
535 2433 694 2465 accedunt}
705 2433 830 2461 alteram
838 2441 892 2469 per

85 2468 311 2497 litteras.Prima
321 2468 376 2497 aut
383 2469 548 2504 adlsacram
560 2468 892 2504 Eucharistiam,aut’ad

85 2504 395 2541 precesradmittendo
402 2504 603 2541 ﬁebatJratus
617 2504 834 2541 Theodotus,ut
842 2512 889 2532 su-

85 2540 142 2576 pra
155 2540 288 2568 vidimus
300 2540 334 2576 in
350 2540 434 2576 epist.
449 2540 580 2576 99,quod
593 2540 717 2568 Basilius
732 2540 776 2576 ab,
788 2541 892 2568 Eusta-

86 2575 138 2604 thii
149 2575 439 2605 communione’non
448 2575 841 2609 discederet,contumeliam
854 2583 890 2603 eo

84 2612 237 2648 perduxit,
253 2613 286 2639 ut
298 2611 383 2639 illum
398 2619 453 2640 nec
475 2612 515 2639 ad
528 2612 775 2648 matutinas,_nec
788 2611 828 2648 ad
840 2619 890 2639 ve-

86 2646 238 2684 spertinas
252 2654 357 2683 preces
372 2649 548 2684 assumeret.
563 2647 629 2678 Ipse
643 2646 769 2684 Basilius
782 2646 887 2675 adver-

85 2682 183 2724 sarios
205 2682 357 2724 provocat
363 2682 402 2723 _in
425 2683 512 2724 epist.
537 2684 600 2716 224,
615 2685 648 2711 ut
660 2682 792 2724 aliquem
818 2690 837 2724 ᾳ
857 2690 889 2724 se

87 2726 124 2748 ex
141 2718 258 2747 clericis
282 2718 452 2754 Apolinari’
465 2718 505 2747 ad
517 2718 762 2747 communionem
777 2720 830 2754 aut
850 2718 890 2746 ad

87 2762 194 2791 preces
207 2753 378 2791 admissum
390 2753 798 2791 fuissedemonstrent.0uod
809 2761 888 2790 spec-

88 2789 130 2819 tat
140 2790 182 2819 ad
194 2790 323 2819 alterum
334 2789 558 2819 communionis
580 2797 685 2825 genus,
705 2797 767 2818 non
782 2789 888 2818 omnes

87 2825 191 2855 litterae
204 2825 328 2861 signum
339 2828 425 2855 erant
446 2826 681 2861 communionis,
694 2825 747 2854 sed
761 2833 839 2862 quae,
856 2827 889 2853 ut

1086 1381 1243 1414 Theodoto,
1259 1381 1395 1416 episcopo
1410 1381 1633 1416 Nicopolitano.

981 1435 1005 1464 Ι,
1020 1434 1105 1462 Recte
1120 1436 1210 1470 atque
1229 1434 1439 1462 convenienter
1453 1442 1508 1462 nos
1527 1435 1659 1470 tetigisti,
1681 1435 1772 1464 frater

943 1477 1151 1507 colendissime
1170 1487 1294 1515 prorsus
1306 1487 1341 1507 ac
1356 1478 1620 1515 desideratissime,
1631 1480 1712 1516 quod
1734 1488 1770 1509 ex

942 1530 1004 1558 quo
1016 1531 1033 1550 a
1048 1526 1099 1551 tua
1111 1524 1220 1559 pietate
1232 1526 1302 1552 tunc
1315 1523 1519 1558 discessimus,
1527 1523 1653 1552 ferentes
1668 1526 1769 1553 Eusta-

944 1567 1005 1595 thio
1027 1567 1092 1595 illas
1109 1568 1146 1595 de
1169 1568 1228 1596 ﬁde
1257 1568 1486 1604 propositiones,
1502 1568 1576 1596 nihil
1600 1569 1652 1597 tibi
1671 1577 1770 1606 neque

943 1619 1071 1648 parvum
1087 1621 1183 1649 neque
1199 1620 1345 1648 magnum
1361 1613 1398 1641 de
1416 1613 1495 1641 illius
1514 1613 1605 1642 rebus
1621 1614 1769 1650 signiﬁca-

942 1656 1148 1692 verimus.Ego
1164 1659 1265 1686 autem
1280 1665 1341 1685 non
1353 1658 1437 1694 quod
1449 1658 1534 1686 facile
1548 1658 1770 1688 contemnenda

944 1701 1011 1735 sint,
1024 1709 1092 1737 quae
1112 1702 1151 1729 ab
1175 1709 1210 1730 eo
1225 1702 1255 1730 in
1270 1710 1319 1730 me
1342 1703 1505 1731 commissa
1529 1705 1609 1737 sunt,
1626 1703 1745 1739 neglexi
1761 1712 1768 1730 :

944 1746 1085 1782 sedquod
1092 1746 1173 1774 fama
1179 1746 1262 1783 apud
1268 1755 1373 1775 omnes
1377 1747 1441 1782 jam
1447 1747 1586 1776 homines
1593 1748 1771 1784 pervulgata

943 1790 1047 1824 sit,nec
1065 1799 1252 1827 quemquam
1263 1799 1282 1819 a
1296 1799 1344 1819 me
1359 1792 1458 1819 doceri
1474 1799 1552 1828 opus
1567 1792 1613 1827 sit,
1630 1797 1663 1820 ut
1673 1792 1769 1820 homi-

943 1835 990 1864 nis
1005 1836 1191 1872 propositum
1207 1839 1380 1871 cognoscat.
1409 1836 1480 1864 Huic
1505 1836 1586 1864 enim
1604 1836 1647 1864 rei
1661 1839 1690 1864 et
1703 1837 1768 1873 ipse

942 1880 1080 1916 providit,
1097 1881 1183 1916 quasi
1198 1884 1344 1909 metueret
1368 1889 1405 1909 ne
1421 1889 1535 1917 paucos
1558 1881 1683 1909 haberet
1703 1889 1767 1910 suae

942 1924 1092 1953 sententiae
1109 1925 1349 1962 testes,epistolas
1363 1928 1466 1953 contra
1477 1933 1524 1954 me
1534 1925 1721 1961 conscriptas
1735 1926 1767 1954 in

941 1969 1145 1997 remotissima
1159 1977 1288 2006 quaeque
1302 1970 1370 1998 loca
1381 1971 1597 1999 transmittens.
1612 1971 1715 2007 Itaque
1734 1978 1766 1998 se

943 2040 985 2069 ait
1004 2039 1138 2073 Basilius,
1152 2041 1313 2069 secundum
1329 2041 1470 2070 Ecclesiae
1490 2049 1626 2070 normam
1639 2040 1764 2076 ﬁebant,

944 2076 1004 2117 sive
1019 2076 1123 2118 litterae
1147 2076 1317 2118 canonica:
1332 2077 1385 2117 .Sic
1397 2077 1478 2105 enim
1493 2078 1624 2118 appellat
1639 2077 1764 2118 Basilius

944 2112 975 2149 in
988 2112 1094 2149 eadem
1107 2111 1192 2149 epist.
1204 2113 1278 2149 224,
1288 2111 1349 2146 ubi,
1370 2111 1593 2149 communionis
1603 2121 1673 2141 cum
1687 2114 1765 2149 Apo-

944 2147 1058 2183 linario,
1074 2146 1154 2175 initae
1167 2147 1372 2183 suspicionem
1386 2148 1543 2183 repellens,
1558 2152 1648 2183 negat
1662 2156 1694 2176 se
1707 2146 1763 2176 fm-

944 2191 1037 2218 quam
1052 2182 1164 2210 litteras
1187 2182 1349 2210 canonicas
1376 2182 1427 2210 ad
1442 2191 1512 2211 eum
1533 2184 1662 2211 dedisse.
1680 2183 1763 2212 Unde

946 2217 1116 2254 confirmari
1127 2220 1233 2254 potest,
1249 2217 1332 2254 quod
1347 2218 1386 2254 in,
1397 2218 1463 2246 Vita
1472 2219 1505 2246 S.
1517 2219 1667 2254 Cypriani
1675 2226 1762 2247 novae

945 2253 1201 2290 editaproba’tum
1213 2253 1267 2286 est;
1281 2253 1439 2290 epistolam
1457 2253 1599 2290 Stephani
1614 2262 1702 2290 papae
1722 2254 1761 2282 ad

945 2289 1139 2326 Cyprianum,
1165 2297 1226 2317 non
1241 2296 1306 2317 esse
1322 2289 1523 2326 certissimum
1540 2289 1762 2326 communionis

945 2324 1169 2359 argumentum,
1186 2327 1215 2353 et
1237 2327 1341 2353 contra
1355 2332 1447 2360 quam
1467 2324 1585 2352 videtur
1601 2325 1760 2353 Tillemon-

946 2360 1067 2396 tio,post
1080 2363 1220 2395 negatam
1236 2360 1341 2395 legatis
1352 2360 1501 2396 episcopis
1514 2361 1761 2389 communionem

945 2395 1034 2424 scribi
1046 2397 1193 2432 potuisse.
1205 2397 1269 2424 Una
1288 2395 1389 2423 autem
1403 2404 1438 2423 ex
1459 2396 1547 2429 notis,
1560 2395 1672 2432 quibus
1683 2397 1761 2432 ejus-

945 2431 1014 2459 mod
1020 2431 1169 2467 ize’pistolae
1178 2431 1207 2458 di
1211 2431 1434 2466 gnoscebantur
1441 2439 1476 2459 ea
1482 2431 1598 2459 videtur
1603 2432 1759 2465 exstitisse,

946 2469 979 2508 ut
994 2467 1019 2494 is
1035 2466 1081 2508 ad
1099 2474 1191 2508 quem
1203 2467 1410 2508 scribebatur,
1437 2467 1595 2508 episcopus
1619 2466 1761 2507 salutare-

945 2505 1004 2535 tur,
1018 2503 1042 2530 si
1057 2502 1117 2531 hac
1127 2502 1272 2537 dignitate
1285 2506 1409 2530 ornatus
1420 2505 1506 2531 esset.
1519 2502 1665 2531 Discimus
1679 2503 1760 2530 enim

945 2546 983 2566 ex
1001 2538 1088 2574 epist.
1106 2540 1169 2566 240.
1184 2538 1381 2574 Theophilum
1406 2538 1633 2566 Castabalorum
1647 2538 1761 2574 episco-

944 2573 1107 2610 pum,cum
1119 2582 1174 2602 nec
1185 2573 1286 2610 aperte
1301 2574 1445 2609 conjungi
1460 2582 1528 2602 cum
1544 2574 1649 2602 Basilio
1661 2573 1760 2608 vellet,

944 2609 1000 2650 nec
1017 2612 1118 2650 aperte
1130 2609 1273 2650 disju’ngi.
1288 2609 1417 2637 scribere
1435 2610 1473 2650 ad
1485 2618 1554 2650 eum
1566 2609 1707 2650 noluisse,
1723 2617 1762 2650 ne

944 2647 978 2673 ut
998 2645 1177 2685 episcopum
1190 2645 1663 2685 s_alutare__cogeretur,_Basilius
1682 2647 1762 2685 post-

943 2688 1037 2717 quam
1065 2680 1167 2717 sefab
1192 2680 1337 2709 Eustathii
1363 2680 1575 2710 communione
1606 2680 1762 2716 disjunxit,

943 2716 1104 2753 nunquam
1118 2716 1201 2744 illum
1215 2717 1394 2753 episcopum
1407 2720 1505 2753 vocat.

1040 2751 1287 2789 Εὗκαταφρονὴτων.
1303 2751 1347 2781 Ita
1361 2752 1456 2788 Harl.,
1480 2752 1554 2780 Med.
1570 2754 1598 2781 et
1613 2754 1671 2781 tres
1696 2751 1759 2780 alii.

941 2787 1018 2816 Editi
1028 2787 1236 2825 καταφρονῆτων.

977 2825 987 2835 ⁸
1002 2824 1082 2853 Alias
1097 2825 1205 2853 CXCVI.
1220 2824 1336 2860 Scripta
1349 2832 1429 2853 anno
1444 2826 1507 2853 373.
