  <div class='ocr_page' id='page_1' title='image "/cluster/home/n/w/nwhite01/storage/ocr_20150623/32/njp.32101077772539/301.png"; bbox 0 0 1998 3145; ppageno 0'>
   <div class='ocr_carea' id='block_1_1' title="bbox 236 161 288 190">
    <p class='ocr_par' dir='ltr' id='par_1_1' title="bbox 236 161 288 190">
     <span class='ocr_line' id='line_1_1' title="bbox 236 161 288 190; baseline -0.019 0"><span class='ocrx_word' id='word_1_1' title='bbox 236 161 288 190; x_wconf 70' lang='grc'><strong>583</strong></span> 
     </span>
    </p>
   </div>
   <div class='ocr_carea' id='block_1_2' title="bbox 933 153 1235 185">
    <p class='ocr_par' dir='ltr' id='par_1_2' title="bbox 933 153 1235 185">
     <span class='ocr_line' id='line_1_2' title="bbox 933 153 1235 185; baseline -0.003 -1"><span class='ocrx_word' id='word_1_2' title='bbox 933 156 962 185; x_wconf 93' lang='lat' dir='ltr'><strong>S.</strong></span> <span class='ocrx_word' id='word_1_3' title='bbox 983 153 1108 183; x_wconf 77' lang='lat' dir='ltr'><strong>BASILH</strong></span> <span class='ocrx_word' id='word_1_4' title='bbox 1126 153 1235 183; x_wconf 75' lang='lat' dir='ltr'><strong>MAGNI</strong></span> 
     </span>
    </p>
   </div>
   <div class='ocr_carea' id='block_1_3' title="bbox 1870 158 1923 186">
    <p class='ocr_par' dir='ltr' id='par_1_3' title="bbox 1870 158 1923 186">
     <span class='ocr_line' id='line_1_3' title="bbox 1870 158 1923 186; baseline -0.019 0"><span class='ocrx_word' id='word_1_5' title='bbox 1870 158 1923 186; x_wconf 64' lang='lat' dir='ltr'><strong>56L</strong></span> 
     </span>
    </p>
   </div>
   <div class='ocr_carea' id='block_1_4' title="bbox 236 214 1065 260">
    <p class='ocr_par' dir='ltr' id='par_1_4' title="bbox 236 217 1065 260">
     <span class='ocr_line' id='line_1_4' title="bbox 236 217 1065 260; baseline -0.008 -9"><span class='ocrx_word' id='word_1_6' title='bbox 236 223 303 260; x_wconf 81' lang='lat' dir='ltr'><strong>ipse</strong></span> <span class='ocrx_word' id='word_1_7' title='bbox 316 231 334 252; x_wconf 77' lang='grc' dir='ltr'><strong>ο,</strong></span> <span class='ocrx_word' id='word_1_8' title='bbox 352 224 455 251; x_wconf 84' lang='lat' dir='ltr'><strong>nostra</strong></span> <span class='ocrx_word' id='word_1_9' title='bbox 469 220 682 250; x_wconf 87' lang='lat' dir='ltr'><strong>communione</strong></span> <span class='ocrx_word' id='word_1_10' title='bbox 696 218 938 256; x_wconf 84' lang='lat' dir='ltr'><strong>abscidit,neque</strong></span> <span class='ocrx_word' id='word_1_11' title='bbox 948 217 978 246; x_wconf 91' lang='lat' dir='ltr'><strong>in</strong></span> <span class='ocrx_word' id='word_1_12' title='bbox 993 224 1065 245; x_wconf 87' lang='lat' dir='ltr'><strong>con-</strong></span> 
     </span>
    </p>
   </div>
   <div class='ocr_carea' id='block_1_5' title="bbox 1122 214 1921 260">
    <p class='ocr_par' dir='ltr' id='par_1_5' title="bbox 1122 214 1921 255">
     <span class='ocr_line' id='line_1_5' title="bbox 1122 214 1921 255; baseline 0.005 -13"><span class='ocrx_word' id='word_1_13' title='bbox 1122 214 1151 246; x_wconf 81' lang='grc' dir='ltr'>ἂς</span> <span class='ocrx_word' id='word_1_14' title='bbox 1180 217 1240 243; x_wconf 79' lang='grc' dir='ltr'>καθ’</span> <span class='ocrx_word' id='word_1_15' title='bbox 1265 218 1338 254; x_wconf 62' lang='grc' dir='ltr'>ἡμῶν</span> <span class='ocrx_word' id='word_1_16' title='bbox 1371 217 1519 254; x_wconf 71' lang='grc' dir='ltr'><strong>συνέγραψε</strong></span> <span class='ocrx_word' id='word_1_17' title='bbox 1547 215 1773 254; x_wconf 77' lang='grc' dir='ltr'>διαπεμψάμενος.</span> <span class='ocrx_word' id='word_1_18' title='bbox 1801 221 1858 250; x_wconf 67' lang='grc' dir='ltr'><strong>τῆς</strong></span> <span class='ocrx_word' id='word_1_19' title='bbox 1876 221 1921 255; x_wconf 71' lang='grc' dir='ltr'>μὲν</span> 
     </span>
    </p>
   </div>
   <div class='ocr_carea' id='block_1_6' title="bbox 237 262 1066 296">
    <p class='ocr_par' dir='ltr' id='par_1_6' title="bbox 237 262 1066 296">
     <span class='ocr_line' id='line_1_6' title="bbox 237 262 1066 296; baseline -0.008 0"><span class='ocrx_word' id='word_1_20' title='bbox 237 268 373 296; x_wconf 83' lang='lat' dir='ltr'><strong>stitutnm</strong></span> <span class='ocrx_word' id='word_1_21' title='bbox 396 267 497 295; x_wconf 91' lang='lat' dir='ltr'><strong>locum</strong></span> <span class='ocrx_word' id='word_1_22' title='bbox 525 266 684 294; x_wconf 88' lang='lat' dir='ltr'><strong>convenire</strong></span> <span class='ocrx_word' id='word_1_23' title='bbox 709 265 869 293; x_wconf 90' lang='lat' dir='ltr'><strong>nobiscum</strong></span> <span class='ocrx_word' id='word_1_24' title='bbox 883 264 913 292; x_wconf 91' lang='lat' dir='ltr'><strong>in</strong></span> <span class='ocrx_word' id='word_1_25' title='bbox 928 262 1066 291; x_wconf 89' lang='lat' dir='ltr'><strong>animum</strong></span> 
     </span>
    </p>
   </div>
   <div class='ocr_carea' id='block_1_7' title="bbox 236 309 1066 347">
    <p class='ocr_par' dir='ltr' id='par_1_7' title="bbox 236 309 1066 347">
     <span class='ocr_line' id='line_1_7' title="bbox 236 309 1066 347; baseline -0.007 -7"><span class='ocrx_word' id='word_1_26' title='bbox 236 312 392 345; x_wconf 90' lang='lat' dir='ltr'><strong>inducens,</strong></span> <span class='ocrx_word' id='word_1_27' title='bbox 408 319 506 347; x_wconf 87' lang='lat' dir='ltr'><strong>neque</strong></span> <span class='ocrx_word' id='word_1_28' title='bbox 523 310 687 347; x_wconf 84' lang='lat' dir='ltr'><strong>discipulos</strong></span> <span class='ocrx_word' id='word_1_29' title='bbox 700 317 772 338; x_wconf 87' lang='lat' dir='ltr'><strong>suos</strong></span> <span class='ocrx_word' id='word_1_30' title='bbox 784 309 988 339; x_wconf 88' lang='lat' dir='ltr'><strong>adducens,ut</strong></span> <span class='ocrx_word' id='word_1_31' title='bbox 998 314 1066 343; x_wconf 89' lang='lat' dir='ltr'><strong>pro-</strong></span> 
     </span>
    </p>
   </div>
   <div class='ocr_carea' id='block_1_8' title="bbox 236 350 1065 388">
    <p class='ocr_par' dir='ltr' id='par_1_8' title="bbox 236 350 1065 388">
     <span class='ocr_line' id='line_1_8' title="bbox 236 350 1065 388; baseline -0.006 -5"><span class='ocrx_word' id='word_1_32' title='bbox 236 357 359 384; x_wconf 87' lang='lat' dir='ltr'><strong>miserat</strong></span> <span class='ocrx_word' id='word_1_33' title='bbox 376 363 382 382; x_wconf 93' lang='lat'><strong>:</strong></span> <span class='ocrx_word' id='word_1_34' title='bbox 407 355 460 382; x_wconf 89' lang='lat' dir='ltr'><strong>sed</strong></span> <span class='ocrx_word' id='word_1_35' title='bbox 476 363 524 383; x_wconf 92' lang='lat' dir='ltr'><strong>me</strong></span> <span class='ocrx_word' id='word_1_36' title='bbox 551 355 719 383; x_wconf 87' lang='lat' dir='ltr'><strong>dilacerans</strong></span> <span class='ocrx_word' id='word_1_37' title='bbox 735 362 795 382; x_wconf 86' lang='lat' dir='ltr'><strong>una</strong></span> <span class='ocrx_word' id='word_1_38' title='bbox 811 361 880 381; x_wconf 89' lang='lat' dir='ltr'><strong>cum</strong></span> <span class='ocrx_word' id='word_1_39' title='bbox 903 350 1065 388; x_wconf 87' lang='lat' dir='ltr'><strong>Theophilo</strong></span> 
     </span>
    </p>
   </div>
   <div class='ocr_carea' id='block_1_9' title="bbox 236 396 1066 436">
    <p class='ocr_par' dir='ltr' id='par_1_9' title="bbox 236 396 1066 436">
     <span class='ocr_line' id='line_1_9' title="bbox 236 396 1066 436; baseline -0.005 -8"><span class='ocrx_word' id='word_1_40' title='bbox 236 400 324 429; x_wconf 79' lang='lat' dir='ltr'><strong>Cilica</strong></span> <span class='ocrx_word' id='word_1_41' title='bbox 351 400 382 428; x_wconf 91' lang='lat' dir='ltr'><strong>in</strong></span> <span class='ocrx_word' id='word_1_42' title='bbox 408 399 656 436; x_wconf 77' lang='lat' dir='ltr'><strong>frequentissimis</strong></span> <span class='ocrx_word' id='word_1_43' title='bbox 687 398 895 432; x_wconf 84' lang='lat' dir='ltr'><strong>conventibus,</strong></span> <span class='ocrx_word' id='word_1_44' title='bbox 927 396 1010 425; x_wconf 83' lang='lat' dir='ltr'><strong>nuda</strong></span> <span class='ocrx_word' id='word_1_45' title='bbox 1038 398 1066 424; x_wconf 90' lang='lat' dir='ltr'><strong>et</strong></span> 
     </span>
    </p>
   </div>
   <div class='ocr_carea' id='block_1_10' title="bbox 236 441 1066 482">
    <p class='ocr_par' dir='ltr' id='par_1_10' title="bbox 236 441 1066 482">
     <span class='ocr_line' id='line_1_10' title="bbox 236 441 1066 482; baseline -0.005 -9"><span class='ocrx_word' id='word_1_46' title='bbox 236 448 340 482; x_wconf 82' lang='lat' dir='ltr'><strong>aperta</strong></span> <span class='ocrx_word' id='word_1_47' title='bbox 355 445 572 480; x_wconf 82' lang='lat' dir='ltr'><strong>criminatione,</strong></span> <span class='ocrx_word' id='word_1_48' title='bbox 591 447 624 473; x_wconf 81' lang='lat' dir='ltr'><strong>ut</strong></span> <span class='ocrx_word' id='word_1_49' title='bbox 645 444 742 473; x_wconf 86' lang='lat' dir='ltr'><strong>aliena</strong></span> <span class='ocrx_word' id='word_1_50' title='bbox 758 444 797 472; x_wconf 86' lang='lat' dir='ltr'><strong>ab</strong></span> <span class='ocrx_word' id='word_1_51' title='bbox 811 443 905 480; x_wconf 85' lang='lat' dir='ltr'><strong>ipsius</strong></span> <span class='ocrx_word' id='word_1_52' title='bbox 929 441 1066 470; x_wconf 82' lang='lat' dir='ltr'><strong>doctrina</strong></span> 
     </span>
    </p>
   </div>
   <div class='ocr_carea' id='block_1_11' title="bbox 235 486 1066 526">
    <p class='ocr_par' dir='ltr' id='par_1_11' title="bbox 235 486 1066 526">
     <span class='ocr_line' id='line_1_11' title="bbox 235 486 1066 526; baseline -0.006 -8"><span class='ocrx_word' id='word_1_53' title='bbox 235 489 340 526; x_wconf 82' lang='lat' dir='ltr'><strong>populi</strong></span> <span class='ocrx_word' id='word_1_54' title='bbox 362 489 472 517; x_wconf 87' lang='lat' dir='ltr'><strong>animis</strong></span> <span class='ocrx_word' id='word_1_55' title='bbox 487 489 632 524; x_wconf 80' lang='lat' dir='ltr'><strong>dogmata</strong></span> <span class='ocrx_word' id='word_1_56' title='bbox 655 490 847 516; x_wconf 86' lang='lat' dir='ltr'><strong>inserentem.</strong></span> <span class='ocrx_word' id='word_1_57' title='bbox 863 489 929 516; x_wconf 59' lang='lat' dir='ltr'><strong>Haec</strong></span> <span class='ocrx_word' id='word_1_58' title='bbox 941 486 1066 523; x_wconf 88' lang='lat' dir='ltr'><strong>quidem</strong></span> 
     </span>
    </p>
   </div>
   <div class='ocr_carea' id='block_1_12' title="bbox 236 534 1065 570">
    <p class='ocr_par' dir='ltr' id='par_1_12' title="bbox 236 534 1065 570">
     <span class='ocr_line' id='line_1_12' title="bbox 236 534 1065 570; baseline -0.005 -8"><span class='ocrx_word' id='word_1_59' title='bbox 236 534 310 562; x_wconf 85' lang='lat' dir='ltr'><strong>satis</strong></span> <span class='ocrx_word' id='word_1_60' title='bbox 325 541 438 570; x_wconf 77' lang='lat' dir='ltr'><strong>magna</strong></span> <span class='ocrx_word' id='word_1_61' title='bbox 449 536 579 567; x_wconf 87' lang='lat' dir='ltr'><strong>erant,ut</strong></span> <span class='ocrx_word' id='word_1_62' title='bbox 586 536 723 562; x_wconf 86' lang='lat' dir='ltr'><strong>nostram</strong></span> <span class='ocrx_word' id='word_1_63' title='bbox 735 541 858 561; x_wconf 83' lang='lat' dir='ltr'><strong>omnem</strong></span> <span class='ocrx_word' id='word_1_64' title='bbox 866 540 936 560; x_wconf 88' lang='lat' dir='ltr'><strong>cum</strong></span> <span class='ocrx_word' id='word_1_65' title='bbox 946 539 980 559; x_wconf 89' lang='lat' dir='ltr'><strong>eo</strong></span> <span class='ocrx_word' id='word_1_66' title='bbox 993 538 1065 559; x_wconf 89' lang='lat' dir='ltr'><strong>con-</strong></span> 
     </span>
    </p>
   </div>
   <div class='ocr_carea' id='block_1_13' title="bbox 233 575 1066 614">
    <p class='ocr_par' dir='ltr' id='par_1_13' title="bbox 233 575 1066 614">
     <span class='ocr_line' id='line_1_13' title="bbox 233 575 1066 614; baseline -0.005 -7"><span class='ocrx_word' id='word_1_67' title='bbox 233 579 422 614; x_wconf 87' lang='lat' dir='ltr'><strong>junctionem</strong></span> <span class='ocrx_word' id='word_1_68' title='bbox 436 578 620 606; x_wconf 78' lang='lat' dir='ltr'><strong>dirimerent.</strong></span> <span class='ocrx_word' id='word_1_69' title='bbox 637 579 799 614; x_wconf 80' lang='lat' dir='ltr'><strong>Postquam</strong></span> <span class='ocrx_word' id='word_1_70' title='bbox 812 585 882 606; x_wconf 87' lang='lat' dir='ltr'><strong>vero</strong></span> <span class='ocrx_word' id='word_1_71' title='bbox 897 582 926 604; x_wconf 86' lang='lat' dir='ltr'><strong>et</strong></span> <span class='ocrx_word' id='word_1_72' title='bbox 949 576 980 604; x_wconf 91' lang='lat' dir='ltr'><strong>in</strong></span> <span class='ocrx_word' id='word_1_73' title='bbox 998 575 1066 603; x_wconf 91' lang='lat' dir='ltr'><strong>Cili-</strong></span> 
     </span>
    </p>
   </div>
   <div class='ocr_carea' id='block_1_14' title="bbox 236 620 1064 659">
    <p class='ocr_par' dir='ltr' id='par_1_14' title="bbox 236 620 1064 659">
     <span class='ocr_line' id='line_1_14' title="bbox 236 620 1064 659; baseline -0.005 -8"><span class='ocrx_word' id='word_1_74' title='bbox 236 623 314 651; x_wconf 89' lang='lat' dir='ltr'><strong>ciam</strong></span> <span class='ocrx_word' id='word_1_75' title='bbox 328 623 418 657; x_wconf 86' lang='lat' dir='ltr'><strong>venit,</strong></span> <span class='ocrx_word' id='word_1_76' title='bbox 430 624 519 659; x_wconf 87' lang='lat' dir='ltr'><strong>atque</strong></span> <span class='ocrx_word' id='word_1_77' title='bbox 527 622 679 650; x_wconf 86' lang='lat' dir='ltr'><strong>Gelasium</strong></span> <span class='ocrx_word' id='word_1_78' title='bbox 693 622 859 658; x_wconf 80' lang='lat' dir='ltr'><strong>quemdam</strong></span> <span class='ocrx_word' id='word_1_79' title='bbox 871 620 1064 654; x_wconf 84' lang='lat' dir='ltr'><strong>conveniens,</strong></span> 
     </span>
    </p>
   </div>
   <div class='ocr_carea' id='block_1_15' title="bbox 236 664 1067 703">
    <p class='ocr_par' dir='ltr' id='par_1_15' title="bbox 236 664 1067 703">
     <span class='ocr_line' id='line_1_15' title="bbox 236 664 1067 703; baseline -0.004 -8"><span class='ocrx_word' id='word_1_80' title='bbox 236 667 333 695; x_wconf 89' lang='lat' dir='ltr'><strong>eidem</strong></span> <span class='ocrx_word' id='word_1_81' title='bbox 348 667 440 695; x_wconf 87' lang='lat' dir='ltr'><strong>ﬁdem</strong></span> <span class='ocrx_word' id='word_1_82' title='bbox 455 667 604 703; x_wconf 82' lang='lat' dir='ltr'><strong>exposuit,</strong></span> <span class='ocrx_word' id='word_1_83' title='bbox 621 675 714 703; x_wconf 85' lang='lat' dir='ltr'><strong>quam</strong></span> <span class='ocrx_word' id='word_1_84' title='bbox 727 666 916 695; x_wconf 82' lang='lat' dir='ltr'><strong>conscribere</strong></span> <span class='ocrx_word' id='word_1_85' title='bbox 929 667 993 693; x_wconf 89' lang='lat' dir='ltr'><strong>erat</strong></span> <span class='ocrx_word' id='word_1_86' title='bbox 1008 664 1067 692; x_wconf 80' lang='lat' dir='ltr'><strong>Arii</strong></span> 
     </span>
    </p>
   </div>
   <div class='ocr_carea' id='block_1_16' title="bbox 237 710 1066 748">
    <p class='ocr_par' dir='ltr' id='par_1_16' title="bbox 237 710 1066 748">
     <span class='ocr_line' id='line_1_16' title="bbox 237 710 1066 748; baseline -0.004 -9"><span class='ocrx_word' id='word_1_87' title='bbox 237 711 341 744; x_wconf 83' lang='lat' dir='ltr'><strong>solius,</strong></span> <span class='ocrx_word' id='word_1_88' title='bbox 357 714 385 739; x_wconf 88' lang='lat' dir='ltr'><strong>et</strong></span> <span class='ocrx_word' id='word_1_89' title='bbox 403 711 428 739; x_wconf 92' lang='lat' dir='ltr'><strong>si</strong></span> <span class='ocrx_word' id='word_1_90' title='bbox 442 711 510 748; x_wconf 84' lang='lat' dir='ltr'><strong>quis</strong></span> <span class='ocrx_word' id='word_1_91' title='bbox 525 719 688 746; x_wconf 78' lang='lat' dir='ltr'><strong>germanus</strong></span> <span class='ocrx_word' id='word_1_92' title='bbox 702 711 782 739; x_wconf 88' lang='lat' dir='ltr'><strong>illius</strong></span> <span class='ocrx_word' id='word_1_93' title='bbox 805 710 988 746; x_wconf 87' lang='lat' dir='ltr'><strong>discipulus;</strong></span> <span class='ocrx_word' id='word_1_94' title='bbox 1004 711 1066 737; x_wconf 90' lang='lat' dir='ltr'><strong>tum</strong></span> 
     </span>
    </p>
   </div>
   <div class='ocr_carea' id='block_1_17' title="bbox 236 753 1067 791">
    <p class='ocr_par' dir='ltr' id='par_1_17' title="bbox 236 753 1067 791">
     <span class='ocr_line' id='line_1_17' title="bbox 236 753 1067 791; baseline -0.005 -7"><span class='ocrx_word' id='word_1_95' title='bbox 236 755 359 784; x_wconf 90' lang='lat' dir='ltr'><strong>demum</strong></span> <span class='ocrx_word' id='word_1_96' title='bbox 371 755 468 790; x_wconf 85' lang='lat' dir='ltr'><strong>magis</strong></span> <span class='ocrx_word' id='word_1_97' title='bbox 486 755 577 783; x_wconf 87' lang='lat' dir='ltr'><strong>etiam</strong></span> <span class='ocrx_word' id='word_1_98' title='bbox 592 755 623 783; x_wconf 92' lang='lat' dir='ltr'><strong>in</strong></span> <span class='ocrx_word' id='word_1_99' title='bbox 639 755 839 791; x_wconf 76' lang='lat' dir='ltr'><strong>disiunctione</strong></span> <span class='ocrx_word' id='word_1_100' title='bbox 854 753 1005 783; x_wconf 84' lang='lat' dir='ltr'><strong>obﬁrmati</strong></span> <span class='ocrx_word' id='word_1_101' title='bbox 1017 761 1067 780; x_wconf 88' lang='lat' dir='ltr'><strong>su-</strong></span> 
     </span>
    </p>
   </div>
   <div class='ocr_carea' id='block_1_18' title="bbox 236 798 1068 836">
    <p class='ocr_par' dir='ltr' id='par_1_18' title="bbox 236 798 1068 836">
     <span class='ocr_line' id='line_1_18' title="bbox 236 798 1068 836; baseline -0.004 -8"><span class='ocrx_word' id='word_1_102' title='bbox 236 809 316 835; x_wconf 88' lang='lat' dir='ltr'><strong>mus,</strong></span> <span class='ocrx_word' id='word_1_103' title='bbox 331 801 405 828; x_wconf 92' lang='lat' dir='ltr'><strong>illud</strong></span> <span class='ocrx_word' id='word_1_104' title='bbox 418 800 521 828; x_wconf 87' lang='lat' dir='ltr'><strong>animo</strong></span> <span class='ocrx_word' id='word_1_105' title='bbox 533 800 768 834; x_wconf 84' lang='lat' dir='ltr'><strong>considerantes,</strong></span> <span class='ocrx_word' id='word_1_106' title='bbox 790 807 890 836; x_wconf 88' lang='lat' dir='ltr'><strong>neque</strong></span> <span class='ocrx_word' id='word_1_107' title='bbox 902 798 1068 834; x_wconf 67' lang='lat' dir='ltr'><strong>Ethiopem</strong></span> 
     </span>
    </p>
   </div>
   <div class='ocr_carea' id='block_1_19' title="bbox 236 842 1068 882">
    <p class='ocr_par' dir='ltr' id='par_1_19' title="bbox 236 842 1068 882">
     <span class='ocr_line' id='line_1_19' title="bbox 236 842 1068 882; baseline -0.004 -9"><span class='ocrx_word' id='word_1_108' title='bbox 236 845 345 882; x_wconf 88' lang='lat' dir='ltr'><strong>pellem</strong></span> <span class='ocrx_word' id='word_1_109' title='bbox 361 853 448 873; x_wconf 83' lang='lat' dir='ltr'><strong>suam</strong></span> <span class='ocrx_word' id='word_1_110' title='bbox 462 852 600 881; x_wconf 88' lang='lat' dir='ltr'><strong>unquam</strong></span> <span class='ocrx_word' id='word_1_111' title='bbox 615 847 812 879; x_wconf 80' lang='lat' dir='ltr'><strong>mutaturum,</strong></span> <span class='ocrx_word' id='word_1_112' title='bbox 831 851 929 880; x_wconf 90' lang='lat' dir='ltr'><strong>neque</strong></span> <span class='ocrx_word' id='word_1_113' title='bbox 944 842 1068 880; x_wconf 86' lang='lat' dir='ltr'><strong>panthe-</strong></span> 
     </span>
    </p>
   </div>
   <div class='ocr_carea' id='block_1_20' title="bbox 1119 259 1921 300">
    <p class='ocr_par' dir='ltr' id='par_1_20' title="bbox 1119 259 1921 300">
     <span class='ocr_line' id='line_1_20' title="bbox 1119 259 1921 300; baseline 0.004 -13"><span class='ocrx_word' id='word_1_114' title='bbox 1119 259 1163 287; x_wconf 85' lang='grc' dir='ltr'>οὖν</span> <span class='ocrx_word' id='word_1_115' title='bbox 1191 265 1324 293; x_wconf 78' lang='grc' dir='ltr'><strong>κοινωνίας</strong></span> <span class='ocrx_word' id='word_1_116' title='bbox 1354 264 1427 299; x_wconf 74' lang='grc' dir='ltr'>ἡμῶν</span> <span class='ocrx_word' id='word_1_117' title='bbox 1456 263 1534 293; x_wconf 68' lang='grc' dir='ltr'>αὐτος</span> <span class='ocrx_word' id='word_1_118' title='bbox 1556 261 1696 299; x_wconf 73' lang='grc' dir='ltr'>ἀπέρρηξεν</span> <span class='ocrx_word' id='word_1_119' title='bbox 1724 262 1826 296; x_wconf 81' lang='grc' dir='ltr'>ἑαυτὸν,</span> <span class='ocrx_word' id='word_1_120' title='bbox 1853 266 1921 300; x_wconf 77' lang='grc' dir='ltr'>μήτε</span> 
     </span>
    </p>
   </div>
   <div class='ocr_carea' id='block_1_21' title="bbox 1118 306 1922 344">
    <p class='ocr_par' dir='ltr' id='par_1_21' title="bbox 1118 306 1922 344">
     <span class='ocr_line' id='line_1_21' title="bbox 1118 306 1922 344; baseline 0.004 -13"><span class='ocrx_word' id='word_1_121' title='bbox 1118 307 1186 332; x_wconf 84' lang='grc' dir='ltr'>κατὰ</span> <span class='ocrx_word' id='word_1_122' title='bbox 1200 308 1244 332; x_wconf 83' lang='grc' dir='ltr'>τὸν</span> <span class='ocrx_word' id='word_1_123' title='bbox 1263 308 1405 344; x_wconf 77' lang='grc' dir='ltr'><strong>ὡρισμένον</strong></span> <span class='ocrx_word' id='word_1_124' title='bbox 1425 309 1502 334; x_wconf 84' lang='grc' dir='ltr'>τόπον</span> <span class='ocrx_word' id='word_1_125' title='bbox 1526 306 1685 343; x_wconf 69' lang='grc' dir='ltr'><strong>συνδραμεῖν</strong></span> <span class='ocrx_word' id='word_1_126' title='bbox 1712 308 1775 343; x_wconf 81' lang='grc' dir='ltr'>ἡμῖν</span> <span class='ocrx_word' id='word_1_127' title='bbox 1802 307 1922 344; x_wconf 73' lang='grc' dir='ltr'>ἀνασχό-</span> 
     </span>
    </p>
   </div>
   <div class='ocr_carea' id='block_1_22' title="bbox 1119 350 1920 390">
    <p class='ocr_par' dir='ltr' id='par_1_22' title="bbox 1119 350 1920 390">
     <span class='ocr_line' id='line_1_22' title="bbox 1119 350 1920 390; baseline 0.004 -14"><span class='ocrx_word' id='word_1_128' title='bbox 1119 359 1201 386; x_wconf 70' lang='grc' dir='ltr'>μενος,</span> <span class='ocrx_word' id='word_1_129' title='bbox 1221 354 1287 387; x_wconf 78' lang='grc' dir='ltr'>μήτε</span> <span class='ocrx_word' id='word_1_130' title='bbox 1308 354 1369 382; x_wconf 84' lang='grc' dir='ltr'>τοὺς</span> <span class='ocrx_word' id='word_1_131' title='bbox 1396 353 1514 388; x_wconf 75' lang='grc' dir='ltr'>μαθητὰς</span> <span class='ocrx_word' id='word_1_132' title='bbox 1534 350 1623 378; x_wconf 75' lang='grc' dir='ltr'>ἑαυτοῦ</span> <span class='ocrx_word' id='word_1_133' title='bbox 1655 355 1828 388; x_wconf 83' lang='grc' dir='ltr'>παραγαγὼν,</span> <span class='ocrx_word' id='word_1_134' title='bbox 1858 354 1920 390; x_wconf 85' lang='grc' dir='ltr'>ὅπερ</span> 
     </span>
    </p>
   </div>
   <div class='ocr_carea' id='block_1_23' title="bbox 1120 395 1922 434">
    <p class='ocr_par' dir='ltr' id='par_1_23' title="bbox 1120 395 1922 434">
     <span class='ocr_line' id='line_1_23' title="bbox 1120 395 1922 434; baseline 0.004 -13"><span class='ocrx_word' id='word_1_135' title='bbox 1120 395 1249 431; x_wconf 74' lang='grc' dir='ltr'>ὑπέσχετο</span> <span class='ocrx_word' id='word_1_136' title='bbox 1265 403 1273 411; x_wconf 89' lang='grc'>⁶</span> <span class='ocrx_word' id='word_1_137' title='bbox 1301 395 1364 423; x_wconf 82' lang='grc' dir='ltr'>ἀλλὰ</span> <span class='ocrx_word' id='word_1_138' title='bbox 1383 399 1426 422; x_wconf 71' lang='grc' dir='ltr'>καὶ</span> <span class='ocrx_word' id='word_1_139' title='bbox 1454 397 1522 433; x_wconf 79' lang='grc' dir='ltr'>ἡμᾶς</span> <span class='ocrx_word' id='word_1_140' title='bbox 1554 396 1709 426; x_wconf 62' lang='grc' dir='ltr'>Μλιτώων</span> <span class='ocrx_word' id='word_1_141' title='bbox 1729 396 1754 422; x_wconf 75' lang='grc' dir='ltr'>ἐν</span> <span class='ocrx_word' id='word_1_142' title='bbox 1768 396 1922 434; x_wconf 78' lang='grc' dir='ltr'><strong>πανδήμοις</strong></span> 
     </span>
    </p>
   </div>
   <div class='ocr_carea' id='block_1_24' title="bbox 1120 439 1923 478">
    <p class='ocr_par' dir='ltr' id='par_1_24' title="bbox 1120 439 1923 478">
     <span class='ocr_line' id='line_1_24' title="bbox 1120 439 1923 478; baseline 0.004 -13"><span class='ocrx_word' id='word_1_143' title='bbox 1120 439 1254 473; x_wconf 82' lang='grc' dir='ltr'>συνόδοις,</span> <span class='ocrx_word' id='word_1_144' title='bbox 1286 442 1352 477; x_wconf 74' lang='grc' dir='ltr'>μετὰ</span> <span class='ocrx_word' id='word_1_145' title='bbox 1387 445 1433 467; x_wconf 83' lang='grc' dir='ltr'><strong>τοῦ</strong></span> <span class='ocrx_word' id='word_1_146' title='bbox 1466 441 1569 472; x_wconf 77' lang='grc' dir='ltr'><strong>Κίλικος</strong></span> <span class='ocrx_word' id='word_1_147' title='bbox 1601 441 1736 477; x_wconf 74' lang='grc' dir='ltr'><strong>Θεοφίλου,</strong></span> <span class='ocrx_word' id='word_1_148' title='bbox 1763 446 1851 478; x_wconf 84' lang='grc' dir='ltr'>γυμνῇ</span> <span class='ocrx_word' id='word_1_149' title='bbox 1877 444 1923 468; x_wconf 84' lang='grc' dir='ltr'>καὶ</span> 
     </span>
    </p>
   </div>
   <div class='ocr_carea' id='block_1_25' title="bbox 1120 484 1923 523">
    <p class='ocr_par' dir='ltr' id='par_1_25' title="bbox 1120 484 1923 523">
     <span class='ocr_line' id='line_1_25' title="bbox 1120 484 1923 523; baseline 0.002 -13"><span class='ocrx_word' id='word_1_150' title='bbox 1120 484 1331 521; x_wconf 70' lang='grc' dir='ltr'><strong>ἀπαρακαλύπτῳ</strong></span> <span class='ocrx_word' id='word_1_151' title='bbox 1345 490 1377 522; x_wconf 75' lang='grc' dir='ltr'>τῇ</span> <span class='ocrx_word' id='word_1_152' title='bbox 1403 485 1569 522; x_wconf 72' lang='grc' dir='ltr'><strong>βλασφημίᾳ,</strong></span> <span class='ocrx_word' id='word_1_153' title='bbox 1591 487 1623 516; x_wconf 82' lang='grc' dir='ltr'>ὡς</span> <span class='ocrx_word' id='word_1_154' title='bbox 1637 485 1760 523; x_wconf 76' lang='grc' dir='ltr'>ἀλλότρια</span> <span class='ocrx_word' id='word_1_155' title='bbox 1788 491 1835 517; x_wconf 78' lang='grc' dir='ltr'>τῆς</span> <span class='ocrx_word' id='word_1_156' title='bbox 1862 487 1923 513; x_wconf 73' lang='grc' dir='ltr'>ἑαυ-</span> 
     </span>
    </p>
   </div>
   <div class='ocr_carea' id='block_1_26' title="bbox 1119 528 1924 566">
    <p class='ocr_par' dir='ltr' id='par_1_26' title="bbox 1119 528 1924 566">
     <span class='ocr_line' id='line_1_26' title="bbox 1119 528 1924 566; baseline 0.002 -11"><span class='ocrx_word' id='word_1_157' title='bbox 1119 532 1166 555; x_wconf 82' lang='grc' dir='ltr'>τοῦ</span> <span class='ocrx_word' id='word_1_158' title='bbox 1190 530 1226 565; x_wconf 76' lang='grc'><strong>(4)</strong></span> <span class='ocrx_word' id='word_1_159' title='bbox 1257 528 1433 560; x_wconf 80' lang='grc' dir='ltr'>δίδασκαλίας</span> <span class='ocrx_word' id='word_1_160' title='bbox 1451 534 1509 561; x_wconf 87' lang='grc' dir='ltr'>ταῖς</span> <span class='ocrx_word' id='word_1_161' title='bbox 1536 530 1639 566; x_wconf 85' lang='grc' dir='ltr'>ψυχαῖς</span> <span class='ocrx_word' id='word_1_162' title='bbox 1660 534 1707 556; x_wconf 85' lang='grc' dir='ltr'><strong>τοῦ</strong></span> <span class='ocrx_word' id='word_1_163' title='bbox 1730 530 1794 557; x_wconf 81' lang='grc' dir='ltr'>λαοῦ</span> <span class='ocrx_word' id='word_1_164' title='bbox 1820 530 1924 558; x_wconf 73' lang='grc' dir='ltr'>ὶνσπιί-</span> 
     </span>
    </p>
   </div>
   <div class='ocr_carea' id='block_1_27' title="bbox 1120 572 1924 612">
    <p class='ocr_par' dir='ltr' id='par_1_27' title="bbox 1120 572 1924 612">
     <span class='ocr_line' id='line_1_27' title="bbox 1120 572 1924 612; baseline 0.004 -13"><span class='ocrx_word' id='word_1_165' title='bbox 1120 583 1213 610; x_wconf 83' lang='grc' dir='ltr'>ραντας</span> <span class='ocrx_word' id='word_1_166' title='bbox 1242 572 1374 610; x_wconf 79' lang='grc' dir='ltr'>δόγματα.</span> <span class='ocrx_word' id='word_1_167' title='bbox 1389 574 1474 601; x_wconf 79' lang='grc' dir='ltr'>Ἱκανὰ</span> <span class='ocrx_word' id='word_1_168' title='bbox 1503 577 1548 612; x_wconf 69' lang='grc' dir='ltr'>μὲν</span> <span class='ocrx_word' id='word_1_169' title='bbox 1567 573 1611 601; x_wconf 85' lang='grc' dir='ltr'>οὖν</span> <span class='ocrx_word' id='word_1_170' title='bbox 1627 573 1657 604; x_wconf 80' lang='grc' dir='ltr'>ἧν</span> <span class='ocrx_word' id='word_1_171' title='bbox 1679 577 1723 601; x_wconf 83' lang='grc' dir='ltr'><strong>καὶ</strong></span> <span class='ocrx_word' id='word_1_172' title='bbox 1737 579 1820 602; x_wconf 77' lang='grc' dir='ltr'>ταῦτα</span> <span class='ocrx_word' id='word_1_173' title='bbox 1833 579 1924 602; x_wconf 84' lang='grc' dir='ltr'>πᾶσαν</span> 
     </span>
    </p>
   </div>
   <div class='ocr_carea' id='block_1_28' title="bbox 1120 617 1927 656">
    <p class='ocr_par' dir='ltr' id='par_1_28' title="bbox 1120 617 1927 656">
     <span class='ocr_line' id='line_1_28' title="bbox 1120 617 1927 656; baseline 0.002 -12"><span class='ocrx_word' id='word_1_174' title='bbox 1120 617 1193 654; x_wconf 78' lang='grc' dir='ltr'>ἡμῶν</span> <span class='ocrx_word' id='word_1_175' title='bbox 1212 620 1259 647; x_wconf 82' lang='grc' dir='ltr'>τὴν</span> <span class='ocrx_word' id='word_1_176' title='bbox 1270 621 1334 656; x_wconf 83' lang='grc' dir='ltr'>πρὸς</span> <span class='ocrx_word' id='word_1_177' title='bbox 1353 619 1430 645; x_wconf 75' lang='grc' dir='ltr'>αὐτὸν</span> <span class='ocrx_word' id='word_1_178' title='bbox 1453 620 1592 655; x_wconf 75' lang='grc' dir='ltr'>συνάφειαν</span> <span class='ocrx_word' id='word_1_179' title='bbox 1617 618 1743 645; x_wconf 85' lang='grc' dir='ltr'>διαλῦσαι</span> <span class='ocrx_word' id='word_1_180' title='bbox 1840 620 1927 646; x_wconf 74' lang='grc' dir='ltr'>Ἐπιι-</span> 
     </span>
    </p>
   </div>
   <div class='ocr_carea' id='block_1_29' title="bbox 1122 659 1926 700">
    <p class='ocr_par' dir='ltr' id='par_1_29' title="bbox 1122 659 1926 700">
     <span class='ocr_line' id='line_1_29' title="bbox 1122 659 1926 700; baseline 0.002 -12"><span class='ocrx_word' id='word_1_181' title='bbox 1122 659 1156 691; x_wconf 85' lang='grc' dir='ltr'>δὴ</span> <span class='ocrx_word' id='word_1_182' title='bbox 1170 660 1200 689; x_wconf 64' lang='grc' dir='ltr'><strong>δί</strong></span> <span class='ocrx_word' id='word_1_183' title='bbox 1227 665 1271 689; x_wconf 85' lang='grc' dir='ltr'>καὶ</span> <span class='ocrx_word' id='word_1_184' title='bbox 1287 663 1321 693; x_wconf 79' lang='grc' dir='ltr'>εἰς</span> <span class='ocrx_word' id='word_1_185' title='bbox 1344 663 1462 690; x_wconf 77' lang='grc' dir='ltr'><strong>Κιλικίαν</strong></span> <span class='ocrx_word' id='word_1_186' title='bbox 1482 663 1569 698; x_wconf 71' lang='grc' dir='ltr'>ἐλθὼν,</span> <span class='ocrx_word' id='word_1_187' title='bbox 1585 666 1630 690; x_wconf 77' lang='grc' dir='ltr'>καὶ</span> <span class='ocrx_word' id='word_1_188' title='bbox 1647 666 1784 700; x_wconf 74' lang='grc' dir='ltr'>συντυχὼν</span> <span class='ocrx_word' id='word_1_189' title='bbox 1807 664 1926 700; x_wconf 76' lang='grc' dir='ltr'>Γελασίῳ</span> 
     </span>
    </p>
   </div>
   <div class='ocr_carea' id='block_1_30' title="bbox 1120 706 1926 745">
    <p class='ocr_par' dir='ltr' id='par_1_30' title="bbox 1120 706 1926 745">
     <span class='ocr_line' id='line_1_30' title="bbox 1120 706 1926 745; baseline 0.002 -13"><span class='ocrx_word' id='word_1_190' title='bbox 1120 708 1183 738; x_wconf 80' lang='grc' dir='ltr'>τινὶ,</span> <span class='ocrx_word' id='word_1_191' title='bbox 1210 709 1298 733; x_wconf 81' lang='grc' dir='ltr'>πίστιν</span> <span class='ocrx_word' id='word_1_192' title='bbox 1317 707 1388 743; x_wconf 78' lang='grc' dir='ltr'><strong>αὐτῷ</strong></span> <span class='ocrx_word' id='word_1_193' title='bbox 1415 707 1522 741; x_wconf 70' lang='grc' dir='ltr'>ἐξέθετο,</span> <span class='ocrx_word' id='word_1_194' title='bbox 1547 707 1576 737; x_wconf 84' lang='grc' dir='ltr'>ἣν</span> <span class='ocrx_word' id='word_1_195' title='bbox 1596 711 1674 744; x_wconf 83' lang='grc' dir='ltr'>μόνον</span> <span class='ocrx_word' id='word_1_196' title='bbox 1698 709 1737 744; x_wconf 81' lang='grc'><strong>(6)</strong></span> <span class='ocrx_word' id='word_1_197' title='bbox 1765 706 1795 737; x_wconf 77' lang='grc' dir='ltr'><strong>ἧν</strong></span> <span class='ocrx_word' id='word_1_198' title='bbox 1821 708 1926 745; x_wconf 81' lang='grc' dir='ltr'><strong>Ἀρείου</strong></span> 
     </span>
    </p>
   </div>
   <div class='ocr_carea' id='block_1_31' title="bbox 1123 751 1926 789">
    <p class='ocr_par' dir='ltr' id='par_1_31' title="bbox 1123 751 1926 789">
     <span class='ocr_line' id='line_1_31' title="bbox 1123 751 1926 789; baseline 0.004 -13"><span class='ocrx_word' id='word_1_199' title='bbox 1123 751 1288 788; x_wconf 77' lang='grc' dir='ltr'><strong>συγγράψαι,</strong></span> <span class='ocrx_word' id='word_1_200' title='bbox 1302 754 1347 778; x_wconf 84' lang='grc' dir='ltr'>καὶ</span> <span class='ocrx_word' id='word_1_201' title='bbox 1371 754 1394 778; x_wconf 77' lang='grc' dir='ltr'>εἲ</span> <span class='ocrx_word' id='word_1_202' title='bbox 1415 762 1456 783; x_wconf 85' lang='grc' dir='ltr'><strong>τις</strong></span> <span class='ocrx_word' id='word_1_203' title='bbox 1470 753 1550 779; x_wconf 72' lang='grc' dir='ltr'>αὐτοῦ</span> <span class='ocrx_word' id='word_1_204' title='bbox 1577 755 1682 788; x_wconf 68' lang='grc' dir='ltr'>γνήσιος</span> <span class='ocrx_word' id='word_1_205' title='bbox 1702 753 1820 789; x_wconf 78' lang='grc' dir='ltr'>μαθητής</span> <span class='ocrx_word' id='word_1_206' title='bbox 1835 762 1841 768; x_wconf 87' lang='grc'>·</span> <span class='ocrx_word' id='word_1_207' title='bbox 1863 756 1926 780; x_wconf 81' lang='grc' dir='ltr'>τότε</span> 
     </span>
    </p>
   </div>
   <div class='ocr_carea' id='block_1_32' title="bbox 1123 793 1926 835">
    <p class='ocr_par' dir='ltr' id='par_1_32' title="bbox 1123 793 1926 835">
     <span class='ocr_line' id='line_1_32' title="bbox 1123 793 1926 835; baseline 0.002 -14"><span class='ocrx_word' id='word_1_208' title='bbox 1123 793 1157 824; x_wconf 80' lang='grc' dir='ltr'>δὴ</span> <span class='ocrx_word' id='word_1_209' title='bbox 1171 798 1217 821; x_wconf 84' lang='grc' dir='ltr'>καὶ</span> <span class='ocrx_word' id='word_1_210' title='bbox 1235 796 1310 822; x_wconf 80' lang='grc' dir='ltr'>πλέον</span> <span class='ocrx_word' id='word_1_211' title='bbox 1329 798 1392 833; x_wconf 85' lang='grc' dir='ltr'>πρὸς</span> <span class='ocrx_word' id='word_1_212' title='bbox 1408 798 1452 823; x_wconf 86' lang='grc' dir='ltr'>τὸν</span> <span class='ocrx_word' id='word_1_213' title='bbox 1467 799 1606 835; x_wconf 83' lang='grc' dir='ltr'>χωρισμὸν</span> <span class='ocrx_word' id='word_1_214' title='bbox 1620 797 1812 834; x_wconf 75' lang='grc' dir='ltr'>ἐϐιϐαιὼθημεν</span> <span class='ocrx_word' id='word_1_215' title='bbox 1827 806 1833 812; x_wconf 93' lang='grc'><strong>·</strong></span> <span class='ocrx_word' id='word_1_216' title='bbox 1848 797 1926 833; x_wconf 84' lang='grc' dir='ltr'>λογι-</span> 
     </span>
    </p>
   </div>
   <div class='ocr_carea' id='block_1_33' title="bbox 1123 844 1925 884">
    <p class='ocr_par' dir='ltr' id='par_1_33' title="bbox 1123 844 1925 884">
     <span class='ocr_line' id='line_1_33' title="bbox 1123 844 1925 884; baseline 0.002 -14"><span class='ocrx_word' id='word_1_217' title='bbox 1123 845 1240 881; x_wconf 76' lang='grc' dir='ltr'>σάμενοι,</span> <span class='ocrx_word' id='word_1_218' title='bbox 1254 846 1294 871; x_wconf 76' lang='grc' dir='ltr'>ὅτι</span> <span class='ocrx_word' id='word_1_219' title='bbox 1309 847 1367 872; x_wconf 71' lang='grc' dir='ltr'>οὔτε</span> <span class='ocrx_word' id='word_1_220' title='bbox 1381 846 1475 882; x_wconf 81' lang='grc' dir='ltr'>Αἰθίοψ</span> <span class='ocrx_word' id='word_1_221' title='bbox 1491 845 1593 878; x_wconf 77' lang='grc' dir='ltr'>ἀλλάξει</span> <span class='ocrx_word' id='word_1_222' title='bbox 1607 848 1670 873; x_wconf 69' lang='grc' dir='ltr'>ποτὶ</span> <span class='ocrx_word' id='word_1_223' title='bbox 1678 848 1708 872; x_wconf 87' lang='grc' dir='ltr'>τὸ</span> <span class='ocrx_word' id='word_1_224' title='bbox 1722 844 1807 884; x_wconf 84' lang='grc' dir='ltr'>δέρμα</span> <span class='ocrx_word' id='word_1_225' title='bbox 1830 847 1925 880; x_wconf 69' lang='grc' dir='ltr'>αὑτοῦ,</span> 
     </span>
    </p>
   </div>
   <div class='ocr_carea' id='block_1_34' title="bbox 235 887 1065 928">
    <p class='ocr_par' dir='ltr' id='par_1_34' title="bbox 235 887 1065 926">
     <span class='ocr_line' id='line_1_34' title="bbox 235 887 1065 926; baseline -0.005 -8"><span class='ocrx_word' id='word_1_226' title='bbox 235 897 303 918; x_wconf 86' lang='lat' dir='ltr'><strong>ram</strong></span> <span class='ocrx_word' id='word_1_227' title='bbox 317 889 451 918; x_wconf 83' lang='lat' dir='ltr'><strong>maculas</strong></span> <span class='ocrx_word' id='word_1_228' title='bbox 461 897 531 917; x_wconf 90' lang='lat' dir='ltr'><strong>suas</strong></span> <span class='ocrx_word' id='word_1_229' title='bbox 543 890 576 924; x_wconf 70' lang='grc' dir='ltr'>η,</span> <span class='ocrx_word' id='word_1_230' title='bbox 588 897 686 926; x_wconf 87' lang='lat' dir='ltr'><strong>neque</strong></span> <span class='ocrx_word' id='word_1_231' title='bbox 701 889 857 917; x_wconf 88' lang='lat' dir='ltr'><strong>hominem</strong></span> <span class='ocrx_word' id='word_1_232' title='bbox 872 889 902 916; x_wconf 94' lang='lat' dir='ltr'><strong>in</strong></span> <span class='ocrx_word' id='word_1_233' title='bbox 918 887 1065 924; x_wconf 80' lang='lat' dir='ltr'><strong>perversis</strong></span> 
     </span>
    </p>
   </div>
   <div class='ocr_carea' id='block_1_35' title="bbox 1122 887 1926 928">
    <p class='ocr_par' dir='ltr' id='par_1_35' title="bbox 1122 887 1926 928">
     <span class='ocr_line' id='line_1_35' title="bbox 1122 887 1926 928; baseline 0.002 -13"><span class='ocrx_word' id='word_1_234' title='bbox 1122 890 1181 915; x_wconf 73' lang='grc' dir='ltr'>οὔτε</span> <span class='ocrx_word' id='word_1_235' title='bbox 1192 887 1322 927; x_wconf 79' lang='grc' dir='ltr'>πάρδαλις</span> <span class='ocrx_word' id='word_1_236' title='bbox 1332 890 1365 916; x_wconf 81' lang='grc' dir='ltr'>τὰ</span> <span class='ocrx_word' id='word_1_237' title='bbox 1373 890 1534 928; x_wconf 82' lang='grc' dir='ltr'><strong>ποικίλματα</strong></span> <span class='ocrx_word' id='word_1_238' title='bbox 1545 891 1610 921; x_wconf 73' lang='grc' dir='ltr'>αὐτῆ</span> <span class='ocrx_word' id='word_1_239' title='bbox 1616 902 1636 926; x_wconf 83' lang='grc' dir='ltr'><strong>ς,</strong></span> <span class='ocrx_word' id='word_1_240' title='bbox 1653 892 1711 918; x_wconf 76' lang='grc' dir='ltr'>οὗτε</span> <span class='ocrx_word' id='word_1_241' title='bbox 1724 892 1737 917; x_wconf 88' lang='grc' dir='ltr'><strong><em>ὁ</em></strong></span> <span class='ocrx_word' id='word_1_242' title='bbox 1753 891 1778 917; x_wconf 80' lang='grc' dir='ltr'>ἐν</span> <span class='ocrx_word' id='word_1_243' title='bbox 1794 889 1926 928; x_wconf 82' lang='grc' dir='ltr'>διαστρο-</span> 
     </span>
    </p>
   </div>
   <div class='ocr_carea' id='block_1_36' title="bbox 235 932 1067 969">
    <p class='ocr_par' dir='ltr' id='par_1_36' title="bbox 235 932 1067 969">
     <span class='ocr_line' id='line_1_36' title="bbox 235 932 1067 969; baseline -0.004 -7"><span class='ocrx_word' id='word_1_244' title='bbox 235 934 382 962; x_wconf 85' lang='lat' dir='ltr'><strong>nutritum</strong></span> <span class='ocrx_word' id='word_1_245' title='bbox 415 933 612 969; x_wconf 78' lang='lat' dir='ltr'><strong>dogmatibus</strong></span> <span class='ocrx_word' id='word_1_246' title='bbox 636 934 759 961; x_wconf 67' lang='lat' dir='ltr'><strong>haeresis</strong></span> <span class='ocrx_word' id='word_1_247' title='bbox 792 933 899 961; x_wconf 88' lang='lat' dir='ltr'><strong>vilium</strong></span> <span class='ocrx_word' id='word_1_248' title='bbox 936 932 1067 960; x_wconf 87' lang='lat' dir='ltr'><strong>deterere</strong></span> 
     </span>
    </p>
   </div>
   <div class='ocr_carea' id='block_1_37' title="bbox 235 986 336 1015">
    <p class='ocr_par' dir='ltr' id='par_1_37' title="bbox 235 986 336 1015">
     <span class='ocr_line' id='line_1_37' title="bbox 235 986 336 1015; baseline 0 -9"><span class='ocrx_word' id='word_1_249' title='bbox 235 986 336 1015; x_wconf 86' lang='lat' dir='ltr'><strong>posse.</strong></span> 
     </span>
    </p>
   </div>
   <div class='ocr_carea' id='block_1_38' title="bbox 271 1020 1067 1057">
    <p class='ocr_par' dir='ltr' id='par_1_38' title="bbox 271 1020 1067 1057">
     <span class='ocr_line' id='line_1_38' title="bbox 271 1020 1067 1057; baseline -0.003 -7"><span class='ocrx_word' id='word_1_250' title='bbox 271 1025 297 1050; x_wconf 89' lang='lat'><strong>2.</strong></span> <span class='ocrx_word' id='word_1_251' title='bbox 324 1023 373 1051; x_wconf 85' lang='lat' dir='ltr'><strong>His</strong></span> <span class='ocrx_word' id='word_1_252' title='bbox 400 1022 501 1051; x_wconf 80' lang='lat' dir='ltr'><strong>audax</strong></span> <span class='ocrx_word' id='word_1_253' title='bbox 526 1023 643 1051; x_wconf 79' lang='lat' dir='ltr'><strong>facinus</strong></span> <span class='ocrx_word' id='word_1_254' title='bbox 668 1022 795 1057; x_wconf 83' lang='lat' dir='ltr'><strong>addidit,</strong></span> <span class='ocrx_word' id='word_1_255' title='bbox 810 1024 844 1050; x_wconf 92' lang='lat' dir='ltr'><strong>ut</strong></span> <span class='ocrx_word' id='word_1_256' title='bbox 868 1022 900 1050; x_wconf 88' lang='lat' dir='ltr'><strong>in</strong></span> <span class='ocrx_word' id='word_1_257' title='bbox 914 1029 970 1049; x_wconf 86' lang='lat' dir='ltr'><strong>nos</strong></span> <span class='ocrx_word' id='word_1_258' title='bbox 995 1020 1067 1048; x_wconf 76' lang='lat' dir='ltr'><strong>scri-</strong></span> 
     </span>
    </p>
   </div>
   <div class='ocr_carea' id='block_1_39' title="bbox 234 1067 1067 1105">
    <p class='ocr_par' dir='ltr' id='par_1_39' title="bbox 234 1067 1067 1105">
     <span class='ocr_line' id='line_1_39' title="bbox 234 1067 1067 1105; baseline -0.004 -10"><span class='ocrx_word' id='word_1_259' title='bbox 234 1067 318 1096; x_wconf 86' lang='lat' dir='ltr'><strong>beret</strong></span> <span class='ocrx_word' id='word_1_260' title='bbox 344 1067 390 1095; x_wconf 87' lang='lat' dir='ltr'><strong>vel</strong></span> <span class='ocrx_word' id='word_1_261' title='bbox 422 1068 523 1105; x_wconf 75' lang='lat' dir='ltr'><strong>potins</strong></span> <span class='ocrx_word' id='word_1_262' title='bbox 553 1069 747 1104; x_wconf 86' lang='lat' dir='ltr'><strong>componeret</strong></span> <span class='ocrx_word' id='word_1_263' title='bbox 774 1067 882 1103; x_wconf 78' lang='lat' dir='ltr'><strong>longos</strong></span> <span class='ocrx_word' id='word_1_264' title='bbox 913 1073 1067 1094; x_wconf 86' lang='lat' dir='ltr'><strong>sermones</strong></span> 
     </span>
    </p>
   </div>
   <div class='ocr_carea' id='block_1_40' title="bbox 235 1109 1068 1146">
    <p class='ocr_par' dir='ltr' id='par_1_40' title="bbox 235 1109 1068 1146">
     <span class='ocr_line' id='line_1_40' title="bbox 235 1109 1068 1146; baseline -0.004 -7"><span class='ocrx_word' id='word_1_265' title='bbox 235 1111 318 1139; x_wconf 91' lang='lat' dir='ltr'><strong>omni</strong></span> <span class='ocrx_word' id='word_1_266' title='bbox 333 1111 469 1139; x_wconf 90' lang='lat' dir='ltr'><strong>convicio</strong></span> <span class='ocrx_word' id='word_1_267' title='bbox 485 1119 520 1139; x_wconf 91' lang='lat' dir='ltr'><strong>ac</strong></span> <span class='ocrx_word' id='word_1_268' title='bbox 533 1111 686 1139; x_wconf 85' lang='lat' dir='ltr'><strong>calumnia.</strong></span> <span class='ocrx_word' id='word_1_269' title='bbox 704 1110 827 1139; x_wconf 81' lang='lat' dir='ltr'><strong>refertos</strong></span> <span class='ocrx_word' id='word_1_270' title='bbox 844 1119 850 1138; x_wconf 92' lang='lat'><strong>:</strong></span> <span class='ocrx_word' id='word_1_271' title='bbox 868 1110 980 1146; x_wconf 89' lang='lat' dir='ltr'><strong>quibus</strong></span> <span class='ocrx_word' id='word_1_272' title='bbox 993 1109 1068 1136; x_wconf 83' lang='lat' dir='ltr'><strong>nihil</strong></span> 
     </span>
    </p>
   </div>
   <div class='ocr_carea' id='block_1_41' title="bbox 233 1154 1067 1193">
    <p class='ocr_par' dir='ltr' id='par_1_41' title="bbox 233 1154 1067 1193">
     <span class='ocr_line' id='line_1_41' title="bbox 233 1154 1067 1193; baseline -0.002 -10"><span class='ocrx_word' id='word_1_273' title='bbox 233 1155 446 1193; x_wconf 85' lang='lat' dir='ltr'><strong>respondimus</strong></span> <span class='ocrx_word' id='word_1_274' title='bbox 461 1156 618 1189; x_wconf 84' lang='lat' dir='ltr'><strong>hactenus,</strong></span> <span class='ocrx_word' id='word_1_275' title='bbox 632 1158 791 1192; x_wconf 84' lang='lat' dir='ltr'><strong>propterea</strong></span> <span class='ocrx_word' id='word_1_276' title='bbox 805 1155 888 1191; x_wconf 88' lang='lat' dir='ltr'><strong>quod</strong></span> <span class='ocrx_word' id='word_1_277' title='bbox 901 1154 998 1184; x_wconf 86' lang='lat' dir='ltr'><strong>edocti</strong></span> <span class='ocrx_word' id='word_1_278' title='bbox 1020 1162 1067 1181; x_wconf 88' lang='lat' dir='ltr'><strong>su-</strong></span> 
     </span>
    </p>
   </div>
   <div class='ocr_carea' id='block_1_42' title="bbox 235 1198 1067 1236">
    <p class='ocr_par' dir='ltr' id='par_1_42' title="bbox 235 1198 1067 1236">
     <span class='ocr_line' id='line_1_42' title="bbox 235 1198 1067 1236; baseline -0.004 -8"><span class='ocrx_word' id='word_1_279' title='bbox 235 1209 303 1228; x_wconf 91' lang='lat' dir='ltr'><strong>mus</strong></span> <span class='ocrx_word' id='word_1_280' title='bbox 330 1200 369 1228; x_wconf 91' lang='lat' dir='ltr'><strong>ab</strong></span> <span class='ocrx_word' id='word_1_281' title='bbox 396 1201 538 1236; x_wconf 82' lang='lat' dir='ltr'><strong>Apestolo</strong></span> <span class='ocrx_word' id='word_1_282' title='bbox 562 1208 623 1228; x_wconf 89' lang='lat' dir='ltr'><strong>non</strong></span> <span class='ocrx_word' id='word_1_283' title='bbox 652 1200 855 1236; x_wconf 86' lang='lat' dir='ltr'><strong>nosmetipsos</strong></span> <span class='ocrx_word' id='word_1_284' title='bbox 875 1199 987 1234; x_wconf 87' lang='lat' dir='ltr'><strong>ulcisci,</strong></span> <span class='ocrx_word' id='word_1_285' title='bbox 1013 1198 1067 1226; x_wconf 89' lang='lat' dir='ltr'><strong>sed</strong></span> 
     </span>
    </p>
   </div>
   <div class='ocr_carea' id='block_1_43' title="bbox 233 1242 1066 1281">
    <p class='ocr_par' dir='ltr' id='par_1_43' title="bbox 233 1242 1066 1281">
     <span class='ocr_line' id='line_1_43' title="bbox 233 1242 1066 1281; baseline -0.002 -8"><span class='ocrx_word' id='word_1_286' title='bbox 233 1244 333 1273; x_wconf 89' lang='lat' dir='ltr'><strong>locum</strong></span> <span class='ocrx_word' id='word_1_287' title='bbox 350 1244 401 1272; x_wconf 71' lang='lat' dir='ltr'><strong>irae</strong></span> <span class='ocrx_word' id='word_1_288' title='bbox 416 1244 488 1272; x_wconf 89' lang='lat' dir='ltr'><strong>dare</strong></span> <span class='ocrx_word' id='word_1_289' title='bbox 502 1245 540 1279; x_wconf 67' lang='lat'><strong>&#39;9;</strong></span> <span class='ocrx_word' id='word_1_290' title='bbox 556 1247 620 1272; x_wconf 90' lang='lat' dir='ltr'><strong>tum</strong></span> <span class='ocrx_word' id='word_1_291' title='bbox 635 1245 726 1273; x_wconf 87' lang='lat' dir='ltr'><strong>etiam</strong></span> <span class='ocrx_word' id='word_1_292' title='bbox 754 1244 827 1281; x_wconf 88' lang='lat' dir='ltr'><strong>quia</strong></span> <span class='ocrx_word' id='word_1_293' title='bbox 847 1252 916 1272; x_wconf 89' lang='lat' dir='ltr'><strong>cum</strong></span> <span class='ocrx_word' id='word_1_294' title='bbox 933 1242 1066 1272; x_wconf 88' lang='lat' dir='ltr'><strong>conside-</strong></span> 
     </span>
    </p>
   </div>
   <div class='ocr_carea' id='block_1_44' title="bbox 234 1289 1067 1325">
    <p class='ocr_par' dir='ltr' id='par_1_44' title="bbox 234 1289 1067 1325">
     <span class='ocr_line' id='line_1_44' title="bbox 234 1289 1067 1325; baseline -0.001 -8"><span class='ocrx_word' id='word_1_295' title='bbox 234 1297 370 1318; x_wconf 84' lang='lat' dir='ltr'><strong>raremus</strong></span> <span class='ocrx_word' id='word_1_296' title='bbox 384 1289 634 1317; x_wconf 87' lang='lat' dir='ltr'><strong>dissimulationis</strong></span> <span class='ocrx_word' id='word_1_297' title='bbox 648 1289 844 1325; x_wconf 87' lang='lat' dir='ltr'><strong>profundum,</strong></span> <span class='ocrx_word' id='word_1_298' title='bbox 860 1297 922 1325; x_wconf 86' lang='lat' dir='ltr'><strong>qua</strong></span> <span class='ocrx_word' id='word_1_299' title='bbox 937 1296 1001 1316; x_wconf 86' lang='lat' dir='ltr'><strong>sese</strong></span> <span class='ocrx_word' id='word_1_300' title='bbox 1015 1296 1067 1316; x_wconf 91' lang='lat' dir='ltr'><strong>no-</strong></span> 
     </span>
    </p>
   </div>
   <div class='ocr_carea' id='block_1_45' title="bbox 233 1333 1066 1370">
    <p class='ocr_par' dir='ltr' id='par_1_45' title="bbox 233 1333 1066 1370">
     <span class='ocr_line' id='line_1_45' title="bbox 233 1333 1066 1370; baseline -0.002 -8"><span class='ocrx_word' id='word_1_301' title='bbox 233 1333 279 1362; x_wconf 89' lang='lat' dir='ltr'><strong>bis</strong></span> <span class='ocrx_word' id='word_1_302' title='bbox 292 1334 375 1361; x_wconf 90' lang='lat' dir='ltr'><strong>omni</strong></span> <span class='ocrx_word' id='word_1_303' title='bbox 390 1336 524 1370; x_wconf 84' lang='lat' dir='ltr'><strong>tempore</strong></span> <span class='ocrx_word' id='word_1_304' title='bbox 540 1334 713 1368; x_wconf 81' lang='lat' dir='ltr'><strong>insinuavit,</strong></span> <span class='ocrx_word' id='word_1_305' title='bbox 732 1336 806 1361; x_wconf 77' lang='lat' dir='ltr'><strong>muti</strong></span> <span class='ocrx_word' id='word_1_306' title='bbox 821 1333 956 1369; x_wconf 86' lang='lat' dir='ltr'><strong>quodam</strong></span> <span class='ocrx_word' id='word_1_307' title='bbox 974 1333 1066 1361; x_wconf 89' lang='lat' dir='ltr'><strong>modo</strong></span> 
     </span>
    </p>
   </div>
   <div class='ocr_carea' id='block_1_46' title="bbox 234 1376 1066 1415">
    <p class='ocr_par' dir='ltr' id='par_1_46' title="bbox 234 1376 1066 1415">
     <span class='ocr_line' id='line_1_46' title="bbox 234 1376 1066 1415; baseline -0.002 -9"><span class='ocrx_word' id='word_1_308' title='bbox 234 1387 295 1415; x_wconf 69' lang='lat' dir='ltr'><strong>prus</strong></span> <span class='ocrx_word' id='word_1_309' title='bbox 316 1381 436 1414; x_wconf 83' lang='lat' dir='ltr'><strong>stupore</strong></span> <span class='ocrx_word' id='word_1_310' title='bbox 465 1379 561 1406; x_wconf 78' lang='lat' dir='ltr'><strong>effecti</strong></span> <span class='ocrx_word' id='word_1_311' title='bbox 586 1387 706 1407; x_wconf 86' lang='lat' dir='ltr'><strong>sumus.</strong></span> <span class='ocrx_word' id='word_1_312' title='bbox 721 1379 829 1407; x_wconf 86' lang='lat' dir='ltr'><strong>Verum</strong></span> <span class='ocrx_word' id='word_1_313' title='bbox 848 1378 965 1407; x_wconf 88' lang='lat' dir='ltr'><strong>etiamsi</strong></span> <span class='ocrx_word' id='word_1_314' title='bbox 992 1376 1066 1406; x_wconf 88' lang='lat' dir='ltr'><strong>nihil</strong></span> 
     </span>
    </p>
   </div>
   <div class='ocr_carea' id='block_1_47' title="bbox 233 1423 1065 1459">
    <p class='ocr_par' dir='ltr' id='par_1_47' title="bbox 233 1423 1065 1459">
     <span class='ocr_line' id='line_1_47' title="bbox 233 1423 1065 1459; baseline -0.001 -8"><span class='ocrx_word' id='word_1_315' title='bbox 233 1423 340 1451; x_wconf 88' lang='lat' dir='ltr'><strong>horum</strong></span> <span class='ocrx_word' id='word_1_316' title='bbox 356 1425 443 1457; x_wconf 87' lang='lat' dir='ltr'><strong>esset,</strong></span> <span class='ocrx_word' id='word_1_317' title='bbox 461 1423 492 1451; x_wconf 88' lang='lat' dir='ltr'><strong>id</strong></span> <span class='ocrx_word' id='word_1_318' title='bbox 519 1423 601 1459; x_wconf 87' lang='lat' dir='ltr'><strong>quod</strong></span> <span class='ocrx_word' id='word_1_319' title='bbox 626 1431 729 1451; x_wconf 89' lang='lat' dir='ltr'><strong>recens</strong></span> <span class='ocrx_word' id='word_1_320' title='bbox 745 1431 839 1451; x_wconf 87' lang='lat' dir='ltr'><strong>ausus</strong></span> <span class='ocrx_word' id='word_1_321' title='bbox 864 1426 918 1456; x_wconf 89' lang='lat' dir='ltr'><strong>est,</strong></span> <span class='ocrx_word' id='word_1_322' title='bbox 945 1424 1065 1451; x_wconf 86' lang='lat' dir='ltr'><strong>cuinam</strong></span> 
     </span>
    </p>
   </div>
   <div class='ocr_carea' id='block_1_48' title="bbox 232 1468 1066 1504">
    <p class='ocr_par' dir='ltr' id='par_1_48' title="bbox 232 1468 1066 1504">
     <span class='ocr_line' id='line_1_48' title="bbox 232 1468 1066 1504; baseline 0 -8"><span class='ocrx_word' id='word_1_323' title='bbox 232 1468 389 1497; x_wconf 84' lang='lat' dir='ltr'><strong>horrorem</strong></span> <span class='ocrx_word' id='word_1_324' title='bbox 415 1468 586 1497; x_wconf 87' lang='lat' dir='ltr'><strong>ethominis</strong></span> <span class='ocrx_word' id='word_1_325' title='bbox 602 1469 833 1497; x_wconf 83' lang='lat' dir='ltr'><strong>detestationem</strong></span> <span class='ocrx_word' id='word_1_326' title='bbox 859 1469 979 1504; x_wconf 85' lang='lat' dir='ltr'><strong>penitus</strong></span> <span class='ocrx_word' id='word_1_327' title='bbox 1004 1477 1066 1497; x_wconf 88' lang='lat' dir='ltr'><strong>non</strong></span> 
     </span>
    </p>
   </div>
   <div class='ocr_carea' id='block_1_49' title="bbox 232 1513 1066 1549">
    <p class='ocr_par' dir='ltr' id='par_1_49' title="bbox 232 1513 1066 1549">
     <span class='ocr_line' id='line_1_49' title="bbox 232 1513 1066 1549; baseline -0.001 -7"><span class='ocrx_word' id='word_1_328' title='bbox 232 1513 407 1548; x_wconf 83' lang='lat' dir='ltr'><strong>ingeneret?</strong></span> <span class='ocrx_word' id='word_1_329' title='bbox 421 1513 477 1546; x_wconf 86' lang='lat' dir='ltr'><strong>Qui</strong></span> <span class='ocrx_word' id='word_1_330' title='bbox 492 1513 628 1542; x_wconf 84' lang='lat' dir='ltr'><strong>videlicet</strong></span> <span class='ocrx_word' id='word_1_331' title='bbox 656 1515 689 1541; x_wconf 89' lang='lat' dir='ltr'><strong>ut</strong></span> <span class='ocrx_word' id='word_1_332' title='bbox 715 1513 806 1542; x_wconf 89' lang='lat' dir='ltr'><strong>audio</strong></span> <span class='ocrx_word' id='word_1_333' title='bbox 821 1513 857 1549; x_wconf 87' lang='lat' dir='ltr'><strong>(si</strong></span> <span class='ocrx_word' id='word_1_334' title='bbox 871 1513 963 1541; x_wconf 89' lang='lat' dir='ltr'><strong>modo</strong></span> <span class='ocrx_word' id='word_1_335' title='bbox 976 1521 1066 1541; x_wconf 87' lang='lat' dir='ltr'><strong>verus</strong></span> 
     </span>
    </p>
   </div>
   <div class='ocr_carea' id='block_1_50' title="bbox 233 1558 1100 1599">
    <p class='ocr_par' dir='ltr' id='par_1_50' title="bbox 233 1558 1100 1599">
     <span class='ocr_line' id='line_1_50' title="bbox 233 1558 1100 1599; baseline -0.001 -13"><span class='ocrx_word' id='word_1_336' title='bbox 233 1566 346 1592; x_wconf 89' lang='lat' dir='ltr'><strong>rumor,</strong></span> <span class='ocrx_word' id='word_1_337' title='bbox 367 1565 422 1586; x_wconf 90' lang='lat' dir='ltr'><strong>nec</strong></span> <span class='ocrx_word' id='word_1_338' title='bbox 440 1560 646 1586; x_wconf 86' lang='lat' dir='ltr'><strong>commentum</strong></span> <span class='ocrx_word' id='word_1_339' title='bbox 670 1560 715 1586; x_wconf 88' lang='lat' dir='ltr'><strong>est</strong></span> <span class='ocrx_word' id='word_1_340' title='bbox 741 1558 780 1586; x_wconf 86' lang='lat' dir='ltr'><strong>ad</strong></span> <span class='ocrx_word' id='word_1_341' title='bbox 806 1558 990 1586; x_wconf 82' lang='lat' dir='ltr'><strong>calumniam</strong></span> <span class='ocrx_word' id='word_1_342' title='bbox 1017 1566 1065 1585; x_wconf 83' lang='lat' dir='ltr'><strong>ex-</strong></span> <span class='ocrx_word' id='word_1_343' title='bbox 1080 1570 1100 1599; x_wconf 68' lang='grc' dir='ltr'><strong>ρ</strong></span> 
     </span>
    </p>
   </div>
   <div class='ocr_carea' id='block_1_51' title="bbox 233 1602 1065 1638">
    <p class='ocr_par' dir='ltr' id='par_1_51' title="bbox 233 1602 1065 1638">
     <span class='ocr_line' id='line_1_51' title="bbox 233 1602 1065 1638; baseline 0 -8"><span class='ocrx_word' id='word_1_344' title='bbox 233 1603 419 1638; x_wconf 77' lang='lat' dir='ltr'><strong>cogitatum),</strong></span> <span class='ocrx_word' id='word_1_345' title='bbox 453 1602 543 1630; x_wconf 85' lang='lat' dir='ltr'><strong>etiam</strong></span> <span class='ocrx_word' id='word_1_346' title='bbox 574 1602 747 1630; x_wconf 84' lang='lat' dir='ltr'><strong>reordinare</strong></span> <span class='ocrx_word' id='word_1_347' title='bbox 780 1602 942 1630; x_wconf 89' lang='lat' dir='ltr'><strong>nonnullos</strong></span> <span class='ocrx_word' id='word_1_348' title='bbox 973 1611 1065 1630; x_wconf 87' lang='lat' dir='ltr'><strong>ausus</strong></span> 
     </span>
    </p>
   </div>
   <div class='ocr_carea' id='block_1_52' title="bbox 233 1646 1065 1682">
    <p class='ocr_par' dir='ltr' id='par_1_52' title="bbox 233 1646 1065 1682">
     <span class='ocr_line' id='line_1_52' title="bbox 233 1646 1065 1682; baseline 0 -7"><span class='ocrx_word' id='word_1_349' title='bbox 233 1649 289 1680; x_wconf 86' lang='lat' dir='ltr'><strong>est,</strong></span> <span class='ocrx_word' id='word_1_350' title='bbox 309 1646 393 1682; x_wconf 90' lang='lat' dir='ltr'><strong>quod</strong></span> <span class='ocrx_word' id='word_1_351' title='bbox 420 1646 565 1674; x_wconf 88' lang='lat' dir='ltr'><strong>hactenus</strong></span> <span class='ocrx_word' id='word_1_352' title='bbox 590 1647 629 1675; x_wconf 90' lang='lat' dir='ltr'><strong>ab</strong></span> <span class='ocrx_word' id='word_1_353' title='bbox 652 1647 859 1675; x_wconf 67' lang='lat' dir='ltr'><strong>haereticorum</strong></span> <span class='ocrx_word' id='word_1_354' title='bbox 880 1647 1000 1675; x_wconf 89' lang='lat' dir='ltr'><strong>nemine</strong></span> <span class='ocrx_word' id='word_1_355' title='bbox 1019 1648 1065 1675; x_wconf 85' lang='lat' dir='ltr'><strong>fa-</strong></span> 
     </span>
    </p>
   </div>
   <div class='ocr_carea' id='block_1_53' title="bbox 234 1690 1065 1728">
    <p class='ocr_par' dir='ltr' id='par_1_53' title="bbox 234 1690 1065 1728">
     <span class='ocr_line' id='line_1_53' title="bbox 234 1690 1065 1728; baseline 0.001 -9"><span class='ocrx_word' id='word_1_356' title='bbox 234 1693 315 1720; x_wconf 83' lang='lat' dir='ltr'><strong>ctum</strong></span> <span class='ocrx_word' id='word_1_357' title='bbox 336 1690 464 1719; x_wconf 87' lang='lat' dir='ltr'><strong>videtur.</strong></span> <span class='ocrx_word' id='word_1_358' title='bbox 481 1691 639 1724; x_wconf 88' lang='lat' dir='ltr'><strong>Quomodo</strong></span> <span class='ocrx_word' id='word_1_359' title='bbox 676 1700 747 1728; x_wconf 81' lang='lat' dir='ltr'><strong>ergo</strong></span> <span class='ocrx_word' id='word_1_360' title='bbox 770 1692 834 1720; x_wconf 67' lang='lat' dir='ltr'><strong>haec</strong></span> <span class='ocrx_word' id='word_1_361' title='bbox 861 1692 964 1720; x_wconf 89' lang='lat' dir='ltr'><strong>leniter</strong></span> <span class='ocrx_word' id='word_1_362' title='bbox 990 1692 1065 1720; x_wconf 87' lang='lat' dir='ltr'><strong>ferre</strong></span> 
     </span>
    </p>
   </div>
   <div class='ocr_carea' id='block_1_54' title="bbox 233 1735 1066 1773">
    <p class='ocr_par' dir='ltr' id='par_1_54' title="bbox 233 1735 1066 1773">
     <span class='ocr_line' id='line_1_54' title="bbox 233 1735 1066 1773; baseline 0 -9"><span class='ocrx_word' id='word_1_363' title='bbox 233 1735 397 1773; x_wconf 86' lang='lat' dir='ltr'><strong>possimus,</strong></span> <span class='ocrx_word' id='word_1_364' title='bbox 431 1738 458 1764; x_wconf 92' lang='lat' dir='ltr'><strong>et</strong></span> <span class='ocrx_word' id='word_1_365' title='bbox 495 1736 643 1764; x_wconf 86' lang='lat' dir='ltr'><strong>sanabilia</strong></span> <span class='ocrx_word' id='word_1_366' title='bbox 670 1737 801 1764; x_wconf 89' lang='lat' dir='ltr'><strong>hominis</strong></span> <span class='ocrx_word' id='word_1_367' title='bbox 824 1739 949 1772; x_wconf 82' lang='lat' dir='ltr'><strong>peccata</strong></span> <span class='ocrx_word' id='word_1_368' title='bbox 972 1737 1066 1764; x_wconf 83' lang='lat' dir='ltr'><strong>existi-</strong></span> 
     </span>
    </p>
   </div>
   <div class='ocr_carea' id='block_1_55' title="bbox 234 1781 1062 1817">
    <p class='ocr_par' dir='ltr' id='par_1_55' title="bbox 234 1781 1062 1817">
     <span class='ocr_line' id='line_1_55' title="bbox 234 1781 1062 1817; baseline 0 -8"><span class='ocrx_word' id='word_1_369' title='bbox 234 1789 317 1810; x_wconf 88' lang='lat' dir='ltr'><strong>mare</strong></span> <span class='ocrx_word' id='word_1_370' title='bbox 330 1781 343 1809; x_wconf 83' lang='lat'><strong>?</strong></span> <span class='ocrx_word' id='word_1_371' title='bbox 358 1781 462 1817; x_wconf 85' lang='lat' dir='ltr'><strong>Itaque</strong></span> <span class='ocrx_word' id='word_1_372' title='bbox 487 1781 678 1809; x_wconf 87' lang='lat' dir='ltr'><strong>sermonibus</strong></span> <span class='ocrx_word' id='word_1_373' title='bbox 695 1781 776 1809; x_wconf 80' lang='lat' dir='ltr'><strong>falsis</strong></span> <span class='ocrx_word' id='word_1_374' title='bbox 795 1790 832 1809; x_wconf 89' lang='lat' dir='ltr'><strong>ne</strong></span> <span class='ocrx_word' id='word_1_375' title='bbox 856 1781 1062 1817; x_wconf 84' lang='lat' dir='ltr'><strong>abducamini,</strong></span> 
     </span>
    </p>
   </div>
   <div class='ocr_carea' id='block_1_56' title="bbox 234 1826 1066 1863">
    <p class='ocr_par' dir='ltr' id='par_1_56' title="bbox 234 1826 1066 1863">
     <span class='ocr_line' id='line_1_56' title="bbox 234 1826 1066 1863; baseline -0.001 -8"><span class='ocrx_word' id='word_1_376' title='bbox 234 1834 332 1863; x_wconf 86' lang='lat' dir='ltr'><strong>neque</strong></span> <span class='ocrx_word' id='word_1_377' title='bbox 358 1826 517 1854; x_wconf 89' lang='lat' dir='ltr'><strong>hominum</strong></span> <span class='ocrx_word' id='word_1_378' title='bbox 548 1827 635 1862; x_wconf 75' lang='lat'><strong>223</strong></span> <span class='ocrx_word' id='word_1_379' title='bbox 663 1826 766 1854; x_wconf 90' lang='lat' dir='ltr'><strong>omnia</strong></span> <span class='ocrx_word' id='word_1_380' title='bbox 799 1827 830 1854; x_wconf 89' lang='lat' dir='ltr'><strong>in</strong></span> <span class='ocrx_word' id='word_1_381' title='bbox 860 1826 971 1854; x_wconf 85' lang='lat' dir='ltr'><strong>malam</strong></span> <span class='ocrx_word' id='word_1_382' title='bbox 998 1835 1066 1862; x_wconf 89' lang='lat' dir='ltr'><strong>par-</strong></span> 
     </span>
    </p>
   </div>
   <div class='ocr_carea' id='block_1_57' title="bbox 235 1871 1065 1907">
    <p class='ocr_par' dir='ltr' id='par_1_57' title="bbox 235 1871 1065 1907">
     <span class='ocr_line' id='line_1_57' title="bbox 235 1871 1065 1907; baseline -0.002 -6"><span class='ocrx_word' id='word_1_383' title='bbox 235 1875 295 1901; x_wconf 89' lang='lat' dir='ltr'><strong>tem</strong></span> <span class='ocrx_word' id='word_1_384' title='bbox 310 1871 523 1907; x_wconf 87' lang='lat' dir='ltr'><strong>accipientium</strong></span> <span class='ocrx_word' id='word_1_385' title='bbox 539 1871 763 1907; x_wconf 86' lang='lat' dir='ltr'><strong>suspicionibus</strong></span> <span class='ocrx_word' id='word_1_386' title='bbox 776 1871 869 1899; x_wconf 86' lang='lat' dir='ltr'><strong>ﬁdem</strong></span> <span class='ocrx_word' id='word_1_387' title='bbox 887 1871 1065 1906; x_wconf 83' lang='lat' dir='ltr'><strong>adhibeatis,</strong></span> 
     </span>
    </p>
   </div>
   <div class='ocr_carea' id='block_1_58' title="bbox 235 1915 1065 1952">
    <p class='ocr_par' dir='ltr' id='par_1_58' title="bbox 235 1915 1065 1952">
     <span class='ocr_line' id='line_1_58' title="bbox 235 1915 1065 1952; baseline 0 -7"><span class='ocrx_word' id='word_1_388' title='bbox 235 1916 390 1952; x_wconf 81' lang='lat' dir='ltr'><strong>quasinOS</strong></span> <span class='ocrx_word' id='word_1_389' title='bbox 402 1924 450 1944; x_wconf 88' lang='lat' dir='ltr'><strong>res</strong></span> <span class='ocrx_word' id='word_1_390' title='bbox 465 1915 641 1950; x_wconf 86' lang='lat' dir='ltr'><strong>hujusmodi</strong></span> <span class='ocrx_word' id='word_1_391' title='bbox 657 1915 686 1942; x_wconf 88' lang='lat' dir='ltr'><strong>in</strong></span> <span class='ocrx_word' id='word_1_392' title='bbox 702 1915 943 1944; x_wconf 75' lang='lat' dir='ltr'><strong>indifferentibus</strong></span> <span class='ocrx_word' id='word_1_393' title='bbox 969 1924 1065 1952; x_wconf 85' lang='lat' dir='ltr'><strong>pona-</strong></span> 
     </span>
    </p>
   </div>
   <div class='ocr_carea' id='block_1_59' title="bbox 235 1959 1067 1995">
    <p class='ocr_par' dir='ltr' id='par_1_59' title="bbox 235 1959 1067 1995">
     <span class='ocr_line' id='line_1_59' title="bbox 235 1959 1067 1995; baseline 0 -6"><span class='ocrx_word' id='word_1_394' title='bbox 235 1969 314 1989; x_wconf 79' lang='lat' dir='ltr'><strong>mus.</strong></span> <span class='ocrx_word' id='word_1_395' title='bbox 329 1961 388 1988; x_wconf 79' lang='lat' dir='ltr'><strong>Hoc</strong></span> <span class='ocrx_word' id='word_1_396' title='bbox 403 1960 484 1988; x_wconf 88' lang='lat' dir='ltr'><strong>enim</strong></span> <span class='ocrx_word' id='word_1_397' title='bbox 497 1959 550 1987; x_wconf 84' lang='lat' dir='ltr'><strong>tibi</strong></span> <span class='ocrx_word' id='word_1_398' title='bbox 565 1959 761 1995; x_wconf 80' lang='lat' dir='ltr'><strong>persuadeas,</strong></span> <span class='ocrx_word' id='word_1_399' title='bbox 776 1961 820 1988; x_wconf 89' lang='lat' dir='ltr'><strong>vir</strong></span> <span class='ocrx_word' id='word_1_400' title='bbox 839 1960 927 1989; x_wconf 90' lang='lat' dir='ltr'><strong>nobis</strong></span> <span class='ocrx_word' id='word_1_401' title='bbox 951 1961 1067 1989; x_wconf 83' lang='lat' dir='ltr'><strong>deside.</strong></span> 
     </span>
    </p>
   </div>
   <div class='ocr_carea' id='block_1_60' title="bbox 235 2004 1067 2042">
    <p class='ocr_par' dir='ltr' id='par_1_60' title="bbox 235 2004 1067 2042">
     <span class='ocr_line' id='line_1_60' title="bbox 235 2004 1067 2042; baseline 0.002 -10"><span class='ocrx_word' id='word_1_402' title='bbox 235 2004 384 2033; x_wconf 80' lang='lat' dir='ltr'><strong>ratis-sime</strong></span> <span class='ocrx_word' id='word_1_403' title='bbox 399 2012 434 2031; x_wconf 88' lang='lat' dir='ltr'><strong>ac</strong></span> <span class='ocrx_word' id='word_1_404' title='bbox 452 2004 675 2038; x_wconf 64' lang='lat' dir='ltr'><strong>colendismme,</strong></span> <span class='ocrx_word' id='word_1_405' title='bbox 692 2011 850 2042; x_wconf 85' lang='lat' dir='ltr'><strong>nunquam</strong></span> <span class='ocrx_word' id='word_1_406' title='bbox 875 2014 922 2033; x_wconf 91' lang='lat' dir='ltr'><strong>me</strong></span> <span class='ocrx_word' id='word_1_407' title='bbox 952 2009 1067 2034; x_wconf 85' lang='lat' dir='ltr'><strong>tantum</strong></span> 
     </span>
    </p>
   </div>
   <div class='ocr_carea' id='block_1_61' title="bbox 236 2048 1066 2089">
    <p class='ocr_par' dir='ltr' id='par_1_61' title="bbox 236 2048 1066 2089">
     <span class='ocr_line' id='line_1_61' title="bbox 236 2048 1066 2089; baseline 0.002 -12"><span class='ocrx_word' id='word_1_408' title='bbox 236 2049 349 2077; x_wconf 82' lang='lat' dir='ltr'><strong>doloris</strong></span> <span class='ocrx_word' id='word_1_409' title='bbox 364 2048 466 2076; x_wconf 90' lang='lat' dir='ltr'><strong>animo</strong></span> <span class='ocrx_word' id='word_1_410' title='bbox 476 2056 544 2076; x_wconf 88' lang='lat' dir='ltr'><strong>meo</strong></span> <span class='ocrx_word' id='word_1_411' title='bbox 559 2051 715 2086; x_wconf 82' lang='lat' dir='ltr'><strong>acceptum</strong></span> <span class='ocrx_word' id='word_1_412' title='bbox 727 2050 965 2087; x_wconf 84' lang='lat' dir='ltr'><strong>scire,quantum</strong></span> <span class='ocrx_word' id='word_1_413' title='bbox 975 2059 1066 2089; x_wconf 79' lang='lat' dir='ltr'><strong>nunc,</strong></span> 
     </span>
    </p>
   </div>
   <div class='ocr_carea' id='block_1_62' title="bbox 237 2092 1068 2133">
    <p class='ocr_par' dir='ltr' id='par_1_62' title="bbox 237 2092 1068 2133">
     <span class='ocr_line' id='line_1_62' title="bbox 237 2092 1068 2133; baseline 0.002 -11"><span class='ocrx_word' id='word_1_414' title='bbox 237 2101 308 2133; x_wconf 83' lang='lat' dir='ltr'><strong>cum</strong></span> <span class='ocrx_word' id='word_1_415' title='bbox 322 2092 359 2120; x_wconf 91' lang='lat' dir='ltr'><strong>de</strong></span> <span class='ocrx_word' id='word_1_416' title='bbox 375 2093 645 2122; x_wconf 82' lang='lat' dir='ltr'><strong>ecclesiasticarum</strong></span> <span class='ocrx_word' id='word_1_417' title='bbox 659 2094 760 2130; x_wconf 82' lang='lat' dir='ltr'><strong>legum</strong></span> <span class='ocrx_word' id='word_1_418' title='bbox 776 2095 998 2132; x_wconf 77' lang='lat' dir='ltr'><strong>perturbatione</strong></span> <span class='ocrx_word' id='word_1_419' title='bbox 1013 2104 1068 2124; x_wconf 86' lang='lat' dir='ltr'><strong>au-</strong></span> 
     </span>
    </p>
   </div>
   <div class='ocr_carea' id='block_1_63' title="bbox 238 2137 1068 2174">
    <p class='ocr_par' dir='ltr' id='par_1_63' title="bbox 238 2137 1068 2174">
     <span class='ocr_line' id='line_1_63' title="bbox 238 2137 1068 2174; baseline 0.004 -9"><span class='ocrx_word' id='word_1_420' title='bbox 238 2137 307 2166; x_wconf 87' lang='lat' dir='ltr'><strong>divi.</strong></span> <span class='ocrx_word' id='word_1_421' title='bbox 333 2137 391 2166; x_wconf 89' lang='lat' dir='ltr'><strong>Sed</strong></span> <span class='ocrx_word' id='word_1_422' title='bbox 415 2137 512 2166; x_wconf 85' lang='lat' dir='ltr'><strong>solum</strong></span> <span class='ocrx_word' id='word_1_423' title='bbox 540 2146 673 2174; x_wconf 87' lang='lat' dir='ltr'><strong>precare,</strong></span> <span class='ocrx_word' id='word_1_424' title='bbox 693 2142 725 2167; x_wconf 92' lang='lat' dir='ltr'><strong>ut</strong></span> <span class='ocrx_word' id='word_1_425' title='bbox 748 2140 797 2168; x_wconf 84' lang='lat' dir='ltr'><strong>det</strong></span> <span class='ocrx_word' id='word_1_426' title='bbox 816 2139 904 2168; x_wconf 88' lang='lat' dir='ltr'><strong>nobis</strong></span> <span class='ocrx_word' id='word_1_427' title='bbox 926 2141 1068 2168; x_wconf 89' lang='lat' dir='ltr'><strong>Dominus</strong></span> 
     </span>
    </p>
   </div>
   <div class='ocr_carea' id='block_1_64' title="bbox 237 2177 1068 2222">
    <p class='ocr_par' dir='ltr' id='par_1_64' title="bbox 237 2177 1068 2222">
     <span class='ocr_line' id='line_1_64' title="bbox 237 2177 1068 2222; baseline 0.004 -12"><span class='ocrx_word' id='word_1_428' title='bbox 237 2183 312 2211; x_wconf 86' lang='lat' dir='ltr'><strong>nihil</strong></span> <span class='ocrx_word' id='word_1_429' title='bbox 326 2191 361 2210; x_wconf 85' lang='lat' dir='ltr'><strong>ex</strong></span> <span class='ocrx_word' id='word_1_430' title='bbox 375 2183 533 2212; x_wconf 89' lang='lat' dir='ltr'><strong>iracundia</strong></span> <span class='ocrx_word' id='word_1_431' title='bbox 559 2177 657 2219; x_wconf 79' lang='lat' dir='ltr'><strong>agere,</strong></span> <span class='ocrx_word' id='word_1_432' title='bbox 672 2184 725 2212; x_wconf 92' lang='lat' dir='ltr'><strong>sed</strong></span> <span class='ocrx_word' id='word_1_433' title='bbox 747 2185 922 2213; x_wconf 87' lang='lat' dir='ltr'><strong>charitatem</strong></span> <span class='ocrx_word' id='word_1_434' title='bbox 945 2185 1068 2222; x_wconf 88' lang='lat' dir='ltr'><strong>habere,</strong></span> 
     </span>
    </p>
   </div>
   <div class='ocr_carea' id='block_1_65' title="bbox 238 2227 1067 2265">
    <p class='ocr_par' dir='ltr' id='par_1_65' title="bbox 238 2227 1067 2265">
     <span class='ocr_line' id='line_1_65' title="bbox 238 2227 1067 2265; baseline 0.005 -10"><span class='ocrx_word' id='word_1_435' title='bbox 238 2236 305 2265; x_wconf 69' lang='lat' dir='ltr'><strong>qun:</strong></span> <span class='ocrx_word' id='word_1_436' title='bbox 321 2236 353 2256; x_wconf 91' lang='lat' dir='ltr'><strong>se</strong></span> <span class='ocrx_word' id='word_1_437' title='bbox 365 2227 506 2256; x_wconf 84' lang='lat' dir='ltr'><strong>indecore</strong></span> <span class='ocrx_word' id='word_1_438' title='bbox 520 2237 581 2257; x_wconf 90' lang='lat' dir='ltr'><strong>non</strong></span> <span class='ocrx_word' id='word_1_439' title='bbox 593 2229 974 2264; x_wconf 71' lang='lat' dir='ltr'><strong>gerit,necinﬂatur’°.Vide</strong></span> <span class='ocrx_word' id='word_1_440' title='bbox 988 2231 1067 2259; x_wconf 89' lang='lat' dir='ltr'><strong>enim</strong></span> 
     </span>
    </p>
   </div>
   <div class='ocr_carea' id='block_1_66' title="bbox 237 2273 1068 2311">
    <p class='ocr_par' dir='ltr' id='par_1_66' title="bbox 237 2273 1068 2311">
     <span class='ocr_line' id='line_1_66' title="bbox 237 2273 1068 2311; baseline 0.005 -11"><span class='ocrx_word' id='word_1_441' title='bbox 237 2273 498 2310; x_wconf 88' lang='lat' dir='ltr'><strong>quemadmodum</strong></span> <span class='ocrx_word' id='word_1_442' title='bbox 518 2274 570 2310; x_wconf 91' lang='lat' dir='ltr'><strong>qui</strong></span> <span class='ocrx_word' id='word_1_443' title='bbox 585 2282 621 2302; x_wconf 88' lang='lat' dir='ltr'><strong>ea</strong></span> <span class='ocrx_word' id='word_1_444' title='bbox 634 2277 747 2310; x_wconf 85' lang='lat' dir='ltr'><strong>carent,</strong></span> <span class='ocrx_word' id='word_1_445' title='bbox 774 2283 866 2311; x_wconf 87' lang='lat' dir='ltr'><strong>supra</strong></span> <span class='ocrx_word' id='word_1_446' title='bbox 895 2283 1068 2304; x_wconf 88' lang='lat' dir='ltr'><strong>mensuram</strong></span> 
     </span>
    </p>
   </div>
   <div class='ocr_carea' id='block_1_67' title="bbox 238 2317 1069 2356">
    <p class='ocr_par' dir='ltr' id='par_1_67' title="bbox 238 2317 1069 2356">
     <span class='ocr_line' id='line_1_67' title="bbox 238 2317 1069 2356; baseline 0.005 -11"><span class='ocrx_word' id='word_1_447' title='bbox 238 2318 406 2346; x_wconf 81' lang='lat' dir='ltr'><strong>humanam</strong></span> <span class='ocrx_word' id='word_1_448' title='bbox 421 2317 489 2345; x_wconf 85' lang='lat' dir='ltr'><strong>elati</strong></span> <span class='ocrx_word' id='word_1_449' title='bbox 504 2317 572 2353; x_wconf 84' lang='lat' dir='ltr'><strong>sint,</strong></span> <span class='ocrx_word' id='word_1_450' title='bbox 593 2321 621 2347; x_wconf 87' lang='lat' dir='ltr'><strong>et</strong></span> <span class='ocrx_word' id='word_1_451' title='bbox 635 2319 775 2348; x_wconf 89' lang='lat' dir='ltr'><strong>indecore</strong></span> <span class='ocrx_word' id='word_1_452' title='bbox 791 2328 824 2348; x_wconf 89' lang='lat' dir='ltr'><strong>se</strong></span> <span class='ocrx_word' id='word_1_453' title='bbox 841 2323 957 2356; x_wconf 85' lang='lat' dir='ltr'><strong>gerant,</strong></span> <span class='ocrx_word' id='word_1_454' title='bbox 977 2329 1014 2350; x_wconf 84' lang='lat' dir='ltr'><strong>ea</strong></span> <span class='ocrx_word' id='word_1_455' title='bbox 1028 2321 1069 2349; x_wconf 81' lang='lat' dir='ltr'><strong>fa-</strong></span> 
     </span>
    </p>
   </div>
   <div class='ocr_carea' id='block_1_68' title="bbox 240 2362 1070 2402">
    <p class='ocr_par' dir='ltr' id='par_1_68' title="bbox 240 2362 1070 2402">
     <span class='ocr_line' id='line_1_68' title="bbox 240 2362 1070 2402; baseline 0.006 -13"><span class='ocrx_word' id='word_1_456' title='bbox 240 2362 342 2390; x_wconf 84' lang='lat' dir='ltr'><strong>cinora</strong></span> <span class='ocrx_word' id='word_1_457' title='bbox 356 2362 511 2399; x_wconf 85' lang='lat' dir='ltr'><strong>audentes,</strong></span> <span class='ocrx_word' id='word_1_458' title='bbox 525 2370 656 2399; x_wconf 88' lang='lat' dir='ltr'><strong>quorum</strong></span> <span class='ocrx_word' id='word_1_459' title='bbox 672 2365 856 2401; x_wconf 67' lang='lat' dir='ltr'><strong>prseteritum</strong></span> <span class='ocrx_word' id='word_1_460' title='bbox 876 2367 993 2402; x_wconf 89' lang='lat' dir='ltr'><strong>tempus</strong></span> <span class='ocrx_word' id='word_1_461' title='bbox 1008 2373 1070 2394; x_wconf 87' lang='lat' dir='ltr'><strong>non</strong></span> 
     </span>
    </p>
   </div>
   <div class='ocr_carea' id='block_1_69' title="bbox 238 2406 496 2443">
    <p class='ocr_par' dir='ltr' id='par_1_69' title="bbox 238 2406 496 2443">
     <span class='ocr_line' id='line_1_69' title="bbox 238 2406 496 2443; baseline 0 -8"><span class='ocrx_word' id='word_1_462' title='bbox 238 2406 332 2435; x_wconf 86' lang='lat' dir='ltr'><strong>habet</strong></span> <span class='ocrx_word' id='word_1_463' title='bbox 346 2407 496 2443; x_wconf 86' lang='lat' dir='ltr'><strong>exempla.</strong></span> 
     </span>
    </p>
   </div>
   <div class='ocr_carea' id='block_1_70' title="bbox 277 2497 1068 2534">
    <p class='ocr_par' dir='ltr' id='par_1_70' title="bbox 277 2497 1068 2534">
     <span class='ocr_line' id='line_1_70' title="bbox 277 2497 1068 2534; baseline 0.005 -10"><span class='ocrx_word' id='word_1_464' title='bbox 277 2497 300 2515; x_wconf 74' lang='grc' dir='ltr'><strong><em>η</em></strong></span> <span class='ocrx_word' id='word_1_465' title='bbox 317 2497 435 2525; x_wconf 75' lang='lat' dir='ltr'><strong>Jer.xxu</strong></span> <span class='ocrx_word' id='word_1_466' title='bbox 447 2498 491 2526; x_wconf 86' lang='lat'><strong>23.</strong></span> <span class='ocrx_word' id='word_1_467' title='bbox 529 2498 553 2516; x_wconf 79' lang='grc'><strong>¹⁹</strong></span> <span class='ocrx_word' id='word_1_468' title='bbox 566 2499 652 2527; x_wconf 87' lang='lat' dir='ltr'><strong>Rom.</strong></span> <span class='ocrx_word' id='word_1_469' title='bbox 668 2506 716 2533; x_wconf 87' lang='lat' dir='ltr'><strong>xu,</strong></span> <span class='ocrx_word' id='word_1_470' title='bbox 739 2501 782 2528; x_wconf 88' lang='lat' dir='ltr'><strong>l9.</strong></span> <span class='ocrx_word' id='word_1_471' title='bbox 820 2499 845 2518; x_wconf 76' lang='grc' dir='ltr'><strong>³ο</strong></span> <span class='ocrx_word' id='word_1_472' title='bbox 859 2500 868 2527; x_wconf 93' lang='lat' dir='ltr'><strong>l</strong></span> <span class='ocrx_word' id='word_1_473' title='bbox 882 2499 948 2527; x_wconf 88' lang='lat' dir='ltr'><strong>Cor.</strong></span> <span class='ocrx_word' id='word_1_474' title='bbox 962 2507 1024 2534; x_wconf 79' lang='lat' dir='ltr'><strong>xui,</strong></span> <span class='ocrx_word' id='word_1_475' title='bbox 1040 2501 1068 2528; x_wconf 78' lang='grc'><strong>4.</strong></span> 
     </span>
    </p>
   </div>
   <div class='ocr_carea' id='block_1_71' title="bbox 277 2577 1065 2619">
    <p class='ocr_par' dir='ltr' id='par_1_71' title="bbox 277 2577 1065 2619">
     <span class='ocr_line' id='line_1_71' title="bbox 277 2577 1065 2619; baseline 0.008 -16"><span class='ocrx_word' id='word_1_476' title='bbox 277 2577 315 2619; x_wconf 72' lang='grc'>(4)</span> <span class='ocrx_word' id='word_1_477' title='bbox 330 2580 383 2609; x_wconf 86' lang='grc' dir='ltr'><strong>Τῆς</strong></span> <span class='ocrx_word' id='word_1_478' title='bbox 399 2577 570 2619; x_wconf 52' lang='lat' dir='ltr'><strong>iaugoa._lt_a_</strong></span> <span class='ocrx_word' id='word_1_479' title='bbox 578 2581 637 2619; x_wconf 78' lang='lat' dir='ltr'><strong>tres</strong></span> <span class='ocrx_word' id='word_1_480' title='bbox 653 2579 847 2619; x_wconf 60' lang='lat' dir='ltr'><strong>vetustissimi</strong></span> <span class='ocrx_word' id='word_1_481' title='bbox 861 2580 980 2619; x_wconf 79' lang='lat' dir='ltr'><strong>codices</strong></span> <span class='ocrx_word' id='word_1_482' title='bbox 996 2589 1065 2619; x_wconf 81' lang='lat' dir='ltr'><strong>cum</strong></span> 
     </span>
    </p>
   </div>
   <div class='ocr_carea' id='block_1_72' title="bbox 240 2613 1066 2649">
    <p class='ocr_par' dir='ltr' id='par_1_72' title="bbox 240 2613 1066 2649">
     <span class='ocr_line' id='line_1_72' title="bbox 240 2613 1066 2649; baseline 0.005 -8"><span class='ocrx_word' id='word_1_483' title='bbox 240 2613 332 2649; x_wconf 79' lang='lat' dir='ltr'><strong>Regio</strong></span> <span class='ocrx_word' id='word_1_484' title='bbox 348 2614 492 2642; x_wconf 90' lang='lat' dir='ltr'><strong>secundo.</strong></span> <span class='ocrx_word' id='word_1_485' title='bbox 509 2615 584 2642; x_wconf 85' lang='lat' dir='ltr'><strong>Editi</strong></span> <span class='ocrx_word' id='word_1_486' title='bbox 607 2619 654 2646; x_wconf 84' lang='grc' dir='ltr'>τῆς</span> <span class='ocrx_word' id='word_1_487' title='bbox 676 2615 766 2643; x_wconf 75' lang='grc' dir='ltr'>αὑτοῦ.</span> <span class='ocrx_word' id='word_1_488' title='bbox 795 2616 888 2644; x_wconf 87' lang='lat' dir='ltr'><strong>Paulo</strong></span> <span class='ocrx_word' id='word_1_489' title='bbox 913 2619 981 2649; x_wconf 88' lang='lat' dir='ltr'><strong>post</strong></span> <span class='ocrx_word' id='word_1_490' title='bbox 996 2617 1066 2645; x_wconf 90' lang='lat' dir='ltr'><strong>editi</strong></span> 
     </span>
    </p>
   </div>
   <div class='ocr_carea' id='block_1_73' title="bbox 240 2648 1068 2686">
    <p class='ocr_par' dir='ltr' id='par_1_73' title="bbox 240 2648 1068 2686">
     <span class='ocr_line' id='line_1_73' title="bbox 240 2648 1068 2686; baseline 0.01 -12"><span class='ocrx_word' id='word_1_491' title='bbox 240 2648 438 2686; x_wconf 52' lang='grc' dir='ltr'>ἐισπείραντος,</span> <span class='ocrx_word' id='word_1_492' title='bbox 453 2651 521 2686; x_wconf 85' lang='lat' dir='ltr'><strong>Tres</strong></span> <span class='ocrx_word' id='word_1_493' title='bbox 545 2650 638 2678; x_wconf 90' lang='lat' dir='ltr'><strong>iidem</strong></span> <span class='ocrx_word' id='word_1_494' title='bbox 660 2651 779 2680; x_wconf 88' lang='lat' dir='ltr'><strong>codices</strong></span> <span class='ocrx_word' id='word_1_495' title='bbox 804 2659 872 2680; x_wconf 89' lang='lat' dir='ltr'><strong>cum</strong></span> <span class='ocrx_word' id='word_1_496' title='bbox 889 2648 1017 2681; x_wconf 78' lang='lat' dir='ltr'><strong>Clarom.</strong></span> <span class='ocrx_word' id='word_1_497' title='bbox 1039 2655 1068 2682; x_wconf 87' lang='lat' dir='ltr'><strong>et</strong></span> 
     </span>
    </p>
   </div>
   <div class='ocr_carea' id='block_1_74' title="bbox 241 2685 670 2723">
    <p class='ocr_par' dir='ltr' id='par_1_74' title="bbox 241 2685 670 2723">
     <span class='ocr_line' id='line_1_74' title="bbox 241 2685 670 2723; baseline 0 -11"><span class='ocrx_word' id='word_1_498' title='bbox 241 2686 311 2723; x_wconf 70' lang='lat' dir='ltr'><strong>Reg.</strong></span> <span class='ocrx_word' id='word_1_499' title='bbox 328 2685 465 2723; x_wconf 60' lang='lat' dir='ltr'><strong>secundo</strong></span> <span class='ocrx_word' id='word_1_500' title='bbox 478 2685 670 2723; x_wconf 68' lang='grc' dir='ltr'>ξνσπείραντας.</span> 
     </span>
    </p>
   </div>
   <div class='ocr_carea' id='block_1_75' title="bbox 290 2720 581 2755">
    <p class='ocr_par' dir='ltr' id='par_1_75' title="bbox 290 2720 581 2755">
     <span class='ocr_line' id='line_1_75' title="bbox 290 2720 581 2755; baseline 0.014 -8"><span class='ocrx_word' id='word_1_501' title='bbox 290 2721 316 2755; x_wconf 80' lang='lat'><strong>5)</strong></span> <span class='ocrx_word' id='word_1_502' title='bbox 334 2720 409 2748; x_wconf 85' lang='lat' dir='ltr'><strong>Vide</strong></span> <span class='ocrx_word' id='word_1_503' title='bbox 423 2720 581 2751; x_wconf 76' lang='lat' dir='ltr'><strong>Addenda.</strong></span> 
     </span>
    </p>
   </div>
   <div class='ocr_carea' id='block_1_76' title="bbox 290 2755 1068 2797">
    <p class='ocr_par' dir='ltr' id='par_1_76' title="bbox 290 2755 1068 2797">
     <span class='ocr_line' id='line_1_76' title="bbox 290 2755 1068 2797; baseline 0.006 -14"><span class='ocrx_word' id='word_1_504' title='bbox 290 2757 317 2790; x_wconf 87' lang='grc'><strong>6)</strong></span> <span class='ocrx_word' id='word_1_505' title='bbox 331 2755 378 2782; x_wconf 82' lang='grc' dir='ltr'>Ἦν</span> <span class='ocrx_word' id='word_1_506' title='bbox 391 2759 482 2797; x_wconf 53' lang='grc' dir='ltr'>μόνον.</span> <span class='ocrx_word' id='word_1_507' title='bbox 502 2759 556 2797; x_wconf 78' lang='lat' dir='ltr'><strong>l_t_a_</strong></span> <span class='ocrx_word' id='word_1_508' title='bbox 568 2757 657 2797; x_wconf 52' lang='grc' dir='ltr'><strong>ξιιμ-1.,</strong></span> <span class='ocrx_word' id='word_1_509' title='bbox 675 2758 760 2793; x_wconf 88' lang='lat' dir='ltr'><strong>Med.,</strong></span> <span class='ocrx_word' id='word_1_510' title='bbox 778 2759 865 2788; x_wconf 87' lang='lat' dir='ltr'><strong>Coisl.</strong></span> <span class='ocrx_word' id='word_1_511' title='bbox 888 2761 1013 2797; x_wconf 84' lang='lat' dir='ltr'><strong>uterque</strong></span> <span class='ocrx_word' id='word_1_512' title='bbox 1039 2762 1068 2789; x_wconf 88' lang='lat' dir='ltr'><strong>et</strong></span> 
     </span>
    </p>
   </div>
   <div class='ocr_carea' id='block_1_77' title="bbox 241 2791 727 2826">
    <p class='ocr_par' dir='ltr' id='par_1_77' title="bbox 241 2791 727 2826">
     <span class='ocr_line' id='line_1_77' title="bbox 241 2791 727 2826; baseline 0.006 -8"><span class='ocrx_word' id='word_1_513' title='bbox 241 2791 312 2826; x_wconf 80' lang='lat' dir='ltr'><strong>Reg.</strong></span> <span class='ocrx_word' id='word_1_514' title='bbox 330 2791 491 2820; x_wconf 84' lang='lat' dir='ltr'><strong>secundus.</strong></span> <span class='ocrx_word' id='word_1_515' title='bbox 507 2793 580 2821; x_wconf 76' lang='lat' dir='ltr'><strong>Edill</strong></span> <span class='ocrx_word' id='word_1_516' title='bbox 601 2793 630 2823; x_wconf 77' lang='grc' dir='ltr'><strong>ἢν</strong></span> <span class='ocrx_word' id='word_1_517' title='bbox 642 2791 727 2826; x_wconf 65' lang='grc' dir='ltr'>μόνον.</span> 
     </span>
    </p>
   </div>
   <div class='ocr_carea' id='block_1_78' title="bbox 278 2827 1064 2869">
    <p class='ocr_par' dir='ltr' id='par_1_78' title="bbox 278 2827 1064 2869">
     <span class='ocr_line' id='line_1_78' title="bbox 278 2827 1064 2869; baseline 0.01 -16"><span class='ocrx_word' id='word_1_518' title='bbox 278 2827 316 2862; x_wconf 75' lang='grc' dir='ltr'>(τ)</span> <span class='ocrx_word' id='word_1_519' title='bbox 329 2828 492 2866; x_wconf 81' lang='grc' dir='ltr'>Συγγράψας.</span> <span class='ocrx_word' id='word_1_520' title='bbox 506 2829 578 2857; x_wconf 83' lang='lat' dir='ltr'><strong>Vide</strong></span> <span class='ocrx_word' id='word_1_521' title='bbox 593 2827 686 2867; x_wconf 82' lang='lat' dir='ltr'><strong>supra</strong></span> <span class='ocrx_word' id='word_1_522' title='bbox 697 2833 784 2860; x_wconf 88' lang='lat' dir='ltr'><strong>notas</strong></span> <span class='ocrx_word' id='word_1_523' title='bbox 796 2831 835 2860; x_wconf 90' lang='lat' dir='ltr'><strong>ad</strong></span> <span class='ocrx_word' id='word_1_524' title='bbox 847 2831 1006 2869; x_wconf 84' lang='lat' dir='ltr'><strong>epistolam</strong></span> <span class='ocrx_word' id='word_1_525' title='bbox 1020 2833 1064 2866; x_wconf 83' lang='grc'><strong>24,</strong></span> 
     </span>
    </p>
   </div>
   <div class='ocr_carea' id='block_1_79' title="bbox 1122 932 1928 973">
    <p class='ocr_par' dir='ltr' id='par_1_79' title="bbox 1122 932 1928 973">
     <span class='ocr_line' id='line_1_79' title="bbox 1122 932 1928 973; baseline 0.004 -14"><span class='ocrx_word' id='word_1_526' title='bbox 1122 943 1176 970; x_wconf 79' lang='grc' dir='ltr'>φοις</span> <span class='ocrx_word' id='word_1_527' title='bbox 1191 932 1309 970; x_wconf 78' lang='grc' dir='ltr'><strong>δόγμασι</strong></span> <span class='ocrx_word' id='word_1_528' title='bbox 1324 938 1477 972; x_wconf 76' lang='grc' dir='ltr'>συντραφεὶς</span> <span class='ocrx_word' id='word_1_529' title='bbox 1493 935 1692 973; x_wconf 74' lang='grc' dir='ltr'><strong>ἀποτρίψασθαι</strong></span> <span class='ocrx_word' id='word_1_530' title='bbox 1706 933 1818 962; x_wconf 81' lang='grc' dir='ltr'>δύναται</span> <span class='ocrx_word' id='word_1_531' title='bbox 1833 937 1862 962; x_wconf 82' lang='grc' dir='ltr'>τό</span> <span class='ocrx_word' id='word_1_532' title='bbox 1877 946 1928 962; x_wconf 84' lang='grc' dir='ltr'>κα-</span> 
     </span>
    </p>
   </div>
   <div class='ocr_carea' id='block_1_80' title="bbox 1122 978 1376 1016">
    <p class='ocr_par' dir='ltr' id='par_1_80' title="bbox 1122 978 1376 1016">
     <span class='ocr_line' id='line_1_80' title="bbox 1122 978 1376 1016; baseline 0.008 -12"><span class='ocrx_word' id='word_1_533' title='bbox 1122 979 1167 1004; x_wconf 80' lang='grc' dir='ltr'>κὸν</span> <span class='ocrx_word' id='word_1_534' title='bbox 1181 983 1229 1010; x_wconf 81' lang='grc' dir='ltr'>τῆς</span> <span class='ocrx_word' id='word_1_535' title='bbox 1245 978 1376 1016; x_wconf 81' lang='grc' dir='ltr'>ἀὶρέσεως.</span> 
     </span>
    </p>
   </div>
   <div class='ocr_carea' id='block_1_81' title="bbox 1157 1023 1927 1062">
    <p class='ocr_par' dir='ltr' id='par_1_81' title="bbox 1157 1023 1927 1062">
     <span class='ocr_line' id='line_1_81' title="bbox 1157 1023 1927 1062; baseline 0.003 -12"><span class='ocrx_word' id='word_1_536' title='bbox 1157 1024 1184 1050; x_wconf 78' lang='grc'><strong>2.</strong></span> <span class='ocrx_word' id='word_1_537' title='bbox 1215 1024 1439 1051; x_wconf 75' lang='grc' dir='ltr'>Ἐπενεανιεύσατο</span> <span class='ocrx_word' id='word_1_538' title='bbox 1474 1023 1503 1052; x_wconf 62' lang='grc' dir='ltr'>δὲ</span> <span class='ocrx_word' id='word_1_539' title='bbox 1526 1026 1626 1056; x_wconf 81' lang='grc' dir='ltr'><strong>τούτοις</strong></span> <span class='ocrx_word' id='word_1_540' title='bbox 1656 1027 1701 1052; x_wconf 85' lang='grc' dir='ltr'>καὶ</span> <span class='ocrx_word' id='word_1_541' title='bbox 1731 1025 1836 1062; x_wconf 78' lang='grc' dir='ltr'><strong>γράψας</strong></span> <span class='ocrx_word' id='word_1_542' title='bbox 1863 1026 1927 1052; x_wconf 75' lang='grc' dir='ltr'>καθ’</span> 
     </span>
    </p>
   </div>
   <div class='ocr_carea' id='block_1_82' title="bbox 1122 1067 1928 1108">
    <p class='ocr_par' dir='ltr' id='par_1_82' title="bbox 1122 1067 1928 1108">
     <span class='ocr_line' id='line_1_82' title="bbox 1122 1067 1928 1108; baseline 0.005 -15"><span class='ocrx_word' id='word_1_543' title='bbox 1122 1067 1205 1104; x_wconf 75' lang='grc' dir='ltr'>ἡμῶν,</span> <span class='ocrx_word' id='word_1_544' title='bbox 1221 1068 1315 1104; x_wconf 81' lang='grc' dir='ltr'>μᾶλλον</span> <span class='ocrx_word' id='word_1_545' title='bbox 1331 1067 1361 1095; x_wconf 75' lang='grc' dir='ltr'>δὲ</span> <span class='ocrx_word' id='word_1_546' title='bbox 1376 1069 1531 1106; x_wconf 72' lang='grc' dir='ltr'>συγγράψας</span> <span class='ocrx_word' id='word_1_547' title='bbox 1550 1071 1589 1106; x_wconf 88' lang='grc'><strong>(7)</strong></span> <span class='ocrx_word' id='word_1_548' title='bbox 1608 1070 1698 1106; x_wconf 73' lang='grc' dir='ltr'>λόγους</span> <span class='ocrx_word' id='word_1_549' title='bbox 1726 1071 1842 1108; x_wconf 73' lang='grc' dir='ltr'>μακροὺς</span> <span class='ocrx_word' id='word_1_550' title='bbox 1869 1071 1928 1097; x_wconf 70' lang='grc' dir='ltr'><strong>πά-</strong></span> 
     </span>
    </p>
   </div>
   <div class='ocr_carea' id='block_1_83' title="bbox 1123 1111 1927 1153">
    <p class='ocr_par' dir='ltr' id='par_1_83' title="bbox 1123 1111 1927 1153">
     <span class='ocr_line' id='line_1_83' title="bbox 1123 1111 1927 1153; baseline 0.004 -15"><span class='ocrx_word' id='word_1_551' title='bbox 1123 1122 1170 1142; x_wconf 70' lang='grc' dir='ltr'>σης</span> <span class='ocrx_word' id='word_1_552' title='bbox 1190 1111 1325 1150; x_wconf 78' lang='grc' dir='ltr'>λοιδορίας</span> <span class='ocrx_word' id='word_1_553' title='bbox 1350 1116 1395 1140; x_wconf 81' lang='grc' dir='ltr'>καὶ</span> <span class='ocrx_word' id='word_1_554' title='bbox 1415 1117 1590 1151; x_wconf 78' lang='grc' dir='ltr'>συκοφαντίας</span> <span class='ocrx_word' id='word_1_555' title='bbox 1617 1117 1743 1151; x_wconf 77' lang='grc' dir='ltr'>γέμοντας</span> <span class='ocrx_word' id='word_1_556' title='bbox 1758 1123 1765 1130; x_wconf 71' lang='grc'><strong>⁸</strong></span> <span class='ocrx_word' id='word_1_557' title='bbox 1795 1116 1860 1153; x_wconf 59' lang='grc' dir='ltr'>ὑπὲρ</span> <span class='ocrx_word' id='word_1_558' title='bbox 1889 1115 1927 1141; x_wconf 80' lang='grc' dir='ltr'>ὧν</span> 
     </span>
    </p>
   </div>
   <div class='ocr_carea' id='block_1_84' title="bbox 1122 1155 1928 1198">
    <p class='ocr_par' dir='ltr' id='par_1_84' title="bbox 1122 1155 1928 1198">
     <span class='ocr_line' id='line_1_84' title="bbox 1122 1155 1928 1198; baseline 0.004 -15"><span class='ocrx_word' id='word_1_559' title='bbox 1122 1155 1196 1183; x_wconf 67' lang='grc' dir='ltr'>οὐδὲν</span> <span class='ocrx_word' id='word_1_560' title='bbox 1222 1156 1414 1196; x_wconf 75' lang='grc' dir='ltr'>ἀπεκρινάμεθα</span> <span class='ocrx_word' id='word_1_561' title='bbox 1437 1160 1509 1193; x_wconf 84' lang='grc' dir='ltr'>τέως,</span> <span class='ocrx_word' id='word_1_562' title='bbox 1531 1158 1578 1186; x_wconf 83' lang='grc' dir='ltr'>διὰ</span> <span class='ocrx_word' id='word_1_563' title='bbox 1605 1161 1633 1186; x_wconf 81' lang='grc' dir='ltr'>τὸ</span> <span class='ocrx_word' id='word_1_564' title='bbox 1664 1158 1833 1196; x_wconf 82' lang='grc' dir='ltr'>διδαχθῆναι</span> <span class='ocrx_word' id='word_1_565' title='bbox 1851 1161 1928 1198; x_wconf 80' lang='grc' dir='ltr'><strong>παρά</strong></span> 
     </span>
    </p>
   </div>
   <div class='ocr_carea' id='block_1_85' title="bbox 1123 1201 1927 1240">
    <p class='ocr_par' dir='ltr' id='par_1_85' title="bbox 1123 1201 1927 1240">
     <span class='ocr_line' id='line_1_85' title="bbox 1123 1201 1927 1240; baseline 0.004 -12"><span class='ocrx_word' id='word_1_566' title='bbox 1123 1206 1167 1229; x_wconf 76' lang='grc' dir='ltr'>τοῦ</span> <span class='ocrx_word' id='word_1_567' title='bbox 1191 1201 1362 1239; x_wconf 74' lang='grc' dir='ltr'>Ἀποστολου,</span> <span class='ocrx_word' id='word_1_568' title='bbox 1387 1206 1422 1240; x_wconf 78' lang='grc' dir='ltr'>μὴ</span> <span class='ocrx_word' id='word_1_569' title='bbox 1442 1204 1547 1234; x_wconf 84' lang='grc' dir='ltr'>ἑαυτοὺς</span> <span class='ocrx_word' id='word_1_570' title='bbox 1571 1203 1693 1238; x_wconf 80' lang='grc' dir='ltr'>ἐκδικεῖν,</span> <span class='ocrx_word' id='word_1_571' title='bbox 1815 1203 1927 1231; x_wconf 74' lang='grc' dir='ltr'>διδόναι</span> 
     </span>
    </p>
   </div>
   <div class='ocr_carea' id='block_1_86' title="bbox 1120 1247 1928 1286">
    <p class='ocr_par' dir='ltr' id='par_1_86' title="bbox 1120 1247 1928 1286">
     <span class='ocr_line' id='line_1_86' title="bbox 1120 1247 1928 1286; baseline 0.004 -14"><span class='ocrx_word' id='word_1_572' title='bbox 1120 1249 1199 1276; x_wconf 79' lang='grc' dir='ltr'>τόπον</span> <span class='ocrx_word' id='word_1_573' title='bbox 1214 1251 1245 1284; x_wconf 76' lang='grc' dir='ltr'>τῇ</span> <span class='ocrx_word' id='word_1_574' title='bbox 1274 1247 1339 1285; x_wconf 80' lang='grc' dir='ltr'>ὀργῇ</span> <span class='ocrx_word' id='word_1_575' title='bbox 1356 1259 1362 1265; x_wconf 88' lang='grc'><strong>·</strong></span> <span class='ocrx_word' id='word_1_576' title='bbox 1383 1251 1428 1275; x_wconf 78' lang='grc' dir='ltr'>καὶ</span> <span class='ocrx_word' id='word_1_577' title='bbox 1446 1249 1502 1285; x_wconf 80' lang='grc' dir='ltr'>ἅμα</span> <span class='ocrx_word' id='word_1_578' title='bbox 1529 1248 1693 1279; x_wconf 56' lang='grc' dir='ltr'>ἐπινοήσαντες</span> <span class='ocrx_word' id='word_1_579' title='bbox 1717 1251 1746 1275; x_wconf 80' lang='grc' dir='ltr'>τὸ</span> <span class='ocrx_word' id='word_1_580' title='bbox 1767 1248 1849 1286; x_wconf 72' lang='grc' dir='ltr'>βάθος</span> <span class='ocrx_word' id='word_1_581' title='bbox 1877 1254 1928 1280; x_wconf 79' lang='grc' dir='ltr'>τῆς</span> 
     </span>
    </p>
   </div>
   <div class='ocr_carea' id='block_1_87' title="bbox 1121 1292 1928 1332">
    <p class='ocr_par' dir='ltr' id='par_1_87' title="bbox 1121 1292 1928 1332">
     <span class='ocr_line' id='line_1_87' title="bbox 1121 1292 1928 1332; baseline 0.004 -15"><span class='ocrx_word' id='word_1_582' title='bbox 1121 1292 1292 1328; x_wconf 80' lang='grc' dir='ltr'><strong>ὑποκρίσεως,</strong></span> <span class='ocrx_word' id='word_1_583' title='bbox 1321 1293 1377 1328; x_wconf 81' lang='grc' dir='ltr'>μεθ’</span> <span class='ocrx_word' id='word_1_584' title='bbox 1395 1293 1424 1323; x_wconf 77' lang='grc' dir='ltr'>ἧς</span> <span class='ocrx_word' id='word_1_585' title='bbox 1454 1294 1538 1319; x_wconf 69' lang='grc' dir='ltr'>πάντα</span> <span class='ocrx_word' id='word_1_586' title='bbox 1563 1295 1606 1319; x_wconf 83' lang='grc' dir='ltr'>τὸν</span> <span class='ocrx_word' id='word_1_587' title='bbox 1633 1297 1728 1331; x_wconf 73' lang='grc' dir='ltr'>χρόνον</span> <span class='ocrx_word' id='word_1_588' title='bbox 1752 1295 1815 1330; x_wconf 73' lang='grc' dir='ltr'>ἡμῖν</span> <span class='ocrx_word' id='word_1_589' title='bbox 1842 1304 1928 1332; x_wconf 75' lang='grc' dir='ltr'>προσ-</span> 
     </span>
    </p>
   </div>
   <div class='ocr_carea' id='block_1_88' title="bbox 1122 1336 1923 1375">
    <p class='ocr_par' dir='ltr' id='par_1_88' title="bbox 1122 1336 1923 1375">
     <span class='ocr_line' id='line_1_88' title="bbox 1122 1336 1923 1375; baseline 0.004 -13"><span class='ocrx_word' id='word_1_590' title='bbox 1122 1337 1232 1372; x_wconf 78' lang='grc' dir='ltr'>ηνέχθη,</span> <span class='ocrx_word' id='word_1_591' title='bbox 1268 1336 1368 1374; x_wconf 67' lang='grc' dir='ltr'>ἀφασία</span> <span class='ocrx_word' id='word_1_592' title='bbox 1400 1340 1451 1363; x_wconf 85' lang='grc' dir='ltr'>τινὶ</span> <span class='ocrx_word' id='word_1_593' title='bbox 1475 1338 1518 1364; x_wconf 74' lang='grc' dir='ltr'><strong>ὑπ’</strong></span> <span class='ocrx_word' id='word_1_594' title='bbox 1546 1337 1687 1370; x_wconf 82' lang='grc' dir='ltr'>ἐκπλήξεως</span> <span class='ocrx_word' id='word_1_595' title='bbox 1711 1340 1923 1375; x_wconf 74' lang='grc' dir='ltr'>κατεσχέθημεν.</span> 
     </span>
    </p>
   </div>
   <div class='ocr_carea' id='block_1_89' title="bbox 1121 1379 1924 1418">
    <p class='ocr_par' dir='ltr' id='par_1_89' title="bbox 1121 1379 1924 1418">
     <span class='ocr_line' id='line_1_89' title="bbox 1121 1379 1924 1418; baseline 0.004 -11"><span class='ocrx_word' id='word_1_596' title='bbox 1121 1381 1152 1407; x_wconf 84' lang='grc' dir='ltr'><strong>Εἰ</strong></span> <span class='ocrx_word' id='word_1_597' title='bbox 1179 1379 1208 1407; x_wconf 78' lang='grc' dir='ltr'>δῖε</span> <span class='ocrx_word' id='word_1_598' title='bbox 1236 1384 1281 1407; x_wconf 80' lang='grc' dir='ltr'>καὶ</span> <span class='ocrx_word' id='word_1_599' title='bbox 1304 1379 1386 1418; x_wconf 73' lang='grc' dir='ltr'>μηδὲν</span> <span class='ocrx_word' id='word_1_600' title='bbox 1414 1381 1443 1411; x_wconf 79' lang='grc' dir='ltr'>ἦν</span> <span class='ocrx_word' id='word_1_601' title='bbox 1469 1382 1578 1415; x_wconf 73' lang='grc' dir='ltr'>ἐκείνων,</span> <span class='ocrx_word' id='word_1_602' title='bbox 1594 1385 1622 1409; x_wconf 89' lang='grc' dir='ltr'>τὸ</span> <span class='ocrx_word' id='word_1_603' title='bbox 1646 1384 1757 1418; x_wconf 67' lang='grc' dir='ltr'>ἃπὸγυον</span> <span class='ocrx_word' id='word_1_604' title='bbox 1781 1387 1868 1418; x_wconf 80' lang='grc' dir='ltr'>τοῦτο,</span> <span class='ocrx_word' id='word_1_605' title='bbox 1893 1386 1924 1410; x_wconf 71' lang='grc' dir='ltr'><strong>το</strong></span> 
     </span>
    </p>
   </div>
   <div class='ocr_carea' id='block_1_90' title="bbox 1120 1425 1923 1465">
    <p class='ocr_par' dir='ltr' id='par_1_90' title="bbox 1120 1425 1923 1465">
     <span class='ocr_line' id='line_1_90' title="bbox 1120 1425 1923 1465; baseline 0.002 -13"><span class='ocrx_word' id='word_1_606' title='bbox 1120 1425 1245 1462; x_wconf 74' lang='grc' dir='ltr'>τολμηθὲν</span> <span class='ocrx_word' id='word_1_607' title='bbox 1269 1426 1350 1461; x_wconf 74' lang='grc' dir='ltr'>αὐτῷ,</span> <span class='ocrx_word' id='word_1_608' title='bbox 1368 1429 1418 1452; x_wconf 84' lang='grc' dir='ltr'>τίνὶ</span> <span class='ocrx_word' id='word_1_609' title='bbox 1432 1427 1480 1453; x_wconf 72' lang='grc' dir='ltr'><strong>οὐκ</strong></span> <span class='ocrx_word' id='word_1_610' title='bbox 1503 1427 1534 1453; x_wconf 78' lang='grc' dir='ltr'><strong>ἂν</strong></span> <span class='ocrx_word' id='word_1_611' title='bbox 1560 1430 1653 1464; x_wconf 71' lang='grc' dir='ltr'>φρίκην</span> <span class='ocrx_word' id='word_1_612' title='bbox 1680 1430 1724 1454; x_wconf 84' lang='grc' dir='ltr'>καὶ</span> <span class='ocrx_word' id='word_1_613' title='bbox 1753 1427 1923 1465; x_wconf 68' lang='grc' dir='ltr'>ἀποστροφὴν</span> 
     </span>
    </p>
   </div>
   <div class='ocr_carea' id='block_1_91' title="bbox 1121 1469 1924 1508">
    <p class='ocr_par' dir='ltr' id='par_1_91' title="bbox 1121 1469 1924 1508">
     <span class='ocr_line' id='line_1_91' title="bbox 1121 1469 1924 1508; baseline 0.004 -13"><span class='ocrx_word' id='word_1_614' title='bbox 1121 1469 1231 1499; x_wconf 76' lang='grc' dir='ltr'>παντελῆ</span> <span class='ocrx_word' id='word_1_615' title='bbox 1262 1474 1307 1496; x_wconf 78' lang='grc' dir='ltr'>τοῦ</span> <span class='ocrx_word' id='word_1_616' title='bbox 1337 1469 1429 1507; x_wconf 77' lang='grc' dir='ltr'>ἀνδρὸς</span> <span class='ocrx_word' id='word_1_617' title='bbox 1447 1470 1613 1505; x_wconf 65' lang='grc' dir='ltr'>ἑπποίησεν;</span> <span class='ocrx_word' id='word_1_618' title='bbox 1644 1472 1672 1502; x_wconf 79' lang='grc' dir='ltr'>ὃς</span> <span class='ocrx_word' id='word_1_619' title='bbox 1701 1481 1741 1508; x_wconf 79' lang='grc' dir='ltr'><strong>γε,</strong></span> <span class='ocrx_word' id='word_1_620' title='bbox 1773 1473 1808 1503; x_wconf 77' lang='grc' dir='ltr'>ὡς</span> <span class='ocrx_word' id='word_1_621' title='bbox 1836 1472 1924 1498; x_wconf 74' lang='grc' dir='ltr'>ἀκούω</span> 
     </span>
    </p>
   </div>
   <div class='ocr_carea' id='block_1_92' title="bbox 1120 1513 1926 1552">
    <p class='ocr_par' dir='ltr' id='par_1_92' title="bbox 1120 1513 1926 1552">
     <span class='ocr_line' id='line_1_92' title="bbox 1120 1513 1926 1552; baseline 0.005 -13"><span class='ocrx_word' id='word_1_622' title='bbox 1120 1515 1183 1549; x_wconf 81' lang='grc' dir='ltr'>(εἴγε</span> <span class='ocrx_word' id='word_1_623' title='bbox 1199 1513 1320 1545; x_wconf 77' lang='grc' dir='ltr'>ἀληθὴςὸ</span> <span class='ocrx_word' id='word_1_624' title='bbox 1348 1514 1431 1551; x_wconf 74' lang='grc' dir='ltr'>λόγος,</span> <span class='ocrx_word' id='word_1_625' title='bbox 1446 1518 1490 1541; x_wconf 85' lang='grc' dir='ltr'>καὶ</span> <span class='ocrx_word' id='word_1_626' title='bbox 1516 1518 1552 1552; x_wconf 76' lang='grc' dir='ltr'>μὴ</span> <span class='ocrx_word' id='word_1_627' title='bbox 1572 1516 1682 1552; x_wconf 68' lang='grc' dir='ltr'>πλάσμα</span> <span class='ocrx_word' id='word_1_628' title='bbox 1706 1515 1777 1542; x_wconf 78' lang='grc' dir='ltr'>ἐστὶν</span> <span class='ocrx_word' id='word_1_629' title='bbox 1803 1516 1846 1543; x_wconf 69' lang='grc' dir='ltr'><strong>ἰπὶ</strong></span> <span class='ocrx_word' id='word_1_630' title='bbox 1865 1515 1926 1543; x_wconf 74' lang='grc' dir='ltr'>διαι</span> 
     </span>
    </p>
   </div>
   <div class='ocr_carea' id='block_1_93' title="bbox 1121 1557 1925 1598">
    <p class='ocr_par' dir='ltr' id='par_1_93' title="bbox 1121 1557 1925 1598">
     <span class='ocr_line' id='line_1_93' title="bbox 1121 1557 1925 1598; baseline 0.005 -15"><span class='ocrx_word' id='word_1_631' title='bbox 1121 1557 1180 1594; x_wconf 63' lang='grc' dir='ltr'>ϐολῇ</span> <span class='ocrx_word' id='word_1_632' title='bbox 1206 1559 1344 1594; x_wconf 66' lang='grc' dir='ltr'>συντεθὲν),</span> <span class='ocrx_word' id='word_1_633' title='bbox 1372 1560 1412 1586; x_wconf 77' lang='grc' dir='ltr'><strong>ὃτι</strong></span> <span class='ocrx_word' id='word_1_634' title='bbox 1440 1562 1484 1586; x_wconf 80' lang='grc' dir='ltr'>καὶ</span> <span class='ocrx_word' id='word_1_635' title='bbox 1510 1559 1748 1598; x_wconf 71' lang='grc' dir='ltr'>ἀναχειροτονῆσαί</span> <span class='ocrx_word' id='word_1_636' title='bbox 1760 1571 1832 1592; x_wconf 81' lang='grc' dir='ltr'>τινας</span> <span class='ocrx_word' id='word_1_637' title='bbox 1857 1561 1925 1587; x_wconf 75' lang='grc' dir='ltr'>ἐτολ-</span> 
     </span>
    </p>
   </div>
   <div class='ocr_carea' id='block_1_94' title="bbox 1119 1603 1925 1643">
    <p class='ocr_par' dir='ltr' id='par_1_94' title="bbox 1119 1603 1925 1643">
     <span class='ocr_line' id='line_1_94' title="bbox 1119 1603 1925 1643; baseline 0.005 -15"><span class='ocrx_word' id='word_1_638' title='bbox 1119 1612 1212 1639; x_wconf 80' lang='grc' dir='ltr'>μησεν,</span> <span class='ocrx_word' id='word_1_639' title='bbox 1237 1604 1346 1640; x_wconf 81' lang='grc' dir='ltr'>ὁμέχρι</span> <span class='ocrx_word' id='word_1_640' title='bbox 1373 1607 1485 1641; x_wconf 77' lang='grc' dir='ltr'>σήμερον</span> <span class='ocrx_word' id='word_1_641' title='bbox 1500 1603 1588 1635; x_wconf 70' lang='grc' dir='ltr'>οὐδεὶς</span> <span class='ocrx_word' id='word_1_642' title='bbox 1610 1610 1661 1631; x_wconf 82' lang='grc' dir='ltr'>τῶν</span> <span class='ocrx_word' id='word_1_643' title='bbox 1691 1607 1826 1643; x_wconf 77' lang='grc' dir='ltr'>αὶρετικῶν</span> <span class='ocrx_word' id='word_1_644' title='bbox 1842 1609 1925 1635; x_wconf 82' lang='grc' dir='ltr'>ποιή-</span> 
     </span>
    </p>
   </div>
   <div class='ocr_carea' id='block_1_95' title="bbox 1121 1647 1925 1687">
    <p class='ocr_par' dir='ltr' id='par_1_95' title="bbox 1121 1647 1925 1687">
     <span class='ocr_line' id='line_1_95' title="bbox 1121 1647 1925 1687; baseline 0.005 -14"><span class='ocrx_word' id='word_1_645' title='bbox 1121 1657 1169 1678; x_wconf 84' lang='grc' dir='ltr'><strong>σας</strong></span> <span class='ocrx_word' id='word_1_646' title='bbox 1189 1650 1314 1683; x_wconf 74' lang='grc' dir='ltr'>φαίνεται.</span> <span class='ocrx_word' id='word_1_647' title='bbox 1337 1652 1394 1680; x_wconf 81' lang='grc' dir='ltr'><strong>Πῶς</strong></span> <span class='ocrx_word' id='word_1_648' title='bbox 1421 1647 1465 1675; x_wconf 80' lang='grc' dir='ltr'><strong>οὖν</strong></span> <span class='ocrx_word' id='word_1_649' title='bbox 1487 1648 1598 1676; x_wconf 82' lang='grc' dir='ltr'>δυνατὸν</span> <span class='ocrx_word' id='word_1_650' title='bbox 1626 1651 1716 1687; x_wconf 73' lang='grc' dir='ltr'>πράως</span> <span class='ocrx_word' id='word_1_651' title='bbox 1742 1652 1826 1687; x_wconf 73' lang='grc' dir='ltr'>φέρειν</span> <span class='ocrx_word' id='word_1_652' title='bbox 1853 1652 1925 1687; x_wconf 79' lang='grc' dir='ltr'>ἡμᾶς</span> 
     </span>
    </p>
   </div>
   <div class='ocr_carea' id='block_1_96' title="bbox 1119 1693 1926 1732">
    <p class='ocr_par' dir='ltr' id='par_1_96' title="bbox 1119 1693 1926 1732">
     <span class='ocr_line' id='line_1_96' title="bbox 1119 1693 1926 1732; baseline 0.004 -14"><span class='ocrx_word' id='word_1_653' title='bbox 1119 1693 1152 1718; x_wconf 84' lang='grc' dir='ltr'>τὰ</span> <span class='ocrx_word' id='word_1_654' title='bbox 1173 1697 1293 1727; x_wconf 79' lang='grc' dir='ltr'>τοιαῦτα,</span> <span class='ocrx_word' id='word_1_655' title='bbox 1313 1695 1358 1719; x_wconf 79' lang='grc' dir='ltr'>καὶ</span> <span class='ocrx_word' id='word_1_656' title='bbox 1386 1693 1480 1730; x_wconf 70' lang='grc' dir='ltr'>ἰάσιμα</span> <span class='ocrx_word' id='word_1_657' title='bbox 1501 1693 1566 1720; x_wconf 78' lang='grc' dir='ltr'>εἶναί</span> <span class='ocrx_word' id='word_1_658' title='bbox 1579 1695 1691 1731; x_wconf 80' lang='grc' dir='ltr'>νομίζειν</span> <span class='ocrx_word' id='word_1_659' title='bbox 1710 1699 1754 1721; x_wconf 75' lang='grc' dir='ltr'><strong>τοῦ</strong></span> <span class='ocrx_word' id='word_1_660' title='bbox 1770 1693 1868 1732; x_wconf 74' lang='grc' dir='ltr'>ἀνδρὸς</span> <span class='ocrx_word' id='word_1_661' title='bbox 1891 1698 1926 1721; x_wconf 77' lang='grc' dir='ltr'>τὰ</span> 
     </span>
    </p>
   </div>
   <div class='ocr_carea' id='block_1_97' title="bbox 1121 1736 1925 1777">
    <p class='ocr_par' dir='ltr' id='par_1_97' title="bbox 1121 1736 1925 1777">
     <span class='ocr_line' id='line_1_97' title="bbox 1121 1736 1925 1777; baseline 0.004 -14"><span class='ocrx_word' id='word_1_662' title='bbox 1121 1736 1315 1773; x_wconf 72' lang='grc' dir='ltr'>ἁμαρτήματας</span> <span class='ocrx_word' id='word_1_663' title='bbox 1333 1740 1375 1767; x_wconf 78' lang='grc' dir='ltr'><strong>Μὴ</strong></span> <span class='ocrx_word' id='word_1_664' title='bbox 1397 1741 1483 1764; x_wconf 85' lang='grc' dir='ltr'>τοίνυν</span> <span class='ocrx_word' id='word_1_665' title='bbox 1509 1737 1620 1774; x_wconf 76' lang='grc' dir='ltr'>ψευδέσι</span> <span class='ocrx_word' id='word_1_666' title='bbox 1649 1739 1736 1775; x_wconf 79' lang='grc' dir='ltr'>λόγοις</span> <span class='ocrx_word' id='word_1_667' title='bbox 1759 1740 1925 1777; x_wconf 73' lang='grc' dir='ltr'>παράγεσθε,</span> 
     </span>
    </p>
   </div>
   <div class='ocr_carea' id='block_1_98' title="bbox 1121 1780 1924 1821">
    <p class='ocr_par' dir='ltr' id='par_1_98' title="bbox 1121 1780 1924 1821">
     <span class='ocr_line' id='line_1_98' title="bbox 1121 1780 1924 1821; baseline 0.001 -11"><span class='ocrx_word' id='word_1_668' title='bbox 1121 1780 1190 1818; x_wconf 73' lang='grc' dir='ltr'><strong>μηδὲ</strong></span> <span class='ocrx_word' id='word_1_669' title='bbox 1205 1783 1338 1813; x_wconf 79' lang='grc' dir='ltr'>ὑπονοίαις</span> <span class='ocrx_word' id='word_1_670' title='bbox 1366 1781 1467 1821; x_wconf 77' lang='grc' dir='ltr'>ἀνδρῶν</span> <span class='ocrx_word' id='word_1_671' title='bbox 1495 1784 1581 1810; x_wconf 76' lang='grc' dir='ltr'>πάντα</span> <span class='ocrx_word' id='word_1_672' title='bbox 1600 1783 1709 1815; x_wconf 74' lang='grc' dir='ltr'>εὐκόλως</span> <span class='ocrx_word' id='word_1_673' title='bbox 1730 1786 1796 1821; x_wconf 76' lang='grc' dir='ltr'>πρὸς</span> <span class='ocrx_word' id='word_1_674' title='bbox 1818 1787 1847 1811; x_wconf 80' lang='grc' dir='ltr'>τὸ</span> <span class='ocrx_word' id='word_1_675' title='bbox 1874 1795 1924 1811; x_wconf 80' lang='grc' dir='ltr'>κα-</span> 
     </span>
    </p>
   </div>
   <div class='ocr_carea' id='block_1_99' title="bbox 1121 1826 1925 1865">
    <p class='ocr_par' dir='ltr' id='par_1_99' title="bbox 1121 1826 1925 1865">
     <span class='ocr_line' id='line_1_99' title="bbox 1121 1826 1925 1865; baseline 0.004 -13"><span class='ocrx_word' id='word_1_676' title='bbox 1121 1828 1164 1853; x_wconf 83' lang='grc' dir='ltr'>κόν</span> <span class='ocrx_word' id='word_1_677' title='bbox 1195 1826 1403 1863; x_wconf 74' lang='grc' dir='ltr'>ἔκλαμϐανόντων</span> <span class='ocrx_word' id='word_1_678' title='bbox 1433 1829 1564 1863; x_wconf 72' lang='grc' dir='ltr'><strong>πείθεσθε,</strong></span> <span class='ocrx_word' id='word_1_679' title='bbox 1594 1830 1629 1860; x_wconf 80' lang='grc' dir='ltr'>ὡς</span> <span class='ocrx_word' id='word_1_680' title='bbox 1658 1830 1710 1865; x_wconf 88' lang='grc' dir='ltr'>οῖρα</span> <span class='ocrx_word' id='word_1_681' title='bbox 1742 1830 1819 1865; x_wconf 77' lang='grc' dir='ltr'>ἡμεῖς</span> <span class='ocrx_word' id='word_1_682' title='bbox 1844 1828 1925 1856; x_wconf 75' lang='grc' dir='ltr'>ἀδιά-</span> 
     </span>
    </p>
   </div>
   <div class='ocr_carea' id='block_1_100' title="bbox 1122 1872 1926 1911">
    <p class='ocr_par' dir='ltr' id='par_1_100' title="bbox 1122 1872 1926 1911">
     <span class='ocr_line' id='line_1_100' title="bbox 1122 1872 1926 1911; baseline 0.004 -14"><span class='ocrx_word' id='word_1_683' title='bbox 1122 1881 1188 1909; x_wconf 79' lang='grc' dir='ltr'>φορα</span> <span class='ocrx_word' id='word_1_684' title='bbox 1207 1872 1244 1907; x_wconf 89' lang='grc'>(8)</span> <span class='ocrx_word' id='word_1_685' title='bbox 1272 1873 1395 1909; x_wconf 73' lang='grc' dir='ltr'>τιθέμεθα</span> <span class='ocrx_word' id='word_1_686' title='bbox 1418 1874 1451 1899; x_wconf 78' lang='grc' dir='ltr'><strong>τὰ</strong></span> <span class='ocrx_word' id='word_1_687' title='bbox 1477 1877 1595 1901; x_wconf 81' lang='grc' dir='ltr'>τοιαῦτα.</span> <span class='ocrx_word' id='word_1_688' title='bbox 1614 1876 1727 1900; x_wconf 82' lang='grc' dir='ltr'>Γίνωσκε</span> <span class='ocrx_word' id='word_1_689' title='bbox 1754 1876 1816 1911; x_wconf 85' lang='grc' dir='ltr'>γὰρ,</span> <span class='ocrx_word' id='word_1_690' title='bbox 1837 1875 1926 1901; x_wconf 62' lang='grc' dir='ltr'>ποθιια</span> 
     </span>
    </p>
   </div>
   <div class='ocr_carea' id='block_1_101' title="bbox 1121 1917 1925 1954">
    <p class='ocr_par' dir='ltr' id='par_1_101' title="bbox 1121 1917 1925 1954">
     <span class='ocr_line' id='line_1_101' title="bbox 1121 1917 1925 1954; baseline 0.005 -12"><span class='ocrx_word' id='word_1_691' title='bbox 1121 1918 1212 1942; x_wconf 78' lang='grc' dir='ltr'>νὸτατε</span> <span class='ocrx_word' id='word_1_692' title='bbox 1230 1917 1292 1952; x_wconf 78' lang='grc' dir='ltr'>ἡμῖν</span> <span class='ocrx_word' id='word_1_693' title='bbox 1311 1919 1355 1944; x_wconf 83' lang='grc' dir='ltr'>καὶ</span> <span class='ocrx_word' id='word_1_694' title='bbox 1368 1920 1520 1954; x_wconf 80' lang='grc' dir='ltr'>τιμιώτατε,</span> <span class='ocrx_word' id='word_1_695' title='bbox 1548 1919 1588 1944; x_wconf 83' lang='grc' dir='ltr'>ὅτι</span> <span class='ocrx_word' id='word_1_696' title='bbox 1612 1920 1685 1944; x_wconf 71' lang='grc' dir='ltr'><strong>οὔπω</strong></span> <span class='ocrx_word' id='word_1_697' title='bbox 1706 1917 1769 1945; x_wconf 82' lang='grc' dir='ltr'>οἶδα</span> <span class='ocrx_word' id='word_1_698' title='bbox 1796 1923 1925 1946; x_wconf 74' lang='grc' dir='ltr'>τοσοῦτον</span> 
     </span>
    </p>
   </div>
   <div class='ocr_carea' id='block_1_102' title="bbox 1122 1961 1926 2000">
    <p class='ocr_par' dir='ltr' id='par_1_102' title="bbox 1122 1961 1926 2000">
     <span class='ocr_line' id='line_1_102' title="bbox 1122 1961 1926 2000; baseline 0.004 -13"><span class='ocrx_word' id='word_1_699' title='bbox 1122 1962 1212 1992; x_wconf 79' lang='grc' dir='ltr'>πένθος</span> <span class='ocrx_word' id='word_1_700' title='bbox 1243 1961 1332 1988; x_wconf 78' lang='grc' dir='ltr'>ἄλλοτε</span> <span class='ocrx_word' id='word_1_701' title='bbox 1357 1966 1387 1998; x_wconf 78' lang='grc' dir='ltr'>τῇ</span> <span class='ocrx_word' id='word_1_702' title='bbox 1422 1962 1499 1998; x_wconf 75' lang='grc' dir='ltr'>ψυχῇ</span> <span class='ocrx_word' id='word_1_703' title='bbox 1527 1973 1578 1999; x_wconf 84' lang='grc' dir='ltr'><strong>μου</strong></span> <span class='ocrx_word' id='word_1_704' title='bbox 1606 1962 1830 2000; x_wconf 70' lang='grc' dir='ltr'>παραδεξάμενος,</span> <span class='ocrx_word' id='word_1_705' title='bbox 1862 1965 1926 1990; x_wconf 77' lang='grc' dir='ltr'>ὅσον</span> 
     </span>
    </p>
   </div>
   <div class='ocr_carea' id='block_1_103' title="bbox 1122 2006 1926 2045">
    <p class='ocr_par' dir='ltr' id='par_1_103' title="bbox 1122 2006 1926 2045">
     <span class='ocr_line' id='line_1_103' title="bbox 1122 2006 1926 2045; baseline 0.005 -14"><span class='ocrx_word' id='word_1_706' title='bbox 1122 2009 1176 2040; x_wconf 80' lang='grc' dir='ltr'>νῦν,</span> <span class='ocrx_word' id='word_1_707' title='bbox 1213 2006 1254 2032; x_wconf 82' lang='grc' dir='ltr'>ὅτε</span> <span class='ocrx_word' id='word_1_708' title='bbox 1279 2008 1382 2036; x_wconf 76' lang='grc' dir='ltr'>ἤκουσα</span> <span class='ocrx_word' id='word_1_709' title='bbox 1405 2011 1455 2032; x_wconf 83' lang='grc' dir='ltr'>τῶν</span> <span class='ocrx_word' id='word_1_710' title='bbox 1489 2006 1714 2036; x_wconf 79' lang='grc' dir='ltr'>ἐκκλησιαστικῶν</span> <span class='ocrx_word' id='word_1_711' title='bbox 1744 2009 1846 2045; x_wconf 77' lang='grc' dir='ltr'>θεσμῶν</span> <span class='ocrx_word' id='word_1_712' title='bbox 1876 2011 1926 2038; x_wconf 75' lang='grc' dir='ltr'>τὴν</span> 
     </span>
    </p>
   </div>
   <div class='ocr_carea' id='block_1_104' title="bbox 1124 2050 1929 2090">
    <p class='ocr_par' dir='ltr' id='par_1_104' title="bbox 1124 2050 1929 2090">
     <span class='ocr_line' id='line_1_104' title="bbox 1124 2050 1929 2090; baseline 0.005 -15"><span class='ocrx_word' id='word_1_713' title='bbox 1124 2051 1268 2086; x_wconf 73' lang='grc' dir='ltr'>σύγχυσιν,</span> <span class='ocrx_word' id='word_1_714' title='bbox 1285 2050 1363 2077; x_wconf 73' lang='grc' dir='ltr'>Ἀλλὰ</span> <span class='ocrx_word' id='word_1_715' title='bbox 1376 2053 1449 2088; x_wconf 78' lang='grc' dir='ltr'>μένον</span> <span class='ocrx_word' id='word_1_716' title='bbox 1463 2052 1555 2088; x_wconf 69' lang='grc' dir='ltr'>εὔχου,</span> <span class='ocrx_word' id='word_1_717' title='bbox 1579 2053 1621 2078; x_wconf 86' lang='grc' dir='ltr'>ἵνα</span> <span class='ocrx_word' id='word_1_718' title='bbox 1636 2050 1692 2088; x_wconf 79' lang='grc' dir='ltr'>δῴη</span> <span class='ocrx_word' id='word_1_719' title='bbox 1719 2053 1780 2089; x_wconf 84' lang='grc' dir='ltr'>ἡμῖν</span> <span class='ocrx_word' id='word_1_720' title='bbox 1801 2053 1814 2079; x_wconf 89' lang='grc' dir='ltr'><strong><em>ὁ</em></strong></span> <span class='ocrx_word' id='word_1_721' title='bbox 1830 2054 1929 2090; x_wconf 74' lang='grc' dir='ltr'>Κύριος</span> 
     </span>
    </p>
   </div>
   <div class='ocr_carea' id='block_1_105' title="bbox 1122 2093 1927 2134">
    <p class='ocr_par' dir='ltr' id='par_1_105' title="bbox 1122 2093 1927 2134">
     <span class='ocr_line' id='line_1_105' title="bbox 1122 2093 1927 2134; baseline 0.005 -14"><span class='ocrx_word' id='word_1_722' title='bbox 1122 2093 1205 2131; x_wconf 73' lang='grc' dir='ltr'>μηδὲν</span> <span class='ocrx_word' id='word_1_723' title='bbox 1229 2097 1296 2121; x_wconf 82' lang='grc' dir='ltr'>κατὰ</span> <span class='ocrx_word' id='word_1_724' title='bbox 1318 2096 1398 2132; x_wconf 80' lang='grc' dir='ltr'>θυμὸν</span> <span class='ocrx_word' id='word_1_725' title='bbox 1427 2095 1543 2133; x_wconf 78' lang='grc' dir='ltr'>ἐνεργεῖν,</span> <span class='ocrx_word' id='word_1_726' title='bbox 1566 2096 1619 2123; x_wconf 77' lang='grc' dir='ltr'>ἀλλ’</span> <span class='ocrx_word' id='word_1_727' title='bbox 1645 2098 1716 2133; x_wconf 78' lang='grc' dir='ltr'>ἔχειν</span> <span class='ocrx_word' id='word_1_728' title='bbox 1741 2100 1787 2127; x_wconf 83' lang='grc' dir='ltr'>τὴν</span> <span class='ocrx_word' id='word_1_729' title='bbox 1808 2097 1927 2134; x_wconf 75' lang='grc' dir='ltr'>ἀγάπην,</span> 
     </span>
    </p>
   </div>
   <div class='ocr_carea' id='block_1_106' title="bbox 1123 2139 1929 2179">
    <p class='ocr_par' dir='ltr' id='par_1_106' title="bbox 1123 2139 1929 2179">
     <span class='ocr_line' id='line_1_106' title="bbox 1123 2139 1929 2179; baseline 0.005 -14"><span class='ocrx_word' id='word_1_730' title='bbox 1123 2140 1179 2169; x_wconf 76' lang='grc' dir='ltr'>ἣτις</span> <span class='ocrx_word' id='word_1_731' title='bbox 1192 2139 1239 2166; x_wconf 76' lang='grc' dir='ltr'><strong>οὐκ</strong></span> <span class='ocrx_word' id='word_1_732' title='bbox 1259 2139 1415 2176; x_wconf 79' lang='grc' dir='ltr'>ἀσχημονεῖ,</span> <span class='ocrx_word' id='word_1_733' title='bbox 1430 2140 1459 2167; x_wconf 76' lang='grc' dir='ltr'>οὗ</span> <span class='ocrx_word' id='word_1_734' title='bbox 1481 2145 1632 2177; x_wconf 75' lang='grc' dir='ltr'>φυσιοῦται.</span> <span class='ocrx_word' id='word_1_735' title='bbox 1644 2141 1713 2179; x_wconf 85' lang='grc' dir='ltr'>Ὀρα</span> <span class='ocrx_word' id='word_1_736' title='bbox 1725 2143 1777 2179; x_wconf 84' lang='grc' dir='ltr'><strong>γὰρ</strong></span> <span class='ocrx_word' id='word_1_737' title='bbox 1797 2143 1869 2173; x_wconf 82' lang='grc' dir='ltr'>ὃπως</span> <span class='ocrx_word' id='word_1_738' title='bbox 1889 2143 1929 2176; x_wconf 83' lang='lat'><strong>{9)</strong></span> 
     </span>
    </p>
   </div>
   <div class='ocr_carea' id='block_1_107' title="bbox 1123 2183 1926 2225">
    <p class='ocr_par' dir='ltr' id='par_1_107' title="bbox 1123 2183 1926 2225">
     <span class='ocr_line' id='line_1_107' title="bbox 1123 2183 1926 2225; baseline 0.005 -16"><span class='ocrx_word' id='word_1_739' title='bbox 1123 2183 1147 2209; x_wconf 88' lang='grc' dir='ltr'>οὶ</span> <span class='ocrx_word' id='word_1_740' title='bbox 1170 2187 1205 2220; x_wconf 85' lang='grc' dir='ltr'>μὴ</span> <span class='ocrx_word' id='word_1_741' title='bbox 1223 2186 1323 2220; x_wconf 79' lang='grc' dir='ltr'>ἔχοντες</span> <span class='ocrx_word' id='word_1_742' title='bbox 1349 2187 1447 2214; x_wconf 85' lang='grc' dir='ltr'>ταύτην</span> <span class='ocrx_word' id='word_1_743' title='bbox 1469 2185 1624 2224; x_wconf 76' lang='grc' dir='ltr'>ἐπήρθησαν</span> <span class='ocrx_word' id='word_1_744' title='bbox 1644 2188 1689 2223; x_wconf 66' lang='grc' dir='ltr'>μὲν</span> <span class='ocrx_word' id='word_1_745' title='bbox 1715 2187 1778 2225; x_wconf 69' lang='grc' dir='ltr'>ὑπὲρ</span> <span class='ocrx_word' id='word_1_746' title='bbox 1795 2188 1827 2213; x_wconf 79' lang='grc' dir='ltr'><strong>τα</strong></span> <span class='ocrx_word' id='word_1_747' title='bbox 1841 2189 1926 2224; x_wconf 77' lang='grc' dir='ltr'>μέτρα</span> 
     </span>
    </p>
   </div>
   <div class='ocr_carea' id='block_1_108' title="bbox 1122 2227 1929 2268">
    <p class='ocr_par' dir='ltr' id='par_1_108' title="bbox 1122 2227 1929 2268">
     <span class='ocr_line' id='line_1_108' title="bbox 1122 2227 1929 2268; baseline 0.005 -14"><span class='ocrx_word' id='word_1_748' title='bbox 1122 2230 1155 2254; x_wconf 80' lang='grc' dir='ltr'>τὰ</span> <span class='ocrx_word' id='word_1_749' title='bbox 1167 2227 1323 2266; x_wconf 81' lang='grc' dir='ltr'>ἀνθρώπινα,</span> <span class='ocrx_word' id='word_1_750' title='bbox 1338 2228 1551 2267; x_wconf 78' lang='grc' dir='ltr'>ἐνασχημονοῦσι</span> <span class='ocrx_word' id='word_1_751' title='bbox 1566 2229 1596 2258; x_wconf 73' lang='grc' dir='ltr'>δὲ</span> <span class='ocrx_word' id='word_1_752' title='bbox 1608 2235 1644 2268; x_wconf 79' lang='grc' dir='ltr'>τῷ</span> <span class='ocrx_word' id='word_1_753' title='bbox 1665 2231 1727 2268; x_wconf 79' lang='grc' dir='ltr'>βίῳ,</span> <span class='ocrx_word' id='word_1_754' title='bbox 1744 2232 1929 2268; x_wconf 55' lang='grc' dir='ltr'>κατατολμῶν-</span> 
     </span>
    </p>
   </div>
   <div class='ocr_carea' id='block_1_109' title="bbox 1122 2273 1927 2314">
    <p class='ocr_par' dir='ltr' id='par_1_109' title="bbox 1122 2273 1927 2314">
     <span class='ocr_line' id='line_1_109' title="bbox 1122 2273 1927 2314; baseline 0.005 -15"><span class='ocrx_word' id='word_1_755' title='bbox 1122 2282 1159 2303; x_wconf 83' lang='grc' dir='ltr'><strong>τες</strong></span> <span class='ocrx_word' id='word_1_756' title='bbox 1173 2273 1289 2311; x_wconf 79' lang='grc' dir='ltr'>πράξεων</span> <span class='ocrx_word' id='word_1_757' title='bbox 1310 2275 1378 2311; x_wconf 73' lang='grc'>(10),</span> <span class='ocrx_word' id='word_1_758' title='bbox 1401 2274 1434 2301; x_wconf 83' lang='grc' dir='ltr'>ὧν</span> <span class='ocrx_word' id='word_1_759' title='bbox 1454 2277 1467 2301; x_wconf 86' lang='grc' dir='ltr'>ὀ</span> <span class='ocrx_word' id='word_1_760' title='bbox 1486 2276 1618 2314; x_wconf 81' lang='grc' dir='ltr'>παρελθὼν</span> <span class='ocrx_word' id='word_1_761' title='bbox 1633 2279 1727 2313; x_wconf 80' lang='grc' dir='ltr'>χρόνος</span> <span class='ocrx_word' id='word_1_762' title='bbox 1742 2275 1790 2302; x_wconf 71' lang='grc' dir='ltr'>οὐκ</span> <span class='ocrx_word' id='word_1_763' title='bbox 1815 2278 1876 2313; x_wconf 77' lang='grc' dir='ltr'>ἔχει</span> <span class='ocrx_word' id='word_1_764' title='bbox 1894 2278 1927 2303; x_wconf 77' lang='grc' dir='ltr'><strong>τὰ</strong></span> 
     </span>
    </p>
   </div>
   <div class='ocr_carea' id='block_1_110' title="bbox 1124 2316 1318 2356">
    <p class='ocr_par' dir='ltr' id='par_1_110' title="bbox 1124 2316 1318 2356">
     <span class='ocr_line' id='line_1_110' title="bbox 1124 2316 1318 2356; baseline 0.015 -13"><span class='ocrx_word' id='word_1_765' title='bbox 1124 2316 1318 2356; x_wconf 76' lang='grc' dir='ltr'>ὐποδείγματα;</span> 
     </span>
    </p>
   </div>
   <div class='ocr_carea' id='block_1_111' title="bbox 1123 2578 1850 2616">
    <p class='ocr_par' dir='ltr' id='par_1_111' title="bbox 1123 2578 1850 2616">
     <span class='ocr_line' id='line_1_111' title="bbox 1123 2578 1850 2616; baseline 0.001 -9"><span class='ocrx_word' id='word_1_766' title='bbox 1123 2587 1189 2616; x_wconf 77' lang='lat' dir='ltr'><strong>quae</strong></span> <span class='ocrx_word' id='word_1_767' title='bbox 1200 2578 1238 2607; x_wconf 84' lang='lat' dir='ltr'><strong>ad</strong></span> <span class='ocrx_word' id='word_1_768' title='bbox 1249 2579 1442 2616; x_wconf 57' lang='lat' dir='ltr'><strong>Athanasium</strong></span> <span class='ocrx_word' id='word_1_769' title='bbox 1457 2579 1651 2616; x_wconf 75' lang='lat' dir='ltr'><strong>Ancyranum</strong></span> <span class='ocrx_word' id='word_1_770' title='bbox 1667 2579 1778 2616; x_wconf 84' lang='lat' dir='ltr'><strong>scripta</strong></span> <span class='ocrx_word' id='word_1_771' title='bbox 1794 2581 1850 2608; x_wconf 91' lang='lat' dir='ltr'><strong>est.</strong></span> 
     </span>
    </p>
   </div>
   <div class='ocr_carea' id='block_1_112' title="bbox 1128 2614 1923 2677">
    <p class='ocr_par' dir='ltr' id='par_1_112' title="bbox 1128 2614 1923 2677">
     <span class='ocr_line' id='line_1_112' title="bbox 1128 2614 1923 2677; baseline 0.001 -36"><span class='ocrx_word' id='word_1_772' title='bbox 1128 2614 1197 2677; x_wconf 45' lang='lat'><strong>&quot;6(8)</strong></span> <span class='ocrx_word' id='word_1_773' title='bbox 1215 2614 1368 2652; x_wconf 70' lang='grc' dir='ltr'>Ἀδιάφορα.</span> <span class='ocrx_word' id='word_1_774' title='bbox 1382 2614 1606 2651; x_wconf 82' lang='lat' dir='ltr'><strong>Reg.secundus</strong></span> <span class='ocrx_word' id='word_1_775' title='bbox 1622 2617 1651 2643; x_wconf 91' lang='lat' dir='ltr'><strong>et</strong></span> <span class='ocrx_word' id='word_1_776' title='bbox 1665 2614 1752 2643; x_wconf 83' lang='lat' dir='ltr'><strong>Coisl.</strong></span> <span class='ocrx_word' id='word_1_777' title='bbox 1771 2615 1923 2644; x_wconf 89' lang='lat' dir='ltr'><strong>secundus</strong></span> 
     </span>
     <span class='ocr_line' id='line_1_113' title="bbox 1128 2661 1276 2677; baseline -0.007 0"><span class='ocrx_word' id='word_1_778' title='bbox 1128 2661 1139 2677; x_wconf 77' lang='grc' dir='ltr'><strong>κ</strong></span> <span class='ocrx_word' id='word_1_779' title='bbox 1162 2661 1276 2677; x_wconf 74' lang='grc' dir='ltr'>ιαωοοον.</span> 
     </span>
    </p>
   </div>
   <div class='ocr_carea' id='block_1_113' title="bbox 1123 2661 1923 2732">
    <p class='ocr_par' dir='ltr' id='par_1_113' title="bbox 1123 2661 1923 2732">
     <span class='ocr_line' id='line_1_114' title="bbox 1123 2661 1276 2688; baseline -0.007 -11"><span class='ocrx_word' id='word_1_780' title='bbox 1123 2661 1154 2677; x_wconf 81' lang='grc' dir='ltr'><strong>αα</strong></span> <span class='ocrx_word' id='word_1_781' title='bbox 1162 2661 1276 2688; x_wconf 73' lang='grc' dir='ltr'>ιαφορον.</span> 
     </span>
     <span class='ocr_line' id='line_1_115' title="bbox 1148 2686 1923 2732; baseline 0.003 -20"><span class='ocrx_word' id='word_1_782' title='bbox 1148 2689 1196 2732; x_wconf 39' lang='grc'>’(9)</span> <span class='ocrx_word' id='word_1_783' title='bbox 1211 2687 1278 2724; x_wconf 83' lang='grc' dir='ltr'>Ὀρα</span> <span class='ocrx_word' id='word_1_784' title='bbox 1291 2687 1341 2724; x_wconf 65' lang='grc' dir='ltr'>γάρ</span> <span class='ocrx_word' id='word_1_785' title='bbox 1362 2687 1437 2717; x_wconf 82' lang='grc' dir='ltr'>ὅπως.</span> <span class='ocrx_word' id='word_1_786' title='bbox 1459 2688 1502 2715; x_wconf 88' lang='lat' dir='ltr'><strong>Ita</strong></span> <span class='ocrx_word' id='word_1_787' title='bbox 1516 2695 1589 2715; x_wconf 89' lang='lat' dir='ltr'><strong>mss.</strong></span> <span class='ocrx_word' id='word_1_788' title='bbox 1611 2695 1674 2716; x_wconf 85' lang='lat' dir='ltr'><strong>sex.</strong></span> <span class='ocrx_word' id='word_1_789' title='bbox 1689 2686 1764 2715; x_wconf 84' lang='lat' dir='ltr'><strong>Editi</strong></span> <span class='ocrx_word' id='word_1_790' title='bbox 1780 2686 1851 2726; x_wconf 86' lang='grc' dir='ltr'>Ὀρα</span> <span class='ocrx_word' id='word_1_791' title='bbox 1874 2687 1923 2724; x_wconf 75' lang='grc' dir='ltr'><strong>γὰρ</strong></span> 
     </span>
    </p>
   </div>
   <div class='ocr_carea' id='block_1_114' title="bbox 1121 2733 1923 2796">
    <p class='ocr_par' dir='ltr' id='par_1_114' title="bbox 1121 2733 1923 2796">
     <span class='ocr_line' id='line_1_116' title="bbox 1121 2733 1185 2750; baseline 0.016 -1"><span class='ocrx_word' id='word_1_792' title='bbox 1121 2733 1162 2749; x_wconf 84' lang='grc' dir='ltr'>πω</span> <span class='ocrx_word' id='word_1_793' title='bbox 1179 2744 1185 2750; x_wconf 89' lang='grc'>.</span> 
     </span>
     <span class='ocr_line' id='line_1_117' title="bbox 1135 2733 1923 2796; baseline 0 -10"><span class='ocrx_word' id='word_1_794' title='bbox 1135 2795 1139 2796; x_wconf 21' lang='lat'><em>7</em></span> <span class='ocrx_word' id='word_1_795' title='bbox 1227 2758 1442 2796; x_wconf 21' lang='grc' dir='ltr'>βατατολμῶντεγς</span> <span class='ocrx_word' id='word_1_796' title='bbox 1467 2758 1596 2796; x_wconf 69' lang='grc' dir='ltr'>πράξεων,</span> <span class='ocrx_word' id='word_1_797' title='bbox 1615 2758 1752 2796; x_wconf 25' lang='lat' dir='ltr'><strong>etcsHoc</strong></span> <span class='ocrx_word' id='word_1_798' title='bbox 1766 2758 1923 2796; x_wconf 71' lang='lat' dir='ltr'><strong>reor-dina-</strong></span> 
     </span>
    </p>
   </div>
   <div class='ocr_carea' id='block_1_115' title="bbox 1120 2794 1922 2830">
    <p class='ocr_par' dir='ltr' id='par_1_115' title="bbox 1120 2794 1922 2830">
     <span class='ocr_line' id='line_1_118' title="bbox 1120 2794 1922 2830; baseline 0.001 -9"><span class='ocrx_word' id='word_1_799' title='bbox 1120 2795 1209 2822; x_wconf 88' lang='lat' dir='ltr'><strong>tionis</strong></span> <span class='ocrx_word' id='word_1_800' title='bbox 1223 2795 1435 2830; x_wconf 83' lang='lat' dir='ltr'><strong>facinus,quod</strong></span> <span class='ocrx_word' id='word_1_801' title='bbox 1446 2794 1549 2822; x_wconf 86' lang='lat' dir='ltr'><strong>rumor</strong></span> <span class='ocrx_word' id='word_1_802' title='bbox 1560 2794 1598 2822; x_wconf 88' lang='lat' dir='ltr'><strong>ad</strong></span> <span class='ocrx_word' id='word_1_803' title='bbox 1610 2795 1753 2823; x_wconf 87' lang='lat' dir='ltr'><strong>Basilium</strong></span> <span class='ocrx_word' id='word_1_804' title='bbox 1764 2794 1922 2826; x_wconf 84' lang='lat' dir='ltr'><strong>detulerat,</strong></span> 
     </span>
    </p>
   </div>
   <div class='ocr_carea' id='block_1_116' title="bbox 1121 2830 1887 2859">
    <p class='ocr_par' dir='ltr' id='par_1_116' title="bbox 1121 2830 1887 2859">
     <span class='ocr_line' id='line_1_119' title="bbox 1121 2830 1887 2859; baseline 0 -1"><span class='ocrx_word' id='word_1_805' title='bbox 1121 2838 1184 2859; x_wconf 89' lang='lat' dir='ltr'><strong>non</strong></span> <span class='ocrx_word' id='word_1_806' title='bbox 1197 2830 1314 2859; x_wconf 89' lang='lat' dir='ltr'><strong>videtur</strong></span> <span class='ocrx_word' id='word_1_807' title='bbox 1328 2830 1414 2858; x_wconf 88' lang='lat' dir='ltr'><strong>certis</strong></span> <span class='ocrx_word' id='word_1_808' title='bbox 1426 2830 1543 2859; x_wconf 87' lang='lat' dir='ltr'><strong>indiciis</strong></span> <span class='ocrx_word' id='word_1_809' title='bbox 1558 2830 1649 2859; x_wconf 78' lang='lat' dir='ltr'><strong>fuisse</strong></span> <span class='ocrx_word' id='word_1_810' title='bbox 1664 2830 1887 2859; x_wconf 86' lang='lat' dir='ltr'><strong>conﬁrmatum.</strong></span> 
     </span>
    </p>
   </div>
  </div>
