1984 3147
235 154 290 182 667

238 268 307 289 sam
337 260 472 288 invenire
495 266 558 287 non
580 266 718 295 possum,
734 258 794 286 nisi
819 257 913 294 quod,
930 257 961 285 id
982 256 1066 293 quod

238 305 323 334 initio
346 304 418 337 dixi,
442 303 533 339 hujus
555 300 645 331 etiani
676 304 716 331 rei
749 302 935 336 molestiam,
965 309 1068 338 paena-

239 358 318 384 rum,
329 357 396 386 quae
418 348 491 377 mihi
516 348 556 377 ob
580 350 705 385 peccata
726 348 834 376 debitae
859 348 1068 383 sunt,partem

241 403 308 424 esse
320 393 466 430 judicavi.

277 486 304 512 2.
325 484 400 512 Nam
426 483 561 519 primum
586 482 710 519 quidem
737 481 839 510 animo
868 481 961 515 dolui,
986 479 1070 516 quod

242 528 384 557 veritates
397 536 414 556 a
424 528 492 555 ﬁliis
504 527 664 555 hominum
688 526 841 554 diminutas
856 526 913 554 sint
930 534 937 553 :
964 524 1070 553 deinde

243 581 316 602 vero
340 575 459 609 egomet
483 572 555 601 mihi
575 572 671 606 timui,
687 580 724 600 ne
750 572 839 600 etiam
860 571 925 599 aliis
941 571 1072 607 peccatis

244 618 518 648 odiumhominum
532 617 704 653 adjicerem,
719 617 792 645 nihil
803 625 868 645 esse
881 616 952 644 ﬁdei
965 616 996 644 in
1012 615 1072 644 ullo

245 671 370 700 prorsus
392 663 515 691 homine
545 663 742 695 existimans;
769 661 919 698 siquidem
939 661 980 689 illi
1004 660 1072 697 ipsi,

246 708 358 745 quibus
381 708 412 736 in
428 707 570 736 maximis
584 708 674 735 rebus
695 707 899 741 conﬁdebam,
914 706 988 734 tales
1001 713 1074 741 erga

245 760 306 786 me,
322 752 396 781 tales
411 760 483 788 erga
496 752 597 789 ipsam
613 752 767 780 veritatem
783 759 848 780 sese
869 751 1073 788 prtebuerunt.

247 797 370 826 Noveris
395 797 496 833 igitur,
523 797 614 826 frater
637 799 666 825 et
691 796 831 833 quisquis
846 796 978 825 veritatis
992 804 1075 824 ama-

248 843 307 876 tor,
319 849 376 870 nec
402 850 472 870 mea
494 849 560 870 esse
576 842 698 878 scripta,
713 849 769 870 nec
792 840 866 869 mihi
880 840 1013 877 probari,
1037 840 1074 868 si-

926 150 955 179 S.
975 146 1105 176 BASILH
1123 148 1233 177 MAGNI

234 215 481 250 condemnarent,
498 213 594 243 multa
621 221 741 242 mecum
767 213 976 246 considerans,
996 220 1067 240 cau-

1132 213 1166 237 1ai.
1214 210 1258 238 ἀπ’
1295 211 1433 251 ἀλλοτρίων

1864 152 1922 180 568

1488 213 1544 249 (17)
1589 213 1804 250 συγγραμμάτων
1847 213 1906 249 ἠμᾶ
1912 222 1923 243 ς

1121 260 1276 292 κατακρῖναι
1302 257 1369 293 (18),
1400 258 1482 284 πολλὰ
1514 257 1684 294 λογισάμενος
1712 257 1768 284 κατ’
1794 257 1915 294 ἐμαυτὸν,

1122 300 1229 326 ἐπινοεῖν
1251 303 1297 330 τὴν
1324 302 1409 328 αἰτίαν
1438 302 1485 329 οὐκ
1511 304 1574 338 ἔχω,
1608 302 1630 328 εἰ
1653 304 1701 338 μὴ,
1726 303 1787 339 ὅπερ
1817 302 1844 333 ἐξ
1872 302 1922 339 ἀρ-

1122 349 1175 381 χῆς
1199 348 1278 379 εἰπον,
1303 349 1379 384 μέρος
1407 348 1495 385 ἔκρινα
1523 346 1586 373 εἶναι
1607 351 1658 372 τῶν
1683 346 1848 383 ὀφειλομένων
1873 357 1921 383 μοι

1124 388 1172 416 διὰ
1195 391 1241 421 τὰς
1272 390 1398 428 ἁμαρτίας
1432 391 1571 426 κολάσεων,
1604 394 1650 417 καὶ
1675 393 1722 420 τὴν
1752 391 1794 417 ἐπὶ
1818 393 1922 422 τούτοις

1123 434 1216 464 λύπην.

1159 481 1186 507 2.
1214 483 1319 516 Πρῶτον
1348 482 1392 517 μὶν
1416 482 1466 518 γὰρ
1496 482 1677 510 κατεπένθησα
1708 484 1739 517 τῇ
1767 480 1857 517 ψυχῇ,
1881 482 1922 507 ὁτι

1126 523 1297 560 ὠλιγώθησαν
1326 526 1353 551 αἰ
1380 525 1499 555 ἀλήθειαι
1525 525 1576 552 ἀπὸ
1599 530 1648 551 τῶν
1674 527 1736 551 υἱῶν
1759 530 1809 551 τῶν
1826 525 1925 563 ἀνθρώ·

1126 579 1190 595 πων
1218 570 1307 596 ἔπειτα
1333 568 1363 597 δὲ
1390 581 1435 597 και
1459 570 1586 607 ἐφοϐήθην
1615 571 1692 602 αὐτὸς
1718 573 1777 608 περὶ
1798 570 1925 607 ἐμαυτοῦ,

1127 616 1162 650 μή
1186 624 1247 640 ποτε
1274 616 1339 652 πρὸς
1367 619 1425 646 ταῖς
1451 616 1507 651 (19)
1535 615 1626 646 ἄλλαις
1651 615 1791 653 ἁμαρτίαις
1807 618 1853 641 καὶ
1878 617 1926 644 τὴν

1127 660 1326 696 μισανθρωπιαν
1341 660 1426 694 πάθω,
1443 658 1518 686 οὐδὲν
1532 661 1625 686 πιστὸν
1650 660 1674 686 ἐν
1701 658 1788 686 οὐδενὶ
1816 659 1927 696 λογιζό-

1127 711 1200 737 μενος
1227 700 1302 737 εἶναι,
1335 703 1404 739 εἰπερ
1435 703 1459 728 οἱ
1494 702 1529 733 εἰς
1553 703 1586 728 τὰ
1622 704 1736 739 μέγιστα
1770 702 1832 740 παρ’
1865 702 1927 739 ἐμοῦ

1127 748 1307 778 πιστευθέντες
1335 751 1449 774 τοιοῦτοι
1461 749 1506 784 μὲν
1534 749 1594 786 περὶ
1618 747 1669 784 ἐμὲ,
1685 751 1800 774 τοιοῦτοι
1815 746 1846 774 d‘:
1869 751 1928 785 περὶ

1128 791 1210 821 αὐτὴν
1250 791 1381 828 ἐφάνησαν
1417 794 1464 821 τὴν
1502 792 1633 821 ἀλήθειαν.
1674 795 1787 819 Γίνωσχε
1827 795 1925 828 τοίνυν,

1129 835 1232 873 ἀδελφὲ,
1249 839 1294 863 καὶ
1317 840 1368 867 πᾶς
1392 837 1465 868 ὅστις
1480 841 1527 868 τῆς
1554 836 1674 868 ἀληθείας
1695 837 1779 873 φίλος,
1795 840 1862 874 μήτε
1880 838 1928 874 ἐμὰ

248 887 373 924 quidem
389 895 450 915 non
465 895 501 915 ex
517 895 586 915 mea
607 886 755 915 sententia
766 886 930 922 composita
945 885 1072 914 fuerunt.

1132 881 1194 907 εἶναι
1219 882 1254 908 τὰ
1272 883 1454 918 συντάγματα,
1482 884 1540 908 οὗτε
1567 881 1724 918 ἀρέσκεσθαι
1745 883 1800 917 ('20)
1825 882 1927 917 αὐτοῖς,

249 931 337 965 Quod
357 931 382 960 si
400 931 505 968 scripsi
529 931 695 968 aliquando
715 933 784 960 ante
800 938 896 959 annos
912 930 1022 959 multos
1035 930 1075 958 ad

248 977 457 1013 Apolinarium
473 979 524 1005 aut
538 977 578 1005 ad
591 977 724 1013 aliquem
745 976 848 1012 alium,
861 976 998 1005 accusari
1013 983 1076 1004 non

249 1020 356 1049 debeo.
373 1022 446 1050 Nam
462 1029 518 1049 nec
532 1021 598 1058 ipse
617 1029 739 1056 accuso,
753 1021 778 1049 si
793 1020 861 1058 quis
877 1029 913 1049 ex
938 1020 1076 1049 sodalitio

249 1064 351 1101 aliquo
372 1065 403 1094 in
419 1066 559 1094 haeresim
580 1065 735 1094 abscissus
750 1067 796 1094 est
817 1065 954 1101 (omnino
976 1067 1077 1093 autem

247 1108 387 1137 homines
404 1109 541 1143 novistis,
554 1109 671 1138 tametsi
695 1109 874 1137 nominatim
892 1116 955 1137 non
972 1108 1077 1145 appel-

248 1153 301 1189 lo),
322 1154 395 1190 quia
421 1154 631 1190 unusquisque
646 1162 701 1182 suo
718 1153 812 1190 ipsius
825 1156 950 1190 peccato
968 1153 1077 1182 morie-

249 1200 308 1226 tur.
324 1199 392 1226 Haac
414 1198 539 1235 quidem
566 1199 606 1227 ad
630 1198 757 1226 missum
785 1201 901 1227 tomum
922 1198 1077 1235 respondi,

250 1243 284 1270 ut
298 1244 327 1270 et
338 1242 402 1279 ipse
413 1242 565 1271 veritatem
588 1242 747 1278 intelligas,
761 1245 790 1271 et
804 1242 840 1270 iis
851 1243 904 1279 qui
922 1242 1078 1271 veritatem

249 1285 281 1314 iu
304 1285 450 1322 injustitia
471 1286 603 1315 detinere
623 1287 739 1323 nolunt,
755 1287 948 1316 manifestam
972 1287 1078 1316 facias.

250 1330 336 1363 Quod
367 1331 392 1359 si
419 1330 515 1359 fusius
547 1331 681 1367 singulas
715 1331 938 1360 criminationes
965 1331 1078 1360 diluere

248 1376 422 1412 oportuerit,
454 1377 483 1404 et
511 1377 581 1411 hoc,
619 1376 783 1412 adjuvante
814 1378 883 1411 Deo,
913 1376 1076 1413 praestabo.

250 1421 318 1454 Nos,
335 1420 426 1449 frater
442 1421 572 1458 Olympi,
591 1429 689 1457 neque
704 1421 778 1449 deos
792 1423 850 1449 tres
865 1421 1004 1457 dicimus,
1021 1429 1077 1449 nec

249 1472 320 1493 cum
355 1465 528 1502 Apolinario
557 1466 820 1494 communicamus

500 1609 670 1637 EPISTOLA
689 1608 825 1637 CXXXII'.

1130 925 1184 952 ἐπεὶ
1211 928 1247 962 μὴ
1275 930 1306 962 τῇ
1337 926 1384 963 ἐμῇ
1411 929 1502 963 γνώμη
1529 928 1738 965 σνγγεγράφθαι.
1767 927 1798 954 Εἰ
1823 925 1854 954 δε
1884 928 1928 954 ἐπ-

1130 970 1232 996 έστειλα
1253 981 1315 997 ποτε
1336 973 1386 1008 πρὸ
1414 971 1513 998 πολλῶν
1537 971 1658 998 ἐνιαυτῶν
1679 971 1734 1007 (21)
1754 971 1927 1009 Ἀπολιναρὶῳ

1131 1015 1146 1045 ἦ
1164 1015 1230 1052 ἁλλῳ
1254 1018 1316 1050 τινὶ,
1346 1016 1512 1052 ἐγκαλεῖσθαι
1540 1016 1587 1043 οὐκ
1614 1016 1714 1053 ὀφείλω,
1731 1018 1798 1043 Οὔτε
1809 1018 1864 1052 γὰρ
1887 1017 1929 1043 αὖ·

1131 1062 1175 1091 τὸς
1201 1060 1256 1097 (22)
1280 1061 1389 1096 ἐγκαλῶ,
1413 1063 1435 1087 εἳ
1460 1071 1500 1092 τις
1524 1061 1551 1087 ἐκ
1579 1066 1627 1092 τῆς
1654 1061 1768 1098 ἑταιρίας
1795 1063 1869 1093 τινὸς
1899 1062 1929 1092 εἰς

1133 1107 1231 1142 αἳρεσιν
1258 1107 1410 1142 ἁπεσχίσθη
1438 1104 1541 1142 (οἴδατε
1565 1105 1594 1133 δὲ
1618 1107 1721 1137 πάντως
1745 1108 1807 1138 τοὺς
1821 1105 1929 1144 ἄνδρας,

1132 1150 1179 1176 κᾶν
1200 1152 1326 1187 ὀνομαστὶ
1340 1153 1376 1187 μὴ
1388 1150 1475 1186 λέγω),
1491 1148 1561 1177 διότι
1584 1151 1694 1182 ἕκαστος
1707 1151 1738 1187 τῇ
1763 1149 1822 1187 ἰδίᾳ
1847 1151 1930 1188 ἀμαρ-

1133 1197 1177 1231 τὶᾳ
1201 1194 1378 1223 ἀποθανεῖται.
1405 1198 1495 1222 Ταῦτα
1519 1199 1564 1222 νῦν
1591 1197 1636 1232 μὲν
1658 1195 1837 1233 ἀπειρινάμην
1868 1198 1931 1233 πρὸς

1133 1241 1176 1266 τὸν
1199 1238 1377 1265 ἀποσταλέντα
1403 1241 1482 1276 τόμον
1516 1240 1583 1276 (23)·
1612 1241 1655 1266 ἵνα
1679 1241 1756 1271 αὐτὸς
1781 1250 1808 1267 τε
1835 1239 1930 1271 εἰδείης

1132 1286 1179 1313 τὴν
1208 1283 1339 1318 ἀλήθειαν,
1365 1286 1410 1310 καὶ
1435 1288 1490 1316 τοῖς
1509 1284 1675 1321 βουλομένοις
1701 1287 1736 1321 μὴ
1759 1287 1886 1321 κατέχειν
1901 1287 1930 1316 ὡς

1133 1328 1156 1355 ἰν
1185 1327 1278 1365 ἀδικίᾳ
1292 1329 1348 1364 (24)
1380 1330 1427 1358 τὴν
1454 1328 1575 1358 ἀλήθειαν
1609 1331 1717 1367 φανερὰν
1743 1331 1928 1366 καταστήσῃς

1133 1373 1174 1399 ἐὰν
1199 1371 1228 1399 δὲ
1255 1372 1301 1409 δέῃ
1328 1375 1372 1399 καὶ
1402 1373 1559 1411 πλατύτερον
1583 1375 1646 1411 ὑπὲρ
1675 1374 1786 1400 ἑκάστου
1814 1379 1866 1400 τῶν
1891 1375 1928 1401 έπ-

1132 1419 1286 1454 ενεχθέντων
1310 1418 1371 1454 ἡμῖν
1399 1417 1628 1454 ἀπολογήσασθαι,
1655 1419 1700 1444 καὶ
1717 1423 1794 1445 τοῦτο
1819 1423 1928 1449 ποιήσο-

1131 1473 1187 1500 μεν,
1202 1466 1247 1489 τοῦ
1273 1466 1340 1489 Θεοῦ
1366 1467 1558 1500 συνεργοῦντος.
1585 1463 1683 1500 Ἢμεῐς,
1713 1462 1808 1500 ἁδελφὲ
1835 1465 1929 1500 Ὀλύμ-

1131 1517 1184 1540 πιε,
1210 1509 1268 1534 οὔτε
1289 1512 1355 1545 τρεῖς
1371 1508 1444 1538 θεοὺς
1465 1508 1523 1544 (25)
1535 1508 1650 1545 λέγομεν,
1672 1510 1740 1535 οὔτε*
1758 1509 1928 1547 Ἀπολιναρίῳ

1097 1568 1117 1596 C
1131 1555 1315 1588 κοινωνοῦμεν.

1399 1609 1567 1633 ΕΠΙΣΤΟΛΗ
1583 1607 1664 1636 ΡΛΒ’.

251 1652 327 1682 Cum
339 1653 419 1682 varii
431 1653 467 1681 de
480 1653 625 1681 Abramio
638 1660 787 1682 sermones
798 1655 904 1686 essent,
916 1653 1020 1681 scribit
1033 1653 1074 1681 ad
1091 1659 1157 1680 eum
1173 1651 1308 1680 Basiliu:
1323 1651 1423 1679 statim
1439 1659 1475 1680 ac
1486 1651 1590 1680 didicit
1604 1653 1634 1680 in
1646 1652 1758 1680 aedibus
1774 1652 1932 1681 Saturnini

888 1689 1003 1717 comitis
1029 1686 1196 1717 Antiochia:
1211 1687 1337 1715 versari.

421 1724 563 1753 Abramio
579 1725 712 1761 episcopo
725 1725 908 1753 Batnorum.

290 1778 353 1811 Quo
379 1777 410 1806 in
436 1777 503 1807 loco
526 1778 622 1815 pietas
650 1781 701 1806 tua
716 1780 850 1806 versetur
866 1776 906 1805 ab
932 1779 1078 1805 autumno

252 1830 379 1860 prorsus
394 1823 540 1859 ignoravi.
557 1824 672 1852 Etenim
688 1823 818 1851 incertos
830 1823 976 1858 [rumores
992 1830 1078 1859 repe-

288 1896 300 1907 '
319 1895 400 1924 Alias
411 1896 536 1932 CCCXV.
553 1896 669 1932 Scripta
682 1896 836 1932 anno_373.

292 1932 348 1968 (17)
366 1931 415 1958 Απ¹
446 1930 595 1968 ἀλλοτρίων.
618 1929 708 1968 Cois].
725 1930 841 1968 primus
862 1929 901 1956 ἐπ’
929 1930 1077 1968 ἀλλοτρίων.

291 1967 346 2002 (18)
367 1965 552 2004 Κατακρῖναί..
566 1967 658 1999 Harl.,
677 1965 746 2000 Reg.
769 1965 884 2004 primus
898 1967 926 1993 et
951 1965 1077 1994 Clarom.

254 2004 426 2038 κατακρίνειν,
443 2002 472 2038 et
482 2002 574 2038 paulo
586 2004 657 2038 post
676 2004 828 2038 κατανοεξν.,
844 2002 894 2038 Hic
909 2003 1010 2029 autem
1025 2009 1079 2037 ap-

255 2037 355 2074 posita
369 2039 433 2065 erat
459 2037 490 2064 in
518 2037 866 2075 editis.iuterrogatiouis
881 2039 963 2071 nota,
985 2045 1079 2073 quam

255 2072 357 2101 tollere
373 2072 467 2100 satius
489 2080 554 2100 esse
573 2073 758 2105 emstimavi;
775 2080 872 2108 neque
887 2075 988 2100 tamen
1007 2080 1079 2100 con-

255 2107 390 2141 tendam,
403 2108 427 2135 si
440 2108 508 2144 quis
523 2108 737 2144 apponendam
751 2107 874 2143 iudicet.

290 2144 437 2184 (tmperi;
460 2147 527 2174 ταῖς.
550 2145 675 2184 Qterque
700 2145 768 2178 Reg.
795 2146 969 2184 et_uterque
985 2144 1080 2179 Bigot.

256 2187 326 2207 cum
349 2179 434 2216 (ῘοὶεῙἔ
461 2179 593 2208 secundo
673 2189 733 2206 ποτε
755 2180 861 2216 προσθῶ
881 2179 973 2210 ταῖς...
988 2189 1082 2215 μισαν-

257 2216 374 2252 θρωπίαν
383 2213 471 2244 οὐδὲν.

289 2251 350 2288 (εξο)
368 2250 548 2288 Ἀρέηεσθαι.
579 2252 704 2288 lta_octo
734 2259 811 2288 _mss.
837 2250 910 2288 Edili
930 2249 1078 2288 ἀρκεῖσθαι.

255 2286 370 2323 Ibidem
390 2286 455 2323 _tres
477 2286 674 2323 vetustissimi
687 2286 805 2314 codices
832 2286 886 2313 ἐπεὶ
901 2286 988 2323 mea
1017 2286 1078 2323 ἐμῇ·

253 2321 332 2391 ξᾱριὶ
344 2320 413 2358 μηδὲ
423 2326 453 2357 τῇ
471 2321 530 2358 ἐμῇ,
544 2329 597 2350 nec
611 2329 649 2350 ea:
660 2329 724 2350 mea
746 2320 905 2350 sententta'
917 2320 1080 2357 conipos'z'ta

272 2364 359 2385 uisse.

272 2364 359 2385 uisse.

291 2393 348 2427 (21)
370 2393 515 2419 Ἐνιαυτῶν.

256 2427 330 2455 Edili
345 2427 415 2456 ἐτῶν.

291 2463 349 2501 (2'2)_
367 2464 460 2501 Αὐτός.
476 2464 572 2501 Edditi
583 2464 699 2493 addunt
713 2464 773 2501 ἐγώ,
789 2464 872 2501 quod
887 2464 969 2501 deest
980 2464 1080 2501 indscx

255 2499 366 2527 nostris
395 2500 560 2528 codicibus.
593 2500 644 2528 Hic
671 2499 772 2528 autem
798 2499 929 2528 'videtur
955 2499 1079 2527 Basilius

254 2534 358 2571 Arium
369 2538 398 2563 et
420 2536 537 2564 Aetium
563 2535 733 2571 designare.
749 2543 880 2571 quorum
896 2534 1011 2571 primus
1027 2536 1079 2564 Eu-

256 2570 357 2598 stathii
370 2571 523 2608 magister,
539 2571 613 2599 alter
635 2570 799 2608 discipulus
819 2570 924 2604 fuerat,
940 2573 972 2599 ut
987 2570 1077 2599 disci-

254 2613 323 2634 mus
339 2614 375 2634 ex
387 2607 519 2643 epistolis
532 2608 583 2635 2%
601 2609 628 2634 et
646 2607 708 2643 240.

290 2643 347 2679 (>23)
366 2642 459 2679 τόμον.
476 2642 552 2679 Editi
566 2644 635 2679 post
648 2642 728 2670 hanc
746 2650 852 2679 vocem
874 2642 991 2679 addunt
1001 2642 1077 2679 and,

253 2677 306 2704 sed
322 2677 428 2706 melius
442 2678 525 2706 deest
535 2678 564 2705 in
578 2677 673 2705 tribus
687 2678 897 2706 vetustissimis
911 2678 1077 2706 codicibus.

290 2713 407 2749 (241Ὼς
421 2714 445 2740 ἐν
465 2712 568 2742 ἀδικία.
586 2714 669 2741 Deest
682 2714 779 2749 prima
802 2714 911 2742 vocula
930 2714 961 2742 in
977 2714 1078 2742 multis

252 2747 405 2786 veteribus
420 2749 515 2781 libris,
536 2756 598 2777 non
610 2747 712 2777 tamen
725 2750 755 2786 in
771 2750 999 2786 antiquissimis.
1020 2749 1077 2778 Ibi-

252 2781 323 2810 dem
338 2784 408 2812 editi
420 2787 602 2815 καταστὴσας.
618 2785 688 2813 Mss.
699 2787 731 2813 ut
744 2785 775 2813 in
791 2781 882 2814 textu.

288 2818 344 2855 (25)
362 2823 434 2856 Τρεῖς
464 2821 545 2851 θεοὺς.
576 2822 660 2857 Saepe
693 2821 766 2850 alias
792 2821 874 2850 hunc
896 2820 987 2850 trium
1006 2820 1077 2849 deo-

557 2394 599 2422 lta
629 2395 689 2422 tres
713 2393 916 2430 antiquissimi
943 2393 1074 2422 codices.

1312 1722 1457 1760 Ἀϐραμίῳ,
1474 1722 1607 1760 ἑπισκόπῳ
1623 1727 1734 1752 Βατνῶν,

1170 1777 1258 1803 Πάντα
1286 1777 1329 1802 τὸν
1357 1775 1407 1803 ἀπὸ
1434 1781 1480 1803 τοῦ
1507 1780 1658 1815 μετοπώρου
1692 1780 1787 1815 χρόνον
1812 1779 1931 1815 ἠγνόησα

1134 1824 1191 1859 περὶ
1216 1825 1262 1852 τῆς
1290 1820 1424 1853 εὐλαϐείας
1455 1831 1514 1857 σου,
1542 1822 1606 1848 ὃπου
1645 1820 1758 1858 διάγεις.
1787 1825 1841 1849 Καὶ
1883 1825 1929 1861 γὰρ

1134 1902 1201 1922 rum
1221 1900 1352 1921 errorem
1364 1892 1520 1921 Catholicis
1531 1893 1631 1921 Ariani
1644 1893 1836 1923 atﬁnxerunt.
1851 1897 1931 1923 Hunc

1134 1930 1294 1966 Gregorius
1317 1929 1536 1966 Nazianzenus,
1558 1931 1633 1957 orat.
1650 1932 1674 1963 1,
1691 1932 1720 1958 et
1731 1932 1776 1960 29.
1791 1938 1821 1966 p.
1848 1934 1892 1965 16,
1907 1933 1932 1959 et

1134 1964 1320 2003 489.refellit_,
1331 1967 1391 1993 uta
1401 1964 1554 2003 nonnullis
1564 1964 1933 2003 propugnatuquuros'ni-

1134 1973 1320 1998 savmeieuu,
1331 1973 1364 1992 ut
1373 1973 1391 1993 a
1401 1973 1800 2028 nonnullisxropugnatum,
1807 1974 1933 2003 quosm-

1134 2001 1193 2029 mis
1207 2001 1391 2029 orthodoxos
1407 2003 1503 2029 vocat.
1520 2001 1554 2029 Se
1588 2003 1701 2036 tamen,
1713 2009 1780 2029 cum
1792 2002 1880 2031 nulla
1889 2011 1933 2031 ex-

1136 2039 1215 2065 stent
1229 2036 1340 2064 sasculo
1350 2039 1458 2072 quarto
1478 2036 1569 2071 hujus
1594 2037 1702 2065 erroris
1724 2038 1862 2072 vestigia,
1876 2046 1933 2066 crc-

1135 2072 1206 2100 dere
1219 2072 1323 2108 malim
1352 2071 1393 2108 ita
1413 2071 1549 2108 locutum
1571 2080 1636 2100 esse
1666 2071 1855 2108 Gregorium,
1875 2081 1932 2102 non

1135 2107 1218 2144 quod
1233 2108 1298 2144 ipse
1312 2107 1402 2144 hujus
1413 2107 1536 2144 hzeresis
1546 2109 1707 2136 sectatores
1722 2107 1934 2144 deprehendis-

1136 2142 1189 2176 s‘et,
1201 2142 1347 2179 sedquod
1362 2151 1399 2171 ea
1412 2142 1450 2171 de
1462 2151 1578 2179 re,quas
1593 2151 1656 2179 rem
1672 2142 1861 2179 causamque
1876 2152 1933 2173 non

1136 2178 1319 2212 continebat,
1337 2186 1406 2206 cum
1419 2178 1537 2206 Ariauis
1560 2178 1677 2214 litigare
1689 2179 1791 2207 nollet.
1808 2178 1858 2208 Sic
1883 2182 1932 2208 Ba-

1099 2214 1218 2252 Dsilius
1246 2214 1322 2252 inter
1354 2222 1403 2252 ea,
1425 2221 1493 2250 quas
1532 2214 1685 2252 Eustathio
1714 2215 1932 2252 subscribenda

1135 2250 1277 2286 proponit
1277 2250 1320 2286 jn
1331 2249 1416 2285 epist.
1435 2249 1495 2284 125,
1513 2257 1574 2278 non
1585 2250 1693 2278 omittit
1705 2251 1866 2285 fugiendos
1876 2259 1932 2280 esse

1135 2285 1182 2314 eos
1194 2285 1256 2321 ’qui
1269 2285 1379 2313 Filium
1395 2286 1492 2321 Patri,
1508 2288 1534 2314 et
1546 2286 1625 2314 Filio
1637 2286 1781 2321 Spiritum
1794 2291 1930 2316 sanctum

1132 2320 1376 2358 praeponunth
1387 2320 1418 2348 id
1430 2321 1554 2349 Basilius
1569 2320 1686 2350 videtur
1701 2322 1800 2358 potius
1814 2331 1930 2352 conces-

1135 2357 1209 2398 sisse
1232 2356 1394 2398 Eustathio,
1411 2364 1504 2398 quam
1526 2365 1582 2398 sua
1595 2356 1926 2398 _spoute'_n_ecessarium

1134 2392 1263 2420 duxisse.
1279 2394 1379 2429 Neque
1394 2392 1475 2429 enim
1496 2392 1652 2429 probabile
1675 2395 1720 2421 est
1744 2393 1803 2422 hoc
1831 2401 1926 2423 errore

1133 2428 1527 2464 quemquam'insaniisse:
1559 2428 1613 2456 sed
1636 2429 1809 2458 Eustathius
1833 2433 1863 2458 et
1883 2429 1927 2458 alii

1133 2463 1401 2492 Pneumatomachi
1414 2463 1494 2492 hanc
1509 2466 1614 2493 notam
1632 2464 1750 2493 inurere
1775 2466 1927 2495 tentabant

1133 2499 1263 2542 veritatis
1286 2499 1507 2535 defensoribus,
1522 2500 1612 2542 ‘ac‘in'
1632 2500 1736 2542 primis
1750 2501 1861 2542 basilio
1880 2500 1926 2542 qui

1133 2535 1316 2572 calumniam
1339 2543 1357 2563 a
1370 2543 1402 2563 se
1423 2535 1580 2572 propulsat
1598 2535 1640 2572 in
1647 2536 1725 2572 epist
1749 2538 1813 2564 251.
1832 2535 1926 2566 Simile

1133 2571 1306 2608 exemplum
1319 2571 1514 2608 suppeditant
1531 2571 1821 2608 Apoliuaristaquui
1840 2576 1872 2601 ut
1885 2579 1927 2600 ca-

1133 2606 1244 2635 tholico
1268 2606 1401 2642 dogmati
1416 2606 1565 2635 invidiam
1576 2609 1720 2641 crearent,
1741 2606 1821 2636 duos
1847 2608 1925 2637 Filios

1134 2643 1172 2671 ab
1187 2642 1371 2680 adversariis
1386 2642 1447 2670 suis
1464 2642 1582 2680 admitti
1595 2642 1925 2680 etMariamfhominipa-

1132 2686 1198 2707 ram
1211 2677 1270 2706 dici
1281 2678 1446 2713 ﬁngebant.
1459 2678 1616 2713 Gregorius
1631 2678 1836 2707 Nazianzenus
1852 2677 1925 2707 hunc

1133 2721 1265 2742 errorem
1284 2722 1388 2742 recens
1408 2716 1547 2742 exortum
1562 2722 1627 2742 esse
1642 2714 1714 2742 dicit
1740 2714 1772 2742 in
1792 2717 1868 2744 orat.
1886 2715 1924 2745 14,

1125 2757 1164 2786 .p.
1193 2750 1253 2786 221.
1277 2751 1430 2786 Nyssenus
1451 2757 1522 2786 vero
1546 2752 1579 2778 ut
1601 2750 1842 2779 commentitium
1853 2748 1925 2786 etab

1131 2785 1568 2827 Apolinaris‘tis‘impudenter_
1596 2785 1701 2827 ﬁctum
1728 2786 1863 2823 explodit
1897 2785 1925 2812 in

1132 2820 1218 2858 epist.
1236 2820 1276 2850 ad
1286 2820 1483 2857 Eustathium,
1495 2824 1517 2850 ι,
1531 2823 1578 2856 Ill,
1593 2829 1624 2858 p.
1639 2823 1702 2850 660.
