1984 3147
47 126 98 153 585

81 187 109 214 3.
128 185 161 212 Εἰ
185 186 231 222 μὲν
247 183 291 211 οὖν
312 183 341 214 ἧν
357 184 467 213 δυνατὸν
493 186 570 213 αὐτὸν
593 196 624 223 με
645 186 848 224 παραγενέσθαι,

47 229 122 258 οὐδὲν
147 230 179 256 ἂν
203 232 370 267 προετίμησα
386 235 432 261 τῆς
452 234 597 268 συντυχίας
616 232 688 268 ὑμῶν
700 241 706 248 ·
724 232 791 256 ὥστε
805 231 850 256 καὶ

48 274 113 302 ἰδεῖν
134 277 196 306 τοὺς
212 273 326 306 ἀθλητὰς
340 279 385 301 τοῦ
399 279 528 312 Χριστοῦ,
559 278 604 303 καὶ
627 275 848 313 περιπτύξασθαι,

46 322 89 346 καὶ
112 323 274 348 κοινωνῆσαι
306 323 356 346 τῶν
382 325 539 357 προσευχῶν
564 323 609 347 καὶ
634 325 683 346 τῶν
711 329 851 356 πνευματι-

46 369 95 391 κῶν
122 364 147 391 ἓν
174 365 236 400 ὑμῖν
260 366 455 401 χαρισμάτων
486 363 575 395 ἕπειδὴ
601 363 630 392 δὲ
655 367 684 392 τὸ
714 366 790 401 σῶμά
804 374 849 401 μοι

45 410 132 436 λοιπὸν
163 409 215 436 ὑπό
236 412 344 446 χρονίας
370 411 447 436 νόσου
483 409 674 445 κατανάλωται,
715 411 747 440 ὡς
780 407 849 446 μηδὶ

45 454 93 480 ἀπὸ
119 457 167 483 τῆς
199 453 285 484 κλίνης
314 452 446 480 δύνασθαί
478 464 510 491 με
547 454 719 488 καταϐαίνειν,
747 456 792 480 καὶ
824 454 849 480 οἱ

44 497 224 535 ἐφεδρεύοντες
248 499 310 534 ἡμῖν
337 498 436 532 πολλοὶ,
480 500 515 530 ὡς
542 499 616 525 λύκοι
641 499 766 535 ἅρπαγες,
795 497 850 524 ἔπι-

45 546 185 580 τιεροῦντες
209 544 311 579 καιρὸν,
332 546 393 569 ποτε
410 541 545 572 δυνηθῶσι
572 542 721 581 διαρπάσαι
741 544 774 569 τὰ
787 545 850 579 πρό-

45 588 111 614 ϐατα
144 591 192 614 τοῦ
233 591 360 624 Χριστοῦ,
391 587 537 624 ἀναγκαίως
572 588 615 615 ἐπὶ
645 590 692 618 τὴν
728 586 776 614 διὰ
802 591 848 614 τοῦ

41 633 198 669 γράμματος
232 631 372 667 ἐπίσκεψιν
398 630 495 662 ἦλθον·
526 632 685 670 παρακαλῶν
714 642 848 669 προηγου-

43 680 124 713 μένως
149 678 196 713 μεν
235 676 343 707 ἐκτενεῖς
362 678 406 708 τὰς
434 678 497 715 ὑπὲρ
522 677 584 714 ἐμοῦ
614 678 748 704 ποιεῖσθαι
780 677 848 714 ὑμᾶς

44 720 160 756 δεήσεις,
189 722 232 747 ἶνα
257 721 410 752 καταξιωθῶ
436 723 483 753 τὰς
507 726 569 758 γοῦν
605 721 756 759 λειπομένας
781 723 849 758 ἡμέ-

44 776 90 803 ρας
123 766 139 795 ἦ
172 767 244 802 ὧρας
274 764 416 792 δουλεῦσαι
436 771 472 802 τῷ
499 769 586 805 Κυρίῳ
604 768 713 794 κατὰτὸ
734 767 849 803 Εὐαγγέ-

46 811 98 837 λιον
125 815 172 841 τῆς
205 809 354 847 βασιλείας·
371 812 459 837 ἔπειτα
474 814 518 838 καὶ
539 815 694 848 συγγνώμην
710 813 779 848 ἔχειν
799 821 849 848 μου

46 859 75 891 τῇ
93 854 228 890 ἀπολείψει
257 857 302 881 καὶ
329 859 360 892 τῇ
391 854 541 892 βραδυτῆτι
560 857 640 892 ταύτῃ
664 861 714 883 τῶν
728 857 849 893 γραμμά-

46 909 105 926 των.
137 899 219 929 Μόλις
241 900 292 937 γὰρ
318 899 504 936 ηὐπορὲσαμεν
533 900 679 938 ἀνθρώπου,
704 905 749 927 τοῦ
772 899 850 927 δυνα-

45 947 125 981 μένον
155 943 403 982 ἓξυπηρετὴσασθαι
431 946 504 981 ἡμῶν
530 949 560 981 τῇ
577 945 712 982 ἐπιθυμίᾳ.
736 947 849 982 Λέγομεν

47 987 78 1014 3‘s
106 990 151 1014 τὸν
164 990 216 1014 υἱὸν
245 990 318 1025 ἡμῶν
343 989 461 1025 Εὐγένιον
487 991 530 1015 τόν
563 990 726 1026 μονάζοντα·
763 988 799 1016 δι’
819 990 850 1016 οὗ

45 1033 188 1070 παρακαλῶ
215 1033 342 1065 εὗξασθαι
361 1034 424 1071 ὑπὲρ
454 1034 528 1070 ἡμῶν
558 1037 603 1060 καὶ
625 1038 671 1065 τῆς
695 1034 850 1065 Έκκλησίας

47 1079 145 1112 πάσης,
162 1080 207 1104 καὶ
227 1077 388 1114 ἀντιγράψαι
397 1079 459 1114 ἡμῖν
474 1080 507 1104 τὰ
522 1081 581 1116 περὶ
598 1079 678 1115 ὑμῶν,
696 1080 736 1106 ἱνα
748 1082 850 1115 γνόντες

48 1122 217 1159 εὐθυμότερον
229 1120 401 1159 ὃιατεθῶμεν.

324 1187 494 1212 ΕΠΙΣΤΟΛῙΙ
515 1185 577 1213 ΗΓ.

531 123 776 153 EPISTOLARUM
795 121 940 151 CLASSIS
958 121 997 150 ll.
1020 121 1133 151 EPIST.
1157 122 1232 151 CXL.

1672 122 1728 151 586

942 184 1030 220 232
1050 186 1076 212 3.
1097 185 1185 218 Quod
1207 184 1232 212 si
1260 183 1325 212 ﬁeri
1342 185 1455 220 posset,
1483 185 1515 212 ut
1540 183 1580 213 ad
1600 191 1655 212 vos
1665 183 1730 220 ipse

903 229 1118 265 proﬁciscerer,
1133 229 1209 257 nihil
1224 229 1421 265 praetulissem
1431 228 1607 264 congressui
1620 231 1729 263 vestro,

904 276 976 302 utet
990 274 1096 302 Christi
1109 274 1235 302 athletas
1259 274 1393 302 viderem
1412 273 1678 310 amplectererque,
1703 275 1732 302 et

903 327 1038 355 precum,
1055 327 1090 347 ac
1104 319 1254 347 donorum
1267 318 1477 356 spiritualium,
1501 327 1569 355 quae
1591 318 1622 347 in
1643 318 1731 346 vobis

905 366 983 399 sunt,
1007 364 1156 401 particeps
1175 364 1289 392 ﬁerem.
1320 363 1377 392 Sed
1404 363 1475 400 quia
1499 371 1609 400 corpus
1627 371 1731 392 meum

900 409 966 445 jam
987 408 1129 437 diuturno
1151 409 1259 437 morbo
1287 408 1456 437 confectum
1477 411 1530 443 est,
1559 408 1636 436 adeo
1648 410 1680 436 ut
1692 415 1731 436 ne

903 453 1006 482 electo
1016 453 1141 490 quidem
1157 453 1272 490 possim
1296 453 1500 486 descendere;
1526 453 1636 490 etquia
1645 451 1731 481 multi

903 498 992 526 nobis
1003 497 1196 532 insidiantur,
1213 498 1307 526 instar
1316 497 1458 533 luporum
1472 497 1732 534 rapacium,occa-

903 543 1020 572 sionem
1033 543 1239 577 observantes,
1265 543 1289 570 si
1315 542 1440 579 quando
1463 542 1568 570 Christi
1596 550 1668 570 oves
1684 550 1734 570 ra.

903 595 973 624 pere
987 587 1112 624 possint,
1128 587 1313 615 necessarios
1325 595 1378 615 vos
1391 595 1446 623 per
1469 587 1582 615 litteras
1604 587 1731 616 invisere

904 632 1062 661 constitui:
1080 632 1245 660 adhortans
1260 640 1325 667 vos,
1354 632 1486 668 primum
1502 631 1676 667 quidem,ut
1688 632 1733 660 in-

903 680 983 706 tente
998 677 1162 714 precemini
1183 684 1238 713 pro
1253 685 1312 712 me,
1341 678 1374 705 ut
1399 676 1510 711 dignus
1522 676 1604 712 fiam,
1621 677 1673 713 qui
1686 685 1732 705 re-

904 722 1004 759 liquos
1030 722 1136 750 saltem
1161 722 1225 750 dies
1249 724 1301 749 aut
1325 721 1416 750 horas
1427 720 1553 749 Domino
1564 722 1731 751 secundum

903 767 989 803 regni
1004 766 1199 802 Evangelium
1216 766 1345 794 serviam
1359 775 1365 800 ;
1382 765 1491 794 deinde
1502 773 1573 794 vero
1592 769 1622 794 ut
1642 766 1731 795 etiam

904 812 1067 848 ignoscatis
1095 811 1239 840 absentia
1262 819 1338 839 mea:
1350 812 1378 838 et
1392 810 1460 838 huic
1475 810 1640 839 litterarum
1655 811 1733 840 dila-

871 870 890 896 B
904 856 978 884 tioni
991 864 1026 884 ac
1037 864 1141 884 morae.
1157 855 1210 884 Vix
1235 855 1315 884 enim
1331 855 1452 891 copiam
1461 854 1626 883 habuimus
1637 855 1733 884 homi-

904 901 961 935 nis,
982 901 1034 937 qui
1056 902 1159 929 nostro
1181 900 1331 928 desiderio
1351 902 1452 935 posset
1466 899 1645 928 subservire.
1662 900 1732 929 Dico

904 947 1006 973 autem
1026 945 1122 973 ﬁlium
1133 947 1270 973 nostrum
1290 944 1455 979 Eugenium
1468 944 1665 979 monachum,
1678 953 1732 981 per

903 997 995 1026 quem
1011 990 1136 1017 obsecro
1150 997 1214 1022 vos,
1224 991 1257 1016 ut
1268 996 1323 1025 pro
1333 988 1421 1016 nobis
1438 996 1472 1016 ac
1483 987 1622 1016 universa
1636 988 1732 1017 Eccle-

903 1035 948 1063 sia
958 1034 1057 1069 oretis,
1075 1042 1110 1062 ac
1125 1034 1214 1062 nobis
1223 1032 1394 1062 rescribatis
1404 1033 1443 1061 de
1465 1033 1556 1062 rebus
1570 1033 1686 1069 vestris,
1699 1036 1732 1063 ut

902 1079 950 1108 his
964 1079 1091 1115 cognitis
1106 1079 1235 1108 laetiores
1250 1078 1427 1107 efﬁciamur.

1183 1186 1353 1215 EPISTOLA
1372 1185 1456 1214 CXL'.

49 1229 250 1258 Antiochenos
272 1229 405 1258 Basilius
435 1230 470 1258 ob
500 1231 635 1265 corporis
662 1231 846 1260 debilitatem
871 1231 1001 1260 invisere
1018 1239 1079 1260 non
1101 1233 1208 1266 potest,
1225 1231 1276 1259 sed
1289 1238 1335 1258 eos
1345 1237 1400 1265 per
1417 1230 1535 1259 litteras
1545 1230 1577 1258 in
1591 1230 1732 1258 aerumnis

83 1266 262 1302 consolatur
273 1267 301 1293 et
316 1265 357 1293 ad
371 1266 552 1300 patientiam
571 1267 725 1296 hortatur.
745 1267 879 1302 Apponit

899 1267 988 1301 ﬁdem
1003 1267 1171 1302 Nic-mnam,
1187 1267 1295 1295 mentis
1305 1273 1366 1294 sua:
1378 1266 1458 1301 fctus
1472 1266 1593 1294 tradere
1605 1273 1666 1295 non
1681 1273 1734 1294 au-

80 1301 173 1336 dens;
189 1301 336 1336 additque
349 1302 637 1331 Pneumatomachos
656 1303 969 1332 cxcommunicandos.

253 1353 290 1386 Τῇ
312 1349 469 1387 Ἀντιοχέων
489 1351 642 1388 Ἐκκλησιᾳ.

83 1397 108 1423 1-
129 1397 175 1426 Τίς
191 1393 273 1421 δώσει
299 1405 344 1432 μοι
370 1398 514 1433 πτέρυγας,
533 1397 595 1423 ὡσεὶ
613 1399 785 1433 περιστερᾶς
805 1399 849 1423 καὶ

48 1441 250 1475 πετασθήσομαι
278 1440 334 1475 (77)
364 1442 430 1477 πρὸς
457 1440 534 1476 ὑμᾶς,
561 1443 606 1467 καὶ
625 1443 788 1468 καταπαύσω
804 1443 849 1468 τὸν

48 1486 125 1511 ποόον
152 1485 179 1510 ὃν
199 1486 254 1520 ἔχω
279 1483 320 1511 ἐπὶ
346 1489 377 1521 τῇ
408 1488 541 1522 συντυχίᾳ
563 1490 610 1517 τῆς
635 1487 758 1524 ὑμετέρας
786 1486 850 1522 ἁγά-

47 1539 108 1560 πης.
130 1531 196 1555 Νυνὶ
221 1527 251 1556 δὲ
271 1529 335 1565 οὐχὶ
349 1531 484 1566 πτερύγων
510 1529 600 1561 ἐνδεῶς
619 1532 674 1567 ἔχω
684 1533 770 1567 μόνον,
786 1531 851 1558 ἀλλὰ

47 1576 90 1600 καὶ
119 1574 200 1600 αὐτοῦ
231 1577 279 1600 τοῦ
308 1576 439 1610 σώματος,
465 1574 546 1601 πάλαι
558 1577 603 1612 μέν
622 1585 668 1612 μοι
684 1577 734 1603 ὑπό
748 1579 851 1613 μακρᾶς

46 1623 90 1649 τῆς
117 1618 267 1656 ἀρρωστίας
285 1621 471 1654 πεπονηκότος,
499 1622 544 1645 νῦν
575 1618 605 1646 δε
632 1621 682 1647 ὑπό
714 1624 765 1646 τῶν
791 1630 874 1647 συν-⁷

47 1668 115 1699 εχῶν
154 1663 265 1698 ολίψεων
309 1663 437 1694 παντελῶς
472 1666 700 1701 συντετριμμένον.
728 1666 771 1695 Τίς
799 1666 849 1703 γὰρ

46 1709 129 1739 οὑτως
149 1706 328 1744 ἀδαμάντινος
355 1711 403 1738 τὴν
431 1708 536 1745 ψυχὴν,
560 1711 599 1740 τίς
628 1710 695 1736 οὕτω
720 1709 850 1741 παντελῶς

46 1752 208 1788 ἀσυμπαθὴς
232 1755 278 1779 καὶ
307 1751 445 1791 ἀνήμερος,
480 1755 515 1784 ὡς
548 1753 648 1780 ἁκούων
678 1757 724 1780 τοῦ
750 1764 851 1780 παντα-

44 1799 126 1834 χόθεν
150 1798 218 1833 ἡμᾶς
233 1798 290 1832 (78)
310 1797 517 1834 προσϐάλλοντος
542 1802 698 1835 στεναγμοῦ,
723 1799 774 1825 οἷον
800 1798 850 1826 ἀπὸ

46 1852 114 1872 τινος
137 1845 221 1878 χοροῦ
250 1846 383 1878 κατηφοῦς
405 1844 489 1869 κοινόν
516 1852 575 1869 τινα
600 1844 691 1880 θρῆνον
715 1846 760 1870 καὶ
781 1845 851 1880 σύμ-

47 1897 130 1923 φωνον
154 1890 366 1923 προσηχοῡντος,
386 1889 422 1923 μὴ
457 1887 522 1923 οὐχὶ
553 1888 645 1914 παθεῖν
673 1890 719 1917 τὴν
747 1888 850 1924 ψυχὴν,

46 1935 94 1958 καὶ
121 1932 343 1967 κατακαμφθῆναι
377 1931 412 1963 εἰς
453 1935 512 1968 γῆν,
537 1935 582 1958 καὶ
618 1936 674 1963 ταῖς
702 1932 852 1969 ἀμηχάνοις

45 1978 159 2007 ταύταις
189 1978 328 2014 μερίμναις
364 1980 494 2008 παντελῶς
521 1976 679 2011 ἐκτακῆναις
707 1977 784 2004 Ἀλλὰ
807 1975 852 2004 δυ-

44 2023 124 2052 νατός
149 2021 163 2047 ὀ
190 2021 267 2056 ἅγιος
296 2022 361 2052 Θεὸς
387 2019 479 2047 δοῦναι
507 2031 566 2047 τινα
591 2021 667 2048 λύσιν
681 2025 731 2048 τῶν
746 2021 852 2058 ἀμηχά-

47 2077 108 2100 νων,
134 2068 180 2092 καὶ
204 2067 374 2102 χαρίσασθαι
398 2067 460 2102 ἡμῖν
485 2076 544 2092 τινα
563 2071 613 2092 τῶν
639 2071 746 2103 μακρῶν
769 2069 851 2093 πόνων

44 2110 187 2139 ἀναπνοήν,
217 2109 298 2136 Ὥστε
319 2113 363 2136 καὶ
397 2111 464 2146 ὑμᾶς
502 2113 550 2140 τὴν
587 2110 666 2140 αὐτὴν
693 2113 763 2147 ἔχειν
788 2111 889 2154 ἀξιῶῡ

46 2155 229 2193 παράκλησιν,
254 2157 299 2181 καὶ
325 2159 356 2191 τῇ
385 2153 473 2182 ἱλπίδι
496 2159 544 2186 τῆς
576 2155 765 2193 παρακλήσεως
786 2159 852 2192 χαί-

43 2210 137 2236 ροντας
162 2201 232 2236 ὑμᾶς
260 2201 289 2226 τό
315 2201 397 2237 παρὸν
427 2199 543 2236 ἀλγεινόν
571 2204 620 2226 τῶν
649 2200 758 2236 θλίψεων
785 2201 851 2228 ὑπο-

44 2247 140 2281 μένειν.
170 2246 229 2271 Εἴτε
261 2245 311 2281 γὰρ
341 2244 537 2282 ἁμαρτημάτων
567 2244 735 2282 ἁποτίννυμεν
762 2244 850 2281 δίκας,

47 2291 137 2315 ἱκαναὶ
153 2289 181 2315 αὶ
201 2290 328 2325 μάστιγες
357 2291 422 2326 πρὸς
446 2291 608 2326 παραίτησιν
619 2291 676 2325 (79)
696 2289 785 2316 λοιπὸν
804 2294 852 2321 τῆς

47 2334 86 2370 ἐφ’
114 2335 178 2370 ἡμῖν
203 2333 285 2370 ὀργῆς
319 2337 364 2359 τοῦ
393 2337 478 2360 Θεοῦ¹
507 2335 556 2360 εἴτε
584 2334 620 2365 εἰς
646 2336 706 2365 τοὺς
728 2335 790 2372 ὑπὲρ
806 2339 851 2365 τῆς

46 2378 183 2408 εὐσεϐείας
223 2377 326 2414 ἀγῶνας
361 2376 408 2404 διὰ
429 2382 479 2404 τῶν
503 2382 654 2416 πειρασμῶν
682 2380 778 2405 τούτων
807 2389 850 2405 κε-

45 2423 166 2459 κλήμεθα
186 2423 251 2458 (80),
278 2421 382 2454 δίκαιος
410 2423 423 2449 ὁ
455 2422 591 2454 ἀθλοθέτης
619 2426 655 2460 μὴ
680 2423 756 2450 ἐᾶσαι
781 2423 851 2461 ἡμᾶς

45 2468 225 2505 πειρασθῆναι
238 2467 302 2504 ὑπὲρ
329 2468 342 2493 ὅ
367 2465 501 2504 δυνάμεθα
528 2468 674 2504 ὑπενεγκεῖν
690 2475 696 2483 ·
728 2467 782 2494 ἀλλ’
809 2467 850 2495 ἐπὶ

44 2517 102 2544 τοῖς
125 2513 366 2550 προπεπονημένοις
395 2510 540 2539 ἀποδοῦναι
568 2514 630 2549 ἡμῖν
649 2515 692 2540 τὸν
716 2517 762 2545 τῆς
783 2514 850 2540 ὑπο-

81 2558 106 2575 ²⁵
126 2556 203 2584 Psal.
224 2564 282 2584 LIV.
299 2559 327 2585 7.

79 2602 141 2638 (7'7)
161 2601 376 2638 Πετασθὴσομαι-
395 2602 476 2629 Unus
490 2601 600 2638 Regius
618 2603 714 2630 codex
730 2610 748 2631 a
762 2602 849 2631 Com-

44 2636 153 2674 bciisio
159 2637 492 2674 Acilalusimvaﬁao‘umt.

51 2709 56 2714 ι
80 2673 140 2717 (78)
158 2672 252 2709 Ἡμᾶς.
273 2673 343 2707 Reg.
363 2672 515 2701 secundus
540 2675 569 2702 et
587 2673 674 2702 Coisl.
695 2673 848 2702 secundus

47 2718 120 2736 ηιιιν.

81 2743 141 2779 (79)
159 2744 230 2780 Πρὸς
260 2745 428 2780 παραίτησιν.
458 2745 501 2773 Ita
525 2752 577 2774 sex
598 2753 671 2774 mss.
688 2745 763 2774 Editi
786 2747 849 2783 πρὸς

191 2807 314 2834 Ρλτκοι.
335 2806 386 2834 Gn.
407 2807 505 2836 XXXII.

1133 1351 1274 1380 Ecclesiae
1292 1350 1500 1380 Antiochensi.

942 1399 965 1424 t.
988 1396 1060 1430 Quis
1075 1396 1157 1425 dabit
1169 1395 1246 1424 mihi
1265 1396 1344 1431 atas,
1360 1396 1437 1424 sicut
1453 1395 1620 1424 columbae?
1641 1399 1670 1424 et
1686 1403 1734 1424 vo-

942 1419 965 1424 ..
989 1419 1058 1430 ,μην
1075 1419 1156 1425 ---η
1266 1419 1344 1431 -.-Ἴ
1360 1419 1436 1424 -.-η
1453 1419 1612 1424 _---....-...
1642 1419 1669 1424 ν,
1687 1419 1720 1424 ,ν

865 1419 891 1456 q
905 1441 1006 1470 tabo”
1018 1441 1057 1469 ad
1063 1449 1128 1472 vos,
1140 1448 1176 1469 ac
1191 1439 1320 1476 explebo
1331 1447 1434 1468 meum
1443 1440 1733 1474 congrediendicum

903 1488 1004 1514 vestra
1015 1485 1160 1514 ebaritate
1175 1484 1369 1513 desiderium.
1386 1486 1470 1513 Nunc
1492 1486 1594 1513 autem
1608 1492 1670 1513 non
1685 1492 1734 1512 so-

903 1531 967 1559 lum
997 1530 1053 1558 alae
1080 1530 1155 1558 mihi
1173 1529 1294 1562 desunt,
1315 1529 1368 1558 sed
1391 1529 1491 1565 ipsum
1510 1529 1600 1558 etiam
1611 1537 1733 1566 corpus,

903 1575 1020 1603 dudum
1027 1574 1151 1611 quidem
1161 1574 1236 1603 mihi
1245 1573 1337 1609 longa
1348 1573 1525 1609 aegritudine
1533 1573 1733 1608 debilitatum,

905 1627 987 1648 nunc
1012 1627 1082 1648 vero
1096 1619 1241 1647 molestiis
1264 1618 1416 1647 continuis
1441 1618 1561 1655 penitus
1589 1618 1734 1648 attritum.

904 1664 976 1698 Quis
988 1664 1070 1692 enim
1081 1663 1184 1692 animo
1197 1663 1238 1692 ita
1252 1662 1460 1696 adamantino,
1471 1662 1540 1699 quis
1551 1663 1593 1692 ita
1606 1663 1735 1692 commi-

905 1708 1062 1737 serationis
1077 1708 1177 1736 omnis
1197 1716 1232 1736 ac
1254 1707 1500 1736 mansuetudinis
1507 1715 1625 1744 expers,
1641 1710 1674 1737 ut
1684 1716 1736 1737 au~

904 1753 991 1782 diens
1007 1754 1153 1789 gemitum
1175 1753 1311 1789 undique
1334 1761 1423 1781 aures
1433 1754 1554 1781 nostras
1569 1752 1735 1788 ferientem,

904 1798 986 1826 velut
1000 1805 1037 1826 ex
1047 1798 1122 1826 tristi
1141 1797 1278 1834 quodam
1303 1797 1395 1825 choro
1420 1804 1616 1825 communem
1629 1805 1736 1834 quam-

905 1843 977 1871 dam
1005 1851 1041 1871 ac
1069 1850 1237 1871 consonam
1257 1841 1506 1870 lamentationem
1532 1841 1649 1874 edente,
1673 1849 1736 1870 non

906 1887 1008 1916 animo
1024 1887 1204 1919 doleat.non
1221 1887 1308 1915 humi
1326 1886 1519 1923 procumbat,
1534 1888 1563 1914 et
1582 1894 1644 1914 non
1655 1886 1737 1922 peni-

905 1931 1220 1962 tusinextricabilibus
1242 1931 1289 1959 bis
1317 1930 1566 1960 curistabescat?
1590 1931 1647 1960 Sed
1659 1932 1737 1959 Deus

907 1979 1029 2006 sanctus
1043 1978 1143 2013 potest
1169 1983 1226 2004 nos
1247 1984 1283 2004 ex
1298 1976 1334 2004 iis
1343 1983 1412 2012 quia
1427 1975 1646 2004 inextricabilia
1667 1977 1738 2004 sunt

906 2022 1031 2054 solvere,
1056 2024 1085 2050 et
1108 2021 1242 2057 aliquam
1262 2020 1353 2049 nobis
1376 2028 1414 2049 ex
1442 2020 1566 2049 diutinis
1581 2020 1738 2049 laboribus

905 2067 1136 2104 respirationem
1147 2065 1258 2101 largiri.
1289 2066 1388 2099 Quare
1403 2068 1431 2094 et
1445 2073 1500 2094 vos
1511 2066 1594 2094 idem
1609 2065 1679 2094 volo
1691 2073 1738 2094 so-

905 2111 1012 2140 latium
1040 2110 1163 2144 habere,
1192 2118 1227 2138 ac
1251 2117 1304 2146 spe
1334 2109 1549 2138 consolationis
1572 2109 1738 2145 gaudentes

906 2157 1086 2194 praesentem
1106 2154 1303 2183 afﬂictionum
1332 2153 1468 2182 dolorem
1497 2154 1638 2190 perferre.
1669 2154 1736 2183 Sive

906 2201 987 2229 enim
1003 2201 1197 2237 peccatorum
1216 2198 1359 2227 solvimus
1383 2206 1504 2235 pinnas,
1517 2198 1735 2227 sufﬁciuntﬂa~

906 2246 985 2281 geiln
1008 2245 1048 2273 ad
1068 2243 1264 2273 avertendam
1291 2243 1434 2280 deinceps
1450 2243 1502 2272 Dei
1523 2243 1553 2272 in
1570 2251 1627 2272 nos
1641 2243 1719 2272 iram

906 2291 969 2319 sive
979 2290 1019 2319 ad
1028 2288 1205 2318 sustinenda
1218 2296 1274 2325 pro
1282 2288 1392 2325 pietate
1402 2288 1569 2318 certamina
1579 2286 1734 2317 his‘tenta-

905 2333 1311 2369 tionibusvocamur,justus
1335 2335 1380 2361 est
1397 2333 1596 2361 certaminum
1612 2332 1732 2366 arbiter,

905 2382 1009 2408 utnon
1022 2380 1102 2407 sinat
1112 2378 1219 2407 tentari
1235 2385 1292 2406 nos
1319 2377 1398 2406 ultra
1423 2385 1517 2414 quam
1537 2378 1614 2406 ferre
1626 2385 1734 2414 possu-

905 2432 974 2452 mus
987 2434 993 2452 :
1008 2423 1062 2452 sed
1075 2423 1164 2451 nobis
1173 2422 1342 2459 reddatpro
1353 2421 1486 2450 toleratis
1491 2422 1556 2459 jam
1567 2421 1732 2457 laboribus,

904 2469 1054 2505 patientiae
1066 2467 1162 2504 etlspei
1173 2467 1204 2496 in
1214 2467 1315 2504 ipsum
1339 2468 1448 2495 nostrae
1459 2474 1615 2496 coronam.
1630 2467 1732 2503 Itaque

904 2522 942 2542 ne
949 2513 1159 2549 defatigemur,
1169 2511 1318 2541 obeundis
1327 2519 1383 2548 pro
1391 2511 1500 2548 pietate
1506 2510 1730 2546 certaminibus,

900 2605 1246 2679 "ifézilitlglﬁpegaz'§ic
1263 2637 1339 2679 ἕως
1363 2638 1393 2679 et
1416 2635 1510 2679 Coisl.‘
1519 2635 1729 2679 primusrcum

903 2675 970 2703 aliis
982 2672 1121 2738 quatuor.
1138 2673 1213 2700 Editi
1229 2672 1416 2710 βεϐαιούμιθα,
1433 2673 1660 2708 conﬁrmamur.

938 2711 948 2722 '
965 2712 987 2738 Α
1001 2710 1044 2738 ias
1058 2710 1109 2737 LX.
1127 2709 1242 2746 Scripta
1252 2716 1333 2737 anno
1345 2711 1407 2737 373.

1571 2806 1604 2833 19
