1984 3147
278 123 328 151 591

965 117 994 146 S.
1015 115 1143 146 BASlLli
1162 117 1272 147 MAGNI

1906 128 1947 156 592

279 186 308 214 et
321 185 385 221 ipse
395 191 455 212 non
469 184 602 219 ignoras,
613 182 664 210 uni
685 181 851 211 ministeria
867 180 1018 217 ejusmodi
1041 188 1069 208 n4

1162 181 1197 211 ὡς
1210 183 1256 208 καὶ
1278 181 1357 213 αὐτὸς
1369 180 1455 216 οἶδας,
1481 182 1517 209 ἑνὶ
1540 183 1587 215 τὰς
1609 185 1734 216 τοιαύτας
1753 185 1899 224 οἰκονομίας
1920 192 1946 225 μή

279 229 476 259 concedunt?
495 230 561 257 1am
574 236 646 256 vero
671 227 827 264 quodnam
851 225 1018 255 remedium
1042 233 1105 253 non

279 274 405 304 adhibui
420 274 434 302 ?
449 273 609 307 Quodnam
619 272 768 309 judicium
784 272 857 309 ipsis
882 279 943 300 non
965 270 1105 299 revocavi

278 321 310 349 in
325 319 514 352 memoriam,
535 318 644 354 partim
665 325 719 354 per
745 317 869 350 litteras,
899 316 1008 353 partim
1035 323 1105 343 cum

278 372 382 394 coram
415 363 567 398 congressi
600 365 766 391 essemus?
791 363 941 390 Venerunt
966 361 1045 388 enim
1077 361 1105 388 et

277 418 374 446 usque
391 409 429 437 ad
445 408 563 441 urbem,
579 407 683 436 audito
698 406 802 435 mortis
818 414 893 434 meae
907 405 1026 433 nuntio.
1047 405 1104 433 Sed

277 456 350 492 quia
363 456 423 482 Deo
435 453 535 482 visum
547 455 602 488 est,
614 455 646 480 ut
656 459 705 480 me
717 452 818 480 vivum
834 450 1102 487 deprehenderent,

277 508 339 535 e05,
357 501 390 527 ut
418 506 474 535 par
501 499 574 531 erat,
601 505 670 524 sum
694 496 853 524 allocutus.
869 498 909 523 Ae
924 497 1103 531 praesentem

277 543 402 581 quidem
416 544 599 575 reverentur,
625 543 654 570 et
668 541 774 569 omnia
799 547 989 576 quaecunque
1013 538 1104 567 ofﬁcii

277 590 348 616 sunt
365 587 544 624 pollicentur
558 596 564 614 :
583 588 613 614 at
627 585 717 613 simul
735 587 767 613 ut
784 585 983 618 recesserunt,
997 583 1104 611 iterum

275 634 432 662 recurrunt
446 632 485 659 ad
503 639 591 659 suam
605 630 740 667 ipsorum
753 629 981 658 sententiam.ln
990 628 1038 656 his
1048 635 1104 656 nos

275 685 399 716 quoque
414 676 585 705 communis
594 684 695 704 rerum
705 677 800 703 status
813 674 975 711 participes
985 681 1103 708 sumus,

275 723 404 752 Domino
420 722 508 758 235
524 721 628 758 palam
642 729 700 749 nos
715 720 882 753 deserente,
893 727 1024 756 quorum
1036 718 1104 746 cha-

274 768 348 797 ritas
363 767 403 796 ob
431 766 662 803 multiplicatam
688 765 878 801 iniquitatem
902 763 1024 792 refrixit.
1047 763 1104 792 Sed

274 812 364 842 nobis
379 812 418 840 ad
428 811 532 840 omnia
546 811 677 838 sufﬁciat
692 817 808 844 magna
824 811 876 837 tua
886 816 921 837 ac
934 808 1104 845 potentiSSi~

1163 228 1371 264 συγχωρούντων
1383 236 1390 259 ;
1404 229 1496 253 Καίτοι
1503 230 1562 254 τίνα
1573 230 1708 265 θεραπείαν
1720 230 1766 256 οὐκ
1779 231 1946 268 ἑθεράπευσας

1161 273 1241 297 Ποὶου
1256 274 1383 308 κρίματος
1399 272 1491 303 αὐτοὺς
1506 273 1553 299 οὐκ
1565 273 1698 311 ὰνέμνησα
1710 277 1743 302 τὰ
1754 277 1800 312 μὶν
1816 275 1864 303 διὰ
1877 288 1948 315 γραμ-

1160 316 1259 352 μάτων,
1274 317 1307 342 τὰ
1323 315 1353 343 δὴ
1363 319 1406 343 καὶ
1422 315 1468 343 διὰ
1480 321 1528 348 τῆς
1552 321 1718 355 συντυχίαςς
1738 320 1834 347 Ἦλθον
1847 323 1896 358 γὰρ
1914 326 1949 349 καὶ

1159 362 1241 398 μέχρι
1258 364 1304 392 τῆς
1316 361 1423 395 πόλεως,
1435 363 1503 388 κατὰ
1514 362 1594 392 ἀκοὴν
1608 367 1653 390 τοῦ
1667 363 1728 401 ἐμοῦ
1744 366 1867 394 Θανάτου.
1891 367 1949 394 Ἐπεὶ

1160 403 1190 431 δὲ
1198 403 1270 437 ἔδοξε
1280 409 1316 441 τῷ
1327 410 1383 441 Θεῷ
1396 406 1495 438 ζῶντας
1505 408 1572 444 ἡμᾶς
1583 408 1646 446 «ιταρ1
1657 409 1740 435 αὐτῶν
1750 410 1948 447 καταληφθῆναι,

1160 447 1332 486 διελέχθημεν
1348 451 1435 482 αὐτοῖς
1449 452 1483 478 τὰ
1497 452 1593 480 εἰκότα.
1612 456 1662 480 Καὶ
1676 456 1793 491 παρόντα
1807 456 1853 492 μὲν
1869 455 1948 483 αἰδοῦ-

1158 504 1225 528 νται,
1239 497 1284 521 καὶ
1299 496 1492 532 ὑπισχνοῦνται
1502 498 1535 523 τὰ
1545 497 1632 525 εἰκότα
1644 500 1730 525 πάντα
1741 510 1747 516 -
1765 500 1949 538 ἀπολειφθέντες

1159 537 1189 565 δὲ
1203 539 1280 566 πάλιν
1292 542 1356 576 πρὸς
1371 542 1417 569 τὴν
1434 541 1530 568 ἑαυτῶν
1545 541 1723 581 ἀνατρέχουσι
1736 537 1951 582 γνὼμηνξΤαῦτα

1158 586 1203 610 καὶ
1218 585 1290 621 ἡμεῖς
1302 588 1348 616 τῆς
1360 589 1448 617 κοινῆς
1463 587 1649 620 καταστάσεως
1662 592 1712 614 τῶν
1727 592 1889 626 πραγμάτων
1900 591 1951 618 ἀπο-

1157 627 1277 665 λαύομεν,
1301 628 1438 666 προδήλως
1455 634 1501 657 τοῦ
1521 634 1618 669 Κυρίου
1644 632 1862 668 ἐγκαταλιπόντος
1880 637 1948 669 ἡμᾶς,

1158 674 1220 703 τοὺς
1235 671 1282 699 διὰ
1303 676 1333 700 τὸ
1360 674 1539 705 πληθυνθῆναι
1562 679 1610 706 τὴν
1633 676 1741 714 ἀνομίαν
1756 665 1950 714 ψύξανταςιτὴν

1159 716 1272 753 ἀγάπην.
1290 718 1369 745 Ἀλλά
1389 721 1453 756 πρὸς
1468 721 1554 747 πάντα
1579 722 1641 758 ἡμῖν
1666 721 1802 759 ἀρκεσάτω
1827 725 1843 753 ἡ
1860 725 1950 760 μεγάλη

1160 772 1208 788 σου
1222 765 1266 789 καὶ
1280 761 1448 794 δυνατωτάτη
1466 766 1532 803 πρὸς
1553 768 1614 793 Θεὸν
1632 768 1727 795 ἱκεσία.
1752 769 1833 805 Τάχα
1852 771 1901 806 γὰρ
1927 770 1951 796 ἂν

1159 808 1174 836 ἣ
1189 809 1327 844 γενοίμεθά
1341 819 1366 835 τι
1379 813 1434 841 τοῖς
1453 811 1593 847 πράγμασι
1616 815 1750 850 χρήσιμοι
1774 813 1843 849 (90),
1868 815 1893 848 ἣ,
1918 813 1952 841 δι-

274 865 327 886 ma
341 857 423 893 apud
439 857 533 884 Deum
545 855 728 891 deprecatio.
742 855 828 882 Forte
841 853 921 881 enim
937 855 989 881 aut
1012 852 1065 881 reb

1159 855 1317 889 αμαρτόντες
1343 854 1398 886 (91)
1425 859 1475 881 τῶν
1503 853 1734 893 σπουδαζομένων,
1762 859 1886 896 φύγοιμεν
1909 862 1951 889 τήν

276 901 390 938 aliquid
400 901 600 937 proderimus,
609 901 662 928 aut
674 899 698 927 si
708 901 813 935 optato
823 898 903 927 exitu
915 897 1102 932 aberremus,

276 945 562 975 condemnationem
577 943 767 979 effugiemus.

538 1006 707 1035 EPISTULA
719 1005 832 1034 CXLII".

1158 898 1324 935 κατάκρισιν.

1416 1009 1584 1034 ΕΠΙΣΤΟΛΗ
1605 1009 1688 1037 ΡΜΒ’.

600 1069 697 1104 Rogat
711 1067 847 1097 Basilius
860 1069 892 1095 ut
903 1074 1072 1102 pauperum
1088 1065 1217 1101 hospitia
1233 1067 1428 1104 vectigalzbus
1443 1071 1627 1099 eximantur.

502 1145 534 1173 Ν
534 1145 683 1173 umerario
690 1143 863 1179 praesidum.

307 1207 476 1238 Convocavi
491 1214 597 1236 omnes
613 1206 653 1235 ad
666 1208 849 1234 conventum
862 1205 943 1234 beati
956 1203 1097 1240 martyris

271 1253 434 1290 Eupsychii
443 1252 549 1280 fratres
564 1253 684 1279 nostros
700 1250 945 1286 chorepiscopos,
957 1251 990 1277 ut
1010 1251 1098 1277 notos

269 1290 401 1327 facerem
417 1296 555 1332 dignitati
565 1297 635 1324 tuae.
651 1295 708 1324 Sed
725 1295 796 1332 quia
813 1295 945 1329 abfuisti,
956 1302 1010 1330 per
1022 1293 1097 1322 litte-

269 1351 320 1371 ras
348 1350 400 1370 eos
432 1349 556 1370 necesse
579 1342 624 1369 est
652 1341 754 1368 sistere
778 1339 939 1374 integritati
955 1341 1021 1367 tum.
1046 1339 1098 1367 Co~

270 1395 382 1424 gnosce
403 1387 493 1422 igitur
516 1385 640 1415 fratrem
663 1385 766 1419 istum,
786 1384 839 1421 qui
858 1384 968 1420 dignus
989 1385 1033 1412 est
1057 1383 1097 1411 ob

269 1432 388 1462 Domini
400 1432 540 1460 timorem
555 1430 602 1458 cui
619 1432 668 1458 tua
680 1429 841 1467 prudentia
855 1428 948 1457 ﬁdem
975 1428 1094 1456 habeat.

269 1479 304 1506 Et
315 1484 506 1514 quaecunque
520 1483 687 1512 pauperem
710 1482 802 1503 causa
816 1473 853 1502 ad
871 1475 955 1501 tuam
981 1472 1096 1501 bonam

1364 1148 1534 1183 Νουμεραρίῳ
1549 1145 1740 1184 ἔπάρχων(92).

1188 1207 1336 1242 Συνήγαγον
1353 1208 1410 1242 (93)
1425 1209 1470 1244 μὲν
1485 1209 1584 1240 πάντας
1599 1209 1623 1235 ἐν
1633 1214 1663 1246 τῇ
1687 1208 1790 1247 συνόδῳ
1804 1215 1847 1238 τοῦ
1865 1223 1950 1249 μακα-

1152 1252 1208 1286 ρίου
1235 1252 1368 1288 μάρτυρος
1391 1252 1530 1289 Εὖψυχίου
1555 1255 1615 1284 τοὺς
1640 1253 1764 1291 ἀδελφοὺς
1793 1257 1865 1293 ἡμῶν
1892 1260 1948 1288 τοὺς

1151 1298 1379 1333 χωρεπισκόπους,
1393 1298 1460 1323 ὥστε
1474 1300 1621 1335 γνωρίμους
1636 1303 1748 1329 ποιῆσαι
1762 1304 1794 1337 τῇ
1818 1304 1949 1338 τιμιότητί

1153 1349 1200 1365 σου
1222 1350 1228 1356 ·
1260 1339 1313 1367 ἐπεὶ
1343 1339 1372 1367 δὲ
1401 1340 1565 1378 ἀπελείφθης,
1597 1341 1645 1370 διὰ
1671 1345 1834 1382 γραμμάτων
1859 1346 1949 1378 αὐτοὺς

1150 1385 1292 1420 ἀναγκαῖόν
1303 1385 1360 1412 ἐστι
1370 1387 1559 1423 προσαχθῆναί
1570 1397 1617 1414 σου
1630 1392 1660 1424 τῇ
1673 1388 1824 1419 τελειότητι.
1840 1392 1948 1427 Γνὼριζε

1151 1431 1236 1455 τοίνυν
1250 1431 1294 1456 τὸν
1305 1429 1414 1468 ἀδελφόν
1429 1429 1513 1464 τόνδε,
1531 1431 1603 1463 ἄξιον
1626 1434 1687 1459 ὂντα
1707 1438 1752 1460 τοῦ
1777 1437 1947 1462 πιστεύεσθαι

1151 1475 1222 1511 παρὰ
1236 1479 1284 1506 τῆς
1309 1479 1355 1506 σῆς
1376 1478 1521 1513 φρονήσεως
1544 1475 1591 1503 διὰ
1613 1479 1656 1504 τὸν
1676 1478 1752 1514 φόϐον
1774 1483 1821 1506 τοῦ
1842 1483 1946 1517 Κυρίου.

268 1523 456 1551 voluntatem
470 1521 612 1554 retulerit,
629 1520 655 1548 ei
668 1521 702 1547 ut
715 1527 822 1547 verum
841 1518 950 1546 dicenti
965 1518 1069 1553 digner

1153 1522 1202 1546 Καὶ
1216 1520 1279 1557 οἷπερ
1294 1519 1324 1546 ἂν
1334 1524 1383 1546 τῶν
1396 1525 1509 1557 πτωχῶν
1523 1521 1602 1548 ἕνεκεν
1619 1522 1728 1561 ἀναφέρῃ
1748 1533 1794 1550 σου
1810 1528 1843 1561 τῇ
1865 1524 1944 1562 ἀγαθῇ

267 1567 361 1596 ﬁdem
374 1566 496 1599 habere,
505 1567 596 1601 atque
610 1564 769 1592 atllictatos
784 1571 838 1600 pro
850 1563 925 1591 virili
940 1562 1096 1598 adjuvare.

268 1611 444 1646 Dignaberis
457 1612 559 1638 autem
574 1609 679 1646 procul
693 1608 786 1636 dubio
806 1609 835 1636 et
854 1616 1024 1644 pauperum
1043 1608 1096 1636 do-

268 1664 355 1684 mum
369 1655 409 1683 ad
425 1662 520 1691 pagos
534 1654 594 1690 ipsi
608 1653 788 1682 commissos
805 1653 1004 1689 pertinentem
1019 1653 1095 1681 iuvi-

268 1708 344 1732 sere,
359 1707 394 1728 ac
408 1699 534 1727 omnino
548 1698 746 1733 vectigalibus
765 1697 905 1726 eximere.
931 1699 991 1725 Hoc
1012 1697 1093 1725 enim

264 1745 330 1781 jam
345 1746 373 1773 et
384 1746 436 1772 tuo
449 1743 571 1779 collegae
586 1743 683 1771 visum
696 1744 742 1770 est
765 1742 907 1778 exiguam
928 1750 1093 1777 egenorum

266 1789 491 1828 possessionem
505 1788 621 1817 tributis
637 1787 778 1816 eximere.

523 1851 693 1880 EPISTOLA
705 1850 840 1878 CXLIII".

1150 1566 1310 1602 προαιρέσει,
1318 1564 1480 1603 καταξίωσον
1489 1566 1521 1596 ὡς
1532 1565 1683 1595 ὰληθεύοντι
1692 1569 1840 1603 πείθεσθαι,
1848 1572 1893 1596 καὶ
1903 1573 1945 1599 τήν

1151 1607 1265 1639 δυιατὴν
1278 1609 1427 1647 ἐπικουρίαν
1442 1612 1608 1647 παρέχεσθαι
1625 1615 1681 1643 τοῖς
1701 1617 1942 1651 καταπονουμένοις.

1151 1653 1327 1685 Καταξιὼσεις
1340 1652 1370 1680 6“:
1389 1653 1510 1683 δηλονότι
1518 1665 1561 1681 κα.
1573 1660 1773 1694 πτωχοτροφίαν
1787 1663 1836 1690 τῆς
1848 1669 1945 1696 avitam

1149 1701 1207 1735 ρίας
1220 1703 1265 1729 τῆς
1282 1699 1326 1725 ὑπ’
1347 1699 1423 1725 αὐτον
1434 1699 1639 1735 ἐπισκέψασθαι,
1650 1702 1784 1732 καὶπάντη
1793 1702 1892 1730 ἀνεῖναι
1905 1708 1945 1733 τῆς

1149 1743 1388 1775 συντελείας.Τοῦτο
1394 1745 1444 1781 γὰρ
1452 1746 1466 1773 ἦ
1472 1742 1505 1773 δη
1514 1747 1559 1771 καὶ
1565 1749 1601 1780 τῷ
1608 1745 1701 1784 ἑταίρῳ
1709 1756 1756 1772 σου
1766 1750 1896 1785 συνήρεσε
1904 1751 1945 1777 τήν

1147 1789 1243 1826 μικρὰν
1249 1792 1298 1819 κτῆ
1303 1798 1343 1815 σιν
1350 1792 1399 1815 τῶν
1406 1791 1521 1818 πενήτων
1528 1788 1725 1827 ὰλειτούργητον
1731 1797 1851 1823 καταστῆ
1858 1803 1913 1821 σαι.

1409 1855 1579 1880 ΕΠΙΣΤΟΛΗ
1598 1854 1681 1881 ΡΜΓ.

832 1911 914 1941 Idem
930 1913 1006 1948 petit
1024 1913 1062 1942 ab
1076 1914 1172 1943 altera
1191 1915 1373 1943 numer-ario.

531 1988 555 2016 A
562 1987 631 2016 lteri
637 1988 820 2017 numerario.

299 2051 366 2080 Mihi
381 2051 504 2088 quidem
528 2050 620 2079 silicet
632 2050 809 2085 dignitatem
820 2053 902 2080 tuam
916 2051 1085 2084 convenire,

262 2105 317 2134 per
331 2105 378 2125 me
393 2097 458 2133 ipse
476 2103 599 2132 prorsus
614 2096 782 2124 retulissem
805 2096 916 2132 quibus
938 2097 976 2125 de
996 2097 1087 2125 rebus

1403 1991 1493 2028 Ἑτέρῳ
1507 1995 1680 2030 νουμεραρίῳ.

1179 2052 1209 2079 Εἰ
1224 2054 1269 2089 μὲν
1285 2053 1354 2089 αὐτῷ
1369 2063 1414 2090 μοι
1437 2052 1548 2080 δυνατὸν
1561 2059 1593 2084 ῆν
1620 2059 1795 2094 συμπαρεῖναι
1809 2062 1842 2094 τῇ
1857 2060 1946 2095 τιμιό-

1141 2099 1201 2126 τητί
1222 2107 1279 2131 σου,
1301 2096 1337 2124 δι’
1356 2098 1467 2135 ἐμαυτοᾶ
1487 2098 1517 2124 ἂν
1541 2100 1640 2130 πάντως
1669 2100 1797 2137 ἁνήνεγκα
1825 2105 1885 2140 περὶ
1915 2104 1946 2127 ὧν

261 2142 405 2170 sollicitus
421 2149 499 2175 sum,
520 2142 549 2168 et
563 2140 743 2168 atilictorum
767 2141 974 2169 defensionem
990 2149 1069 2169 susce

1155 2142 1293 2179 ϐουλόμην,
1320 2145 1364 2169 καὶ
1385 2145 1513 2181 προέστην
1540 2148 1588 2170 τῶν
1613 2148 1844 2182 καταπονουμένων
1859 2158 1865 2163 ·
1894 2148 1945 2174 ἐπεὶ

260 2187 383 2224 pissem.
401 2186 456 2215 Sed
468 2194 538 2214 cum
552 2193 601 2214 me
614 2186 748 2222 corporis
762 2186 883 2215 inﬁrma
896 2186 1036 2214 valetudo
1052 2194 1087 2215 ac

259 2232 450 2267 negotiorum
460 2230 677 2266 impedimenta
687 2231 852 2263 retrahant,
860 2230 917 2259 mei
929 2231 995 2259 loco
1005 2231 1086 2259 hunc

259 2277 382 2305 fratrem
392 2275 644 2312 chorepiscopum
658 2275 710 2303 tibi
720 2275 912 2311 commendo,
919 2277 951 2304 ut
961 2275 988 2304 ei
998 2284 1086 2304 aures

257 2391 384 2421 Marcelli
399 2390 546 2427 discipuli,
563 2393 727 2427 antequam
741 2390 816 2427 Petri
829 2390 1022 2419 Alexandrini
1033 2399 1084 2419 au-

257 2428 377 2456 ctoritas
392 2426 586 2456 accessisset:
603 2429 631 2454 et
642 2426 711 2454 cum
727 2426 766 2454 ab
777 2426 927 2462 episcopis
941 2427 970 2454 in
984 2427 1083 2455 Pales-

255 2464 319 2492 tina
333 2463 540 2491 exsulantibus
556 2470 617 2491 non
631 2464 803 2498 exspectato
826 2462 954 2498 aliorum
970 2462 1082 2498 episco-

254 2508 364 2536 porum
381 2507 531 2527 consensu
547 2497 673 2526 restituti
686 2497 823 2530 fuissent,
835 2497 947 2526 factum
956 2497 1081 2527 moleste

254 2535 322 2564 tulit
333 2537 361 2563 et
372 2534 465 2562 libere
478 2532 679 2568 reprehendit.
694 2533 779 2568 epist.
796 2535 857 2561 265.

674 2555 679 2563 ,
694 2544 779 2563 epist.
797 2544 857 2561 Ζῠὶ).

290 2543 883 2604 ε¹Ἇῗὲἐὲθὲἒίέἒῗῗίᾶἲ¹θὲἓὲῖῥῗέξιέηῒὲθδ

289 2606 312 2617 "
326 2606 405 2634 Alias
419 2606 572 2634 CCCCXIX.
586 2603 702 2639 Scripta
716 2611 796 2631 anno
810 2606 871 2632 373.

289 2643 341 2676 (90)
357 2644 501 2678 Χρήσιμοι.
521 2639 696 2678 Legendum
713 2641 785 2676 puto
800 2642 947 2678 χρήσιμον,
963 2643 995 2669 ut
1013 2641 1078 2677 jam

251 2676 413 2705 observavi
427 2676 466 2704 ad
479 2676 566 2712 epist.
582 2678 628 2703 72.

288 2714 344 2746 (91)
359 2710 556 2748 Διαμαρτόντες.
573 2712 614 2750 Ita
633 2710 767 2750 quinque
782 2720 856 2750 m_ss.
878 2712 952 2740 Ediii
965 2710 1078 2750 διαμαρ-

251 2749 378 2778 τάνοντες.
396 2747 466 2782 Reg.
483 2748 636 2776 secundus
652 2749 679 2774 et
693 2747 783 2775 Paris.
800 2747 1003 2782 διαμαρτῶντες.

286 2783 343 2819 (92)
361 2784 510 2820 Ἐπάρχων.
527 2785 599 2820 Reg.
610 2782 762 2812 secundus
778 2786 806 2813 et
819 2782 907 2812 Coisl.
923 2783 1076 2813 secundus

1143 2185 1172 2213 δέ
1195 2197 1227 2223 με
1249 2186 1382 2225 ἀρρωστία
1406 2191 1527 2225 σώματος
1554 2191 1598 2215 καὶ
1628 2188 1754 2226 ἀσχολίαι
1780 2193 1944 2228 πραγμάτων

1141 2230 1295 2267 ἆφὲλκουσιν
1309 2233 1372 2267 (9νίιὶ,
1391 2231 1443 2258 ἀντ’
1460 2233 1572 2269 ἐμαυτοῦ
1598 2243 1640 2260 σοι
1659 2236 1702 2260 τὸν
1728 2233 1839 2271 ἀδελφὸν
1868 2234 1943 2262 τόνδε

1138 2278 1181 2303 τὸν
1200 2278 1400 2313 χωρεπίσκοπον
1430 2280 1573 2315 συνίστημι
1595 2289 1601 2295 -
1631 2279 1707 2314 ὥστε,
1735 2280 1763 2306 σε
1783 2280 1856 2316 αὐτῷ
1876 2291 1942 2317 γνη-

1138 2391 1282 2433 ἐπαρχιῶν.
1299 2393 1444 2433 sanxerat
1456 2393 1665 2433 Valensanno
1687 2396 1749 2429 365,
1774 2397 1808 2424 ut
1831 2403 1942 2425 nume—

1137 2429 1207 2456 rarii
1224 2429 1428 2465 consularium
1444 2431 1478 2465 et
1486 2429 1650 2465 praesidum
1666 2434 1850 2459 vocarentur
1860 2433 1943 2460 dein-

1137 2472 1208 2500 ceps
1223 2463 1372 2492 tabularii.
1396 2464 1453 2492 Sed
1468 2463 1542 2493 forte
1561 2465 1608 2493 lex
1630 2465 1681 2494 illa
1699 2466 1802 2494 minus
1819 2468 1874 2496 fuit
1887 2468 1941 2496 ob-

1136 2499 1255 2540 servata
1270 2509 1276 2527 :
1294 2499 1432 2540 vel_huic
1443 2500 1623 2540 epistolae,ut
1636 2502 1773 2540 pluribus
1787 2503 1865 2540 aliis,
1879 2511 1941 2531 non

1133 2535 1283 2598 faxitis-ilio,
1300 2535 1351 2563 sed
1368 2537 1436 2572 post
1453 2535 1522 2564 eum
1549 2545 1567 2565 a
1592 2535 1722 2565 librariis
1738 2538 1841 2566 titulus
1860 2535 1941 2576 prae-

1157 2579 1223 2599 XUS.

1170 2608 1399 2650 (93]’Συνήγαγοω
1416 2607 1504 2636 Coisl.
1518 2609 1641 2645 uterque
1657 2610 1685 2637 et
1699 2610 1772 2644 Reg.
1785 2610 1939 2638 secundus

1135 2652 1329 2679 συνηγαζγομεν,

1168 2679 1221 2718 (θεῷ
1238 2678 1425 2718 Ἀφέλκουσιν..
1442 2680 1485 2718 Ita
1507 2687 1561 2718 sex
1577 2679 1695 2718 codices
1710 2688 1787 2718 mss.
1814 2689 1870 2718 pro
1901 2689 1937 2709 eo

1131 2713 1215 2777 guod
1239 2713 1282 2755 est
1303 2714 1334 2755 in
1356 2714 1442 2742 editis
1470 2714 1644 2743 ἀνθέλκουσιν.
1669 2715 1762 2744 Paulo
1786 2713 1856 2752 post
1878 2725 1937 2753 ope

1154 2749 1218 2777 oxsl.
1235 2757 1323 2777 Dl'lml
1339 2752 1367 2777 et
1383 2751 1451 2777 Reg.
1465 2751 1590 2777 secundi
1603 2751 1834 2777 emendavimns
1848 2753 1935 2777 mmd

1154 2749 1218 2790 oisl'.
1235 2749 1323 2790 primi
1339 2752 1367 2790 e_t
1383 2751 1451 2785 Reg.
1465 2751 1590 2779 secundi
1603 2749 1834 2781 emendavinius
1848 2749 1937 2789 quod

1130 2786 1193 2813 erat
1205 2784 1334 2814 in’editis
1345 2787 1412 2812 ὥστε
1426 2784 1537 2822 σεαυτῷ.
