1984 3147
233 127 284 155 603

922 127 952 155 S.
972 127 1013 154 BA
1019 125 1096 154 SlLlI
1115 124 1224 154 MAGNI

1866 129 1919 155 604

232 189 373 218 cohibent
398 192 526 218 externae
551 191 723 226 potestates,
746 190 834 226 quasi
863 189 1055 223 magistratus

1122 187 1181 213 AD.”
1196 189 1233 214 ἔτι
1260 191 1305 224 μέν
1321 199 1352 225 με
1371 192 1416 215 καὶ
1443 190 1470 215 αἱ
1500 189 1589 220 ἔξωθεν
1606 188 1689 226 ἀρχαὶ
1717 188 1918 223 συστᾶλουσιν,

232 234 414 262 desertorem
431 235 561 270 aliquem
573 237 740 270 reposcant.
759 236 872 263 Detinet
893 236 992 262 autem
1009 240 1056 260 me

232 279 363 307 maxime
380 287 480 306 meum
504 279 598 315 ipsius
613 288 675 312 cor,
691 287 795 307 eorum
819 288 887 316 quae
911 279 972 306 dixi
1001 277 1057 305 sibi

232 324 395 351 conscium.

267 371 292 396 2.
311 368 460 401 Quoniam
477 370 578 397 autem
600 369 763 397 meministi
788 371 956 405 pactorum,
972 370 1058 404 teque

232 411 415 440 denuntiasti
432 416 657 447 accusaturum,
675 414 748 442 mihi
762 414 791 441 in
804 413 862 441 hac
881 421 949 440 mea
973 411 1060 440 tristi-

233 457 272 484 tia
286 457 378 484 risum
395 458 525 489 movisti,
544 459 626 494 quod
641 459 806 486 etiamnum
818 459 919 486 rhetor
934 457 984 490 sis,
1005 464 1060 484 nec

233 509 251 529 ει
271 501 376 530 timore
404 503 577 530 incutiendo
603 503 751 531 discedas.
780 505 839 538 Ego
864 510 997 538 namque
1019 501 1060 528 ita

233 546 381 581 existimo,
405 548 461 574 nisi
488 548 612 576 omnino
639 551 670 576 ut
699 548 855 585 imperitus
882 547 1020 575 aberrem
1043 553 1062 573 a

233 591 366 625 veritate,
393 599 486 620 unam
515 600 579 620 esse
595 592 674 620 viam
701 593 740 620 ad
765 593 927 620 Dominum
953 591 1062 618 ducen-

234 637 305 667 tem,
332 638 360 663 et
392 636 566 673 quicunque
587 637 626 664 ad
652 637 751 673 ipsum
782 639 921 673 pergunt.
947 635 1062 663 itineris

233 679 369 714 ejusdem
391 689 454 708 esse
469 681 577 716 socios,
605 684 633 709 et
648 682 755 710 eodem
777 682 845 709 vitm
869 681 978 709 ﬁndere
993 687 1061 716 pro-

235 724 329 759 gredi.
355 725 452 757 Quare
475 734 537 762 quo
564 726 670 754 abiens
687 727 819 762 separari
846 728 905 754 ate
926 732 1061 761 possum,

234 777 272 796 ne
296 771 396 798 tecum
429 770 519 798 simul
543 771 652 806 vivere,
678 774 706 799 et
732 774 831 799 tecum
856 771 966 798 servire
992 771 1060 804 Deo,

235 813 275 842 ad
285 822 377 850 quem
386 815 477 842 simul
491 816 703 851 confugimus?
719 818 851 852 Corpora
865 815 948 855 enim
960 816 1063 842 nostra

235 858 309 886 locis
323 859 552 895 disjungentur;
569 861 622 888 sed
638 861 772 897 profecto
797 861 846 889 Dei
871 859 976 888 oculus
1001 867 1063 887 am-
1079 866 1098 892 Β

235 903 292 931 bos
309 903 399 931 simul
421 904 570 937 intuetur;
596 905 744 942 siquidem
760 908 788 933 et
806 905 867 933 vita
889 912 957 932 mea
971 904 1063 939 digna

236 946 335 980 fuerit,
360 955 428 983 quae
451 956 469 976 a
485 949 532 976 Dei
547 949 641 976 oculis
657 949 882 985 conspiciatur;
909 949 967 976 hoc
983 947 1062 975 enim

235 990 293 1025 legi
308 991 417 1019 alicubi
432 992 463 1020 in
479 993 604 1021 Psalmis
621 1002 628 1020 :
647 994 731 1021 Oculi
761 993 883 1021 Domini
899 1001 988 1028 super
1010 993 1062 1027 ju-

236 1038 295 1063 stos
304 1036 339 1064 ³⁷.
356 1036 501 1072 Equidem
513 1038 603 1074 cupio
614 1041 643 1066 et
657 1038 710 1066 tibi
725 1041 754 1066 et
766 1038 861 1066 cuivis
883 1037 933 1065 alii
951 1045 1062 1073 propo-

235 1080 324 1108 situm
340 1083 391 1108 tuo
409 1081 504 1109 simile
518 1082 642 1110 habenti
658 1083 748 1110 etiam
763 1090 890 1119 corpore
907 1081 1062 1117 conjungi,

237 1127 265 1152 et
286 1128 355 1153 ante
378 1127 490 1153 Patrem
514 1129 665 1160 nostrum,
693 1127 746 1162 qui
762 1127 792 1154 in
813 1127 895 1154 cmlis
916 1129 972 1159 est,
1001 1127 1063 1154 tota

237 1172 323 1197 nocte
338 1177 373 1197 ac
388 1170 435 1197 die
451 1173 548 1198 tecum
559 1179 658 1206 genua
675 1172 802 1205 ﬂectere,
825 1174 854 1199 et
869 1171 892 1199 si
905 1170 973 1207 quis
987 1171 1064 1198 alius

238 1216 293 1248 est,
309 1214 362 1250 qui
376 1214 430 1242 rite
447 1216 540 1243 Deum
555 1216 685 1244 invocet.
701 1216 772 1244 Novi
783 1216 864 1244 enim
878 1215 1063 1244 communio~

237 1266 307 1286 nem
324 1258 353 1285 in
374 1259 514 1294 precibus
538 1260 666 1288 multum
689 1260 822 1288 utilitatis
847 1260 963 1289 afferre.
979 1259 1064 1293 Quod

238 1302 262 1330 si
286 1303 404 1338 quoties
425 1304 497 1332 mihi
520 1305 674 1340 contigerit
691 1305 721 1333 in
745 1305 863 1333 diverso
887 1305 998 1340 angulo
1018 1305 1062 1340 ja-

238 1347 317 1375 centi
329 1347 534 1382 ingemiscere,
549 1350 741 1383 mendacium
758 1358 807 1378 me
819 1350 945 1378 omnino
961 1357 1064 1386 seque-

239 1394 302 1425 tur;
319 1400 454 1428 pugnare
469 1402 529 1421 non
547 1402 672 1430 possum
701 1394 846 1422 adversus
860 1402 895 1422 ea
910 1403 978 1431 quae
1000 1402 1018 1422 a
1037 1396 1064 1422 te

239 1435 317 1465 dicta
342 1440 421 1472 sunt,
434 1446 542 1474 meque
558 1439 621 1475 ipse
633 1442 664 1467 ut
681 1439 857 1467 mendacem
881 1439 1062 1472 condemno,

240 1480 265 1508 si
286 1481 359 1517 quid
374 1482 525 1516 ejusmodi
552 1483 669 1512 locutus
694 1492 761 1512 sum
782 1483 950 1511 secundum
967 1483 1064 1519 pristi-

1113 233 1198 269 ὥσπερ
1233 233 1404 263 λειποτοίκτην
1433 235 1492 260 τινὰ
1519 238 1569 260 τῶν
1599 233 1732 270 ἀρχόντων
1757 233 1920 264 ἀναζητούν-

1111 285 1161 301 των
1189 278 1245 311 (29)
1259 287 1266 294 ·
1290 277 1380 314 ἐπέχει
1406 277 1435 304 δέ
1450 288 1482 314 με
1503 278 1617 314 μάλιστα
1635 279 1650 307 ὴ
1672 277 1734 314 ἐμοῦ
1750 277 1833 304 αὐτοῦ
1853 288 1919 315 καρ-

1113 319 1169 355 δία,
1182 321 1264 348 ἐκεῖνα
1277 327 1448 360 μαρτυροῦσα
1468 324 1547 360 ἑαυτῇ
1564 323 1627 360 ἅπερ
1640 325 1741 361 εῖρηκα.

1149 368 1178 394 2.
1203 366 1307 396 Ἐπειδὴ
1337 366 1366 394 δε
1395 369 1530 396 συνθηκῶν
1562 367 1704 404 ἐμνήσθης,
1726 370 1772 394 καὶ
1800 378 1920 404 κατηγο-

1113 415 1165 446 ρεῖν
1197 411 1351 448 ἐπηγγείλω,
1377 413 1487 448 γελάσαι
1516 423 1546 449 με
1580 411 1704 444 ἐποίησας
1725 413 1750 439 ἐν
1775 414 1860 449 fuit};
1888 418 1918 449 τῇ

1114 458 1242 492 κατηφείᾳ
1267 466 1329 492 μου,
1350 458 1390 483 ὁτι
1417 458 1454 483 ἔτι
1475 458 1561 494 ῥήτωρ
1590 455 1621 492 εἷ,
1640 459 1746 488 καὶτῆς
1767 455 1921 489 δεινότητος

1115 500 1161 526 οὐκ
1189 500 1346 535 ἀφίστασαι.
1367 504 1432 537 Ἐγὼ
1461 503 1511 538 γὰρ
1533 502 1600 528 οὕτω
1628 504 1726 538 νομίζω
1751 503 1819 537 (30),
1841 502 1865 528 εἰ
1884 504 1919 538 μὴ

1115 546 1198 574 πάντη
1224 546 1259 576 ὡς
1287 545 1390 582 ἀμαθὴς
1420 544 1590 583 διαμαρτάνω
1620 550 1668 576 τῆς
1694 545 1826 580 ἀληθείας,
1858 549 1921 582 μίαν

1116 590 1180 615 εἶναι
1211 588 1272 615 ὀδόν
1299 592 1342 619 τὴν
1375 592 1439 627 πρὸς
1468 592 1561 628 Κύριον
1593 591 1720 626 ἄγουσαν,
1742 593 1788 616 καί
1822 592 1922 620 πάντας

1116 636 1173 663 τοὺς
1202 636 1265 671 πρὸς
1295 635 1371 669 αὐτόν
1399 637 1585 671 πορευομένους
1614 634 1760 661 σννοὸεύειν
1789 634 1920 667 ἀλληλοις,

1116 679 1160 703 καὶ
1184 687 1251 703 κατα
1264 681 1326 714 μίαν
1348 680 1478 708 συνθήκην
1498 684 1544 706 τοῦ
1564 679 1626 715 βιου
1651 680 1819 715 πορεύεσθαι.
1841 678 1922 705 Ὠττε

1117 726 1166 747 που
1188 721 1301 749 ἀπελθὼν
1328 725 1496 760 χωρισθῆναί
1521 734 1568 750 σου
1584 723 1710 760 δύναμαι,
1725 726 1771 750 καὶ
1798 726 1837 759 μὴ
1858 724 1922 759 μετά

1119 770 1166 792 σου
1182 767 1239 803 ζῇν,
1256 770 1301 793 καὶ
1315 770 1382 804 μετά
1407 773 1453 794 σου
1475 767 1604 795 δουλεύειν
1633 772 1701 804 Θεῷ,
1717 768 1737 804 ᾧ
1750 771 1824 804 κοινῇ
1842 777 1921 804 προσ-

1118 812 1259 847 εφῦγομενς
1282 814 1320 839 Τὰ
1343 815 1388 849 μὲν
1420 815 1470 851 γὰρ
1505 816 1613 850 σώματα
1639 814 1711 850 ἡμῶν
1742 815 1835 843 τόποις
1863 810 1920 838 δια-

1119 857 1279 884 σταῦήσεται
1295 866 1300 871 ·
1318 858 1331 883 ὁ
1354 856 1383 883 δὲ
1410 862 1456 884 τοῦ
1471 862 1538 884 Θεοῦ
1563 857 1694 894 ὀφθαλμὸς
1709 862 1782 893 κοινῇ
1811 856 1918 893 ιαμ-ροτὲ-

1116 909 1175 936 ρους
1209 900 1287 937 ἐφορᾷ
1315 899 1436 931 δηλονότι
1452 913 1458 918 ·
1493 904 1562 939 εἴπερ
1582 900 1626 928 οὖν
1653 902 1723 933 ἄξιος
1751 903 1796 927 καὶ
1820 902 1833 927 ὁ
1863 901 1920 938 ἐμός

1118 945 1176 981 βίος
1209 947 1258 972 ὑπὸ
1291 951 1340 972 τῶν
1365 947 1502 984 ὀφθαλμῶν
1534 951 1581 973 τοῦ
1606 951 1673 974 Θεοῦ
1701 946 1892 973 ἐποπτεύεσθαι
1911 946 1917 951 ”

1118 989 1226 1026 ἂνέγνων
1240 992 1291 1028 γάρ
1319 1001 1369 1018 που
1393 991 1416 1017 ἓν
1443 992 1565 1029 Ψαλμοῖς,
1595 993 1635 1018 ὅτι
1651 991 1796 1027 Ὀφθαλμοὶ
1823 993 1918 1028 Κυρίου

1117 1034 1158 1060 ἐπὶ
1185 1033 1313 1066 δικαίους.
1345 1037 1411 1072 Ἐγὼ
1437 1038 1482 1072 μὲν
1510 1038 1560 1074 γὰρ
1588 1038 1702 1073 εὔχομαι
1734 1038 1780 1062 καὶ
1807 1039 1852 1062 σοὶ
1875 1037 1917 1061 καὶ

1116 1082 1195 1105 παντί
1221 1084 1256 1115 τῷ
1282 1080 1472 1117 παραπλησίως
1501 1082 1557 1116 (3t)
1587 1090 1629 1107 σοι
1655 1083 1853 1118 προαιρουμένῳ
1875 1081 1918 1105 καὶ

1117 1128 1152 1159 τῷ
1190 1127 1293 1160 σώματι
1314 1129 1437 1158 συνεῖναι,
1465 1128 1510 1152 καὶ
1531 1129 1618 1152 πᾶσαν
1647 1127 1728 1152 νύκτα
1754 1127 1800 1151 καὶ
1824 1126 1917 1161 ἡμέραν

1117 1169 1182 1204 μετά
1210 1172 1258 1195 σοῦ
1285 1169 1378 1196 κλίνειν
1399 1171 1432 1196 τὰ
1457 1172 1555 1206 γόνατα
1582 1172 1647 1208 πρὸς
1670 1172 1714 1196 τὸν
1730 1172 1835 1208 Πατέρα
1849 1170 1917 1204 ἡμῶν

1117 1214 1160 1238 τὸν
1188 1213 1211 1239 ἐν
1235 1218 1290 1245 τοῖς
1319 1215 1447 1252 οὐρανοῖς,
1463 1217 1508 1241 καὶ
1524 1217 1545 1241 εἰ
1564 1225 1604 1246 τις
1623 1215 1699 1246 ἄλλος
1725 1214 1804 1246 ἀξίως
1828 1213 1917 1240 ἐπικα-

1116 1257 1235 1295 λούμενος
1251 1261 1293 1284 τὸν
1323 1262 1386 1285 Θεὸν
1399 1268 1405 1274 '
1418 1258 1480 1286 οῖδα
1493 1261 1544 1298 ’γὰρ
1566 1262 1614 1289 τὴν
1640 1259 1663 1285 ἐν
1679 1264 1737 1291 ταῖς
1758 1263 1918 1297 προσευχαῖς

1117 1306 1251 1330 κοινωνίαν
1288 1304 1353 1331 πολὺ
1377 1315 1405 1331 το
1435 1303 1528 1342 κέρδος
1551 1307 1678 1343 φέρουσαν
1702 1305 1760 1340 (32)
1777 1313 1783 1319 ·
1810 1304 1853 1330 ἐὰν
1881 1302 1916 1329 δὲ’

1118 1349 1210 1378 δσάκις
1239 1349 1340 1386 ὑπάρξῃ
1357 1359 1400 1376 ιιοι
1427 1350 1452 1375 ἐν
1468 1348 1585 1386 διαφόρῳ
1613 1347 1729 1385 γωνιδὶῳ
1745 1348 1802 1384 (33)
1827 1347 1916 1384 παρερ-

1117 1393 1232 1429 ριμμένῳ
1246 1394 1388 1428 στενάζειν,
1404 1393 1578 1424 ἀκολουθήσει
1606 1404 1651 1430 μοι
1678 1395 1779 1424 πάντως
1807 1395 1836 1419 τὸ
1855 1393 1916 1428 ψεύ-

1119 1435 1223 1471 δεσθαι,
1239 1439 1376 1474 μάχεσθαι
1401 1440 1445 1475 μὲν
1465 1439 1519 1474 (34)
1535 1440 1598 1476 πρὸς
1625 1440 1667 1464 τόν
1695 1439 1769 1474 λόγον
1784 1438 1832 1464 οὐκ
1856 1439 1914 1473 ἔχω,

1118 1479 1172 1510 ἤδη
1200 1480 1230 1508 δὲ
1253 1484 1287 1513 ὡς
1307 1483 1423 1518 ψεύστου
1441 1483 1550 1520 ἐμαυτὸν
1578 1486 1735 1519 κατακρίνω,
1753 1484 1774 1509 εἱ
1786 1492 1813 1509 τι
1835 1485 1916 1508 τοιον-

237 1533 304 1553 nam
320 1526 559 1562 indiﬂ‘erentiam,
582 1528 665 1564 quod
690 1536 739 1556 me
767 1528 917 1556 mendacii
940 1527 1063 1556 crimine

1121 1536 1159 1552 τον
1186 1528 1254 1552 κατὰ
1279 1529 1326 1556 τὴν
1351 1528 1462 1554 παλαιὰν
1475 1527 1631 1564 ἀδιαφορίαν
1658 1527 1832 1564 ἐφθεγξάμην,
1858 1528 1869 1552 ὁ
1889 1537 1916 1562 με

238 1570 413 1606 obstringat.

274 1617 300 1642 3.
326 1616 490 1651 Postquam
517 1625 611 1653 prope
636 1619 802 1646 Caesaream
822 1617 900 1653 veni,
921 1619 1063 1646 utrerum

239 1660 350 1686 statum
365 1660 577 1696 perspicerem,
601 1662 631 1689 in
646 1662 712 1698 ipsa
722 1663 797 1690 urbe
820 1663 903 1690 nolui
931 1670 1064 1690 commo-

238 1703 307 1738 rari,
326 1703 376 1731 sed
388 1704 428 1732 ad
441 1705 614 1740 proximum
635 1715 804 1743 pauperum
817 1707 983 1743 hospitium
995 1714 1064 1735 con-

238 1746 310 1783 fugi,
336 1748 422 1776 utibi
433 1748 581 1778 discerem
600 1759 667 1787 quae
685 1751 835 1779 volebam.
857 1751 968 1779 Deinde
993 1759 1063 1779 cum

239 1799 274 1819 eo
289 1792 419 1822 venisset
432 1801 469 1822 ex
483 1803 567 1823 more
578 1795 822 1831 religiosissimus
835 1795 1007 1832 cpiscopus,
1021 1803 1065 1823 re-

239 1835 292 1865 tuli
307 1837 345 1865 ad
360 1845 430 1866 eum
442 1839 553 1875 quibus
566 1840 603 1868 de
628 1840 718 1868 rebus
747 1840 945 1868 mandaverat
967 1839 1065 1868 erudi-

239 1881 278 1910 tio
295 1884 355 1912 tua.
378 1884 448 1916 Quae
474 1887 575 1913 autem
594 1885 759 1921 respondit,
789 1893 824 1913 ea
846 1892 901 1913 nec
917 1884 1064 1913 memoria

238 1927 358 1955 retineri
371 1931 519 1964 poterant,
536 1932 565 1957 et
577 1929 710 1961 epistolae
726 1930 852 1957 modum
868 1929 1062 1965 superabant.

239 1972 273 2000 ln
288 1981 408 2001 summa
429 1975 529 2001 autem
542 1974 580 2002 de
595 1976 772 2010 paupertate
800 1974 880 2003 hunc
903 1975 976 2003 dixit
998 1982 1063 2003 esse

239 2015 376 2048 modum,
392 2019 425 2044 ut
438 2020 570 2045 extrema
580 2018 682 2046 tunica
697 2026 783 2047 suam
801 2019 929 2056 quisque
944 2026 1063 2055 posses-

240 2059 356 2088 sionem
378 2060 510 2089 deﬁniat.
535 2064 631 2099 Atque
657 2070 693 2091 ex
709 2063 868 2099 Evangelio
893 2063 1062 2092 testimonia

239 2104 423 2133 exhibebat:
451 2114 547 2134 unum
566 2107 690 2144 quidem
714 2109 839 2137 Joannis
860 2109 996 2145 Baptistae
1020 2108 1062 2136 dio

239 2149 333 2178 eentis
347 2158 353 2177 :
369 2150 425 2184 Qui
439 2151 527 2180 habet
543 2153 618 2181 duas
631 2154 809 2188 tunicas,det
824 2162 883 2182 non
900 2153 1060 2182 habenti”:

1117 1574 1153 1605 τῷ
1168 1573 1277 1608 κρίματι
1289 1576 1334 1597 τοῦ
1346 1570 1462 1607 ψεύδους
1477 1571 1604 1599 ὑπόδικον
1619 1573 1744 1607 καθιστᾷ.

1154 1617 1182 1643 3.
1203 1618 1338 1652 Γενόμενος
1361 1615 1391 1643 δὲ
1418 1617 1528 1646 πλησίον
1545 1619 1715 1652 Καισαρείας,
1738 1618 1806 1642 ὥστε
1831 1616 1916 1651 γνωρίο

1120 1662 1165 1686 σαί
1180 1662 1212 1686 τὰ
1235 1662 1388 1697 πράγματα,
1416 1664 1462 1688 καὶ
1480 1661 1545 1698 αὐτῇ
1562 1660 1718 1698 παραϐαλεῖν
1733 1664 1765 1696 τῇ
1783 1660 1856 1687 πόλει
1880 1661 1911 1695 μὴ

1119 1703 1307 1741 ἀνασχόμενος,
1334 1710 1370 1741 τῷ
1396 1706 1506 1735 πλησίον
1520 1709 1682 1743 προσέφυγον
1704 1706 1913 1742 πτωχοτρορείῳ,

1119 1750 1186 1775 ὥστε
1223 1749 1274 1776 ἐκεῖ
1305 1751 1396 1786 μαθεῖν
1432 1752 1492 1788 περὶ
1519 1751 1552 1776 ὧν
1576 1750 1728 1787 ἐϐουλόμην.
1762 1748 1827 1776 Εἶτα
1854 1748 1916 1774 κατὰ

1120 1795 1258 1823 συνήθειαν
1286 1793 1482 1832 ἐπιδημήσαντι
1513 1799 1549 1830 τῷ
1582 1795 1766 1831 θεοφιλεστάτῳ
1787 1793 1915 1828 ἔπιε-κόπῳ

1120 1838 1248 1874 ἁνήνεγκα
1275 1842 1334 1877 περὶ
1367 1840 1400 1865 ὧν
1429 1839 1546 1871 ἐπέταξεν
1574 1839 1631 1875 (35)
1659 1840 1721 1875 ἡμῖν
1754 1840 1768 1867 ἠ
1802 1838 1915 1874 λογιότης

1120 1893 1179 1911 σου.
1200 1886 1250 1910 Καὶ
1269 1884 1287 1910 ἁ
1308 1885 1353 1920 μὲν
1382 1884 1545 1921 ἀπεκρίνατο,
1573 1885 1631 1910 οὔτε
1658 1888 1688 1920 τῇ
1718 1886 1807 1920 μνήμῃ
1838 1883 1914 1919 φυλα-

1118 1929 1218 1965 χειῆναι
1242 1928 1303 1967 παρ’
1330 1929 1403 1965 ἡμῶν
1427 1927 1538 1955 δυνατόν
1558 1928 1615 1964 (36)
1642 1927 1684 1960 ἧν,
1712 1930 1758 1954 καὶ
1780 1926 1915 1955 ἐπιστολῆς

1119 1973 1267 2011 ὑπερέϐαινε
1296 1975 1399 2012 μέτρον.
1432 1973 1474 2004 Ὡς
1511 1973 1534 1999 ἐν
1571 1972 1700 2010 κεφαλαίῳ
1731 1971 1760 1999 δὲ
1788 1974 1847 2009 περὶ
1872 1975 1915 2001 τῆς

1117 2017 1299 2055 ἀκτημοσύνης
1322 2018 1401 2045 ἐκεῖνο
1428 2020 1473 2055 ἔφη
1501 2019 1530 2044 τὸ
1563 2020 1654 2055 μέτρον
1686 2016 1761 2053 εἶναι,
1789 2018 1854 2043 ὥστε
1883 2015 1915 2045 εἰς

1116 2064 1160 2089 τόν
1184 2064 1298 2098 ἔσχατον
1319 2067 1422 2100 χιτῶνα
1447 2064 1555 2089 ἕκαστον
1571 2062 1652 2098 ἐαυτῷ
1673 2062 1840 2098 περιιστάναι
1859 2060 1913 2096 (37)

1116 2110 1163 2138 τὴν
1187 2113 1294 2138 κτῆσιν.
1323 2110 1373 2135 Καὶ
1391 2110 1534 2146 παρείχετο
1559 2109 1621 2144 ἡμῖν
1647 2107 1674 2134 ἐκ
1689 2111 1735 2134 τοῦ
1759 2106 1910 2143 Εὐαγγελίου

1116 2155 1161 2184 τὰς
1188 2151 1332 2184 ἀποδείξεις
1353 2163 1361 2170 ο
1387 2155 1449 2189 μίαν
1469 2154 1523 2189 μὲν⁷
1553 2152 1720 2183 ὠςἸωςέννου
1749 2155 1795 2178 τοῦ
1821 2151 1912 2188 βαπτι-

240 2193 322 2223 aliud
341 2197 443 2224 autem
469 2197 586 2225 Domini
605 2198 744 2232 vetantis,
759 2206 797 2227 ne
821 2198 959 2235 discipuli
985 2199 1062 2227 duas

1121 2202 1182 2225 στοῡ
1203 2197 1320 2228 εἰπόντος
1340 2207 1346 2214 ”
1362 2197 1391 2224 Ὀ
1415 2198 1483 2233 ἔχων
1512 2195 1561 2223 δύο
1583 2201 1699 2233 χιτῶνας
1724 2193 1859 2232 μεταδότω
1882 2198 1912 2229 τῷ

276 2285 297 2302 ²”¹
313 2284 393 2314 Psal.
409 2295 511 2320 xxxul,
528 2289 569 2316 16.
608 2288 631 2305 ³⁸
645 2289 713 2316 Luc.
728 2295 768 2324 Ill,
787 2290 830 2317 tt.

275 2374 331 2410 (29)
346 2373 564 2406 ’Λναζητούντωλ
577 2377 618 2405 [ta
634 2386 709 2406 mss.
725 2387 775 2406 sex
790 2377 865 2406 Edili
883 2377 1070 2410 ἀνεπιζητούν-

241 2420 300 2472 ἓῳν.
316 2411 430 2473 ξρὶάοω
451 2420 513 2440 non
528 2413 605 2441 male
617 2414 704 2442 Coisl.
722 2414 838 2450 primus
853 2416 880 2442 et
893 2414 966 2443 Med.
981 2414 1070 2451 ἐπέχει

262 2456 272 2472 Ε
289 2457 323 2473 αα
342 2457 412 2473 ιστα.

309 2457 412 2476 αΛιστ-α.

277 2457 332 2520 (ἕο)
352 2483 427 2520 Ουτοι»
435 2484 549 2520 νομίζω.
564 2486 649 2513 Deest
663 2483 730 2511 οὕτω
745 2485 776 2513 in
791 2493 843 2513 sex
853 2493 937 2520 mss.,
950 2493 1012 2513 non
1029 2487 1072 2514 ta-

240 2526 311 2561 men
322 2518 352 2547 in
364 2519 453 2547 Coisl.
467 2518 496 2548 et
510 2520 595 2555 Med.,
606 2528 737 2556 quorum
752 2521 782 2548 in
797 2518 950 2557 postremo
964 2521 1073 2556 legitur

345 2591 548 2629 Παραπλησίως.
562 2593 604 2629 Ita
617 2592 825 2629 Coisl.primus
835 2601 905 2621 cum
919 2593 983 2621 aliis
995 2601 1068 2629 qua-

240 2627 318 2658 tuor,
332 2627 562 2665 quibus__t'avent
581 2627 643 2665 duo
660 2627 754 2663 Regii,
771 2628 801 2656 in
824 2629 936 2665 quibus
962 2627 1071 2665 legitur

239 2662 402 2699 παραπλίως.
416 2663 490 2690 Editi
505 2663 701 2700 παραπλήσιον,

275 2700 332 2732 (32)
362 2701 502 2736 Φέρουσα-ιι.
531 2701 601 2727 Tres
635 2699 754 2727 codices
786 2700 966 2729 recentiores
991 2702 1068 2737 ἔχου-

242 2742 476 2809 ῗαῖἑ3ζΓωνιό¹ίοκ
486 2770 540 2809 _Sic
557 2770 646 2809 Coisl.
669 2771 786 2809 primus
802 2774 831 2809 et
844 2773 939 2801 Paris.
953 2774 982 2801 et
1005 2772 1071 2809 qui:

240 2804 312 2833 dam
328 2804 545 2840 Regius.'Alius
557 2807 641 2843 apud
660 2804 872 2837 Combeﬁsium
888 2811 978 2844 γωνίᾳ.
996 2804 1070 2836 Editi

1121 2373 1242 2404 νονιδίω.

1126 2389 1372 2450 ⁷⁰ἶὲἷῖ⁹ᾖιάχεςθαι
1386 2413 1441 2450 μέν.
1455 2412 1530 2441 Editi
1546 2412 1664 2450 addunt
1686 2412 1747 2449 γάρ,
1764 2411 1825 2450 sed
1839 2418 1911 2450 p_r0_l'-

1123 2457 1174 2476 sus
1189 2446 1512 2480 vitiose.Quamobrem
1524 2455 1594 2476 cum
1607 2447 1673 2476 haec
1686 2446 1794 2475 vocula.
1803 2446 1875 2474 desit
1885 2447 1910 2473 in

1123 2484 1218 2512 tribus
1228 2491 1314 2518 mss.,
1327 2483 1490 2512 delendam
1504 2483 1657 2511 duximus.
1667 2482 1782 2519 Ibidem
1793 2485 1910 2519 quatuor

1123 2528 1196 2548 mss.
1212 2527 1274 2548 non
1284 2519 1479 2548 vetustissimi
1490 2521 1524 2550 ὡς
1540 2519 1656 2554 ψώστου
1675 2518 1800 2555 ἐμαυτοῦ.

1159 2556 1215 2591 (35)
1243 2555 1385 2591 Ἐπέταξεν.
1399 2557 1441 2583 tta
1456 2553 1550 2583 Coisl.
1569 2553 1692 2591 primus
1708 2557 1737 2582 et
1755 2553 1829 2582 Med.
1851 2560 1910 2581 cum

1123 2590 1243 2619 duobus
1254 2590 1331 2619 aliis.

1158 2628 1216 2662 (36)
1230 2628 1353 2656 Δυνατόν.
1365 2628 1452 2656 Deest
1464 2626 1494 2656 ἧν
1509 2627 1539 2655 in
1549 2625 1702 2655 nonnullis
1716 2633 1789 2662 mss.
1798 2632 1858 2654 non
1867 2632 1910 2662 an.

1122 2660 1311 2717 Itiqi’lissipmis.
1334 2663 1451 2698 Legitur
1465 2664 1555 2691 etiam
1569 2662 1660 2699 paulo
1671 2664 1740 2695 post
1754 2661 1785 2689 in
1795 2660 1910 2690 nonnul-

1133 2707 1155 2717 la
1169 2708 1233 2717 mrem
1246 2701 1316 2717 ,ιιῖηει

1120 2699 1157 2730 lis
1169 2699 1329 2730 ὑπερϐαίνει.

1157 2724 1223 2770 (3⁸1)Δ
1242 2724 1421 2772 Περίιστάναι,
1443 2735 1530 2764 Coisl.
1557 2734 1672 2771 primus
1701 2735 1730 2762 et
1750 2733 1822 2762 Med.
1845 2741 1906 2769 περι-

1125 2775 1172 2801 στῆ
1178 2780 1233 2797 σαι.
