1984 3147
253 129 304 159 607

933 129 963 158 S.
984 126 1108 157 BASlLll
1126 126 1248 157 νΑαΝι.

1875 128 1930 158 608

243 193 364 228 tempus
376 192 537 221 intermitte
554 191 706 220 scribendi
729 191 817 220 nobis
829 193 858 220 et
868 191 1018 220 excitandi
1032 190 1072 219 ad

1129 189 1254 227 διαλίπῃς
1268 190 1421 218 ἐπιστέλλων
1449 191 1522 227 ἡμῖν,
1551 191 1597 216 καὶ
1620 188 1751 227 διεγείρων
1776 191 1848 226 ἡμᾶς
1865 193 1930 228 πρὸς

245 237 450 265 scribendum.
476 236 534 272 Ipsi
559 236 640 264 enim
668 236 826 265 manifeste
838 236 964 264 laetiores
978 235 1072 264 efﬁci-

243 289 321 316 mur,
344 281 416 309 dum
429 281 622 317 prudentium
635 281 780 316 virorum,
793 281 845 317 qui
861 281 1021 309 Dominum
1032 280 1074 308 di-

242 326 349 361 ligunt,
378 325 520 362 epistolas
547 325 688 360 legimus.
714 327 818 354 Utrum
841 328 942 354 autem
968 327 997 353 et
1017 324 1075 360 ipsi

245 370 327 406 apud
347 378 404 398 nos
427 370 553 406 aliquid,
572 378 634 407 quo
659 379 760 407 operae
783 371 913 407 pretium
938 371 983 403 sit,
995 370 1076 398 inve-

244 415 345 449 niatis,
359 423 449 443 nosse
460 417 595 443 vestrum
611 418 664 448 est,
688 416 740 452 qui
753 418 856 444 nostra
869 415 977 451 legitis.
989 414 1076 451 Equi-

244 459 314 487 dem
324 459 383 488 nisi
397 460 589 494 negotiorum
614 460 807 488 multitudine
818 460 994 493 abducerer,
1006 460 1074 488 scri-

243 504 339 532 bendi
354 505 475 533 assidue
489 505 600 539 gaudio
624 505 711 541 242
735 513 797 533 non
810 505 1003 534 abstinerem.
1016 505 1075 532 Vos

243 556 325 583 vero,
351 549 463 585 quibus
487 550 588 577 minus
615 552 660 578 est
685 549 982 586 curarum,,’quoties
1010 548 1074 577 ﬁeri

244 596 352 630 potest,
365 594 468 622 litteris
485 603 541 623 nos
557 595 735 623 demulcete.
767 597 842 624 Nam
867 598 976 632 puteos
991 595 1076 623 aiunt

243 638 369 666 haustos
381 639 520 667 meliores
546 639 621 668 ﬁeri.
638 640 758 668 Videtur
773 642 876 668 autem
888 641 1009 668 tuarum
1021 638 1074 667 ad-

247 683 461 718 monitionum,
486 692 553 720 quae
579 692 616 712 ex
641 687 703 712 arte
727 684 845 713 medica
858 686 1009 721 petuntur,
1023 691 1071 711 su-

244 735 450 764 pervacaneus
473 728 575 764 labor;
604 737 673 757 cum
701 737 759 757 nos
775 729 885 757 ‘errum
901 737 962 757 non
978 728 1075 757 adbit-

244 773 383 804 beamus,
398 773 451 801 sed
465 773 495 802 in
512 774 712 810 semeptipsos
736 776 835 807 ruant,
851 774 904 810 qui
919 773 988 802 facti
1001 775 1072 802 sunt

245 818 452 846 inutiles.Haec
465 820 509 846 est
522 818 614 853 igitur
627 819 715 847 Stoici
728 818 876 847 sententia
892 828 898 846 :
914 818 1072 851 Quoniam,

245 862 354 899 inquit,
369 870 417 890 res
432 870 493 891 non
509 863 587 891 ﬁunt
611 865 645 891 ut
670 863 821 897 volumus,
845 864 877 891 ut
901 863 978 891 ﬁunt
991 863 1075 891 volu-

246 915 326 935 mus.
342 908 403 942 Ego
419 910 520 935 autem
535 908 581 936 his
607 915 676 943 quas
702 907 787 940 ﬁunt,
807 916 842 936 ex
857 908 959 936 animo
975 916 1075 937 assen~
1090 903 1109 929 Β

246 952 295 980 tiri
309 960 370 980 non
383 960 511 988 possum
527 961 533 980 :
553 952 608 980 sed
623 954 724 981 tamen
740 953 854 989 aliquid
868 954 1073 982 necessarium

245 1004 264 1025 a
276 996 430 1025 nonnullis
444 999 552 1033 praeter
566 997 662 1025 animi
686 998 865 1026 sententiam
891 997 966 1032 ﬁeri,
990 998 1074 1026 haud

243 1041 500 1078 improbo.Neque
519 1042 661 1070 enimvos
676 1041 797 1077 medici,
809 1045 960 1077 aegrotum
973 1050 1072 1077 urere,

247 1089 300 1114 aut
314 1086 373 1114 alio
387 1086 478 1114 modo
492 1086 628 1115 dolorem
657 1094 759 1115 creare
774 1087 863 1115 vultis
881 1097 887 1115 :
905 1087 957 1114 sed
972 1089 1075 1115 tamen

247 1139 327 1167 saepe
350 1131 381 1159 id
406 1131 579 1160 faciendum
605 1131 790 1167 existimatis,
805 1131 900 1160 morbi
913 1131 1075 1160 difﬁculta-

246 1177 306 1204 tem
322 1178 493 1212 sequentes.
506 1177 608 1212 Neque
636 1176 811 1211 navigantes
823 1176 948 1204 libenter
960 1184 1076 1205 merces

248 1220 391 1255 ejiciunt:
408 1220 463 1248 sed
478 1222 510 1247 ut
529 1220 690 1255 naufragia.
717 1220 871 1255 effugiant,
899 1221 1075 1256 eiectionem

246 1264 411 1301 perferunt,
436 1272 602 1301 pauperem
628 1264 720 1293 vitam
752 1265 841 1293 morti
874 1265 1073 1301 praeferentes.

251 1310 349 1342 Quare
377 1309 516 1338 existima
543 1317 600 1337 nos
615 1309 705 1338 etiam
723 1310 945 1346 separationem
958 1318 1075 1341 eorum,

247 1354 300 1390 qui
326 1362 357 1382 se
387 1356 615 1390 separaverunt,
644 1354 770 1383 moleste
806 1355 930 1392 quidem
953 1357 983 1383 et
1004 1363 1074 1383 cum

247 1397 407 1426 uberrimis
421 1398 563 1435 lacrymis
576 1398 664 1433 ferre,
680 1399 734 1427 sed
749 1399 824 1427 ferre
840 1402 941 1428 tamen
961 1407 968 1427 :
985 1399 1076 1436 siqui—

246 1442 316 1470 dem
330 1442 460 1471 veritatis
475 1443 673 1479 amatoribus,
688 1443 762 1472 nihil
776 1446 820 1472 est
832 1445 892 1472 Deo
907 1445 935 1472 et
964 1452 1018 1480 spe
1042 1443 1074 1472 in

246 1487 277 1515 in
292 1489 387 1516 Deum
401 1487 563 1524 antiquius.

517 1546 686 1575 EPISTOLA
707 1546 799 1576 CLII‘.

1127 237 1157 262 τὸ
1171 237 1292 273 γράφειν,
1311 236 1391 263 Αὐτοὶ
1409 237 1453 272 μὲν
1468 237 1518 273 γὰρ
1539 233 1678 272 προδήλως
1694 234 1788 266 ἡδίους
1799 238 1930 272 γινόμεθα

1128 281 1329 316 ἐντυγχάνοντες
1357 280 1506 311 ἐπιστολαῖς
1532 284 1642 306 συνετῶν
1674 278 1776 317 ἀνδρῶν
1808 280 1928 316 ἀγαπών-

1128 335 1177 351 των
1206 327 1249 352 τὸν
1279 327 1390 363 Κύριον
1412 325 1434 352 εἰ
1461 323 1490 352 δὲ
1515 327 1560 351 καὶ
1575 325 1649 352 αὐτοί
1675 335 1700 351 τι
1719 324 1792 356 ἄξιον
1806 324 1928 357 σπουδῆς

1128 371 1258 408 εὑρίσκετε
1281 371 1338 406 (45)
1361 370 1422 407 παρ’
1448 371 1522 407 ἡμῖν,
1548 371 1669 407 ὑμέτερον
1695 368 1794 396 εἰδέναι
1819 375 1871 396 τῶν
1891 371 1927 397 ὲν-

1127 418 1324 452 τνγχανόντων.
1357 416 1387 442 Εἰ
1408 417 1453 452 μεν
1477 413 1520 441 οὖν
1544 417 1580 451 μὴ
1609 416 1660 441 ὑπὸ
1687 418 1734 441 τοῦ
1746 415 1864 446 πλήθους
1878 420 1928 441 τῶν

1129 459 1262 496 ἀσχολιῶν
1291 459 1448 496 ἀπηγόμεθα
1461 460 1526 495 (46),
1552 459 1599 485 οὐκ
1618 458 1649 485 ἂν
1671 463 1718 489 τῆς
1738 459 1767 485 ἐκ
1788 463 1836 485 τοῦ
1865 462 1928 497 γρά-

1129 514 1182 540 φειν
1212 508 1328 540 συνεχῶς
1354 505 1512 541 εὐφροσύνης
1532 503 1711 540 ἀπειχόμεθα·
1738 505 1813 540 ὑμεῖς
1829 502 1870 538 δε,
1891 505 1929 536 οἷς

1128 549 1246 580 ἐλάττους
1274 550 1301 575 αἱ
1328 547 1474 586 φροντίδες,
1501 550 1594 580 ὁσάκις
1621 548 1650 574 ἂν
1673 549 1726 575 οἷον
1745 558 1772 575 τε
1787 547 1815 585 ᾖ,
1843 559 1929 576 κατα-

1127 594 1229 624 ιιηλεῖτε
1255 595 1325 630 ἡμᾶς
1349 598 1404 625 τοῖς
1431 595 1582 631 γράμμασι.
1611 595 1662 620 Καὶ
1683 595 1735 630 γὰρ
1770 595 1803 619 τὰ
1832 595 1930 631 φρέατὰ

1129 649 1207 676 φασιν
1235 638 1392 675 ἁντλούμινα
1417 638 1511 675 βελτίω
1535 638 1655 673 γίνεσθαι
1667 638 1735 674 (4-7).
1765 637 1887 665 Ἐοίκασι
1902 638 1930 665 δέ

1129 694 1177 711 σου
1207 685 1234 710 αἱ
1261 683 1288 715 ἐξ
1317 683 1438 721 ἰατρικῆς
1464 685 1632 720 παραινέσεις
1660 682 1697 713 εἰς
1719 692 1852 720 παρεργον
1871 693 1928 719 χω.

1129 733 1191 767 ρεῖν,
1216 728 1269 764 οὐχ
1299 729 1372 765 ἡμῶν
1398 727 1549 765 ἆπαγόντων
1577 728 1632 764 (48)
1663 729 1707 754 τὸν
1727 726 1852 765 σίδηρον,
1876 727 1928 754 ἀλλ’

1129 775 1230 805 ἑαυτοῖς
1254 773 1428 800 ἐκπιπτόντων
1467 777 1517 799 τῶν
1558 772 1798 809 ἆπαχρειουμένων.
1827 772 1858 799 '0
1885 774 1928 809 μὶν

1128 818 1172 847 οὖν
1195 823 1241 845 τοῦ
1268 821 1382 845 Στωϊκοῦ
1400 817 1494 854 λόγος·
1522 815 1641 851 Ἐπειδὴ,
1662 820 1738 854 φησὶ,
1758 819 1795 854 μὴ
1829 819 1927 854 γίνεται

1128 867 1161 892 τὰ
1184 866 1327 901 πράγματα
1352 864 1387 894 ὡς
1421 862 1577 900 βουλόμεθα,
1615 864 1649 894 ὡς
1688 865 1787 899 γίνεται
1833 862 1926 899 βουλό-

1128 911 1195 947 μεθα
1207 909 1282 945 (49)-
1313 908 1364 945 ἐγὼ
1392 906 1421 934 δὲ
1435 911 1490 939 τοῖς
1517 909 1562 944 μὲν
1585 909 1726 946 πράγμασι
1748 909 1796 937 τήν
1822 910 1926 944 γνώμην

1130 954 1372 991 συγκατατίθεσθαι
1387 953 1443 988 (50)
1471 953 1501 979 οὗ
1527 951 1714 989 καταδέχομαι
1730 961 1737 967 ·
1757 954 1788 979 τὸ
1803 950 1834 979 δὲ
1847 951 1926 979 ἁϐου-

1127 999 1207 1029 λήτως
1230 999 1302 1029 τινὰς
1315 998 1408 1024 ’ποιεῖν
1432 1007 1459 1023 τι
1481 1001 1531 1024 τῶν
1557 996 1704 1033 ἀναγκαίων
1724 996 1772 1023 οὐκ
1795 995 1926 1024 ἀποδοκι-

1128 1045 1214 1081 μάζω.
1243 1045 1310 1069 Οὔτε
1332 1043 1384 1079 γὰρ
1419 1042 1480 1079 ὑμῖν
1507 1045 1560 1072 τοῖς
1586 1042 1682 1079 ἰατροῖς
1712 1043 1742 1069 τὸ
1775 1045 1861 1069 καίειν
1885 1044 1925 1069 τὸν

1128 1088 1272 1126 οἶρῥωστον,
1303 1088 1317 1117 ἣ
1347 1087 1429 1118 ἄλλως
1453 1090 1535 1113 ποιεῖν
1564 1086 1660 1122 ἀλγεῖν,
1687 1086 1817 1123 βουλητὸν
1833 1098 1840 1104 ο
1876 1086 1925 1113 ἀλλ’

1129 1131 1172 1160 οὖν
1198 1130 1381 1167 καταδέχεσθε
1395 1130 1520 1162 πολλάκις
1540 1135 1571 1167 τῇ
1596 1129 1743 1168 δυσχερείᾳ
1760 1135 1807 1157 τοῦ
1831 1132 1926 1161 πάθους

1129 1178 1256 1214 ἑπόμενοι·
1283 1178 1349 1203 Οὔτε
1373 1177 1397 1203 οἱ
1424 1175 1542 1206 πλέοντες
1572 1175 1698 1207 ἑκουσίως
1726 1175 1884 1203 ἐκϐάλλουσι
1895 1177 1925 1202 τὰ

1129 1221 1270 1259 ἀγώγιμα·
1306 1220 1358 1246 ἀλλ’
1388 1221 1456 1247 ὥστε
1498 1218 1634 1256 διαφυγεῖν
1666 1222 1700 1247 τὰ
1731 1222 1856 1257 ναυάγια,
1877 1222 1924 1256 ὑφ-

1131 1270 1251 1294 ίστανται
1271 1268 1319 1295 τήν
1340 1264 1458 1297 ἐκϐολὴν,
1484 1266 1528 1291 τὸν
1543 1265 1570 1291 ἐν
1582 1267 1657 1302 πενίᾳ
1672 1264 1730 1302 βίον
1755 1269 1803 1292 τοῦ
1831 1265 1925 1292 ἀποθα-

1128 1315 1179 1338 νεῖν
1206 1314 1391 1348 προτιμῶντες.
1418 1309 1499 1336 Ὠστε
1534 1312 1579 1336 καὶ
1614 1310 1684 1346 ἡμᾶς
1712 1311 1768 1336 οἷον
1805 1309 1924 1346 ἀλγεινῶς

1129 1358 1174 1394 μεν
1194 1358 1240 1382 καὶ
1267 1355 1332 1392 μετὰ
1365 1356 1463 1391 μυρίων
1488 1352 1610 1391 ὀδυρμῶν
1629 1356 1712 1392 φέρειν
1729 1356 1772 1381 τὸν
1788 1357 1923 1393 χωρισμὸν

1128 1406 1178 1428 τῶν
1206 1401 1386 1436 ἀφισταμένων
1411 1399 1487 1435 (51)·
1509 1401 1592 1436 φέρειν
1619 1397 1645 1425 δ’
1664 1397 1709 1425 οὖν
1723 1400 1813 1436 ὅμως.
1840 1397 1923 1428 ἐπειδὴ

1128 1449 1174 1473 τοῦ
1203 1449 1269 1472 Θεοῦ
1298 1446 1343 1470 καὶ
1370 1447 1418 1474 τῆς
1444 1443 1485 1470 ἐπ’
1508 1443 1585 1470 αὐτὸν
1601 1443 1706 1475 ἐλπίδος
1720 1442 1796 1471 οὐδὲν
1811 1448 1866 1477 τοῖς
1879 1448 1923 1475 τῆς

1129 1491 1250 1521 ἀληθείας
1265 1488 1389 1527 ἐρασταῖς
1407 1491 1603 1526 προτιμότερον.

1392 1546 1562 1573 ΕΠΙΣΤΟΛΠ
1582 1544 1660 1572 ΡΝΙΪ.

243 1590 363 1618 Silentii
373 1590 420 1618 sui
434 1598 556 1619 causam
572 1591 695 1626 exponit
709 1592 853 1625 Basilius,
869 1591 1053 1627 conﬁdenter
1066 1590 1204 1625 deinceps
1216 1589 1396 1625 scripturum
1414 1597 1444 1627 se
1452 1590 1611 1625 promittit.
1630 1589 1752 1619 Gratias
1767 1591 1833 1626 agit
1849 1589 1923 1627 quod

733 1635 804 1656 suas
817 1636 874 1662 pro
889 1628 1023 1656 Ecclesia
1038 1635 1139 1663 preces
1161 1627 1259 1655 Victor
1270 1626 1443 1655 antevertit.

475 1684 591 1712 Victori
601 1685 750 1714 exercitus
764 1685 845 1713 duci.

281 1727 325 1755 Ad
342 1727 475 1764 aliquem
489 1728 582 1756 alium
606 1728 631 1756 si
655 1737 717 1757 non
733 1729 907 1763 scriberem,
923 1729 998 1758 forte
1011 1737 1073 1757 non

246 1772 397 1801 immerito
424 1773 602 1802 sustinerem
632 1773 767 1810 segnitiei
783 1774 1005 1802 autoblivionis
1021 1774 1073 1802 cri-

247 1825 328 1846 men.
343 1817 394 1846 Tui
410 1826 481 1846 vero
507 1818 662 1855 quomodo
691 1818 806 1855 possim
826 1818 970 1854 oblivisci,
987 1819 1073 1854 cujus

247 1869 359 1891 nomen
385 1862 467 1899 apud
495 1871 601 1891 omnes
631 1863 769 1891 homines
795 1863 1000 1900 przedicatur?
1024 1865 1076 1891 aut

247 1907 404 1943 quomodo
431 1909 459 1935 te
489 1907 651 1944 negligere,
680 1907 733 1944 qui
748 1915 854 1936 omnes
867 1907 927 1935 fere
942 1907 973 1935 in
987 1909 1076 1936 terra-

245 1959 314 1979 rum
330 1952 402 1980 orbe
418 1952 537 1987 fastigio
553 1952 733 1987 dignitatum
749 1952 1077 1982 antecellis?Sedsilen-

244 1995 278 2023 tii
293 1995 355 2024 mei
373 1996 536 2024 manifesta
549 1999 594 2024 est
609 2004 713 2025 causa.
729 1996 796 2025 Viro
812 1999 895 2026 tanto
905 1996 1075 2025 molestiam

247 2084 408 2148 Litt/1:31;“
432 2084 570 2121 ὑμετέρων.
593 2085 629 2113 Si
642 2093 701 2121 qua
710 2086 828 2115 utilitas
838 2089 1002 2115 vestrarum
1019 2087 1070 2115 lit-

261 2127 393 2149 erarum.

282 2155 390 2193 [Alias
404 2155 577 2184 CCCLXXIV.
593 2157 706 2193 Scripta
720 2157 798 2186 circa
813 2165 883 2185 ann.
901 2159 962 2186 373.

281 2191 334 2230 (ίῆ)
355 2192 505 2230 {inloto-uri.
520 2193 569 2230 Ita,
578 2191 692 2228 septem
702 2201 780 2230 mss.
795 2193 872 2230 Εᾷὶιὶ
889 2194 1024 2230 εὑρήσετε.

283 2228 337 2262 (46)
359 2227 536 2264 Ἀπηγὸμεθα.
562 2227 625 2256 Non
648 2229 728 2257 male
753 2229 840 2258 Coisl.
866 2227 1017 2257 secundus
1044 2230 1073 2257 et

246 2264 316 2297 Reg.
331 2265 481 2290 secundus
494 2263 679 2300 ἀπειργόμεθα.

759 2299 877 2328 codices
907 2302 1007 2336 γίνεται
1044 2300 1073 2328 et

269 2343 340 2362 ησιν,

317 2344 340 2362 ν.

250 2344 341 2407 fuge)
361 2368 533 2407 ’Enayégmv.
563 2372 632 2407 Tres
657 2371 776 2407 codices
795 2379 857 2400 non
872 2370 1073 2407 antiquissimi

247 2404 397 2440 ἐναγόντων.
414 2405 527 2433 [bidem
543 2406 621 2435 Har].
642 2408 671 2433 τὸ
692 2406 825 2444 σιδήριον,
840 2409 869 2434 et
882 2404 955 2442 Reg:
970 2414 1074 2435 secun-

247 2440 304 2467 dus
317 2442 531 2467 πεοιπιπτόντων.

271 2449 304 2468 US
317 2450 362 2469 περ
367 2450 531 2469 ιπιπτοντων.

281 2466 336 2512 ζί9)
348 2466 513 2513 ’Βουλόμεθα
525 2466 574 2505 'lta
584 2477 663 2506 Harl.
688 2480 717 2506 et
739 2477 813 2505 Med.
830 2478 877 2506 Sic
892 2477 983 2505 etiam
995 2477 1075 2505 vide-

246 2514 303 2550 t_ur_
319 2512 417 2550 prima
438 2520 536 2550 manu
563 2513 709 2550 habuisse
735 2513 822 2550 Cois].
839 2513 986 2550 primus.‘
999 2513 1075 2541 Editi

246 2547 507 2584 βουλωμεθαηῐίεε.
537 2549 689 2576 secundus
717 2551 745 2577 et
772 2547 862 2577 ϐοὶεΙῙ
874 2548 1026 2577 secundus
1041 2549 1075 2580 ὡς

246 2582 397 2621 ἆνέγίνὴται
417 2582 583 2621 βουλῶμεθα.

357 2619 610 2655 Συγδίατατίθεσθαι.
629 2619 719 2656 Harl.,
750 2621 820 2656 Reg.
837 2620 954 2657 primus
969 2623 997 2649 et
1011 2621 1074 2649 Vat.

247 2656 501 2691 συμμετατίθεσθαι.

283 2691 340 2728 (5t)
360 2694 415 2728 Τῶν
427 2691 616 2728 ᾁφισταμένῳν.
649 2692 717 2720 Hinc
741 2691 865 2727 intelligi
892 2700 955 2720 non
966 2691 1077 2728 debent

248 2725 286 2753 de
295 2725 889 2766 plaustatliii'separationeacommunione
905 2727 1013 2766 Basilii,
1023 2727 1077 2766 sed

250 2762 350 2801 potius
364 2762 646 2801 deSebaslenorum
667 2763 884 2801 nonnullorum
894 2764 933 2792 ab
944 2764 1010 2799 ipso
1024 2765 1079 2801 Eu-

251 2797 363 2825 stathio
377 2797 569 2828 discessione.
595 2800 668 2828 Tota
681 2807 728 2828 res
748 2799 882 2828 enitescit
892 2808 927 2828 ex
943 2797 1076 2835 superio-

1368 1683 1418 1710 o"
1580 1694 1594 1699 -
1640 1684 1646 1692 ’

1391 1693 1493 1721 υιχτορι
1515 1684 1690 1721 στρα.ηλατῃ.

1164 1728 1248 1765 Ἀλλῳ
1276 1731 1321 1765 μέν
1343 1738 1394 1754 τινι
1424 1730 1459 1764 μὴ
1491 1727 1654 1763 ἐπιστέλλων,
1674 1727 1790 1764 τάχαᾶν
1803 1727 1923 1766 δεξαίμην

1129 1772 1237 1803 δικαίως
1261 1772 1378 1809 ἔγκλημα
1409 1772 1541 1810 ῥᾳθυμίας
1569 1771 1584 1802 ἢ
1612 1772 1712 1803 λήθης*
1747 1776 1795 1799 σοῦ
1826 1771 1856 1799 δέ
1876 1777 1923 1804 πῶς

1129 1819 1198 1844 ἔστιν
1226 1817 1404 1851 ἐπιλαθέσθαι,
1433 1816 1462 1843 οὗ
1488 1817 1560 1853 παρὰ
1583 1819 1663 1843 πᾶσιν
1683 1818 1832 1855 ἀνθρώποις
1847 1818 1923 1844 λαλεῖ-

1129 1865 1172 1889 ταὶ
1199 1863 1227 1888 τὸ
1254 1864 1350 1898 rivatim;
1380 1865 1436 1892 πῶς
1460 1859 1490 1887 δε
1512 1861 1760 1899 καταλόρᾳθυμῆσαι,
1789 1863 1815 1893 ὅς
1827 1864 1923 1889 πάντων

1131 1905 1230 1943 σχεδον
1256 1910 1306 1932 τῶν
1336 1906 1404 1932 κατὰ
1429 1907 1473 1934 τὴν
1498 1905 1651 1942 οἰκουμένην
1659 1910 1695 1943 τῷ
1709 1906 1770 1942 ὕψει
1783 1910 1834 1932 τῶν
1849 1905 1924 1938 ἀξιω-

1130 1952 1218 1988 μάτων
1244 1951 1470 1988 ὑπερανέστηκας;
1506 1949 1583 1976 Ἀλλὰ
1611 1949 1678 1980 δήλη
1707 1951 1781 1987 ἡμῶν
1812 1951 1827 1980 ἡ
1858 1951 1925 1977 αἰτία

1130 2000 1176 2027 τῆς
1196 1999 1305 2026 σιωπῆς.
1318 1995 1457 2032 Ὀκνοῦμεν
1477 1992 1513 2021 δι’
1533 1994 1615 2031 ὄχλου
1643 1996 1763 2032 γίνεσθαι
1782 1997 1835 2032 (52)
1852 1994 1924 2032 ἀνδρὶ

1127 2085 1211 2114 ribus
1240 2084 1348 2118 verbis,
1374 2084 1426 2113 sed
1445 2086 1544 2112 tamen
1571 2083 1690 2118 aliquid
1699 2085 1923 2113 necessariuma

1127 2121 1286 2149 nonnullis
1309 2124 1421 2155 prater
1449 2120 1545 2148 animi
1566 2119 1743 2155 sententiam
1763 2119 1841 2153 ﬁeri,
1867 2128 1921 2148 non

1127 2156 1273 2191 improbo.
1288 2154 1354 2184 Haec
1368 2156 1502 2191 profecto
1527 2154 1684 2183 referenda
1705 2154 1745 2182 ad
1759 2157 1922 2191 separatio--

1127 2190 1194 2221 nem
1208 2199 1320 2227 eorum,
1347 2190 1399 2227 qui
1422 2199 1452 2220 se
1475 2193 1705 2227 separaverunt.
1739 2190 1812 2227 Huic
1823 2199 1922 2220 eorum

1127 2228 1206 2256 facto
1216 2235 1278 2255 non
1293 2225 1515 2263 assentiebatur
1527 2234 1565 2263 ex
1574 2225 1676 2254 animo
1695 2225 1834 2259 Basilius,
1857 2235 1921 2263 que-

1127 2263 1328 2292 madmodum
1342 2270 1397 2291 nec
1409 2261 1518 2291 medici
1526 2261 1653 2290 libenter
1667 2264 1765 2296 urunt,
1777 2269 1834 2290 nec
1847 2261 1921 2291 n'avi-

1129 2301 1233 2334 gantes
1254 2298 1380 2334 libenter
1401 2305 1515 2326 merces
1541 2297 1672 2334 ejiciunt.
1688 2297 1745 2325 Sed
1758 2300 1860 2334 tamen
1874 2306 1920 2326 eos

1129 2333 1190 2363 non
1202 2333 1405 2370 improbabat,
1421 2333 1492 2370 quia
1507 2333 1637 2362 veritatis
1651 2333 1838 2361 amatoribus
1850 2333 1920 2362 nihil

1129 2373 1172 2399 est
1191 2371 1251 2398 Deo
1266 2373 1294 2398 et
1318 2377 1367 2406 spe
1386 2370 1419 2398 in
1442 2370 1541 2406 Deurn
1547 2370 1716 2406 antiquius.
1732 2370 1800 2397 Haec
1816 2371 1919 2406 optime

1130 2407 1301 2441 congruunt
1318 2405 1489 2434 Sebastenis
1513 2404 1582 2439 illis,
1602 2404 1665 2440 qui,
1683 2406 1717 2432 ut
1741 2404 1919 2441 supra'vidi-

1130 2440 1203 2470 mus"
1213 2441 1244 2469 in
1256 2441 1341 2477 epist.
1358 2442 1421 2474 238,
1444 2441 1566 2477 occulto
1576 2448 1682 2475 pravz
1691 2440 1841 2477 opinionis
1855 2441 1920 2469 Eus-

1131 2477 1222 2506 tathii
1245 2476 1370 2505 vulnere
1388 2477 1502 2505 detecto
1534 2476 1670 2512 aliquam
1698 2476 1919 2512 ecclesiasticam

1130 2513 1364 2541 sollicitudinem
1377 2520 1395 2540 a.
1406 2511 1696 2541 Basilioposcebant.
1707 2511 1791 2539 Unde
1805 2511 1918 2540 Basilius

1131 2548 1294 2577 Eusebium
1305 2548 1444 2577 consulit.
1463 2547 1733 2584 quidnSebastenis
1748 2547 1920 2584 responderi:

1131 2585 1205 2612 dum
1221 2585 1267 2612 sit.
1286 2584 1331 2611 Eis
1353 2586 1454 2612 autem
1473 2582 1619 2610 'Basilium
1644 2582 1886 2612 communionem
1897 2582 1919 2609 et

1153 2619 1332 2659 atroci_niu_m
1358 2619 1545 2659 concessisse
1576 2618 1776 2659 perspicimus
1800 2627 1866 2659 c_u_m
1889 2624 1919 2645 ex

1130 2629 1332 2684 ΕᾶῐΓΟΟΙΠΙΠΠΙ
1358 2629 1545 2659 εοῐλοθεξιδεϐ
1576 2629 1776 2659 perspictmus
1800 2629 1866 2647 cum
1889 2629 1919 2645 ex

1154 2664 1188 2684 ac
1201 2655 1340 2693 epistola,
1356 2657 1420 2683 tum
1442 2657 1531 2693 etiam
1560 2662 1597 2682 ex
1609 2656 1775 2693 epist.__233,
1792 2655 1845 2682 ubi
1864 2660 1919 2693 nat-

1131 2693 1178 2720 rat
1191 2689 1316 2719 Basilius
1329 2699 1389 2725 eos,
1409 2690 1462 2726 qui
1486 2698 1589 2718 secum
1607 2689 1747 2726 Sébastim
1763 2689 1917 2718 communi.

1132 2729 1211 2760 cant,
1224 2727 1314 2754 curiae
1326 2725 1445 2754 additos
1458 2725 1789 2760 aDemosthenefuisse,
1805 2731 1917 2760 magnos

1133 2764 1233 2791 autem
1244 2762 1374 2790 honores
1385 2761 1490 2790 amicis
1503 2761 1648 2789 Eustathii
1663 2760 1788 2789 delatOS.

1169 2799 1224 2829 (52)
1242 2799 1373 2826 Γίνεσθαι.
1390 2797 1470 2826 Multi
1482 2796 1601 2826 codices
1613 2805 1688 2825 mss.
1703 2798 1836 2834 γενέσθαι.
