1984 3147
287 131 339 159 623

974 129 1002 157 S.
1024 127 1149 156 BASlLll
1167 127 1276 156 MAGNI

1890 133 1931 160 624

287 193 493 222 auctoritatem
509 193 591 229 apud
607 193 760 222 auditores
776 199 964 229 comparare.
981 191 1037 224 Qui
1049 190 1102 227 qui

1172 189 1324 222 ἀξιόπιστον
1354 191 1475 221 ἐθελῆσαι
1499 195 1611 220 ποιῆσαι
1638 194 1694 221 τοῖς
1715 190 1880 228 ἀκροωμένοις,
1900 193 1935 225 ’ος

288 237 358 266 dem
378 238 415 266 ab
432 237 533 274 aliquo
553 237 765 272 interrogatus,
785 245 824 264 an
844 236 901 264 sibi
920 236 1021 264 liceret
1035 243 1117 262 mor-

288 285 347 311 tuae
365 282 468 309 uxoris
488 289 622 309 sororem
642 282 672 309 in
692 281 919 310 matrimonium
935 281 1054 312 ducere,
1073 279 1118 307 in-

287 326 519 361 terrogationem
539 334 600 354 non
616 326 797 362 perhorruit,
819 326 873 354 sed
891 324 1009 362 placide
1027 323 1116 352 etiam

288 371 411 405 audivit,
436 378 471 398 ac
497 370 639 399 lascivum
666 371 824 399 libidinem
852 369 965 398 fortiter
993 377 1118 405 prorsus

287 418 315 444 et
329 415 507 452 pugnaciter
529 415 657 450 adjuvit.
680 415 767 448 Quod
792 416 816 443 si
841 414 982 442 adessent
1002 413 1116 447 litteras,

287 469 338 489 eas
360 461 399 489 ad
421 463 449 489 te
471 460 633 494 misissem,
658 460 790 496 satisque
815 460 944 488 haberes
970 459 1118 487 facultatis

288 508 316 534 et
330 506 370 534 ad
389 508 472 533 tuam
488 508 517 533 et
532 505 571 532 ad
585 505 716 533 veritatis
739 505 958 532 defensionem.
975 503 1033 532 Sed
1045 503 1119 540 quia

287 551 339 587 qui
367 550 433 579 illas
460 549 643 583 ostenderat,
669 557 773 577 rursus
798 549 932 584 abstulit,
957 551 986 577 et
1014 550 1119 576 contra.

286 595 415 632 nos,qui
429 595 460 623 id
475 595 513 623 ab
529 594 613 622 initio
627 594 850 630 prohibuimus,
866 593 947 621 velut
969 596 1117 628 tropaaum

289 640 443 675 quoddam
468 639 659 672 circumtulit,
683 639 836 667 licentiam
859 646 890 666 se
905 637 1017 666 habere
1036 637 1118 665 dicti-

287 687 355 713 tans
368 684 478 720 scripto
491 684 686 717 mandatam;
701 691 782 712 nunc
795 683 835 711 ad
849 685 877 711 te
894 682 1011 719 scripsi,
1024 684 1055 710 ut
1065 681 1118 709 du-

288 729 358 766 plici
371 737 464 757 manu
480 729 615 765 spuriam
630 728 712 756 illam
724 728 882 764 epistolam
892 735 1117 763 oppugnemus;

287 782 344 803 nec
359 774 528 810 quidquam
551 773 577 801 ei
598 773 717 801 roboris
739 772 958 809 relinquamus,
977 779 1015 800 ne
1032 771 1118 800 facile

287 819 382 855 possit
392 818 563 853 legentibus
579 825 698 846 nocere.

323 875 350 900 2.
381 873 512 900 Primum
541 872 654 907 itaque,
682 870 766 907 quod
794 870 824 898 in
854 870 1004 905 ejusmodi
1028 870 1118 898 rebus

287 917 454 945 maximum
466 919 642 950 est,morem
654 917 791 943 nostrum
803 915 933 950 objicere
942 922 1116 950 possumus,

288 964 320 989 ut
332 961 394 989 vim
407 961 481 995 legis
495 961 670 994 habentem,
685 968 720 988 eo
730 959 814 996 quod
828 959 917 988 nobis
932 967 950 987 a
964 959 1035 987 viris
1048 967 1117 987 san-

287 1006 340 1034 ctis
356 1005 472 1034 traditae
493 1006 551 1033 sint
565 1005 686 1041 regulae.
711 1006 772 1032 Mos
787 1007 890 1032 autem
906 1003 953 1032 ille
969 1006 1013 1032 est
1032 1003 1115 1039 ejus-

286 1050 380 1085 modi,
395 1052 428 1078 ut
440 1050 465 1077 si
479 1050 547 1086 quis
561 1049 744 1086 impuritatis
756 1049 828 1077 vitio
841 1048 1006 1085 aliquando
1021 1048 1117 1076 victus

285 1095 316 1123 in
330 1095 462 1123 illicitam
476 1094 606 1122 duarum
623 1102 762 1122 sororum
782 1093 1026 1129 conjunctionem
1042 1093 1116 1120 inci-

285 1139 371 1173 derit,
387 1146 485 1176 neque
504 1138 535 1166 id
558 1138 787 1166 matrimonium
802 1137 1000 1172 existimetur,
1018 1145 1116 1173 neque

285 1184 410 1211 omnino
437 1183 469 1211 in
492 1182 628 1210 Ecclesiae
653 1184 764 1210 castum
792 1182 1000 1215 admittantur,
1019 1181 1116 1218 prius-

284 1235 379 1263 quam
394 1235 412 1255 θ.
424 1235 456 1254 se
470 1226 598 1254 invicem
609 1225 798 1254 dirimentur.
808 1227 905 1259 Quare
914 1225 1032 1253 etiamsi
1042 1225 1115 1254 nihil

285 1271 367 1300 aliud
381 1271 440 1299 dici
459 1273 572 1308 posset,
597 1271 670 1299 satis
692 1273 770 1299 esset
785 1270 851 1307 ipsa
869 1270 1056 1299 consuetudo
1075 1271 1115 1298 ad

282 1316 356 1344 boni
376 1316 556 1344 custodiam.
574 1315 631 1344 Sed
645 1315 719 1352 quia
740 1315 793 1352 qui
807 1315 887 1343 hanc
903 1315 1022 1351 scripsit
1035 1316 1113 1352 epis-

284 1361 386 1396 tolam,
402 1360 571 1389 adulterino
595 1363 774 1395 argumento
794 1359 910 1388 malum
925 1362 1044 1388 tantum
1064 1367 1114 1388 co-

282 1408 372 1434 natus
387 1408 433 1434 cst
450 1406 481 1433 in
505 1413 605 1433 mores
629 1405 789 1433 hominum
812 1405 965 1438 inducere,
990 1412 1114 1433 necesse

282 1453 336 1486 est,
350 1453 380 1478 ut
393 1458 448 1478 nec
460 1449 724 1478 ratiocinationum
740 1449 911 1477 subsidium
926 1449 1111 1483 omittamus,

281 1503 469 1532 quanquam,
484 1494 515 1522 in
530 1494 620 1522 rebus
642 1493 731 1522 valde
753 1494 937 1530 conspicuis,
954 1501 1113 1529 argumen-

280 1539 393 1568 tatione
407 1539 506 1576 potior
520 1541 566 1567 est
579 1538 818 1575 uniuscujusque
833 1538 987 1575 praenotio.

318 1595 345 1620 3.
367 1592 516 1628 Scriptum
541 1593 594 1624 est,
621 1591 728 1628 inquit,
753 1591 783 1618 in
807 1591 953 1620 Levitico:
985 1591 1112 1620 Uxorem

280 1645 371 1671 super
391 1643 493 1664 sorore
514 1637 578 1670 ejus
603 1643 663 1663 non
687 1636 816 1670 accipies
836 1637 985 1668 aemulam,
1008 1635 1048 1664 ad
1065 1643 1112 1664 re-

282 1681 441 1709 velandam
469 1680 689 1714 turpitudinem
713 1682 776 1715 ejus
801 1688 892 1715 super
916 1688 990 1712 eam,
1012 1681 1112 1709 adhuc

280 1727 396 1754 vivente
416 1733 450 1753 ea
466 1724 587 1752 33.1nde
610 1724 700 1759 igitur
725 1725 920 1753 manifestum
950 1733 1014 1753 esse
1041 1725 1112 1758 dicit

279 1773 407 1798 mortus:
423 1777 558 1798 sororem
576 1769 712 1806 accipere
729 1769 828 1798 licere.
845 1769 888 1797 Ad
903 1769 961 1797 hoc
976 1770 1111 1805 primum

279 1815 403 1852 quidem
425 1815 536 1850 dicam,
559 1822 751 1850 quaecunque
775 1814 822 1842 lex
845 1814 926 1846 dicit,
953 1813 988 1841 iis
1003 1814 1055 1850 qui
1079 1814 1110 1842 in

276 1861 343 1896 lege
363 1862 433 1888 sunt
449 1859 567 1893 dicere;
589 1859 703 1895 alioqui
724 1858 765 1885 sic
789 1860 817 1886 et
843 1858 1063 1886 circumcisioni
1082 1861 1110 1886 et

278 1905 412 1933 Sabbato
427 1906 456 1932 et
475 1903 665 1932 abstinentiae
680 1903 820 1930 ciborum
836 1902 1042 1938 subjiciemur.
1059 1905 1110 1931 Ne-

276 1958 335 1986 que
351 1950 430 1977 enim
451 1949 475 1977 si
496 1948 569 1984 quid
591 1947 784 1976 inveniamus
804 1947 979 1983 appositum
995 1947 1107 1975 nostris

275 1993 493 2030 voluptatibus,
506 1993 579 2028 jugo
596 1991 746 2019 servitutis
767 1991 841 2027 legis
863 1999 919 2019 nos
941 1992 999 2028 ipsi
1015 1992 1108 2027 subji-

276 2038 408 2067 ciemus:
426 2037 450 2065 si
465 2037 537 2073 quid
554 2037 653 2064 autem
666 2036 763 2064 visum
778 2036 864 2064 fuerit
879 2044 968 2071 grave
981 2037 1011 2064 in
1026 2036 1106 2072 lega-

275 2082 364 2116 libus,
387 2084 457 2109 tunc
479 2081 518 2109 ad
539 2081 717 2116 libertatem,
736 2082 824 2117 250
847 2089 915 2118 quae
938 2082 969 2109 in
990 2082 1106 2110 Christo

276 2130 329 2159 est,
347 2126 565 2161 confugiemus.
587 2126 764 2160 Interrogati
780 2134 886 2153 sumus
901 2134 940 2154 an
960 2126 1105 2162 scriptum

275 2171 321 2206 sit,
343 2173 375 2200 ut
394 2171 558 2208 accipiatur
579 2178 656 2198 uxor
678 2173 747 2207 post
768 2170 865 2207 ipsius
888 2178 1034 2199 sororem.
1057 2171 1106 2199 Di-

309 2253 333 2270 ⁸³
353 2252 432 2281 Levit
443 2260 519 2286 xvm,
536 2252 579 2279 18.

308 2325 365 2359 (99)
386 2324 471 2359 Αὐτῷ.
488 2323 534 2351 Sic
547 2325 605 2351 tres
621 2322 817 2351 vetustissimi
832 2323 950 2351 codices
966 2325 994 2352 et
1010 2324 1098 2352 Coisl.

273 2360 433 2388 secundus.
450 2359 524 2386 Euiti
539 2359 625 2386 αὐτόν.
638 2361 725 2386 Deest
735 2367 770 2386 ea
782 2367 840 2386 vox
852 2360 882 2385 in
894 2359 997 2386 codice
1011 2360 1097 2388 Coisl.

271 2396 323 2431 qui
343 2395 452 2422 stmulo
472 2402 552 2431 nono
573 2397 720 2427 exat-aius,
743 2397 832 2429 atque
847 2395 926 2431 hanc
941 2395 1100 2430 epistolam

271 2430 341 2458 cum
356 2431 421 2458 aliis
439 2430 627 2466 synodorum
642 2433 671 2458 et
683 2433 859 2458 sanctorum
873 2430 994 2458 Patrum
1010 2438 1100 2459 cano-

269 2467 359 2495 nihus
370 2466 587 2502 complectitur.

305 2503 344 2538 ll)
365 2500 488 2529 Γπναίως
508 2501 583 2538 Editi
606 2500 722 2538 addunt
751 2500 832 2536 αὐτῷ,
855 2500 939 2536 quod
963 2500 1048 2529 deest
1067 2501 1097 2529 in

269 2540 300 2566 ti,
310 2536 365 2565 nos
380 2537 593 2566 vetustissimis
608 2536 774 2564 codicibus.

306 2575 343 2608 (2)
364 2574 503 2611 Ἐξιὲρκείς.
521 2573 567 2601 Sic
578 2580 654 2611 mss.
669 2579 788 2599 novem.
806 2571 879 2599 Editi
892 2571 1004 2608 ἐξήρκει.

305 2611 342 2644 (3)
361 2608 467 2637 Τοῡέοι.
482 2611 520 2636 lle
536 2610 603 2644 octo
623 2615 696 2634 mss.
716 2615 847 2644 quorum
862 2614 993 2644 quatuor
1005 2608 1094 2643 longe

267 2645 475 2673 vetuistiss‘mi.
496 2643 568 2670 ῑξιῖἱῑί
584 2646 671 2669 τοῦτο.

303 2682 341 2716 (4;
363 2680 456 2707 Καλοῦ.
475 2680 521 2708 Sic
536 2678 654 2716 editiﬂet
672 2677 885 2716 codicesﬂari.
906 2681 934 2707 et
948 2679 1022 2707 Med.
1044 2680 1094 2707 Le-

268 2713 347 2749 gitur
365 2716 394 2742 in
414 2716 509 2743 tribus
534 2713 725 2751 (loislinianis
750 2713 906 2751 codicibus
920 2717 946 2743 et
960 2718 1093 2751 quatuor

267 2750 332 2777 aliis
352 2755 443 2785 γιιυσῖ,
461 2751 500 2779 ad
519 2750 632 2777 malum
653 2749 826 2786 cavendum.
851 2751 920 2778 Utra
943 2749 1091 2786 scriptura

266 2786 364 2822 potior
376 2787 471 2815 videri
489 2785 607 2821 debeat,
628 2792 684 2813 nec
702 2784 787 2814 facile
808 2788 852 2815 est
873 2784 1013 2822 statuere;
1033 2794 1090 2815 nec

1132 814 1152 840 B

1128 1437 1148 1464 C

1121 2114 1143 2141 D

1171 245 1209 270 γε,
1224 235 1362 272 ἐρωτηθεὶς
1382 237 1432 262 ὑπό
1457 245 1534 271 τινος,
1560 235 1582 262 εὶ
1611 236 1713 271 θεμιτὸν
1741 235 1806 271 αὐτῴ
1819 235 1866 271 (99)
1889 240 1935 273 πρὸς

1170 281 1254 316 γάμον
1292 280 1439 316 ἀγαγέσθαι
1471 284 1519 311 τῆς
1555 281 1681 316 γυναικὸς
1705 279 1881 311 τελευτησάσης
1902 285 1935 311 τὴν

1171 323 1295 360 ἀδελφὴν,
1317 325 1363 351 οὐκ
1384 325 1469 362 ἔφριξε
1492 327 1539 354 τὴν
1563 324 1701 362 ἐρώτησιν,
1727 324 1786 350 ἀλλὰ
1812 327 1853 351 καὶ
1869 327 1936 363 πράως

1171 370 1261 405 ἣνεγκε
1274 371 1322 399 τὴν
1351 369 1440 403 ἀκοὴν,
1467 371 1511 395 καὶ
1540 371 1570 395 τὸ
1597 369 1702 405 ἀσελγὲς
1729 368 1870 406 ἐπιθύμημα
1886 371 1934 396 m'm

1170 416 1293 450 γενναίως
1318 414 1357 450 (1)
1387 416 1432 440 καὶ
1466 413 1644 449 ἀγωνιστικῶς
1675 414 1890 450 συγκατέπραξεν.
1916 415 1936 441 Εἰ

1170 461 1215 495 μὲν
1230 459 1273 485 οὖν
1289 463 1375 496 παρῆν
1396 468 1441 495 μοι
1470 460 1499 484 τὸ
1525 459 1645 495 γράμμα,
1670 457 1731 484 αὐτὸ
1760 457 1789 484 ἂν
1816 457 1934 491 ἀπέστειλα,

1170 506 1215 530 καὶ
1243 503 1358 541 ἐξήρκιις
1379 505 1417 539 (2)
1442 507 1529 539 σαυτῷ
1554 513 1582 529 τι
1609 503 1705 539 ἀμῦναι
1729 505 1772 529 καὶ
1798 507 1827 539 τῇ
1843 502 1935 539 etnota-

1171 547 1224 574 ἐπεὶ
1241 547 1270 575 ti":
1293 549 1306 574 ὁ
1329 547 1417 580 δείξας
1440 548 1517 575 πάλιν
1540 547 1666 584 ἀφείλετο,
1693 550 1737 573 καὶ
1754 548 1835 585 ὥσπερ
1855 557 1876 574 τι
1891 551 1936 585 τρο-

1170 603 1247 620 παιον
1273 594 1332 620 καθ’
1361 594 1435 630 ἡμῶν
1462 595 1603 631 περιέφερε,
1628 593 1806 619 κεκωλυκὸτων
1827 602 1854 619 το
1867 592 1888 623 ἐξ
1906 592 1937 628 ἀρ-

1170 642 1234 674 χῆς,
1260 639 1388 675 ἔγγραφον
1409 639 1479 674 ἔχειν
1505 637 1585 674 λέγων
1612 640 1658 667 τὴν
1684 637 1811 668 εξουσίαειι⁸
1835 636 1937 663 ἒπέοτιιλα

1170 686 1214 708 νῦν
1244 691 1296 715 σοι,
1326 684 1393 708 ὥστε
1416 680 1496 718 διπλῇ
1516 686 1546 718 τῇ
1577 685 1651 718 χειρὶ
1675 683 1745 718 ἡμᾶς
1763 681 1837 708 ἐλθεῖν
1857 681 1892 707 ἐπὶ
1906 683 1936 707 τὸν

1170 727 1244 753 νόθον
1259 726 1352 753 ἐκεῖνον
1374 727 1458 762 λόγον,
1475 729 1520 752 καὶ
1546 724 1679 762 μηδεμίαν
1698 726 1767 761 αὐτῷ
1789 725 1861 761 ἰσχὺν
1878 735 1937 751 sata-

1170 771 1263 807 λιπεῖν,
1291 772 1333 798 ἵνα
1355 774 1390 808 μὴ
1415 773 1465 807 ἔχῃ
1487 770 1611 807 βλάπτειν
1636 769 1736 808 ῥᾳδίως
1759 772 1817 801 τοὺς
1839 770 1937 806 ἐντυγχὰ-

1170 826 1259 847 νοντας
1267 837 1273 844 .

1205 872 1232 897 2.
1250 873 1354 907 Πρῶτον
1369 871 1414 905 μὶν
1436 868 1491 903 οὖν,
1516 869 1529 895 ὂ
1556 871 1679 906 μέγιστον
1705 868 1747 895 ἐπὶ
1774 872 1821 895 τῶν
1842 869 1936 894 τοιούτων

1171 913 1238 946 ἐστὶ,
1254 916 1282 940 τὸ
1302 915 1364 950 παρ’
1386 915 1449 950 ἡμῖν
1470 913 1563 948 ἔθος,ὃ
1592 915 1686 950 ἔχομεν
1713 913 1865 950 προϐάλλειν,
1880 915 1936 948 νόμον

1171 956 1281 994 δύναμιν
1300 959 1373 994 ἕχον,
1396 956 1442 984 διὰ
1457 959 1486 983 τὸ
1499 958 1541 994 ὑφ’
1558 957 1637 993 ἁγίων
1653 956 1756 995 ἀνδρῶν
1777 959 1834 988 τοὺς
1855 957 1937 993 θεσμοὺς

1170 1004 1232 1037 ἡμῖν
1265 1001 1460 1039 παραδοθῆναι.
1496 1006 1577 1029 Τοῦτο
1607 1001 1636 1029 δὲ
1668 1004 1786 1028 τοιοῦτόν
1817 1001 1886 1028 ἐστιν·
1909 1001 1937 1027 ἑνί-ι

1169 1057 1217 1080 τις,
1232 1047 1309 1073 πάθει
1332 1046 1498 1083 ἀκαθαρσίας
1512 1048 1574 1073 ποτε
1602 1048 1752 1084 κρατηθεὶς,
1781 1046 1872 1082 ὰκπίσῃ
1892 1047 1938 1081 πρὸς

1170 1089 1242 1118 δυεῖν
1262 1089 1378 1127 ἀδελφῶν
1402 1092 1516 1128 ἄθεσμον
1531 1094 1676 1124 κοινωνίαν,
1704 1094 1769 1128 μήτε
1789 1091 1865 1127 γάμον
1884 1091 1938 1124 ἡγεῖ-

1170 1137 1232 1162 σθαι
1245 1139 1336 1162 τοῦτον
1350 1137 1399 1172 (3),
1422 1136 1485 1172 μηθ’
1510 1136 1574 1167 ὅλως
1596 1136 1632 1167 εἰς
1659 1136 1818 1166 Ἐκκλησίας
1839 1135 1938 1170 πλήρωμα

1167 1179 1371 1217 παραδέχεσθαι
1389 1183 1524 1218 πρότερον,
1552 1181 1567 1210 ἦ
1593 1179 1722 1208 διαλῦσαι
1744 1181 1832 1210 αὐτοὺς
1851 1179 1888 1205 ἀπ’
1906 1177 1937 1203 ἀλ-

1167 1224 1260 1254 λήλων,
1277 1224 1358 1251 Ὠστε
1379 1225 1400 1251 εἰ
1424 1228 1469 1251 καὶ
1493 1224 1576 1262 μηδὲν
1603 1226 1688 1263 ἕτερον
1714 1225 1789 1252 εἰπεῖν
1805 1223 1842 1256 ἦν,
1863 1223 1936 1259 ἐξήρκει

1166 1271 1196 1296 τὸ
1219 1271 1275 1301 ἔθος
1298 1271 1364 1307 πρὸς
1382 1272 1428 1299 τὴν
1445 1274 1491 1296 τοῦ
1513 1270 1593 1296 καλοῦ
1608 1271 1645 1305 (4)
1664 1270 1789 1306 φυλακήν.
1809 1266 1900 1296 Ἐπειδὴ
1916 1264 1936 1292 δὲ

1169 1314 1182 1340 ὁ
1209 1317 1256 1344 τὴν
1290 1314 1428 1344 ἐπιστολὴν
1462 1314 1591 1352 γράψας,
1626 1314 1813 1352 ἐπιχειρήματι
1845 1310 1936 1346 κιϐδήλῳ

1168 1361 1247 1385 κακὸν
1262 1363 1385 1386 τοσοῦτον
1402 1358 1524 1397 ἐπειράθη
1554 1363 1590 1395 τῷ
1618 1358 1670 1396 βίῳ
1693 1359 1836 1395 ἐπαγαγεῖν,
1862 1356 1935 1390 ἀνάγκη

1168 1402 1237 1438 μηδὲ
1252 1405 1322 1440 ἡμᾶς
1342 1407 1389 1435 τῆς
1413 1403 1441 1430 ἐκ
1466 1408 1515 1430 τῶν
1540 1403 1674 1440 λογισμῶν
1698 1403 1819 1441 βοηθείας
1843 1401 1935 1438 ὑφέσθαι·

1167 1450 1254 1474 καίτοι
1268 1458 1298 1484 γε
1319 1448 1361 1475 ἐπὶ
1382 1452 1431 1474 τῶν
1459 1447 1563 1485 σφόδρα
1586 1448 1701 1487 ἐναργῶν
1723 1448 1815 1486 μείζων
1841 1447 1887 1473 ἐστὶ
1903 1447 1934 1470 τοῦ

1168 1493 1245 1531 λόγου
1258 1494 1273 1522 ἠ
1290 1492 1351 1530 παρ’
1368 1493 1479 1519 ἑκάστου
1492 1495 1531 1526 (5)
1546 1493 1690 1530 πρόληψις.

1203 1593 1229 1619 3.
1261 1593 1419 1629 Γέγραπται,
1448 1593 1537 1628 φησὶν,
1569 1591 1592 1618 ἐν
1619 1595 1655 1627 τῷ
1687 1594 1823 1627 Λευῖτικῷ·
1850 1589 1934 1615 Γυναῖκα

1168 1635 1216 1662 ἐπ’
1253 1634 1350 1673 ἀδελφῇ
1384 1635 1463 1666 αὐτῆς
1499 1635 1528 1661 οὐ
1560 1635 1632 1672 λήψῃ
1677 1635 1833 1668 ἀντίζηλον⁷
1862 1634 1932 1659 (21:011-

1166 1680 1249 1716 λύψαι
1272 1683 1318 1709 τὴν
1343 1679 1537 1717 ἀσχημοσύνην
1554 1680 1633 1710 αὐτῆς
1656 1681 1697 1707 ἐπ’
1721 1680 1795 1717 αὐτῇ,
1818 1681 1851 1705 ἔτι
1869 1678 1932 1707 ζώσης

1166 1725 1230 1754 αὐτῆ
1238 1736 1257 1756 ς,
1273 1725 1353 1755 Δῆλον
1381 1724 1414 1754 δὴ
1441 1723 1485 1750 οὖν
1503 1724 1529 1751 ἐκ
1546 1734 1637 1751 τουτου
1655 1723 1722 1751 εἶναί
1738 1734 1823 1761 φησιν,
1839 1723 1873 1749 ὃτι
1891 1729 1934 1754 ων·

1165 1769 1292 1805 χωρεῖται
1319 1769 1458 1806 λαμϐάνειν
1488 1769 1695 1800 τελευτησάσης.
1726 1770 1792 1807 Πρὸς
1823 1765 1853 1796 δὴ
1880 1768 1934 1791 τοθτθ

1164 1818 1265 1850 πρῶτον
1299 1816 1343 1850 μὲν
1369 1813 1449 1840 ἐκεῖνο
1475 1813 1533 1853 ἐρῶ·
1570 1815 1621 1847 ὅτι,
1656 1815 1707 1840 ὅσα
1735 1814 1748 1840 ὁ
1779 1815 1850 1847 νόμος
1877 1810 1934 1844 λέγει,

1163 1862 1219 1889 τοῖς
1231 1858 1254 1884 ἐν
1267 1862 1303 1893 τῷ
1318 1861 1387 1895 νόμῳ
1401 1858 1471 1885 λαλεῖ
1486 1859 1535 1893 (6)·
1561 1859 1614 1885 ἐπεὶ
1631 1859 1701 1885 οὕτω
1718 1869 1747 1895 γε
1766 1860 1807 1884 καὶ
1823 1856 1933 1893 περιτομῇ

1163 1906 1208 1930 καὶ
1235 1903 1369 1940 Σαϐϐάτῳ,
1394 1907 1439 1930 καὶ
1466 1903 1556 1940 ἁποχῇ
1588 1903 1735 1941 βρωμάτων
1763 1900 1934 1936 ὺποκεισόμεθα-

1163 1948 1201 1974 Ou'
1216 1949 1266 1985 γὰρ
1281 1947 1327 1984 δὴ,
1345 1949 1387 1975 ἐὰν
1402 1950 1446 1985 μὶν
1462 1958 1488 1974 τι
1510 1949 1622 1985 εὕρωμεν
1650 1951 1792 1986 συντρέχον
1814 1948 1877 1983 ἡμῶν
1892 1946 1936 1971 ταῖς

1163 1992 1278 2028 ἡδοναῖς,
1304 1997 1340 2029 τῷ
1368 1995 1438 2029 ζυγῷ
1461 1997 1508 2025 τῆς
1538 1991 1660 2024 δουλείας
1684 1998 1730 2020 τοῦ
1755 1995 1830 2030 νόμον
1852 1990 1936 2017 ἑαυτούς

1163 2039 1339 2074 ὑποθήσομεν·
1367 2038 1409 2065 ἐὰν
1438 2036 1468 2064 δέ
1497 2048 1522 2065 τι
1555 2042 1620 2075 φανῇ
1656 2038 1726 2076 βαρὺ
1757 2041 1804 2064 τῶν
1832 2037 1934 2070 νομίμων,

1162 2085 1219 2109 τότε
1247 2084 1311 2119 πρὸς
1342 2085 1389 2111 τὴν
1423 2084 1448 2108 ἐν
1480 2083 1586 2120 Χριστῷ
1616 2083 1760 2119 ἐλευθερίαν
1794 2078 1934 2116 ἀπόδραμοῦι

1162 2128 1247 2163 μεθα.
1281 2127 1465 2163 Ἠρωτήθημςν
1500 2129 1549 2163 (7)
1581 2127 1602 2154 εὶ
1644 2130 1789 2165 γέγραπται
1820 2123 1932 2160 lenirem

1160 2175 1271 2208 γυναῖκα
1303 2171 1340 2198 ἐπ’
1375 2170 1489 2209 ἀδελφῇ.
1517 2173 1643 2208 Εἴπομεν,
1676 2173 1738 2209 ὅπερ
1763 2169 1865 2208 ἀσφαλὲς
1885 2168 1932 2202 ἡμῖν

1158 2322 1258 2356 magni
1275 2323 1430 2351 momenti.
1447 2322 1604 2358 Vulgatam
1620 2323 1748 2352 retinere
1759 2321 1845 2350 malui
1855 2324 1928 2355 quam

1157 2358 1316 2386 conﬁrmat
1335 2359 1492 2392 Gregorius
1517 2359 1719 2386 Nazianzenus
1739 2361 1810 2386 orat.
1824 2363 1892 2386 XXIII,
1906 2360 1927 2387 P-

1156 2396 1217 2427 410,
1235 2394 1284 2421 ubi
1302 2391 1446 2422 ileronem
1461 2402 1566 2421 canem
1585 2403 1649 2422 esse
1660 2395 1741 2429 dicit,
1753 2401 1809 2421 non
1824 2391 1926 2420 latratu,

1154 2430 1205 2458 sed
1220 2430 1289 2457 boni
1302 2430 1496 2466 custodi'a,_et
1513 2430 1635 2466 vigilias,
1648 2438 1705 2466 pro
1721 2431 1880 2466 animarum
1893 2431 1927 2465 5(1'

1156 2466 1217 2493 lule
1231 2466 1384 2500 susceptis.
1409 2461 1479 2491 0J3:
1495 2461 1672 2499 manu,
1690 2465 1754 2491 EAM
1774 2466 1818 2493 τὴν
1834 2461 1925 2499 φυλακήν

1153 2505 1198 2527 τοῦ
1213 2501 1303 2534 καλοῦ,
1319 2504 1363 2527 καὶ
1382 2503 1411 2527 τὸ
1425 2501 1487 2530 ὑπὲρ
1503 2505 1552 2526 τῶν
1565 2501 1661 2537 ψυχῶν
1682 2502 1822 2537 ἄγρυπνον.
1920 2528 1924 2534 ,

1187 2538 1226 2571 (5)
1243 2536 1439 2573 Παρξέκάο-του.
1456 2537 1590 2573 Quatuor
1603 2545 1675 2565 is.
1693 2536 1865 2564 recentiores
1877 2538 1916 2565 παρ

1151 2572 1261 2608 ἐκάοτῳ.
1284 2571 1333 2600 Sic
1360 2572 1449 2600 etiam
1473 2572 1564 2600 habet
1578 2572 1780 2600 vetustissima
1796 2571 1922 2598 canonum

1150 2607 1284 2635 collectio
1298 2607 1478 2635 Coisliniana

1183 2645 1222 2676 (6)
1232 2643 1457 2676 Λαλεῐ.οιιᾶὶι1οΐ
1468 2643 1586 2670 codices
1593 2651 1653 2671 non
1661 2639 1856 2679 antiquissimi
1862 2638 1920 2679 lift-

1183 2679 1219 2714 (7)
1235 2680 1432 2716 ’Πρωτῖθιοημενἶ
1454 2680 1516 2706 Νοη
1533 2679 1609 2706 male
1631 2686 1710 2706 unus
1727 2677 1818 2706 codex
1834 2677 1920 2716 Beatus

1147 2711 1290 2751 ἡρῶτησέ),
1313 2717 1340 2742 et
1363 2711 1454 2751 paulo
1477 2717 1544 2751 post
1563 2716 1685 2751 εἴπωμεν,
1709 2711 1919 2751 interrogavit;-

1146 2740 1291 2815 (ίίςαῇιέεί
1312 2740 1545 2781 étcf‘cbﬁséﬁui
1562 2750 1590 2778 in
1607 2740 1833 2778 secundarvoce
1849 2740 1918 2773 Coisl-

1147 2793 1239 2814 secun
1266 2794 1311 2814 us.

1147 2793 1311 2814 secundus.
