1984 3147
264 99 316 126 655

939 98 970 124 S.
994 97 1117 125 BASlLll
1136 97 1257 125 MAGNI.

265 160 407 188 Omnium
430 162 530 188 autem
555 159 751 196 dignissimus
775 161 821 188 est
848 159 901 195 qui
923 160 1054 195 juvetur,
1067 160 1086 188 is

1148 169 1226 190 τατος
1253 157 1283 185 δὲ
1314 159 1415 186 πάντων
1443 162 1488 186 καὶ
1511 161 1524 186 ὁ
1552 163 1597 186 νῦν
1622 162 1800 197 πρσαγὸμενος
1834 159 1878 187 διὰ
1895 164 1944 187 τοῦ

265 214 357 241 quem
368 213 449 234 nunc
463 205 516 233 tibi
531 213 584 241 per
600 205 714 232 litteras
732 204 820 240 264
832 213 916 233 meas
934 205 1018 239 sisto,
1041 213 1090 233 co-

264 251 457 278 lcndissimus
469 250 557 278 frater
572 252 674 277 ucstcr
685 249 840 282 Eusebius,
855 249 986 277 absurda
1001 257 1091 286 appe-

264 297 334 323 titus
354 295 515 328 calumnia,
545 302 638 330 quam
661 294 838 330 propulsare
863 294 954 322 solius
976 296 1032 322 tum
1046 296 1090 322 est

265 340 432 377 probitatis.
450 340 637 375 Quapropter
657 346 742 374 rogo,
769 341 801 366 ut
816 340 844 367 et
872 338 947 373 juris
972 339 1089 367 habens

263 385 456 419 rationem,et
469 384 507 412 ad
520 384 685 412 humanam
701 383 903 411 conditionem
915 383 1088 419 respiciens,

263 433 292 458 et
315 432 458 458 consueta
477 429 506 457 in
524 437 572 457 me
583 429 729 456 beneﬁcia
745 427 911 464 conferens,
938 428 1008 456 huic
1024 428 1089 456 viro

264 475 403 502 omnium
424 474 490 501 loco
514 473 564 507 sis,
579 481 710 509 eumque
730 480 792 501 una
814 481 884 500 cum
899 472 1021 500 veritate
1034 472 1090 500 ad-

261 519 359 554 juves.
374 520 448 546 Nam
462 518 593 554 praesidii
611 525 672 546 non
685 525 794 554 parum
818 517 848 545 in
869 517 936 553 jure
959 517 1091 553 positum

263 563 379 596 habet;
409 563 492 598 quod
523 562 658 598 quidem,
699 562 757 589 nisi
793 564 915 597 tempus
957 569 1092 597 praesens

263 607 381 641 laeserit,
397 606 483 635 facile
498 606 552 635 erit
568 606 647 635 clare
658 605 927 634 ctineluctabiliter
949 606 1092 634 demons-

265 654 354 680 trare.

501 696 668 725 EPISTOLA
683 696 855 730 CLXXVIII',

1148 206 1304 241 γράμματος
1330 205 1402 240 ἡμῶν
1439 206 1566 241 τυγχάνει
1600 205 1650 241 (6),
1689 207 1702 232 ὁ
1738 204 1944 242 αἱὸεσιμωτατος

1151 247 1261 285 ἀδελφὸς
1287 248 1325 285 (7)
1352 249 1484 282 Εὐσέϐιος,
1506 250 1646 288 παραλόγῳ
1681 253 1842 287 συκοφαντίᾳ
1873 260 1944 287 περι-

1148 296 1243 328 πεσὼν,
1277 293 1306 322 ἢν
1336 293 1520 321 ἁποσκεδάσαῖ
1552 297 1633 332 μάνης
1665 295 1722 322 ἐστὶ
1743 299 1789 326 τῆς
1808 299 1857 326 σῆς
1871 295 1945 331 ὀρθο-

1148 348 1235 370 τητος.
1253 340 1296 365 Διὸ
1310 339 1520 376 παρακαλοῦμεν,
1545 343 1590 366 καὶ
1613 344 1650 376 τῷ
1675 339 1769 376 δίκαίῳ
1798 341 1945 377 χαριζομες

1147 393 1200 417 νον,
1224 386 1269 409 καὶ
1296 385 1361 420 πρὸς
1390 386 1420 410 τὸ
1443 384 1602 421 ἀνθρώπινον
1635 384 1778 421 ἀφορῶντα,
1809 387 1854 410 καὶ
1882 385 1946 420 ἡμῖν

1148 429 1196 458 τὰς
1229 429 1349 459 συνήθεις
1379 431 1556 465 παρεχόμενον
1595 431 1720 466 χάριτας,
1754 428 1810 456 ἀντὶ
1843 430 1944 456 πάντων

1147 474 1268 508 γενέσθαι
1298 477 1335 508 τῷ
1360 471 1448 511 ἀνδρὶ,
1477 476 1520 500 καὶ
1539 479 1686 511 προστῆναι
1705 474 1786 500 αὐτοῦ
1799 475 1879 510 ξμετὰ
1896 478 1945 504 τῆς

1146 516 1280 548 ἀληθείας.
1312 517 1390 554 ’Ἐχεὶ
1414 519 1464 556 γὰρ
1481 518 1510 544 οὗ
1538 520 1634 556 μικρὰν
1662 521 1820 556 συμμαχίαν
1833 521 1880 548 τήν
1893 518 1944 545 ἀπὸ

1146 565 1192 588 τοῦ
1208 559 1324 589 δικαίου.
1342 562 1385 595 ἦν,
1401 561 1423 588 ιί
1441 565 1477 598 μὴ
1503 563 1516 589 ὁ
1543 565 1633 600 παρὼν
1655 565 1744 601 καιρός
1758 563 1944 598 καταϐλάψειι,

1145 607 1213 632 πάνυ
1247 604 1340 643 ῥᾴδιον
1371 610 1460 643 σαφῶς
1491 608 1535 633 καὶ
1567 606 1756 645 ἀναντιρῥήτῳς
1784 605 1945 644 ἔπιδειχθη-

1148 652 1242 677 σισθαι
1252 651 1302 687 (8).

1414 698 1582 724 ΕΠΙΣΤΟΛΗ
1599 700 1676 725 ΡΟΗ.

293 758 483 787 Commendat
499 759 634 786 Basilius
651 757 785 787 eumdem
796 757 970 796 _Eusebi_um,
985 765 1021 786 ac
1034 760 1132 796 rogat,
1147 757 1274 796 nequid
1289 758 1379 796 multi
1393 758 1425 786 in
1435 759 1632 789 atrocissimis
1641 759 1803 789 sceleribus
1813 759 1917 796 depre-

791 794 886 828 hensi,
902 794 934 821 in
948 801 1014 822 eum
1028 793 1092 822 haec
1109 793 1242 829 suspicio
1256 793 1415 822 redundet.

583 856 731 892 Aburgt'o.

299 911 365 939 Scio
381 918 429 939 me
441 912 500 939 tuae
512 909 655 945 dignitati
668 910 780 939 multos
796 917 1005 946 saepenumero
1012 916 1093 938 com-

263 955 435 990 mendasse,
453 957 481 983 et
493 954 680 990 gravissimis
694 954 882 991 temporibus
904 961 967 982 non
981 961 1091 990 parum

261 999 379 1028 afﬂictis
392 999 549 1035 profuisse.
567 998 624 1027 Sed
639 999 756 1026 nullum
770 1001 860 1028 antea
873 999 1002 1026 missum
1013 1006 1032 1026 ιι
1041 1006 1090 1026 me

261 1044 302 1072 ad
317 1046 400 1072 tuam
411 1042 619 1079 praestantiam
643 1043 778 1076 memini,
795 1043 848 1078 qui
868 1042 942 1070 mihi
971 1042 1090 1071 charior

261 1088 346 1122 foret,
362 1090 414 1116 aut
423 1087 475 1124 qui
490 1087 528 1115 de
536 1087 628 1115 rebus
641 1087 766 1122 majoris
788 1086 934 1115 momenti
955 1086 1088 1116 decerta-

260 1134 314 1168 ret,
339 1140 433 1168 quam
458 1131 730 1160 desideratissimus
750 1131 828 1159 ﬁlius
852 1130 1012 1160 Eusebius.
1036 1131 1089 1167 qui

260 1183 344 1204 nunc
369 1175 423 1204 tibi
443 1175 498 1203 has
516 1183 534 1203 a
550 1183 598 1203 me
620 1175 733 1203 litteras
756 1175 864 1202 reddit.
899 1175 954 1208 Qui
964 1175 1089 1212 quidem

261 1220 344 1256 quali
358 1220 529 1255 implicatus
544 1219 581 1248 sit
594 1219 811 1255 negotio,ipse,
826 1219 851 1247 si
865 1219 958 1247 modo
968 1222 1089 1256 tempus

258 1264 403 1292 idoneum
417 1264 618 1298 nanciscatur,
635 1264 772 1299 gravitati
786 1266 845 1292 tuus
855 1264 999 1292 narrabit.
1016 1265 1088 1297 Quae

259 1312 362 1337 autem
377 1317 395 1337 a
412 1317 462 1337 me
475 1309 533 1337 dici
547 1317 602 1345 par
616 1311 670 1344 est,
688 1308 752 1337 haec
767 1311 835 1337 sunt
851 1316 933 1337 :non
947 1309 1088 1338 commit-

257 1352 383 1380 tendum
397 1361 462 1380 esse
477 1355 509 1381 ut
521 1353 578 1381 viri
592 1361 684 1381 causa
697 1353 932 1389 detorqueatur;
946 1355 999 1382 aut
1014 1353 1089 1389 quia

257 1397 343 1425 multi
358 1397 389 1426 in
404 1397 601 1425 atrocissimis
623 1396 787 1425 sceleribus
814 1397 996 1434 deprehensi
1018 1399 1089 1426 sunt

258 1442 288 1470 in
311 1450 381 1469 eum
413 1441 479 1470 haec
503 1441 669 1470 multorum
695 1441 827 1477 suspicio
853 1441 1018 1477 redundet;
1034 1441 1089 1470 sed

256 1486 407 1521 judicium
423 1486 449 1514 ei
469 1486 696 1514 concedendum
717 1493 793 1519 esse,
809 1485 883 1514 etin
901 1485 980 1514 illius
992 1486 1089 1514 vitam

1469 856 1625 895 Ἀϐουργίῳ.

1183 909 1294 940 Πολλοὺς
1306 908 1369 936 οἶδα
1387 910 1510 942 πολλάκις
1523 914 1664 942 συστήσας
1682 915 1714 947 τῇ
1731 913 1867 948 τιμιοτητί
1884 921 1944 948 σου,

1145 956 1190 981 καὶ
1221 956 1356 990 γενόμενος
1371 954 1413 981 ἐπὶ
1440 957 1572 991 μεγίστων
1590 960 1687 993 καιρῶν
1700 958 1837 993 χρήσιμος
1853 956 1944 987 ἱκανῶς

1144 1002 1199 1030 τοῖς
1231 1001 1477 1035 καταπονουμένοις.
1497 1000 1536 1026 Οὐ
1568 1003 1620 1037 μὴν
1652 1002 1805 1039 τιμιὼτερον
1819 1011 1848 1037 γι
1871 1000 1943 1037 ἐμοὶ,

1144 1041 1202 1070 οὐδ’
1238 1044 1302 1081 ὑπερ
1342 1044 1467 1080 μειζόνων
1509 1044 1697 1082 ἀγωνιζόμενον
1733 1044 1794 1072 οἶδα
1820 1047 1945 1084 πρότερον

1143 1087 1320 1124 παραπέμψας
1353 1092 1384 1124 τῇ
1421 1089 1580 1125 κοσμιότητι
1608 1094 1657 1116 σοῦ
1676 1093 1722 1116 τοῦ
1758 1091 1944 1117 ποθεινοτάτου

1143 1134 1202 1159 υἰόῦ
1228 1132 1364 1167 Εὗσεϐίου,
1391 1137 1438 1160 τοῦ
1465 1138 1510 1160 νῦν
1525 1136 1572 1164 τὴν
1589 1134 1730 1165 ἒπιστολῆν
1741 1136 1839 1164 ταύτὴν
1859 1135 1947 1171 ἐγχει-

1142 1178 1262 1213 ρίζοντος
1291 1187 1334 1204 σοι
1357 1178 1421 1215 παρ’
1449 1179 1533 1215 ἡμῶν.
1560 1179 1607 1211 Ὃς
1632 1183 1742 1216 ποταπῷ
1771 1181 1816 1216 μὲν
1843 1182 1945 1216 συμπὲ-

1143 1221 1251 1248 πλεχται
1277 1223 1425 1259 πράγματι,
1450 1223 1538 1255 αὐτὸς,
1569 1223 1599 1250 ἂν
1627 1225 1708 1260 τύχοι
1738 1226 1807 1254 τινὸς
1838 1227 1945 1261 καιροῦ,

1144 1264 1306 1302 διηγήσεταί
1339 1277 1387 1294 σου
1415 1272 1447 1304 τῇ
1480 1270 1628 1304 σεμνότητι·
1666 1269 1684 1295 οἱ
1712 1267 1741 1295 δὲ
1768 1268 1831 1305 παρ’
1872 1270 1945 1304 ἡμῶν

1143 1310 1271 1346 λεχθῆναι
1302 1316 1431 1349 προσῆκε,
1460 1314 1545 1339 ταῦτά
1572 1312 1639 1340 ἐστι·
1687 1315 1724 1349 μὴ
1753 1317 1944 1350 παρασυρῆναῖ

1142 1357 1186 1381 τὸν
1202 1354 1297 1394 ἄνδρα,
1313 1355 1383 1392 μηδὲ
1407 1361 1444 1393 τῷ
1476 1357 1585 1389 πολλοὺς
1602 1360 1741 1394 πεφηνέναι
1755 1359 1814 1388 τούς
1829 1357 1874 1385 ἐπὶ
1889 1361 1944 1388 ταῖς

1142 1399 1344 1435 χαλεπωτάταις
1371 1401 1411 1436 (9)
1446 1402 1573 1438 πράξεσιν
1600 1401 1759 1441 ἑαλωκότας.
1790 1404 1836 1429 καὶ
1866 1403 1942 1430 αὑτὸν

1142 1453 1169 1469 τι
1205 1448 1251 1474 τῆς
1279 1449 1329 1470 τῶν
1356 1445 1455 1471 πολλῶν
1487 1445 1607 1476 ὑπονοίας
1639 1446 1854 1483 παραπολαῦσαί·
1882 1446 1943 1473 ἀλλὰ

1142 1492 1234 1524 τυχεῖν
1274 1487 1460 1526 δικαστηρίου,
1491 1493 1537 1516 καὶ
1565 1490 1599 1521 εἰς
1631 1490 1746 1522 ἐξέτασιν
1785 1491 1867 1518 αὐτοῦ
1902 1493 1942 1518 τὸν

258 1530 484 1566 inquirendum.
499 1532 542 1558 Ita
553 1530 633 1558 enim
647 1529 786 1558 facillime
808 1530 963 1559 calumnia
988 1530 1086 1559 mani-

1144 1532 1204 1568 βίον
1225 1534 1353 1569 ἀχθῆναι.
1371 1534 1468 1570 Ῥᾷστα
1495 1536 1546 1573 γὰρ
1572 1535 1640 1562 οὕτω
1663 1537 1708 1562 καὶ
1731 1537 1746 1565 ἠ
1781 1538 1942 1573 συκοφαντία

258 1575 335 1603 festa
344 1574 403 1607 fiet,
421 1583 457 1603 ac
468 1575 514 1602 vir
524 1575 572 1602 ille
580 1575 785 1609 justissimum
800 1575 1002 1611 patrocinium
1016 1583 1089 1604 nac-

259 1621 320 1652 tus,
335 1621 499 1655 perpetuus
509 1619 564 1646 erit
576 1619 714 1647 beneﬁcii
728 1627 747 1648 a
763 1621 814 1647 tua.
830 1618 1020 1648 humanitate
1040 1627 1089 1648 ac-

260 1663 338 1700 cepti
356 1671 466 1700 praeco.

509 1708 679 1737 EPlSTOLA
694 1709 849 1738 CLXXIX“.

1143 1578 1240 1613 φανερά
1269 1581 1418 1614 γενήσεται,
1447 1581 1493 1606 καὶ
1521 1580 1534 1605 ὁ
1569 1580 1632 1617 ἀνὴρ
1656 1583 1747 1616 τυχών
1775 1584 1823 1611 τῆς
1839 1579 1941 1607 δικαιο-

1143 1622 1222 1652 τάτης
1250 1626 1414 1659 προστασίας
1435 1623 1520 1662 κήρυξ
1545 1625 1620 1651 ἔσται
1649 1623 1836 1656 διηνεκὴςτῶδ
1857 1625 1940 1662 ὑπηρ-

1143 1668 1243 1702 γμένων
1257 1667 1327 1703 αὐτῷ
1341 1668 1414 1704 παρὰ
1432 1672 1480 1699 τῆς
1497 1672 1544 1699 σῆς
1563 1669 1735 1706 ἡμερότητος.

1405 1715 1569 1740 ΕΠΙΣΤΟΔΙΙ
1585 1714 1671 1742 ΡΟΘ’.

523 1771 718 1800 Commendat
733 1771 872 1800 Basilius
888 1771 1035 1800 hominem
1049 1772 1136 1808 gravi
1149 1773 1305 1803 calumnia
1315 1774 1347 1802 in
1361 1775 1513 1810 judicium
1530 1779 1669 1805 vocatum

596 1833 765 1861 Arintlizeo.

297 1887 437 1916 Libertati
452 1887 584 1916 amicum
597 1889 626 1916 te
641 1895 708 1915 esse
723 1889 752 1915 et
767 1887 990 1924 perhumanum
1014 1888 1087 1917 satis

259 1940 316 1961 n05
331 1933 440 1960 docent
455 1934 483 1960 et
495 1939 642 1968 generosa
653 1931 779 1965 indoles,
788 1934 816 1960 et
826 1931 944 1968 quodte
951 1941 1088 1961 commu-

258 1985 330 2005 ncm
344 1976 485 2005 omnibus
496 1975 626 2012 praebes.
640 1977 829 2012 Quapropter
841 1976 968 2005 ﬁdenter
980 1977 1087 2014 depre-

260 2023 392 2049 catorem
403 2028 451 2048 me
465 2019 585 2056 praebeo
595 2027 650 2056 pro
660 2020 726 2048 viro
734 2028 771 2048 ex
782 2020 875 2056 longa
891 2021 1015 2057 quidem
1023 2029 1088 2049 ma-

257 2066 359 2101 jorum
374 2064 449 2092 serie
459 2063 551 2097 claro,
567 2063 620 2092 sed
635 2072 688 2100 per
696 2072 728 2093 se
738 2065 848 2101 majori
861 2065 975 2094 honore
996 2073 1031 2094 ac
1044 2073 1089 2094 re-

1461 1837 1611 1875 ’Λρινθαιῳ.

1178 1883 1229 1907 Καὶ
1260 1881 1433 1919 φιλελεύθερον
1460 1892 1489 1909 σε
1517 1882 1582 1909 εἶναι
1608 1885 1653 1909 καὶ
1679 1882 1859 1922 φιλάνθρωπον
1872 1886 1902 1911 τό
1916 1893 1941 1910 τι

1141 1929 1189 1956 τῆς
1204 1927 1305 1962 φύσεως
1332 1926 1428 1963 εὐγενὲς
1451 1929 1497 1954 καὶ
1523 1929 1553 1954 τὸ
1578 1929 1642 1964 πρὸς
1666 1929 1765 1959 πάντας
1793 1931 1941 1955 κοινωνικὸν

1144 1972 1237 2002 ἱκανῶς
1266 1972 1335 2007 ἡμᾶς
1360 1969 1528 2000 ἐκδιδάσκει,
1561 1975 1605 1998 Διὸ
1633 1972 1796 2010 θαρρούντως
1808 1974 1866 2009 (10)
1883 1983 1941 2011 πρι-

1143 2017 1267 2053 σϐεῡομεν
1312 2017 1376 2053 ὑπὶρ
1415 2015 1508 2054 ἀνδρὸς
1539 2017 1659 2054 λαμπροῦ
1687 2019 1732 2054 μὲν
1765 2019 1862 2045 ἄνωθεν
1901 2021 1942 2045 καὶ

1143 2061 1171 2088 ix
1197 2063 1329 2098 προγόνων
1357 2063 1425 2096 (Η),
1446 2061 1561 2093 πλείονος
1585 2060 1615 2088 δὲ
1642 2061 1679 2089 δι’
1704 2062 1795 2089 ἑαυτὸν
1806 2065 1942 2100 τιμῆςκαὶ

257 2109 391 2137 verentia
403 2108 496 2143 digno
511 2108 551 2136 ob
565 2108 687 2137 insitam
700 2117 819 2138 morum
843 2110 1023 2138 suavitatem
1037 2119 1044 2144 ;
1056 2111 1086 2138 ut

1144 2104 1235 2137 αἰδοῦς
1261 2105 1335 2137 ἀξίου
1358 2104 1405 2132 διὰ
1432 2108 1480 2136 τὴν
1504 2105 1705 2144 ἐνυπάρχουσαν
1730 2107 1801 2144 αὐτῷ
1815 2112 1866 2134 τῶν
1887 2110 1942 2145 τρὸ-

258 2161 327 2182 meo
342 2156 449 2190 rogatu
472 2161 562 2190 opem
581 2152 622 2181 illi
643 2153 732 2187 feras,
753 2154 903 2189 judicium
931 2154 1089 2182 sustinenti

257 2197 323 2226 leve
332 2198 408 2226 illud
422 2198 546 2234 quidem
556 2199 585 2226 et
593 2198 860 2234 contemnendum,
869 2199 894 2226 si
906 2199 1014 2227 veritas
1021 2205 1089 2235 spe-

295 2289 303 2299 '
315 2287 394 2315 Alias
408 2287 527 2315 CCCLX.
542 2286 657 2322 Scripta
671 2294 753 2315 anno
769 2289 832 2315 374.

293 2323 317 2335 "
327 2323 407 2350 Alias
424 2322 585 2350 CCCLXXX.
598 2323 714 2358 Scripta
727 2331 809 2350 anno
823 2323 885 2351 374.

349 2359 491 2399 ςξυγχάνει.
506 2358 555 2399 _Si(_:
571 2361 725 2399 IIl-55.0mm
739 2358 812 2386 Ρ]ἀὶῐὶ
829 2359 981 2399 τυγχανειν.

294 2394 332 2428 (7)
349 2393 481 2431 manus.
498 2393 571 2431 Ante
601 2393 681 2431 hanc
709 2401 813 2431 vocem
837 2393 906 2431 editi
926 2395 1085 2431 apponunt

259 2429 342 2465 ἡμῶν,
358 2428 442 2465 quod
453 2428 536 2456 deest
548 2429 578 2456 in
589 2429 683 2457 tribus
692 2429 904 2465 vetustissimis
916 2428 1083 2458 codicibus.

295 2466 334 2499 (8)
357 2463 626 2500 νἘπιδειχθὴσεσθαι.
650 2465 691 2492 [ta
707 2464 785 2500 Harl.
800 2465 907 2500 codex,
919 2465 967 2493 cui
982 2465 1084 2493 favent

258 2508 310 2527 sex
327 2498 397 2531 alii,
423 2498 589 2536 in'quibus
613 2500 722 2534 legitur
750 2498 977 2536 ἐπιδειχθήσεται.
1007 2500 1083 2529 Editi

258 2534 456 2562 ἑπιδειγοῆναι.

258 2540 456 2571 ἐπιδειχθῆναι.

293 2547 477 2606 ἓξῗιήὲᾝιιῗζῖς
485 2571 695 2607 χαλεπωτάταις.
707 2570 822 2607 [ndicat
848 2570 975 2607 Basilius
989 2571 1084 2600 horri-

258 2606 349 2634 bilem
364 2606 654 2643 illamrtragaediam,
668 2614 736 2643 qua),
747 2606 803 2643 sub
818 2606 939 2643 valente
954 2609 1082 2642 actaest,

257 2650 327 2670 cum
356 2642 535 2677 deprehensi
556 2642 687 2670 fuissent
704 2642 757 2678 qui
770 2642 807 2670 de
827 2642 907 2670 illius
927 2651 1082 2672 successo-

256 2685 288 2705 re
306 2685 364 2719 Iper
390 2678 718 2719 sorte_s.inquisierant.
746 2678 842 2719 Tunc.
862 2679 993 2707 omnium
1017 2680 1083 2714 fere

256 2713 396 2749 ordinum
407 2714 579 2748 multitudo,
587 2721 677 2749 quam
692 2714 870 2742 nominatim
879 2717 1080 2743 recensereest

257 2748 387 2778 arduum
400 2749 499 2786 inquit
509 2749 700 2785 Ammianus,
720 2750 752 2778 in
770 2749 882 2786 plagas
908 2751 1080 2781 calumnia-

1143 2162 1198 2178 πων
1230 2151 1388 2188 ἡμερότητα·
1420 2153 1487 2178 ὥστε
1518 2161 1546 2178 σε
1575 2151 1775 2188 παρακληθέντα
1797 2152 1840 2188 ὑφ’
1870 2153 1942 2189 ἡμῶν

1144 2200 1313 2235 παραστῆναι
1340 2195 1411 2232 αὐτῷ
1442 2195 1623 2232 ἀγωνιζομένῳ
1644 2194 1735 2232 δίκην,
1763 2201 1809 2228 τῆς
1824 2197 1871 2233 μὶν
1895 2195 1939 2224 ἀ).η

1138 2287 1365 2322 rumeonjecta,
1386 2292 1597 2322 percussorum
1621 2285 1762 2322 dexteras
1788 2285 1938 2321 fatigavit,

1138 2324 1294 2350 tormentis
1324 2325 1351 2350 et
1378 2321 1502 2351 plumbo
1531 2323 1558 2349 et
1578 2321 1748 2349 verberibus
1768 2325 1841 2350 ante
1864 2322 1939 2350 debi-

1139 2359 1228 2386 litata
1246 2366 1253 2385 :
1269 2360 1480 2393 sumptumque
1494 2359 1536 2385 est
1551 2357 1588 2385 de
1603 2357 1783 2392 quibusdam
1803 2359 1871 2386 sine
1884 2357 1929 2392 spi

1138 2396 1275 2422 ramento
1288 2394 1336 2421 vel
1349 2400 1435 2421 mora
1450 2393 1642 2427 supplicium,
1655 2393 1727 2421 dum
1738 2394 1891 2428 quazritur
1899 2399 1936 2420 an

1136 2430 1216 2457 sumi
1224 2429 1342 2457 deberet
1360 2437 1366 2455 :
1381 2431 1409 2457 et
1422 2432 1456 2456 ut
1462 2428 1612 2464 pecudum
1633 2429 1743 2464 ubique
1764 2428 1937 2458 trucidatio-

1137 2465 1329 2494 cernebatur.
1345 2465 1455 2492 Rerum
1468 2463 1627 2492 crudeliter
1642 2463 1795 2499 gestarum
1831 2464 1935 2493 seriem

1137 2503 1166 2528 et
1189 2500 1299 2528 modos
1322 2502 1462 2528 accurate
1495 2498 1743 2528 describit’idem
1758 2500 1873 2528 scribto
1885 2499 1933 2528 lib.

1137 2544 1214 2571 χχιχ,
1235 2543 1260 2564 c.
1280 2538 1291 2563 t
1305 2537 1368 2563 et2.
1381 2535 1479 2563 Merito
1494 2542 1567 2570 ergo
1582 2535 1736 2564 metuebat
1749 2535 1884 2570 Basilius,
1899 2542 1933 2562 ne

1137 2571 1186 2599 his
1197 2571 1356 2608 calumniis
1371 2570 1543 2608 implicatus
1559 2571 1706 2608 Eusebius
1718 2579 1829 2608 parum
1844 2571 1932 2600 hahe-

1135 2610 1181 2635 ret
1193 2607 1225 2635 in
1240 2615 1296 2634 sua
1306 2606 1478 2635 innocentia
1490 2606 1633 2642 praesidii.

1143 2678 1150 2684 ’
1172 2644 1229 2684 (ιο)
1247 2641 1426 2680 Θαρῥούντως.
1441 2639 1510 2670 Tre's
1524 2642 1704 2671 recentiores
1732 2642 1854 2671 codices
1875 2639 1931 2677 0αρ-

1155 2682 1252 2709 οῦντις.

1136 2688 1331 2755 ﬂagitat}:
1340 2716 1483 2755 προγόνων.
1497 2713 1674 2751 Conjunctio
1685 2713 1789 2744 addita
1801 2722 1839 2743 ex
1849 2711 1928 2743 Cois].

1135 2749 1236 2786 primo
1251 2752 1280 2780 et
1289 2749 1368 2780 Harl".
