1984 3147
71 193 121 219 657

71 254 138 283 Θείας
177 253 258 279 ἕνεκεν
300 252 356 289 (12)
392 251 625 289 εὐκαταφρόνητον,

68 298 151 329 ἄλλως
165 296 212 324 διὰ
226 299 256 323 τὸ
277 301 323 327 τῆς
343 299 517 333 συκοφαντίας
542 297 623 334 βαρύ.
638 297 745 333 Μεγάλη
773 299 822 336 γὰρ
838 298 869 324 ἆν

67 344 167 378 γένοιτο
192 341 262 377 αὐτῷ
281 341 348 378 ῥοπὴ
376 343 440 379 πρὸς
470 343 612 378 σωτηρίαν,
639 341 660 368 εἰ
679 342 869 374 καταξιώσειάς

67 398 92 415 τι
117 387 192 424 ρῇμα
220 386 398 423 φιλάνθρωπον
428 388 491 424 ὑπὲρ
530 386 610 413 αὐτοῦ
647 388 775 424 προέσθαι
801 388 870 423 (13)1

67 433 267 469 προηγουμένως
301 433 347 467 μὶν
382 435 418 466 τῷ
451 429 547 467 δικαίῳ
570 433 757 469 χαριζόμενος,
782 433 872 459 ἔπειτα

67 479 111 502 καὶ
126 477 190 512 ἡμῖν
213 479 267 507 τοῖς
293 475 432 512 ἐξαιρέτοις
454 485 502 502 σου
528 477 575 505 τὴν
602 477 701 506 συνήθη
729 478 808 513 τιμὴν
823 478 868 503 καὶ

65 522 148 559 χάριν
163 523 208 547 καὶ
221 520 246 546 ἐν
258 521 343 556 τούτῳ
358 522 546 558 χαριζόμενος.

340 568 504 592 ΕΡΙΣΤΟΛΗ
535 566 594 594 PIT.

543 189 785 219 EPISTOLARUM
805 191 945 220 CLASSIS
963 192 1000 220 II.
1019 192 1126 222 EPIST.
1148 194 1280 223 CLXXXI.

1695 197 1747 224 658

668 252 803 289 ἐναγώνιον
842 252 858 280 ὃ

929 256 1028 288 stetur,
1045 256 1097 284 sed
1121 257 1233 294 alioqui
1248 257 1368 286 difﬁcile
1392 259 1420 286 et
1439 258 1601 287 molestum
1615 258 1655 287 ob
1669 259 1750 286 calu-

923 300 1012 328 mniae
1025 301 1256 331 vehementiam.
1273 302 1396 331 Multum
1416 303 1495 331 enim
1511 303 1552 331 illi
1571 304 1693 331 accedet
1709 303 1749 332 ad

924 344 1053 373 salutem
1068 346 1223 380 momenti,
1240 347 1264 374 si
1287 347 1361 383 quid
1380 347 1510 382 benigne
1526 355 1580 384 pro
1600 356 1635 375 eo
1650 348 1748 377 dicere

925 389 1067 424 digneris,
1080 390 1111 418 in
1125 391 1230 426 primis
1243 391 1343 426 idjuri
1359 391 1515 420 deferens:
1532 391 1641 419 deinde
1657 392 1748 420 etiam

926 435 955 461 et
968 433 1056 461 nobis
1066 435 1192 462 summis
1206 435 1264 463 tuis
1284 435 1389 464 amicis
1405 438 1585 464 consuetum
1599 436 1746 466 honorem

923 480 952 506 et
962 477 1097 507 ofﬁcium
1112 479 1142 507 in
1156 479 1214 508 hoc
1224 487 1347 516 quoque
1363 480 1511 508 tribuens.

1136 569 1224 605 265
1236 568 1350 598 EPISTO
1356 570 1399 598 LA
1423 569 1550 598 CLXXX'.

115 609 287 645 Sophronia
301 610 434 638 Basilius
446 610 632 639 commendat
645 610 993 682 Eumalhiumfzobtilem
1009 615 1037 641 et
1051 612 1196 641 disertum
1210 614 1309 642 virum
1323 614 1504 649 gravissima
1518 614 1692 643 calamitate

829 654 847 676 a
888 655 913 675 ac
929 656 989 676 um.

829 654 989 676 amictum.

190 692 324 726 Σωφρονίῳ
333 692 483 728 μαγὶστρῳ,
497 690 630 727 Εὐμαθιον
641 691 734 719 ἕνεκεν.

95 733 191 771 Ἀνδρὶ
224 734 349 771 ἀξιολόγῳ
375 737 525 771 περιτυχὼν
554 737 707 772 περιστάσει
743 735 791 762 οὐκ
817 735 864 762 ἁν-

61 783 123 809 εκτῆ
154 781 319 816 κεχρημένῳ,
344 781 438 806 ἔπαθον
476 782 524 808 τὴν
549 779 652 816 ψυχήν.
679 782 711 807 Τί
736 781 787 816 γὰρ
815 781 863 806 οὐκ

61 824 177 861 ἔμελλον,
216 825 349 862 ἅνθρωπος
376 824 421 860 ὢν,
472 823 598 861 ἀνθρώπῳ
638 823 758 862 ἐλευθίρῳ
799 824 862 861 παρ’

61 869 139 901 ἀξίαν
168 868 365 905 ἐμπεπλεγμένω
389 869 528 906 πράγμασι
552 868 704 904 σνναλγεῖν;
735 871 785 896 Καὶ
799 869 863 906 βου-

59 913 218 950 λευσάμενος
242 914 298 946 (14)
325 917 381 945 πῶς
405 913 436 939 ἂν
463 915 586 950 γενοίμην
612 914 683 949 αὐτῷ
716 917 859 950 χρήσιμος,

61 961 126 996 μίαν
151 956 224 995 εὖρον
245 957 320 984 λύσιν
343 961 391 989 τῆς
415 962 583 994 κατεχοῦσης
595 958 673 984 αὐτὸν
689 956 859 995 δυσχερείας,

59 1003 86 1030 εἰ
112 1006 144 1039 τῇ
231 1004 389 1039 κοσμιότητι
416 1005 560 1039 ποιήσαιμι
583 1005 725 1040 γνώριμον.
759 1005 804 1030 Σὸν
818 1002 861 1029 οὖν

57 1049 92 1074 τὸ
105 1047 205 1084 ἐφεξῆς,
228 1049 276 1076 τὴν
305 1050 403 1073 σαυτοῦ
429 1045 561 1083 σπουδὴν,
589 1047 617 1076 ἣν
641 1047 674 1078 εἰς
693 1047 801 1078 πολλοὺς
824 1047 862 1084 ἐφ’

56 1094 126 1129 ἡμῖν
139 1093 197 1127 (15)
217 1093 348 1129 μάρτυσιν
369 1090 541 1125 ἓπιδέδιιξαι,
562 1094 608 1118 καὶ
629 1092 699 1128 αὐτῷ
723 1094 864 1130 παρασχέ-

58 1138 137 1163 66m-
152 1138 187 1163 Τὸ
208 1134 239 1163 δὲ
257 1139 368 1174 πρᾶγμα
385 1138 509 1174 γνωρίσει
525 1137 538 1166 ἡ
555 1135 710 1163 ἐπιδοθεῖσα
727 1137 789 1175 παρ’
812 1137 862 1163 αὒ-

56 1182 108 1208 τοῦ
124 1179 217 1212 δέησις
227 1184 282 1212 τοῖς
295 1180 462 1217 βασιλεῦσιν,
479 1182 510 1211 ἣν
531 1184 576 1208 καὶ
590 1181 677 1208 λαϐεῖν
701 1182 736 1213 εἰς
758 1186 861 1219 χεῖρας,

56 1229 107 1253 καὶ
134 1226 289 1263 συμπρᾶξαι
315 1230 351 1261 τῷ
380 1224 458 1262 ἀνδρὶ
487 1226 521 1252 τὰ
546 1224 647 1252 δυνατὰ
665 1226 860 1263 παρακλὴθητι.

58 1273 115 1298 Καὶ
127 1271 179 1308 γὰρ
196 1274 348 1307 Χριστιανῷ
363 1272 464 1307 χαρίζῃ
481 1271 548 1307 (16),
563 1273 608 1297 καὶ
623 1270 729 1306 εὐγενεῖ,
752 1273 798 1297 καὶ
810 1270 861 1298 ἀπὸ

56 1316 141 1351 λόγου
155 1314 252 1342 πολλοῦ
267 1316 297 1342 τὸ
313 1313 452 1352 αἰδέσιμον
474 1315 638 1352 ἐπειγομένῳ.
656 1315 717 1342 Ἐὰν
733 1314 762 1342 δὲ
776 1325 862 1352 προσ-

58 1362 158 1396 Θῶμεν,
184 1360 225 1386 ὃτι
254 1362 299 1386 καὶ
322 1361 398 1396 ἡμεῖς
428 1360 542 1396 μεγάλην
576 1358 624 1386 διὰ
650 1364 695 1390 τῆς
723 1362 756 1390 εἰς
785 1360 863 1387 αὐτόν

56 1405 181 1436 εὐποιίας
210 1403 399 1441 ὑποδεχόμεθα
424 1405 482 1440 (17)
504 1405 597 1441 χάριν,
617 1406 729 1440 πάντως,
756 1404 803 1430 κᾶν
817 1415 863 1441 μι-

55 1451 123 1488 κρὸν
198 1448 283 1480 ἄλλως
311 1451 341 1476 τὸ
367 1449 500 1486 ἡμέτερον,
515 1448 580 1475 ἀλλὰ
600 1453 645 1480 τῆς
668 1453 717 1480 σῆς
736 1451 864 1486 σεμνότη-

56 1504 105 1525 τος
119 1494 176 1527 (18)
194 1492 234 1520 ἀεὶ
254 1493 278 1519 ἐν
302 1493 368 1530 λόγῳ
390 1494 525 1520 ποιεῖσθαι
549 1495 582 1520 τὰ
605 1493 663 1520 καθ’
685 1495 755 1530 ἡμᾶς
770 1493 864 1530 ἀνεχο-

55 1541 147 1576 phus,
164 1538 195 1565 οὐ
208 1539 302 1576 μικρὸν
318 1541 434 1575 φανεῖται
448 1539 478 1564 τὸ
493 1539 623 1575 χαρισθέν
637 1539 710 1575 ἡμῖν.

338 1586 507 1610 ΕΠΙΣΤΟΛΗ
527 1582 600 1610 ΡΠΑ’

979 692 1150 727 Sophronia
1166 694 1321 729 magistro,
1337 694 1369 721 in
1383 694 1541 722 Eumathz‘i
1549 695 1689 729 gratiam.

955 738 986 764 In
1000 737 1155 773 egregium
1176 738 1275 766 virum
1296 746 1365 766 cum
1388 738 1560 766 incidissem
1575 739 1745 767 calamitate

918 780 1097 811 intolerabili
1109 783 1263 818 afﬂictum,
1278 783 1415 811 animum
1428 783 1538 811 invasit
1551 783 1647 812 dolor.
1664 784 1744 816 Quo-

918 826 1011 855 modo
1035 828 1116 855 enim
1137 828 1314 864 potuissem,
1331 836 1401 856 cum
1417 836 1475 856 Sim
1493 828 1597 863 homo,
1610 828 1742 856 hominis

916 870 1041 906 ingenui
1051 874 1157 908 praeter
1171 873 1308 901 meritum
1328 873 1455 908 negotiis
1478 872 1624 909 implicati
1639 873 1742 901 dolore

916 922 979 943 non
994 917 1131 944 moveri?
1142 918 1255 945 Mecum
1270 919 1372 945 autem
1383 919 1528 953 reputans
1544 917 1700 953 quomodo
1715 917 1742 945 ei

917 960 1061 997 prodesse
1071 968 1204 997 possem,
1215 969 1307 990 unam
1320 961 1422 990 inveni
1433 962 1578 990 molestiis
1591 962 1676 990 illum
1692 962 1742 990 de-

918 1004 1038 1033 tinentis
1049 1005 1240 1040 solutionem,
1252 1006 1277 1034 si
1285 1014 1354 1034 eum
1364 1009 1422 1034 tua;
1434 1007 1571 1041 dignitati
1583 1009 1688 1034 notum
1700 1007 1742 1034 fa~

918 1057 1027 1078 cerem.
1042 1051 1108 1079 lam
1123 1052 1225 1079 autem
1238 1052 1323 1079 tuum
1337 1053 1390 1085 est,
1405 1051 1486 1079 idem
1501 1051 1643 1083 studium.
1657 1051 1741 1087 quod

917 1094 948 1123 in
963 1095 1083 1129 multos,
1098 1095 1186 1124 nobis
1200 1095 1336 1130 testibus,
1351 1095 1520 1131 ostendisti,
1538 1095 1608 1124 huic
1618 1104 1741 1132 quoque

917 1139 1069 1168 exhibere.
1092 1141 1165 1168 Rem
1186 1142 1287 1168 autem
1308 1140 1460 1175 cognitam
1470 1140 1558 1168 faciet
1568 1140 1694 1176 supplex
1709 1140 1742 1168 li-

916 1183 1014 1212 bellus
1027 1183 1066 1212 ab
1081 1191 1117 1212 eo
1136 1183 1369 1220 imperatoribus
1384 1184 1509 1212 traditus
1525 1193 1533 1212 :
1547 1192 1637 1220 quem
1651 1184 1741 1212 velim

917 1228 946 1255 et
973 1228 1005 1256 in
1034 1235 1145 1256 manus
1171 1236 1286 1263 sumas,
1302 1230 1332 1256 et
1349 1236 1404 1264 pro
1425 1227 1501 1256 virili
1515 1227 1596 1256 adsis
1607 1228 1736 1258 homini.

918 1272 1001 1299 Certe
1023 1272 1104 1300 enim
1123 1272 1153 1300 in
1179 1272 1381 1300 Christianum
1395 1272 1549 1300 beneﬁcus
1564 1271 1631 1306 eris,
1648 1273 1676 1299 et
1690 1279 1742 1298 no-

917 1315 1021 1350 bilem,
1027 1317 1055 1344 et
1065 1316 1105 1344 ob
1112 1316 1239 1344 multam
1252 1316 1420 1344 doctrinam
1426 1316 1643 1344 venerandum.
1656 1315 1743 1348 Quod

918 1360 943 1388 si
953 1360 1123 1388 addiderim
1142 1363 1169 1389 te
1184 1361 1368 1389 conferendo
1388 1361 1418 1388 in
1431 1368 1501 1388 eum
1512 1360 1660 1388 beneﬁcio
1679 1368 1743 1387 ma-

918 1412 1011 1440 gnam
1026 1406 1109 1442 apud
1119 1413 1175 1434 nos
1184 1414 1306 1442 quoque
1319 1406 1393 1434 inire
1400 1406 1624 1440 gratiam,certe
1635 1412 1742 1440 quam-

917 1449 964 1478 vis
978 1458 1026 1479 res
1040 1458 1116 1479 meae
1131 1449 1217 1486 parvi
1232 1450 1290 1478 sint
1304 1449 1400 1486 pretii,
1413 1453 1466 1478 tua
1480 1452 1581 1478 tamen
1596 1449 1741 1484 gravitate

918 1502 1023 1523 earum
1037 1503 1155 1531 semper
1169 1495 1317 1523 rationem
1339 1494 1450 1522 habere
1472 1502 1533 1522 non
1546 1494 1740 1528 dedignante,

917 1547 980 1568 non
1006 1547 1134 1576 parvum
1160 1539 1311 1568 videbitur
1335 1539 1417 1576 quod
1444 1538 1519 1567 mihi
1546 1540 1665 1574 gratum
1679 1538 1739 1566 ﬁet.

1154 1585 1324 1613 EPISTOLA
1347 1583 1493 1612 CLXXXI"

54 1628 157 1663 Rogat
174 1627 307 1665 Otreiunz
332 1627 466 1665 Basilius
481 1630 515 1665 ut
538 1635 599 1665 sese
620 1627 746 1665 inpicet]:
767 1628 961 1656 consolentur
974 1637 986 1664 ;
1008 1630 1064 1658 iste
1082 1629 1200 1665 quidem
1222 1636 1288 1664 qua:
1303 1629 1464 1656 SamoSalis
1482 1628 1684 1665 perferentur,
1700 1627 1741 1655 ad

277 1663 425 1691 Basiliam
440 1663 597 1692 scribendo
610 1671 622 1692 .·
641 1663 775 1692 Basilius
785 1671 865 1699 vero,
878 1671 944 1699 quae
954 1672 992 1693 ex
1010 1663 1141 1694 Thracia
1155 1663 1305 1698 didicerit,
1321 1666 1349 1692 ei
1358 1664 1527 1693 nunliando

320 1707 432 1744 Ὀτρηίῳ
446 1707 576 1737 Μελητίνη
583 1718 603 1739 ς.

96 1751 177 1786 Οἶδα,
199 1752 238 1779 ὅτι
259 1754 305 1779 καὶ
330 1756 378 1784 τῆς
403 1756 453 1783 σῆς
468 1752 601 1783 εὐλαϐείας
628 1753 754 1779 τοσοῦτον
783 1753 861 1780 ἅπτε-

55 1807 104 1824 ται
129 1799 145 1824 ὅ
161 1798 303 1834 χωρισμός
328 1801 373 1823 τοῦ
408 1797 607 1833 θεοφιλεστάτου
635 1796 781 1824 ἐπισκόπου
815 1797 860 1824 Εὖ-

57 1842 161 1873 σιϐἰον,
185 1843 246 1868 ὅσον
270 1843 314 1868 καὶ
337 1842 410 1878 ἡμῶν
439 1841 535 1869 αὐτῶν.
570 1841 640 1868 Ἐπεὶ
664 1840 708 1868 οὖν
721 1841 860 1879 ἀμφότεροι

57 1887 208 1924 χρῇξομεν·
238 1886 435 1923 παρακλήσεως,
461 1885 577 1917 ἀλλήλοις
614 1887 746 1923 γενώμεθα
773 1896 860 1924 παρα-

57 1932 154 1968 μνθία.
167 1933 219 1957 Καὶ
243 1931 276 1956 σύ
301 1940 328 1957 Ψε
352 1932 414 1967 ἡμῖν
441 1930 574 1958 ἐπίστελλε
585 1930 619 1957 τὰ
641 1930 669 1957 ἐκ
690 1933 860 1967 Σαμοσάτων,

58 1978 135 2013 ἡμεῖς
153 1985 180 2002 τε
205 1976 269 2012 οἷπερ
296 1976 326 2002 ἇν
346 1977 467 2012 μάθωμεν
493 1975 543 2002 ἀπὸ
561 1980 609 2007 τῆς
636 1977 753 2014 Θρᾴκης,
776 1975 860 2012 ἀπαγ-

57 2020 195 2057 γελοῦμεν.
208 2022 279 2058 Φέρει
293 2022 344 2057 γὰρ
358 2020 415 2057 ἐμοὶ
430 2021 475 2056 μὲν
489 2022 518 2047 τὸ
533 2023 670 2056 γινώσκειν
682 2024 728 2047 τοῦ
739 2020 802 2046 λαοῦ
812 2021 859 2050 τὴν

57 2066 184 2092 ἔνστασιν
197 2065 226 2091 οὐ
236 2067 331 2103 μικρὰν
341 2066 477 2103 ῥᾳστώνην
487 2065 515 2092 ἐκ
527 2069 576 2092 τῶν
589 2067 720 2103 παρόντων
726 2065 858 2102 λυπηρῶν,

56 2114 91 2147 τῇ
113 2108 145 2136 δὲ
174 2114 207 2146 σῇ
232 2112 398 2146 χρηστότητι
422 2112 451 2136 τὸ
477 2108 655 2136 διδάσκεσθαι
679 2110 703 2136 ἐν
724 2110 763 2141 οἷς
788 2109 859 2136 ἐστιν

57 2156 72 2181 ὁ
100 2155 186 2184 κοινὸς
198 2155 271 2191 ἡμῶν
293 2156 393 2192 πατὴρ.
410 2153 511 2190 Ἀμέλει
535 2156 579 2180 καὶ
603 2158 647 2180 νῦν
673 2154 702 2181 οὗ
717 2157 860 2191 γρὴμμασι

59 2201 199 2235 σημαίνειν
225 2200 331 2235 ἔχομεν’
347 2198 401 2225 ἀλλ’
426 2199 503 2225 αὐτὸν
519 2201 720 2236 παρεστήσαμέν
745 2208 788 2225 σοι
815 2201 859 2225 τὸν

58 2242 174 2280 ἀκριϐῶς
189 2241 279 2269 εἰδότα
288 2245 334 2269 καὶ
350 2242 543 2279 ἀπαγγελλοντα
558 2242 615 2279 (19)
631 2242 656 2269 ἐν
670 2243 709 2274 οἷς
721 2243 798 2270 αὐτὸν
813 2253 859 2270 κα-

57 2287 155 2323 τίλιπι,
171 2289 217 2313 καὶ
240 2288 309 2318 ὅπως
334 2290 379 2313 καὶ
405 2289 513 2323 φέροντα
528 2287 580 2323 (20)
606 2288 641 2314 τὰ
664 2290 857 2324 συμπίπτοντα.

57 2334 150 2368 Εΰχου
165 2333 251 2358 τοίνυν
261 2334 306 2358 καὶ
318 2332 382 2369 ὑπὲρ
395 2332 486 2365 αὐτοῦ,
495 2334 540 2358 καὶ
554 2333 618 2369 ὑπὲρ
631 2332 713 2368 ἡμῶν,
726 2333 768 2358 ἳνα
777 2333 790 2358 ὁ
808 2333 858 2359 Κύ-

57 2386 113 2413 ριος
127 2380 239 2412 ταχεῖαν
266 2376 389 2413 ἀπαγάγῃ
418 2380 467 2403 τῶν
484 2375 573 2403 δεινῶν
591 2378 688 2403 τούτων
702 2379 746 2406 τὴν
770 2377 855 2406 λύσιν.

109 2441 142 2466 l2
156 2438 266 2466 Ἕνεκεν.
279 2440 322 2467 Ita
336 2446 389 2466 sex
398 2446 473 2467 mss.
489 2438 564 2467 Editi
579 2439 660 2466 ἕνεκα.

109 2441 142 2466 l2
156 2439 266 2466 Ἕνεκεν.
279 2440 322 2467 Ita
336 2446 389 2466 sex
398 2446 473 2467 mss.
489 2439 564 2467 Editi
579 2439 660 2466 ἕνεκα.

176 2475 317 2513 Ηροςσθαιλ.
329 2475 372 2502 Ita
385 2482 538 2513 msszAs‘ex.
555 2474 630 2513 ῌᾴίῑί
642 2476 791 2513 προῖεσθαι.

94 2509 154 2545 (14)
182 2509 398 2546 Βουλευσάμενος.
421 2509 496 2538 Editi
535 2509 666 2539 addunt'
694 2511 749 2546 οὖν,
775 2511 859 2548 quod

59 2545 149 2574 abest
159 2553 178 2573 a
187 2553 298 2574 novem
311 2545 384 2573 mss.

92 2582 152 2625 ,(15)
166 2580 310 2625 ξιξτξηὴμζνί
320 2581 366 2625 Sic
382 2580 454 2610 Med.
466 2582 495 2610 et
505 2581 591 2610 Coisl.
609 2583 634 2617 1,
646 2581 753 2610 melius
763 2590 859 2619 quam

61 2616 110 2645 alii
121 2619 150 2645 et
160 2616 232 2645 editi
244 2616 285 2652 ὑφ’
299 2618 373 2653 ἡμῖν·
429 2652 433 2653 7
454 2652 461 2653 ί
535 2632 550 2653 νη

97 2652 152 2689 (l6)
176 2653 293 2689 XaplCn.
319 2655 362 2680 lta
378 2652 474 2689 _Coisl.
494 2652 612 2689 primus
636 2660 706 2681 cum
730 2655 859 2689 quatuor

61 2687 261 2726 aliisetHarl.
274 2687 409 2726 secunda
418 2687 522 2717 manu.
534 2688 609 2716 Editi
623 2687 742 2726 xoptem

96 2723 156 2760 (tj)
170 2721 378 2760 ’Υτοδεχόμεθαε
393 2725 436 2760 Ita
451 2731 529 2760 mss.
554 2721 725 2753 sex."Coisl.
741 2724 859 2760 primus

63 2756 270 2795 ἀποδεχόμεθα.⁷
276 2756 351 2787 Εᾶίιί
366 2757 557 2795 ἀποδεξόμεθα.

96 2795 156 2831 (t8)
171 2798 226 2825 Τῆς
252 2798 301 2825 σῆς
318 2796 492 2831 σεμνότητος.
513 2795 560 2823 Sic
584 2797 651 2831 tres
667 2795 862 2824 vetustissimi

64 2829 196 2864 codices,
212 2831 241 2858 et
254 2829 359 2866 paulo
370 2832 440 2867 post
455 2830 623 2866 ἀνεχομένης.
639 2830 710 2865 Quae
736 2831 862 2867 quidem

1190 1709 1289 1737 Olrez'o
1303 1709 1466 1737 Meletines.

950 1753 1152 1789 Haudjgnoro
1159 1754 1242 1781 tuam
1249 1753 1391 1789 pietatem
1397 1752 1588 1788 separatione
1594 1759 1629 1780 ac
1635 1751 1739 1779 exsilio

915 1798 1032 1827 Eusebii
1048 1797 1182 1834 episcopi
1200 1797 1416 1832 religiosissimi
1432 1799 1494 1825 tam
1509 1795 1633 1831 moveri,
1645 1804 1739 1832 quam

914 1844 1137 1880 memetipsum.
1150 1843 1222 1870 Cum
1232 1843 1333 1878 itaque
1342 1844 1466 1878 uterque
1476 1841 1663 1876 indigeamus
1670 1849 1739 1869 con-

915 1888 1072 1922 solatione,
1085 1887 1180 1915 simus
1201 1887 1275 1915 alter
1301 1886 1385 1914 alteri
1413 1885 1529 1913 solatio.
1546 1886 1580 1913 Et
1593 1887 1624 1912 tu
1640 1884 1738 1913 scribe

913 1932 1079 1968 nobiiquse
1089 1932 1253 1960 Samosatis
1261 1931 1301 1959 ad
1311 1933 1338 1959 te
1352 1930 1547 1967 perferentur,
1561 1931 1589 1957 et
1603 1937 1659 1964 ego
1669 1937 1738 1965 quas

915 1984 952 2005 ex
965 1976 1089 2004 Thracia
1103 1976 1246 2008 didicero,
1258 1975 1414 2003 nuntiabo.
1429 1976 1504 2003 Nam
1519 1982 1573 2002 nec
1588 1974 1671 2007 mihi,
1687 1981 1739 2010 po.

914 2021 977 2058 puli
983 2020 1182 2049 constantiam
1189 2027 1378 2055 cognoscere,
1389 2027 1517 2056 parvam
1523 2018 1609 2046 affert
1619 2026 1655 2046 ex
1665 2026 1739 2054 prse-

915 2065 1049 2094 sentibus
1063 2064 1206 2092 molestiis
1219 2064 1440 2095 allevationem.
1457 2071 1512 2092 nec
1522 2063 1586 2095 tibi,
1602 2063 1639 2091 de
1652 2071 1737 2091 com—

913 2110 1015 2138 munis
1031 2109 1125 2145 patris
1134 2109 1229 2137 nostri
1242 2108 1332 2136 rebus
1347 2109 1474 2137 edoceri.
1489 2110 1573 2136 Nunc
1588 2115 1661 2135 sane
1675 2115 1737 2136 non

913 2162 1076 2192 possumus
1091 2153 1156 2182 haec
1170 2153 1355 2189 perscribere
1369 2162 1377 2180 :
1392 2153 1444 2181 sed
1456 2153 1511 2180 tibi
1525 2152 1669 2185 sistimus,
1685 2152 1738 2188 qui

913 2207 949 2228 ea
960 2200 1098 2228 accurate
1113 2198 1205 2231 novit,
1217 2199 1245 2226 et
1262 2197 1398 2226 narrabit
1411 2205 1472 2234 quo
1490 2197 1522 2224 in
1541 2199 1620 2224 statu
1634 2196 1736 2232 ipsum

912 2243 1074 2280 reliquerit,
1090 2245 1119 2271 et
1144 2250 1205 2278 quo
1229 2242 1332 2270 animo
1354 2249 1504 2269 aerumnas
1525 2240 1735 2277 perferentem.

913 2291 1036 2318 Precare
1059 2287 1150 2322 igitur
1163 2289 1192 2315 et
1205 2294 1260 2322 pro
1285 2287 1351 2322 ipso
1365 2288 1394 2314 et
1405 2294 1460 2322 pro
1475 2287 1577 2319 me,ut
1592 2285 1736 2312 Dominus

913 2341 1007 2371 quam
1018 2332 1172 2362 celerrime
1189 2331 1229 2361 ab
1244 2331 1291 2359 his
1304 2339 1362 2360 nos
1378 2330 1524 2366 angustiis
1534 2329 1647 2358 liberet.

871 2441 893 2468 D
910 2440 1068 2476 scriptura,
1090 2447 1159 2468 cum
1188 2446 1241 2475 per
1256 2446 1288 2476 se
1310 2437 1385 2466 nihil
1405 2437 1516 2476 habeat
1526 2437 1587 2476 vitii
1602 2438 1630 2465 et
1648 2438 1736 2476 tanta

912 2472 1088 2504 auctoritate
1101 2472 1301 2513 nitatu'r,_visa.
1328 2476 1372 2513 est
1397 2472 1588 2513 praeferenda.
1605 2473 1736 2513 vulgatae

911 2516 942 2553 τῇ
961 2515 994 2548 σῇ
1006 2513 1195 2553 -Ξεμνότητιτ,
1215 2508 1381 2553 ἀνεχομένη
1397 2508 1547 2553 Videntur
1561 2508 1611 2553 lita
1646 2508 1736 2547 scrip-

913 2544 987 2575 sisse
1006 2544 1128 2580 librarii,
1144 2548 1177 2574 ut
1192 2544 1339 2582 scriptura
1354 2544 1464 2573 ‘clarior
1486 2544 1580 2579 ﬁeret,
1595 2544 1736 2579 quamvis

911 2590 974 2611 non
989 2584 1068 2610 esset
1081 2582 1222 2610 obscure.

949 2619 1003 2660 (νέξ)
1016 2617 1232 2660 Ἀπαγγέλλοντα.
1261 2615 1338 2645 Coisl
1378 2615 1531 2644 secundus
1552 2616 1580 2643 et
1600 2615 1671 2649 Reg.
1692 2620 1736 2641 se-

914 2654 1032 2682 cundus
1052 2653 1258 2688 ἀπαγγελοῦντα.

949 2690 1003 2724 (20)
1019 2691 1070 2725 Καὶ
1097 2684 1215 2725 etiam.
1236 2689 1285 2725 ita
1309 2689 1368 2715 tres
1397 2685 1590 2725 vetustissimi
1616 2684 1736 2725 codices

915 2718 1064 2753 cu‘m'aliis
1078 2718 1218 2760 quatuor.
1235 2723 1360 2760 Vulgata
1377 2722 1523 2758 scriptura
1535 2718 1638 2758 ἱρέροιτο
1653 2720 1737 2749 nullo

915 2767 1040 2797 prorsus
1054 2758 1279 2797 in‘cgdiceims:
1291 2758 1409 2797 legitur.

951 2796 962 2807 '
978 2795 1058 2823 Alias
1070 2794 1248 2823 CGCXXXlll.
1264 2794 1378 2829 Scripta
1393 2800 1474 2820 anno
1493 2794 1525 2820 37
1533 2793 1555 2821 ι.

950 2832 973 2844 "
992 2831 1072 2860 Alias
1087 2831 1220 2860 CCCXVl.
1234 2829 1350 2866 Scripta.
1364 2835 1444 2857 anno
1458 2829 1520 2856 374.
