1984 3147
239 151 294 178 663

931 145 959 172 S.
980 144 1107 172 BASlLIl
1127 143 1238 172 MAGNI

236 210 342 238 videor
355 210 567 238 etsententiam
578 209 736 240 mutare,et
746 206 941 244 proverbium
952 206 1060 240 ridere,

1128 207 1282 232 ιιταπεὶσειν
1299 205 1365 241 (32),
1389 208 1434 232 καὶ
1453 208 1498 235 τῆς
1520 206 1660 242 παροιμίας
1684 204 1918 240 καταγελάσεσθαι,

239 254 348 282 videns
364 257 424 282 tam
436 255 576 282 eximiam
585 253 750 290 juventutis
761 252 919 285 nutricem,
931 259 998 287 quae
1012 259 1064 279 no-

237 301 332 326 strum
342 299 503 334 praesidem
514 299 639 334 pristino
652 297 748 333 vigori
761 296 895 324 restituit.
913 297 970 323 Nec
979 295 1066 331 quid-

237 351 330 379 quam
345 343 408 378 jam
422 351 482 379 prae
498 343 548 371 illa
562 342 740 371 mstimabo:
755 349 817 370 non
836 341 929 369 modo
948 340 1067 368 Homeri

236 387 344 422 lotum,
357 387 411 415 sed
424 395 461 416 ne
476 387 559 416 illam
570 387 695 424 quidem
710 386 909 417 ambrosiam,
924 393 1067 422 quaecun-

238 439 297 471 que
310 432 433 461 tandem
445 432 543 468 fuerit,
563 440 632 469 quae
646 431 780 460 caelestes
793 430 970 459 exsatiabat.

534 495 703 524 EPISTOLA
722 493 900 522 CLXXXVII'.

1120 252 1185 288 ὁρῶν
1199 251 1280 279 αὐτὴν
1297 251 1376 280 οὕτως
1392 249 1493 286 ἀγαθὴν
1507 252 1690 286 κουροτρόφον,
1707 250 1720 278 ἡ
1736 251 1779 274 τὸν
1803 250 1921 286 ἄρχοντα

1120 297 1192 332 ἡμῶν
1208 295 1242 325 εἰς
1258 294 1343 332 ἀκμὴν
1359 294 1515 331 ἐπανήγαγε.
1534 297 1582 321 Καὶ
1597 293 1672 320 οὐδὲν
1693 292 1758 320 εἶναι
1771 297 1816 320 τοῦ
1830 294 1921 320 λοιποῦ

1120 340 1178 366 κατ’
1198 339 1278 369 αὐτὴν
1298 341 1444 376 ἡγήσομαι,
1461 339 1514 375 οὐχ
1530 341 1596 370 ὅπως
1610 340 1654 365 τὸν
1667 338 1809 375 Ὁμηρικὸν
1828 338 1918 373 λωτὸν,

1120 385 1175 411 ἀλλ’
1195 383 1256 412 οὐδὲ
1275 387 1319 414 τὴν
1334 383 1480 422 ἀμϐροσίαν
1500 383 1608 420 ἐκείνην,
1628 386 1685 415 ἥτις
1703 383 1761 411 ποτ’
1782 384 1835 421 ἄρα
1848 382 1888 418 ἧν,
1904 384 1917 413 ἠ

1120 431 1181 461 τοὺς
1203 429 1362 467 Ὀλυμπίους
1381 429 1564 466 χορτάζουσα.

1441 493 1610 519 ΕΠΙΣΤΟΛΠ
1629 490 1710 519 ΡΠΖ’.

707 547 873 582 Respondet
884 554 997 582 praeses
1009 549 1164 582 peracuta:
1178 547 1292 576 Basilii
1305 547 1448 582 epistola.

503 611 669 646 Antipater
680 610 807 639 Basilio.

275 665 321 693 Bis
335 665 457 694 crambe
472 673 564 698 mors,
577 665 618 692 ait
628 664 767 692 invidum
785 662 992 700 proverbium.
1009 663 1070 698 Ego

238 718 310 738 vero
331 710 382 746 qui
398 718 477 746 saepe
491 710 571 746 petii,
588 709 680 738 semel
694 709 807 737 moriar
823 717 829 735 :
844 708 970 736 omnino
983 715 1066 742 vero,

239 755 357 783 etiamsi
371 763 433 783 non
447 755 613 791 petiissem.
624 754 711 787 Quod
725 754 750 782 si
765 753 890 782 omnino
904 761 910 780 :
928 760 965 781 ne
979 755 1007 780 te
1020 752 1068 788 pi-

240 802 310 834 geat
321 799 479 827 comedere
494 807 585 827 suave
599 798 772 832 obsonium,
788 797 898 826 frustra
914 805 933 825 ε.
946 804 1067 834 prover-

239 844 292 873 bio
306 844 520 880 vituperatum.

420 906 510 942 233
526 905 700 934 EPISTOLA
721 905 914 934 CLXXXVIII"

522 951 697 978 CANONICA
717 951 838 979 PRIMA.

1365 609 1538 646 ’Δντίπατρος
1557 608 1693 644 Βασιλειῳ.

1160 666 1203 695 Δὶς
1227 663 1332 701 κράμϐη
1359 664 1479 697 θάνατος,
1506 664 1521 692 ἡ
1550 662 1683 700 βάσκανος
1702 671 1767 698 φησι
1786 663 1924 698 παροιμία.

1121 711 1186 744 Ἐγώ
1221 706 1261 742 δὲ,
1301 707 1423 738 πολλάκις
1449 708 1572 741 αἰτήσας,
1611 706 1682 738 ἅπαξ
1728 705 1925 741 ἀποθανοῦμαιι

1121 754 1225 783 πάντως
1253 751 1283 779 δὲ
1303 755 1398 789 καὶμὴ
1427 752 1550 783 αἰτήσας.
1572 751 1602 778 Εἰ
1622 750 1652 778 δὲ
1670 752 1781 784 πάντως,
1805 752 1842 786 μὴ
1865 760 1928 776 κατ-

1122 799 1190 824 όκνει
1218 796 1312 824 ἇσθίειν
1340 797 1404 833 ὄψον
1433 795 1497 829 ἡδὺ,
1521 797 1606 833 μάτην
1635 797 1685 822 ὑπὸ
1706 799 1752 826 τῆς
1782 797 1927 832 παροιμίας

1086 842 1107 869 Β
1122 840 1286 879 λοιδορηθέν.

1386 906 1556 931 ΕΠΙΣΤΟΛΗ
1574 903 1648 931 ΡΠΗ⁷

1428 957 1570 978 ΚΔΝΟΝΙΚΗ
1589 957 1606 976 Λ
1614 969 1622 977 .

240 1003 406 1039 Respondet
421 1003 553 1032 Basilius
566 1004 707 1039 pluribus
722 1003 931 1038 Amphilochii
941 1003 1155 1039 quaestionibus
1169 1003 1210 1032 ad
1223 1010 1353 1031 canones
1363 1003 1595 1038 pertinentibus,
1610 1010 1647 1032 ac
1659 1002 1812 1031 nonnulla
1822 1002 1926 1037 Scrip-

719 1042 796 1068 tura
811 1040 877 1068 loca
892 1039 1024 1074 ejusdem
1042 1040 1173 1074 episcopi
1186 1042 1296 1074 rogatu
1308 1039 1452 1074 explicat.

438 1101 652 1137 Amphilochia
663 1101 701 1130 de
713 1101 888 1130 canonibus.

276 1155 377 1183 Stulto
386 1155 599 1190 interroganti,
612 1154 720 1190 inquit,
748 1154 898 1189 sapientia
918 1154 1070 1189 reputabi-

241 1200 336 1227 tur“.
353 1199 502 1234 Sapientis
517 1201 628 1233 autem,
653 1201 686 1226 ut
714 1198 841 1230 videtur.
875 1199 1070 1233 interrogatio

243 1242 334 1271 etiam
346 1242 470 1271 stultum
481 1243 650 1279 sapientem
663 1242 754 1270 efﬁcit
769 1251 776 1270 :
790 1243 874 1279 quod
898 1243 949 1271 Dei
973 1243 1070 1278 gratia.

240 1287 348 1315 accidit
358 1287 584 1324 nobis,quoties
598 1287 757 1316 laboriosae
772 1289 830 1315 tuae
852 1287 962 1315 animae
987 1287 1070 1316 litte-

239 1339 290 1360 ras
305 1331 480 1367 accipimus.
499 1332 612 1359 Etenim
632 1331 779 1360 doctiores
793 1339 887 1368 quam
897 1339 1068 1366 eramus,ac

239 1375 448 1412 prudentiores
464 1375 555 1403 ﬁmus
569 1383 606 1403 ex
620 1375 687 1412 ipsa
700 1376 944 1411 interrogatione,
972 1376 1068 1405 multa.

240 1427 308 1456 quae
323 1420 537 1455 ignorabamus
553 1420 719 1448 ediscentes
737 1429 743 1454 ;
761 1428 796 1449 ac
822 1421 911 1449 nobis
931 1421 1068 1456 magistri

239 1464 306 1492 loco
316 1467 360 1492 est
373 1465 579 1501 respondendi
591 1473 673 1493 cura.
689 1466 772 1493 Certe
794 1467 823 1493 et
836 1473 917 1493 nunc
944 1473 1014 1493 cum
1028 1465 1066 1494 de

250 1510 428 1543 nterrogatis
440 1509 497 1538 tuis
513 1517 672 1546 nunquam
683 1510 829 1537 hactenus
845 1509 968 1538 sollicite
982 1510 1066 1545 cogi-

239 1555 361 1588 tassem,
376 1557 497 1582 coactus
510 1562 578 1582 sum
588 1554 745 1589 diligenter
755 1554 949 1587 attendere,et
958 1555 982 1582 si
991 1554 1067 1591 quid

240 1605 260 1626 δ.
271 1598 440 1626 senioribus
453 1599 619 1634 audieram,
638 1598 799 1633 recordari,
816 1601 844 1626 et
870 1601 1001 1634 cognata
1029 1599 1065 1627 iis

241 1651 309 1679 quae
324 1643 498 1678 didiceram,
516 1651 570 1679 per
580 1651 629 1672 me
647 1644 712 1680 ipse
727 1643 910 1672 ratiocinari.

280 1732 384 1761 Canon
399 1733 421 1761 Ι.
435 1731 522 1765 Quod
549 1731 639 1767 igitur
657 1732 697 1760 ad
716 1732 860 1761 Catharos
879 1732 1017 1768 pertinet,
1041 1734 1070 1760 et

241 1777 327 1813 prius
334 1776 448 1805 dictum
455 1779 509 1810 est,
517 1778 629 1805 etrecte
636 1777 820 1805 admonuisti
832 1777 969 1812 uniUScuj
976 1785 1070 1813 usque

242 1821 372 1856 regionis
388 1830 505 1850 morem
516 1821 602 1857 sequi
615 1821 850 1857 oporterezquod
872 1821 903 1856 ii,
925 1822 977 1857 qui
1000 1824 1070 1849 tunc

244 1866 282 1894 de
291 1866 348 1894 illis
361 1868 536 1900 statuerunt,
548 1866 578 1893 in
591 1865 690 1893 varias
699 1865 735 1893 dc
744 1866 879 1901 ipsorum
890 1865 1072 1902 baptismate

245 1911 408 1939 sententias
415 1911 566 1939 abierunt.
577 1912 800 1946 Pepuzenorum
809 1913 911 1938 autem
919 1910 1072 1947 baptisma.

245 1956 361 1984 nullam
377 1956 449 1983 mihi
464 1955 577 1983 habere
585 1955 734 1983 rationem
744 1954 870 1989 videtur,
894 1958 923 1983 et
945 1956 1071 1983 miratus

247 2009 315 2028 sum
327 2000 483 2036 quomodo
493 1999 551 2028 hoc
558 1999 909 2036 Dionysium,bominem
919 2008 1073 2029 canonum

285 2072 308 2089 ‘°
323 2072 410 2100 Prov.
427 2079 498 2106 xvu,
513 2072 557 2099 28.

283 2144 294 2154 ¹
306 2142 386 2179 Alias
401 2142 513 2179 CCXlV.
531 2142 642 2179 Scripta
654 2143 734 2171 circa
747 2151 799 2172 an.
813 2143 876 2172 374.

284 2180 306 2190 “
321 2178 401 2206 Alias
415 2179 436 2206 l.
455 2178 569 2214 Scripta
584 2186 664 2206 anno
678 2181 738 2207 374.

286 2214 341 2249 (32)
365 2216 546 2242 Μεη-απςίσειν.
571 2215 617 2242 Sic
641 2223 717 2243 mss.
749 2223 871 2243 summo
909 2223 1073 2244 consensu.

250 2250 324 2277 Editi
342 2254 503 2278 μεταπεσεῖν.

286 2279 576 2321 (33)’“Επερωτὴσαντι.
600 2285 677 2313 Editi
701 2286 819 2314 addunt
842 2289 946 2322 σοφίαν¹
980 2287 1075 2315 Inter-

250 2322 374 2353 ropanti
387 2322 565 2354 sapientiam
596 2322 745 2355 sapientia
772 2323 974 2355 reputabitur.
1003 2323 1073 2355 Quae

273 2356 373 2383 uidem
387 2363 445 2383 vox
452 2364 469 2383 a
481 2355 696 2383 recentioribus
706 2357 836 2384 librariis
844 2357 962 2385 videtur
970 2357 1073 2386 addita

265 2391 353 2418 uisse.
369 2391 455 2418 Deest
469 2391 549 2418 enim
565 2391 596 2418 in
611 2391 703 2418 tribus
716 2392 905 2420 Coislinianis
918 2393 1073 2421 codicibus

251 2428 279 2454 et
293 2426 324 2453 in
332 2428 464 2461 quatuor
478 2426 583 2460 Regiis.
597 2427 680 2454 Deest
691 2428 781 2455 etiam
795 2427 824 2454 in
835 2428 939 2456 codice
949 2428 1074 2456 Alexan-

250 2461 338 2489 drino
351 2463 379 2488 et
393 2461 529 2496 pluribus
544 2462 609 2489 aliis
625 2470 718 2490 sacrm
732 2464 891 2497 Scriptura:
907 2463 1072 2491 codicibus.

286 2497 342 2531 (34)
383 2499 444 2534 Περὶ
483 2498 512 2522 τὸ
551 2497 746 2534 ἀποκρίιεσθαι.
782 2499 922 2526 Nonnulli
955 2499 1073 2527 codices

251 2533 467 2571 énoxpivaa95L._
490 2533 570 2560 Unus
593 2533 652 2571 πὲρι
675 2538 730 2561 τοῦ.
748 2534 865 2571 Legitur
878 2536 937 2571 περὶ
953 2536 982 2560 τὸ
997 2534 1072 2571 ἀκρι-

250 2568 290 2599 ϐές
305 2567 334 2595 in
350 2567 530 2595 Coisliniano
545 2567 705 2597 vetustiore
727 2573 755 2597 et
769 2567 890 2597 duobus
905 2567 981 2598 aliis.
998 2567 1073 2598 Illud

249 2606 351 2632 autem
363 2611 400 2631 ex
415 2603 514 2631 verbis
524 2604 619 2631 Basilii
629 2604 727 2639 colligi
742 2613 803 2632 non
813 2605 911 2639 debet,
927 2614 997 2633 eum
1004 2606 1074 2634 hac-

248 2644 336 2667 tenus
348 2639 377 2667 in
391 2639 558 2667 canouibus
581 2647 689 2675 parum
712 2640 803 2668 fuisse
818 2644 982 2669 versatum.
997 2643 1072 2669 Nam

249 2675 288 2703 ab
300 2675 384 2702 initio
394 2674 585 2711 episcopatus
601 2675 694 2703 multa
709 2676 746 2702 de
761 2677 963 2711 matrimonio,
978 2677 1014 2704 de
1026 2685 1072 2706 or-

248 2710 454 2738 dinationibus
466 2710 638 2738 clericorum
650 2713 789 2747 eteorum
803 2712 1006 2747 singularitate
1018 2716 1072 2741 sta:

249 2749 355 2782 iuerat,
368 2748 400 2774 ut
412 2748 492 2782 patet
504 2754 540 2773 ex
556 2746 690 2781 epistolis
707 2747 746 2774 ad
763 2747 1071 2782 l)iodorum,adehor—

249 2781 418 2817 episcopos;
430 2782 471 2810 ad
484 2782 643 2818 episcopos
653 2782 710 2810 sibi
724 2783 872 2818 subditos,
884 2786 913 2812 et
930 2781 974 2812 ad
986 2785 1071 2812 Pare-

1341 1101 1505 1138 ’Λμφιλοχὶῳ
1519 1103 1578 1138 περὶ
1595 1102 1717 1130 κανόνων,

1160 1153 1284 1190 ’Λνοὴτῳ,
1302 1156 1392 1191 φησιν,
1413 1155 1607 1191 ἐπερωτήσαντι
1621 1154 1678 1190 (33)
1698 1155 1778 1190 σοφία
1800 1153 1928 1190 λογισθήο

1125 1209 1209 1226 σεται.
1223 1203 1305 1235 Σοφοῡ
1321 1197 1361 1234 δὲ,
1373 1201 1407 1230 ὡς
1429 1201 1518 1232 ἔοικεν,
1535 1199 1689 1236 ἐπερώτημα
1702 1201 1747 1225 καὶ
1760 1199 1804 1224 τὸν
1817 1198 1926 1228 ἀνόητον

1125 1246 1239 1279 σοιρίζει·
1270 1245 1330 1280 imp
1359 1248 1390 1280 τῇ
1418 1247 1463 1270 τοῦ
1492 1248 1560 1270 Θεοῦ
1578 1245 1674 1280 χάριτι
1699 1243 1836 1280 συμϐαίνει
1851 1244 1925 1280 ἡμῖν,

1124 1289 1215 1319 ὁσάκις
1229 1288 1258 1314 ἂν
1274 1287 1407 1325 διξώμεθά
1424 1298 1471 1315 σου
1484 1292 1529 1319 τῆς
1539 1288 1676 1324 φιλοπόνου
1691 1287 1786 1324 ψυχῆς
1799 1289 1831 1314 τὰ
1842 1289 1927 1324 ’γράμ-

1122 1343 1205 1369 ματα.
1227 1333 1473 1371 Ἐπιστατικὼτιροι
1501 1334 1549 1369 γὰρ
1571 1332 1668 1359 ἑαυτῶν
1687 1335 1732 1359 καὶ
1754 1332 1926 1369 ἐμφρονέστε-

1122 1387 1164 1414 ροι
1182 1379 1308 1414 γινόμεθα
1334 1377 1379 1404 ἀπ’
1408 1378 1491 1408 αὐγῆς
1514 1381 1560 1408 τῆς
1590 1377 1752 1414 ἐρωτήσεως,
1778 1377 1876 1412 πολλὰ,
1895 1376 1926 1403 ὧν

1121 1423 1168 1449 οὐκ
1201 1422 1374 1459 επιστάμεοα,
1405 1421 1595 1459 διδασκόμενοι
1614 1431 1621 1438 '
1652 1425 1697 1449 καὶ
1723 1425 1821 1458 γίνεται
1855 1423 1926 1459 ἡμῶν

1123 1465 1289 1498 διδάσκαλος
1317 1469 1332 1496 ἠ
1367 1470 1428 1504 περὶ
1455 1469 1484 1493 τὸ
1511 1466 1699 1504 ἀποκρίνεσθαι
1729 1467 1783 1502 (34)
1803 1469 1926 1503 μέριμνα.

1122 1506 1223 1548 Ἀμέλει
1251 1514 1296 1538 καὶ
1322 1516 1377 1545 νῦν,
1406 1510 1530 1538 οὐδέποτε
1553 1511 1674 1542 λαϐόντες
1701 1510 1725 1537 ἐν
1751 1510 1876 1548 φροντίδι
1897 1512 1928 1538 τὰ

1123 1556 1311 1594 ἔπερωτήματά
1331 1566 1391 1589 σου,
1414 1557 1617 1593 ἠναγκάσθημεν
1637 1555 1834 1591 ἐπισκέψασθαι
1856 1556 1928 1594 ἀκρι-

1123 1600 1182 1634 ϐῶς,
1203 1603 1248 1626 καὶ
1267 1602 1290 1626 εἳ
1308 1603 1334 1627 τέ
1353 1610 1379 1627 τι
1399 1601 1548 1637 ἠκούσαμεν
1568 1602 1640 1638 παρὰ
1664 1605 1713 1626 τῶν
1735 1600 1925 1638 πρεσϐυτέρων,

1123 1645 1333 1682 ἀναμνησθῆναι,
1354 1648 1399 1672 καὶ
1416 1647 1450 1671 τὰ
1469 1649 1582 1682 συγγενῆ
1603 1644 1637 1671 ὧν
1653 1643 1850 1681 ἐδιδάχθημεν,
1869 1645 1927 1682 παρ’

1124 1689 1221 1716 ἑαυτῶν
1235 1689 1449 1726 ἐπιλογίσασθαι.

1160 1734 1198 1761 Α’.
1223 1736 1258 1761 Τό
1281 1736 1326 1771 μὲν
1351 1733 1395 1760 οὖν
1419 1736 1478 1771 περὶ
1501 1736 1561 1764 τοὺς
1580 1734 1717 1770 Καθαροὺς
1745 1733 1856 1770 ζήτημα
1886 1736 1928 1760 καὶ

1125 1780 1227 1816 εἴρηται
1254 1781 1388 1816 πρότερον,
1423 1781 1468 1805 καὶ
1497 1778 1579 1808 καλῶς
1613 1777 1858 1814 ἀπεμνημόνευσας,
1890 1780 1928 1805 ὃτι

1126 1822 1169 1849 δεῖ
1186 1827 1222 1859 τῷ
1246 1824 1296 1849 ἔθει
1315 1828 1365 1850 τῶν
1396 1823 1453 1850 καθ’
1475 1823 1586 1852 ἑκάστην
1614 1826 1706 1860 χώραν
1734 1824 1854 1856 ἔπεσθαι,
1885 1822 1928 1849 διὰ

1125 1869 1155 1893 τό
1173 1866 1305 1904 διαφόρως
1334 1868 1472 1904 ἐνέχοῆναι
1501 1869 1556 1903 (35)
1580 1870 1639 1904 περὶ
1667 1871 1713 1894 τοῦ
1741 1867 1927 1904 βαπτίσματος

1127 1911 1212 1937 αὐτῶν
1237 1914 1295 1942 τοὺς
1323 1914 1381 1938 τότε
1405 1914 1464 1949 περὶ
1495 1913 1592 1938 τούτων
1622 1910 1808 1942 διαλαϐόντας·
1838 1914 1871 1937 τὸ
1901 1909 1928 1938 δὲ

1127 1960 1177 1982 τῶν
1204 1956 1376 1986 Πεπουζηνῶν
1401 1955 1495 1983 οὐδένα
1510 1966 1553 1992 μοι
1582 1956 1658 1992 λόγον
1684 1957 1754 1992 ἔχειν
1771 1954 1864 1982 δοκεῖ’
1886 1959 1928 1982 καὶ

1128 2002 1265 2038 ἐθαύμασα
1278 2006 1331 2033 πῶς
1345 2003 1479 2028 κανονικὸν
1500 2002 1562 2029 ὄντα
1580 2003 1624 2028 τὸν
1637 2003 1770 2028 Διονύσιον
1791 2001 1849 2037 (36)
1865 2011 1929 2039 παρ-

1130 2144 1257 2179 gorium.
1276 2144 1538 2180 Scripseratetiam
1548 2144 1588 2172 ad
1594 2144 1718 2173 clericos
1727 2143 1928 2173 Antiochenos

1129 2180 1167 2208 de
1179 2179 1389 2215 jurejurando,
1402 2183 1435 2208 ut
1449 2180 1514 2216 ipse
1525 2182 1649 2208 testatur
1659 2187 1726 2208 can.
1740 2179 1846 2208 l8.Sed
1859 2188 1927 2216 cum

1129 2215 1606 2251 latissimepateathaec’materia,
1627 2223 1688 2243 non
1706 2215 1817 2243 mirum
1837 2217 1864 2243 si
1883 2215 1927 2243 vel

1128 2251 1312 2278 doctissimis
1319 2259 1439 2287 semper
1449 2251 1520 2278 novi
1529 2251 1642 2287 aliquid
1649 2251 1786 2287 occurrit.
1797 2251 1881 2279 Idem
1892 2251 1927 2279 de

1129 2294 1160 2314 se
1167 2287 1274 2314 fatetur
1283 2286 1471 2314 Innocentius
1477 2286 1593 2322 papain
1601 2286 1729 2322 epist.ad
1736 2287 1927 2322 Exsuperium

1127 2322 1206 2350 Mihi
1218 2330 1334 2357 quoque
1348 2323 1415 2357 ipsi,
1431 2322 1538 2358 inquit,
1554 2322 1591 2350 dc
1603 2323 1764 2350 collatione
1787 2322 1926 2350 docilitas

1127 2358 1323 2387 accedit.dum
1333 2358 1527 2394 perscrutatis
1533 2358 1696 2385 rationibus
1702 2358 1743 2385 ad
1744 2361 1927 2394 propositum

1127 2394 1306 2427 respondere
1327 2394 1507 2429 compellor:
1524 2401 1618 2428 eoque
1624 2394 1660 2428 ﬁt
1675 2396 1707 2421 ut
1724 2393 1841 2428 aliquid
1857 2401 1926 2421 sem-

1124 2437 1181 2464 per
1192 2430 1382 2463 addiscatur,
1396 2430 1448 2465 qui
1458 2429 1636 2463 postulatur
1646 2432 1678 2457 ut
1694 2429 1809 2456 doceat.

1164 2466 1218 2500 (35)
1234 2463 1458 2500 Ἐνεχθῆναιξιῑδ.
1468 2473 1540 2492 mss.
1552 2472 1672 2493 summo
1686 2463 1926 2492 consensu.Editi

1127 2498 1332 2536 ἐνδιενὲχθῆνοὶι.

1162 2535 1292 2568 (36)”Τόν
1325 2537 1468 2563 Διονύσιον.
1500 2535 1576 2563 Editi
1605 2537 1648 2562 τόν
1673 2538 1752 2571 μέγαν
1782 2537 1924 2562 Διονύσιον.

1127 2571 1184 2599 Sed
1198 2571 1281 2599 deest
1290 2571 1348 2599 hoc
1360 2571 1427 2599 loco
1442 2572 1472 2599 in
1484 2572 1594 2599 nostris
1607 2571 1758 2599 sexdecim
1772 2571 1925 2599 codicibus

1125 2606 1189 2647 btet:
1197 2607 1361 2647 honorifica
1368 2606 1608 2647 appellatio,quz_e
1614 2609 1714 2647 tamen
1720 2606 1925 2647 posteaeidem

1127 2643 1268 2683 Dionysio
1283 2643 1313 2682 in
1321 2643 1377 2683 hoc
1389 2642 1457 2683 ipso
1464 2642 1924 2683 canorietrib'uitur,conseptien-

1126 2678 1206 2705 tibus
1222 2678 1305 2705 libris
1323 2678 1472 2706 veteribus
1486 2680 1513 2705 et
1529 2678 1624 2706 editis.
1641 2679 1704 2706 Duo
1716 2680 1817 2705 autem
1833 2678 1863 2705 in
1871 2678 1923 2705 hoc

1126 2713 1225 2741 Basilii
1240 2714 1409 2741 testimonio
1424 2713 1626 2741 observanda.
1646 2716 1674 2741 to
1686 2714 1802 2746 Pugnat
1826 2714 1923 2749 aperte

1126 2749 1253 2785 Basilius
1264 2757 1332 2776 cum
1345 2749 1593 2785 Hieronymo,qui
1603 2750 1633 2777 in
1643 2749 1720 2777 libro
1729 2750 1770 2777 De
1778 2748 1924 2784 scriptori-

1128 2783 1181 2812 bus
1189 2785 1396 2813 ecclesiasticis
1407 2783 1531 2814 testatur
1544 2783 1720 2821 Dionysium
1730 2784 1811 2813 idem
1823 2783 1859 2814 ac
1872 2785 1923 2819 Cy-

1866 144 1919 171 664
1955 162 1957 165 «
