1984 3147
242 107 292 133 679

920 105 949 133 S.
970 104 1096 133 BASILII
1116 105 1236 134 MAGNI.

1877 106 1935 136 280

241 167 313 204 quia
332 167 402 195 facit
417 169 450 195 ut
459 167 525 203 ipsa
554 166 733 194 adulterium
758 165 926 194 committat
940 175 946 200 ;
961 169 989 194 et
1001 174 1069 203 quae

1127 165 1195 193 διότι
1223 171 1291 194 ποιεῖ
1319 167 1401 196 αὐτὴν
1429 165 1614 204 μοιχευθῆναν
1642 167 1688 193 καὶ
1717 168 1732 196 ἡ
1769 172 1938 195 συνοικοῦσα

241 220 304 240 una
317 220 387 241 cum
406 213 474 248 ipso
489 211 613 247 habitat,
630 213 675 239 est
690 211 836 247 adultera,
850 212 922 247 quia
937 211 1069 240 alienum

241 257 339 284 virum
351 257 391 285 ad
405 265 436 284 se
449 256 590 284 traduxit.

279 302 310 329 Χ.
328 301 381 331 Qui
399 302 502 336 jurant
517 309 548 328 se
563 300 784 329 ordinationem
799 308 860 329 non
883 303 1069 337 accepturos,

242 345 405 380 ejurantes,
422 353 459 372 ne
473 346 618 380 cogantur
628 345 851 381 perjerare.Etsi
863 345 942 373 enim
954 345 1072 373 videtur

242 389 350 425 aliquis
363 397 428 417 esse
437 389 602 426 canon,qui
614 389 765 425 ejusmodi
779 389 955 418 hominibus
967 397 1074 418 conce-

242 434 295 462 dat
307 442 313 467 ;
326 434 510 470 experientia
523 436 625 462 tamen
640 434 838 470 cognovimus
851 442 903 462 eos
926 435 978 470 qui
989 435 1071 471 peje-

241 481 356 513 rarunt,
371 478 469 507 felices
498 479 593 506 exitus
620 486 682 507 non
709 478 831 507 habere.
849 479 1073 507 Consideranda

242 527 345 552 autem
368 526 448 556 sunt,
465 526 494 552 et
511 523 627 560 species
651 524 861 560 jurisjurandi,
877 527 905 552 et
923 524 1027 559 verba,
1044 525 1073 552 et

243 568 363 595 animus
388 576 448 604 quo
476 568 662 603 juraverunt,
677 570 706 596 et
717 568 869 603 sigillatim
883 577 951 605 quae
970 569 1072 596 verbis

243 612 347 640 addita
359 612 490 647 fuerunt,
506 612 627 640 adeont
645 612 670 640 si
685 612 768 641 nulla
786 621 910 649 prorsus
926 613 964 641 sit
973 613 1015 641 rei
1030 613 1072 641 le-

243 656 362 685 niendae
384 657 470 691 ratio,
482 657 555 685 tales
579 657 703 685 omnino
720 657 888 685 dimittendi
904 658 971 686 sint.
986 657 1073 691 Quod

244 704 344 729 autem
360 701 465 729 attinet
478 701 518 729 ad
526 701 627 730 Severi
639 702 804 737 negotium,
813 702 950 730 videlicet
961 702 1000 730 ad
1007 710 1073 739 pre-

245 745 399 781 sbyterum
416 745 454 773 ab
465 745 532 781 ipso
543 745 729 780 ordinatum,
737 745 854 774 videtur
864 746 939 774 mihi
945 754 992 774 res
1001 749 1074 774 tem-

243 791 454 826 peramentum
478 789 628 825 ejusmodi
651 790 773 823 habere,
786 790 812 817 si
832 790 913 818 idem
926 793 955 818 et
966 790 1020 818 tibi
1034 790 1074 818 vi-

1126 212 1207 247 αὑτῲ,
1222 212 1358 248 μοιχαλὶς,
1378 211 1448 238 διότι
1475 212 1607 249 ὰλὶὸτριον
1630 210 1716 248 ἄνδρα
1745 215 1812 250 πρὸς
1839 213 1938 243 ἑαυτήν

1125 259 1237 293 μετέστη
1243 266 1295 284 σεν.

1162 305 1184 329 Ι.
1205 302 1237 328 οἱ
1261 302 1395 338 ὀμνύοντες
1410 303 1445 338 μὴ
1463 299 1661 337 καταδέχεσθαι
1683 303 1730 331 τὴν
1749 305 1934 338 χειροτονίαν,

1126 346 1300 383 ἱξομνύμενοι,
1329 349 1364 382 μὴ
1401 346 1640 382 ἁναγκαζέσοωσαν
1664 345 1802 383 ἐπιορκεῖν.
1831 347 1864 373 Εἰ
1885 350 1935 384 γὰρ

1126 392 1171 416 καὶ
1205 388 1276 416 δοκεῖ
1304 399 1345 420 τις
1374 390 1439 416 simi
1466 392 1549 416 κανὼν
1569 392 1623 424 (67)
1652 391 1664 416 ὁ
1697 395 1851 427 συγχωρῶν
1881 395 1936 421 τοῖς

1126 436 1262 465 τοιούτοις
1277 434 1340 460 ἀλλὰ
1365 437 1442 471 πείρᾳ
1466 434 1676 470 ἑγνώκαμεν,ὄτι
1703 434 1750 461 οὐκ
1775 433 1936 461 εὖονῖοῡνται

1127 480 1152 505 οἱ
1170 481 1390 517 παρορκήσαντες.
1408 482 1514 505 Σκοπεῑν
1542 477 1572 505 δὲ
1596 477 1639 505 δεῖ
1661 481 1706 505 καὶ
1735 481 1766 505 τὸ
1792 477 1869 510 εἶδος
1890 483 1935 505 τοῦ

1127 524 1216 560 ὃρκου,
1232 526 1277 550 καὶ
1301 525 1334 550 τὰ
1355 524 1472 561 ῥήματα,
1488 526 1533 556 καὶ
1552 525 1598 552 τὴν
1625 521 1744 549 διάθεσιν
1756 523 1801 560 ἀφ’
1814 524 1848 555 ἧς
1868 524 1935 560 65am-

1127 571 1235 604 μόκασι,
1252 570 1297 594 καὶ
1322 569 1368 598 τὰς
1393 569 1460 594 κατά
1475 568 1566 594 λεπτὸν
1578 567 1601 593 ἐν
1616 571 1669 598 τοῖς
1693 568 1797 604 ῥήμασι
1811 570 1936 606 προσθή-

1127 622 1184 644 κας·
1199 614 1244 647 ὡς,
1265 612 1307 638 ἐὰν
1333 611 1480 649 μηδεμὶαῇ
1501 610 1655 649 μηδαμόθεν
1689 614 1861 650 παραμυθία,
1879 615 1935 649 χρὴ

1127 657 1257 687 παντελῶς
1282 658 1324 692 ἑᾴν
1350 658 1408 686 τοὺς
1435 658 1579 687 τοιούτους.
1600 658 1634 685 Τό
1654 659 1741 693 μέντοι
1756 658 1827 684 κατὰ
1857 661 1938 686 Σευῆ-

1127 711 1171 739 ρον
1197 701 1255 738 (68)
1282 705 1403 738 πρᾶγμα,
1426 701 1485 730 ἢτοι
1508 703 1552 727 τὸν
1580 702 1630 727 ὑπὸ
1657 703 1748 728 τούτου
1775 712 1937 740 χειροτονη-

1129 747 1202 773 θέντα
1227 745 1416 783 πρεσϐύπερον.
1438 747 1560 774 τοιαύτην
1585 747 1644 772 τινα
1670 756 1714 782 μοι
1741 745 1816 772 δοκεῖ
1844 756 1936 784 παρα-

1128 792 1223 826 μυθίαν
1242 792 1323 825 ἔχειν,
1340 790 1362 816 εἰ
1376 793 1421 816 καὶ
1447 800 1483 820 ςοι
1513 788 1645 818 συνδοκεῖ.
1664 792 1712 816 Τὸν
1736 790 1816 828 ἀγρὸν
1837 790 1935 817 ἐκεῖνον

245 834 361 862 deatur.
376 836 490 868 Agrum
504 833 589 861 illum
604 834 710 862 Mestize
724 834 1013 869 subjectum,cuiille
1027 834 1070 862 vir

1128 837 1172 861 τὸν
1201 835 1367 871 ὑποκείμενον
1390 839 1421 870 τῇ
1447 837 1568 870 Μηστείᾳ
1590 835 1659 870 (69),
1676 835 1696 870 ᾧ
1715 835 1892 872 ἐπεκηρύχθη
1922 835 1934 860 ὁ

245 879 382 907 addictus
407 878 472 913 fuit,
485 878 557 914 jube
572 878 698 907 Vasodis
714 878 849 907 subesse.
865 879 912 908 Sic
927 879 1008 907 enim
1017 887 1074 908 nec

244 923 391 960 pejerabit
400 922 448 950 ille
459 931 478 950 a
496 923 563 951 loco
587 931 649 951 non
671 924 826 958 recedens,
841 931 896 951 nec
910 925 1074 959 Longinus,

245 976 348 996 secum
363 968 479 996 habens
492 967 661 1003 Syriacum,
671 968 702 996 in
718 976 812 996 causa
823 969 877 996 erit
891 977 944 996 cur
954 969 1075 997 deserta

245 1013 284 1041 sit
298 1012 434 1046 ecclesia,
449 1020 548 1048 neque
560 1013 696 1040 animam
712 1021 800 1041 suam
811 1022 865 1050 per
879 1014 975 1041 otium
990 1013 1075 1041 dam-

244 1057 337 1086 nabit.
352 1059 453 1093 Neque
466 1064 523 1084 nos
538 1056 651 1092 aliquid
670 1059 778 1092 praeter
801 1065 933 1085 canones
958 1057 1075 1086 efﬁcere

244 1102 426 1135 videbimur,
441 1101 721 1129 accommodatione
729 1104 844 1129 utentes
854 1102 886 1129 in
905 1102 1074 1138 Cyriacum,

245 1147 298 1182 qui
312 1154 382 1174 cum
406 1154 437 1173 se
455 1145 602 1174 Mindanis
626 1153 860 1181 permansurum
873 1147 1014 1183 jurasset,
1030 1150 1074 1176 ta-

245 1199 316 1219 men
327 1190 555 1219 translationem
569 1189 713 1225 suscepit.
725 1189 846 1218 Reditus
862 1191 943 1219 enim
958 1192 1012 1220 erit
1023 1193 1074 1228 ju-

245 1234 408 1271 risjurandi
427 1233 608 1262 observatio.
625 1234 712 1270 275
730 1234 918 1263 OEconomite
938 1238 1040 1264 autem
1056 1245 1075 1266 a

282 1301 339 1336 (67)
356 1303 454 1328 Κανών.
474 1300 594 1328 Videtur
608 1300 689 1328 hunc
711 1308 859 1329 canonem
873 1305 992 1330 secutus
1008 1311 1074 1331 esse

247 1338 277 1365 S.
288 1337 480 1373 Athanasius.
493 1344 562 1373 cum
587 1336 789 1373 Dracontium,
801 1337 853 1372 qui
872 1339 1025 1373 juraverat
1041 1347 1074 1366 se

247 1373 412 1404 abiturum,
423 1372 453 1408 εἰ
467 1372 658 1408 ordinaretur
671 1372 842 1408 episcopus,
863 1372 899 1401 ac
916 1374 1073 1402 ordinatus

246 1408 374 1442 fugerat,
392 1407 431 1435 ad
452 1407 677 1469 suscigiendam
702 1407 840 1436 Ecclesiae
860 1417 976 1444 curam,
990 1410 1074 1438 nulla

246 1443 352 1469 habita
366 1443 529 1469 iurisiuran
553 1443 562 1469 i
577 1442 702 1469 ratione.
712 1442 847 1469 hortatus
861 1447 914 1469 est.

246 1443 352 1472 habita
363 1442 562 1478 jurisjurandi
577 1442 702 1477 ratione,
712 1442 847 1471 hortatus
861 1447 914 1471 est.

283 1480 341 1513 (68)
357 1480 430 1515 Κατᾲ
445 1482 565 1515 Σευῆρον.
581 1478 783 1515 Perobscurus
803 1479 852 1506 hic
875 1487 973 1507 canon
988 1480 1072 1508 vide-

247 1516 296 1542 tur
308 1514 612 1554 sicexplicariposse.
630 1514 954 1554 l_..01_‘lginus_presbyter
965 1518 1027 1543 erat
1040 1515 1072 1543 in
1087 1520 1106 1548 ο

247 1550 443 1586 ᾶξζτονΜθςιίςθ
457 1549 611 1586 subjecto.
630 1549 686 1586 Sed
701 1557 770 1586 cum
786 1549 811 1577 is
827 1549 983 1586 depositus
994 1553 1072 1578 esset

247 1586 287 1613 ob
303 1585 427 1620 aliquod
448 1584 601 1617 delictum,
615 1591 650 1612 ac
665 1584 739 1612 forte
751 1584 899 1613 honorem
912 1586 1071 1614 sacerdotii

246 1620 395 1657 retineret,
406 1622 439 1657 ut
453 1627 676 1657 nonnunquam
689 1620 790 1657 fiebat.
807 1622 933 1649 Severus
956 1622 1071 1657 episco-

248 1664 306 1695 _p_us
316 1656 420 1695 inejus
429 1655 529 1695 locum
540 1655 692 1695 transtulit
704 1655 1072 1695 Cyriacum,quem:ant_ea

247 1690 394 1718 Mindanis
407 1690 645 1722 ordinaverat,ac
653 1690 756 1725 jurare
770 1690 910 1725 coegerat
920 1700 950 1719 se
960 1693 1071 1720 Minda-

247 1727 294 1753 nis
305 1733 494 1753 mansurum.
508 1725 581 1753 Nihil
593 1725 650 1752 hac
662 1726 692 1752 in
703 1733 734 1752 re
749 1726 835 1753 statui
848 1734 936 1761 posse
948 1727 1072 1755 videba-

248 1764 304 1796 tur,
320 1761 403 1797 quod
418 1761 521 1788 nonin
538 1768 683 1797 magnam
709 1761 842 1797 aliquam
867 1761 1072 1790 difﬁcultatem

246 1796 419 1825 incurreret.
430 1798 503 1824 Nam
511 1796 571 1833 siin
582 1803 655 1833 agro
668 1796 774 1823 Mestiae
786 1796 920 1833 subjecto
931 1798 1072 1833 Cyriacus

247 1835 427 1866 remaneret,
449 1831 704 1868 perjuriiculpam
731 1831 907 1860 sustinebat.
925 1831 1073 1861 Si'rediret

248 1868 397 1898 Mindana,
415 1866 486 1902 ager
497 1867 604 1895 Mestiaa
625 1866 778 1901 subjectus
793 1867 971 1902 presbytero
987 1876 1072 1895 care-

247 1903 311 1936 bat,
324 1906 414 1939 atque
429 1903 519 1938 hujus
530 1902 716 1939 incommodi
731 1902 822 1939 culpa
836 1903 1027 1931 redundabat
1041 1904 1072 1931 in

248 1937 557 1977 caput_l;ongini,_qui
569 1937 769 1977 obrdclictum
787 1937 944 1977 depositus
964 1939 1071 1977 fuerat.

249 1973 325 2006 Quid
338 1974 427 2008 igitur
440 1973 582 2001 Basilius?
596 1973 714 2009 Utrique
723 1973 851 2000 occurrit
861 1974 1052 2002 incommodo
1064 1984 1070 2009 ;

247 2009 334 2045 jubet
350 2016 474 2045 agrum,
490 2009 541 2044 qui
559 2008 664 2045 Mestiaa
690 2009 840 2045 subjectus
859 2013 931 2042 erat,
948 2010 1073 2038 Vasodis

249 2043 367 2079 Subjici,
383 2043 414 2070 id
435 2047 480 2071 est
499 2043 575 2077 loco,
591 2044 640 2070 cui
657 2043 793 2078 subjecta
807 2047 892 2072 erant
916 2046 1067 2073 Mindana.

250 2081 311 2107 Hoc
322 2087 358 2107 ex
368 2079 501 2106 remedio
516 2078 578 2106 duo
592 2079 832 2114 consequebatur
847 2080 982 2113 Basilius,
999 2083 1030 2108 ut
1045 2083 1073 2108 et

249 2122 321 2149 ager
335 2114 384 2142 ille
397 2114 573 2150 presbytero
583 2122 645 2141 non
660 2118 815 2151 careret,et
824 2115 967 2151 Cyriacus
978 2116 1019 2143 ibi
1029 2124 1073 2144 re-

248 2150 529 2182 manens,Mindana
538 2150 744 2186 tamenfredire
751 2150 1072 2186 censeretur,cuinjam

248 2186 297 2214 hic
313 2185 397 2214 locus
414 2186 557 2223 eidemac
566 2185 705 2214 Mindana
718 2186 933 2223 chorepiscopo
944 2185 1071 2223 pareret.

283 2223 340 2258 (69)
356 2224 488 2257 Μηστείᾳ.
513 2221 557 2248 Sic
586 2224 715 2256 quatuor
742 2221 827 2258 mss.
856 2221 1071 2258 Ed’iti‘Mm-Big.

249 2257 335 2294 (Zoisl.
370 2258 498 2294 primus
516 2259 635 2294 Mnarigz.
666 2257 805 2294 Nonnulli
836 2265 907 2284 mss.
938 2257 1070 2294 Μησοεία.

249 2292 343 2320 Paulo
352 2291 421 2328 post
430 2291 807 2328 editioiaado‘ozgmlerique
818 2295 927 2321 mss.ut
939 2293 968 2320 in
980 2291 1071 2321 textu.

286 2328 342 2363 (ΤΟ)
366 2329 541 2364 ιίαρορκὴσει.
560 2328 606 2355 Sic
632 2336 708 2355 mss.
736 2328 881 2364 plerique.
907 2328 984 2355 Editi
1007 2338 1072 2365 παρ-

249 2372 362 2389 οοκισει.

427 2402 475 2429 τῆς
503 2397 593 2435 ἀργίας
607 2397 794 2435 καταδικάσειἶ
805 2398 855 2426 His
864 2433 870 2435 >
879 2398 1003 2426 vocibus
1018 2398 1072 2426 rite

249 2433 414 2469 explicatis,
426 2433 631 2462 totus'canon
656 2434 709 2469 qui
727 2433 815 2461 valde
844 2433 991 2461 obscurus
1017 2437 1071 2469 est,

246 2469 451 2497 illustrabitur.
464 2469 624 2497 Balsamon
640 2472 668 2496 et
678 2471 808 2497 Zonaras
821 2469 959 2497 tenebras
972 2469 1071 2496 otiun-

246 2505 333 2538 dunt,
347 2504 422 2533 dum
439 2506 607 2539 Longinum
626 2505 709 2532 illum
729 2504 903 2532 existimant
917 2505 1071 2532 hominem

267 2542 397 2568 otentem
410 2540 566 2576 fuisse,qui
572 2548 603 2567 se
609 2542 795 2576 vastaturum
803 2539 964 2567 Ecclesiam
972 2540 1069 2576 mina-

268 2576 408 2611 atur,nisi
419 2576 448 2603 in
465 2575 538 2611 agro
553 2583 608 2603 suo
619 2575 756 2611 retineret
772 2575 929 2611 Cyriacum
946 2575 1069 2611 presby-

244 2609 391 2639 terum.At
400 2609 545 2644 illudﬂica
555 2614 602 2640 τῆς
615 2610 717 2647 ἀργίας,
730 2609 824 2646 neque
836 2619 890 2645 per
902 2609 994 2639 etiam
1003 2609 1068 2639 arii-

242 2654 320 2682 mam
332 2655 418 2675 suam
435 2647 654 2679 condemnabit,
671 2646 842 2682 depositum
855 2647 947 2674 fuisse
960 2647 1069 2682 probat

242 2681 413 2717 Longinum
428 2682 493 2718 agri
508 2682 633 2718 Mestiae/
644 2681 771 2718 subjecti
798 2681 1018 2718 presbyterum.
1037 2682 1068 2710 ld

241 2718 321 2755 enim
336 2720 423 2745 sonat
432 2717 511 2755 ἀργία
525 2717 607 2753 apud
619 2717 822 2745 Basilium.Si’c
834 2717 937 2746 canL69
947 2726 952 2745 :
961 2719 1068 2746 Lector

239 2753 266 2780 si
277 2761 344 2782 cum
354 2761 410 2783 sua
419 2753 528 2789 sponsa
538 2755 609 2783 ante
623 2754 849 2782 matrimonium
858 2755 1066 2782 commercium

1128 880 1271 917 ἄνθρωπος,
1290 879 1409 905 κέλευσον
1434 877 1582 910 Οὗασόδοις
1610 879 1750 906 ὑποτελεῖν.
1780 880 1860 905 Οὕτω
1883 881 1933 916 γὰρ

1128 923 1244 955 κάκεῖνος
1259 923 1288 949 οὐ
1303 926 1466 961 παρορκήσει
1485 923 1542 959 (70)
1565 926 1600 959 μὴ
1618 923 1761 960 ἀναχωρῶν
1775 927 1823 950 τοῦ
1838 927 1932 950 τόπου·

1129 971 1173 995 καὶ
1199 969 1212 994 ὁ
1241 971 1385 1003 Λογγῖνος,
1413 969 1482 1003 ἔχων
1510 969 1554 993 τὸν
1589 969 1718 1004 κυριακὸν
1741 968 1799 1004 μεθ’
1828 968 1932 1001 ἑαυτοῦ,

1129 1013 1176 1039 οὐκ
1190 1014 1318 1049 ἐρημώσει
1340 1014 1387 1041 τὴν
1407 1011 1559 1046 ἐκκλησίαν,
1576 1011 1638 1038 οὐδὲ
1660 1015 1706 1041 τὴν
1731 1012 1825 1039 ἑαυτοῦ
1838 1012 1931 1048 ψυχὴν

1130 1056 1177 1084 διὰ
1188 1060 1235 1087 τὴς
1261 1056 1353 1093 ἀργίας
1374 1055 1550 1083 καταδικάσει
1564 1057 1626 1092 (Ἡ).
1645 1059 1696 1084 Καὶ
1718 1057 1795 1093 ἡμεῖς
1823 1055 1932 1093 δοξομει

1129 1104 1164 1138 μή
1193 1103 1265 1138 παρὰ
1305 1104 1410 1132 κανόνας
1438 1105 1520 1127 ποιεῖν
1545 1111 1591 1135 τι,
1620 1104 1873 1138 συμπεριφερόμενοι
1898 1105 1931 1136 τῷ

1130 1149 1262 1183 Κυριακῷ,
1276 1145 1402 1181 ὀμόσαντι
1418 1147 1463 1182 μὲν
1480 1148 1690 1182 συμπαραμένειν
1701 1144 1848 1176 Μινδανοῖς
1865 1148 1929 1181 (72].

1128 1189 1327 1226 καταδεξαμένῳ
1361 1188 1390 1216 δε
1426 1192 1472 1219 τὴν
1506 1189 1695 1226 μετάθεσιν.ἸΙ
1721 1191 1772 1228 γάρ
1806 1189 1930 1220 ἐπάνοδος

1130 1234 1230 1271 φυλακὴ
1244 1235 1318 1261 ἓσται
1344 1238 1389 1260 τοῦ
1410 1235 1499 1272 ὅρκου.
1514 1237 1549 1262 Τὸ
1565 1233 1595 1261 δὲ
1623 1233 1688 1266 εἶξαι
1703 1235 1779 1261 αὐτὸν
1864 1235 1930 1261 οἰκὸ-

1129 1301 1278 1334 Ιῑαὸαενίτ,
1293 1300 1408 1327 ἐνιαυτὸν
1423 1301 1713 1337 ἀργήσαςφοειᾳιιαγη
1726 1308 1808 1329 αηηο
1819 1302 1930 1330 otiatus

1126 1338 1233 1372 fuerit,
1257 1337 1298 1364 ad
1318 1337 1476 1371 legendum
1496 1337 1685 1370 suscipz‘etur.
1708 1337 1871 1371 Paregorio
1898 1338 1930 1365 in

1128 1373 1299 1408 epist.555ic
1309 1372 1408 1400 minas
1419 1372 1554 1404 intentat,
1564 1372 1930 1408 nisimulierumdimittat

1128 1406 1388 1444 subintroductam
1404 1416 1410 1434 :
1424 1407 1592 1444 Τελεντὴσεις
1607 1407 1702 1444 ἀργῶν,
1717 1410 1762 1433 καὶ
1779 1406 1875 1438 δώσεις
1893 1412 1927 1442 τῷ

1128 1446 1216 1480 Κυρίῳ
1229 1443 1311 1480 λόγον
1322 1447 1370 1473 τῆς
1381 1443 1607 1480 σεαυτοῡνὰργίας.
1621 1443 1758 1471 Morieris
1771 1445 1884 1471 otiosus
1899 1447 1925 1471 et

1127 1469 1272 1506 rationem
1298 1469 1423 1506 Domino
1446 1469 1551 1506 reddes
1578 1469 1882 1507 όὲίῖιὲιῖῖἰᾱοέᾱόιῇἑ
1898 1469 1926 1507 l3

1126 1514 1262 1550 Apostol.
1271 1513 1351 1550 ἀργία
1357 1514 1606 1550 estdcpositionis
1614 1514 1832 1550 pmnaEOdem
1839 1523 1927 1542 sensu

1126 1549 1209 1585 apud
1226 1549 1780 1585 Epiphanium,hmres.74,cap.ultimo
1802 1558 1927 1585 usurpa-

1126 1584 1174 1624 tur
1188 1584 1584 1624 verbumrkmaivﬁratﬂergo
1609 1584 1741 1624 déjeqtus
1761 1584 1930 1624 sacerdotio

1126 1620 1323 1660 Longinusob
1330 1620 1453 1660 aliquod
1460 1620 1801 1660 delictum‘,quodmulto
1808 1622 1927 1660 gravius

1124 1655 1225 1683 visum
1242 1655 1354 1687 fuisset,
1369 1655 1394 1683 si
1413 1656 1569 1683 recedente
1585 1655 1719 1691 Cyriaco,
1741 1664 1834 1684 nemo
1851 1656 1925 1684 alius

1126 1691 1265 1726 regendae
1281 1691 1419 1718 Ecclesia:
1442 1691 1570 1719 idoneus
1585 1691 1778 1719 occurrisset.
1795 1692 1868 1719 Huic
1882 1692 1923 1719 in-

1127 1727 1290 1754 commodo
1305 1729 1338 1754 ut
1350 1726 1506 1754 medeatur
1521 1726 1659 1759 Basilius,
1675 1735 1739 1754 rem
1765 1729 1874 1755 tractat
1886 1728 1925 1755 ita

1126 1761 1298 1798 prudenter,
1315 1764 1348 1789 ut
1362 1770 1418 1789 nec
1434 1762 1574 1798 Cyriacus
1585 1762 1709 1798 perjurii
1721 1770 1791 1798 reus
1809 1763 1856 1795 sit,
1872 1770 1924 1790 nec

1128 1797 1253 1832 Longini
1267 1800 1391 1833 peccato
1408 1797 1534 1833 quidam
1558 1797 1650 1825 veluti
1663 1797 1804 1825 cumulus
1821 1798 1861 1826 ob
1875 1798 1923 1826 de-

1127 1836 1237 1860 sertam
1257 1832 1285 1860 et
1294 1832 1427 1860 viduam’
1435 1833 1592 1860 ecclesiam
1607 1833 1748 1862 addatur.

1163 1869 1219 1930 L72)
1244 1866 1393 1898 Μινδανοῑς.
1422 1869 1511 1896 Erant
1536 1876 1607 1903 ergo
1631 1868 1776 1896 Mindana
1799 1869 1923 1896 Vasodis

1188 1903 1306 1930 iccta.id
1317 1906 1363 1930 est
1373 1904 1589 1930 choreniscono
1605 1904 1731 1930 Vasodis
1742 1903 1857 1930 sedenti
1872 1905 1923 1930 :si-

1127 1903 1306 1938 subjecta.id
1317 1906 1363 1931 est
1373 1904 1589 1939 chorepiscopo
1605 1904 1731 1932 Vasodis
1742 1903 1857 1932 sedenti
1872 1905 1924 1936 ;si-

1127 1939 1250 1974 quidem
1263 1939 1348 1966 Basili
1355 1947 1388 1966 us
1398 1947 1504 1973 agrum
1512 1939 1617 1967 Mestize
1625 1939 1793 1974 subjectum
1801 1940 1924 1968 Vasodis

1127 1974 1336 2011 subjicijubet,
1350 1977 1380 2002 ut
1392 1975 1533 2011 Cyriacus
1544 1983 1580 2002 ex
1591 1983 1674 2009 agro,
1683 1976 1713 2002 in
1724 1983 1815 2011 quem
1826 1978 1924 2003 trans-

1127 2009 1206 2038 latus
1221 2010 1328 2043 fuerat,
1341 2017 1403 2037 non
1415 2009 1598 2043 discedens,
1615 2010 1711 2038 redire
1728 2009 1832 2038 tamen
1857 2012 1923 2038 Min-

1127 2045 1210 2086 dana
1224 2048 1393 2086 censeatur.
1413 2046 1453 2086 iis
1469 2053 1530 2086 quo
1543 2046 1640 2086 etiam.
1655 2045 1754 2086 colligi
1773 2048 1871 2081 potest
1882 2046 1925 2074 vel

1128 2081 1288 2116 Cyriacum
1297 2088 1358 2108 non
1365 2081 1595 2116 rstrictejurasse
1608 2081 1753 2109 Mindanis
1762 2089 1794 2109 se
1805 2089 1925 2109 mansu~

1127 2115 1205 2153 rum,
1224 2116 1278 2143 sed
1302 2115 1393 2151 paulo
1405 2116 1499 2153 latius
1509 2116 1619 2153 dertota
1642 2117 1775 2151 regione,
1789 2125 1857 2153 quas
1868 2117 1922 2145 sub

1129 2151 1236 2192 eodem
1249 2154 1313 2178 erat
1331 2159 1366 2192 ac
1377 2151 1517 2192 Mindarra
1535 2152 1762 2192 ction‘episcopo,
1774 2151 1922 2192 uran-

1087 2196 1109 2223 D
1129 2186 1202 2223 dum
1225 2186 1466 2223 concepisse;vel
1484 2186 1876 2222 Basilium,utin‘redifﬁcili
1889 2196 1922 2216 ac

1128 2222 1434 2258 molesta,benignam
1445 2222 1721 2258 interpretationem
1737 2223 1921 2252 adhibuisse.

1129 2257 1185 2286 Sed
1202 2257 1455 2294 priorﬂsententia
1474 2257 1571 2293 magis
1591 2258 1702 2294 arridet
1716 2259 1788 2294 quia
1806 2267 1921 2287 summa

1127 2295 1191 2320 erat
1217 2293 1355 2329 Basiliiin
1371 2293 1570 2328 jurisjurandi
1587 2293 1797 2322 observatione
1811 2295 1918 2329 religio.

1127 2328 1305 2364 Exemplum
1321 2329 1391 2356 satis
1404 2329 1499 2356 simile
1508 2329 1637 2357 occurrit
1648 2329 1732 2392 apud
1743 2331 1771 2358 S.
1786 2328 1918 2364 Augusti-

1127 2371 1211 2392 num.
1225 2363 1277 2392 aui
1285 2372 1347 2391 rem
1358 2364 1450 2392 paulo
1462 2365 1545 2392 aliter
1556 2373 1590 2392 ac
1602 2365 1666 2392 Basi
1682 2366 1727 2392 ius
1738 2367 1916 2392 temperavit.

1125 2371 1211 2401 num,
1221 2363 1347 2401 quirem
1358 2364 1450 2401 paulo
1462 2365 1545 2401 aliter
1556 2373 1590 2392 ac
1602 2363 1727 2393 Basilius
1738 2363 1916 2401 temperavit.

1126 2400 1201 2426 Nam
1208 2407 1278 2426 cum
1288 2399 1588 2437 Timotheusquidam
1601 2402 1710 2428 Severo
1718 2399 1862 2437 episcopo
1873 2401 1915 2436 ju-

1125 2437 1221 2472 rasset
1230 2443 1388 2472 nunquam
1395 2435 1515 2472 seab’eo
1522 2435 1812 2472 1'ecessurum,isque
1818 2435 1915 2472 postea

1125 2470 1282 2507 ordinatus
1289 2470 1360 2498 alibi
1371 2470 1529 2507 diaconus,
1542 2478 1597 2499 nec
1607 2471 1704 2499 redire
1711 2470 1802 2507 posse
1809 2470 1914 2500 videre-

1124 2508 1173 2542 tur
1187 2505 1226 2533 ad
1238 2506 1379 2542 Severum
1391 2506 1430 2533 ob
1441 2509 1613 2542 susceptam
1624 2505 1854 2539 ordinationem,
1865 2515 1912 2535 nec

1123 2540 1176 2579 ubi
1195 2541 1349 2579 ordinatus
1362 2541 1458 2579 fuerat
1468 2540 1624 2579 remanere
1636 2543 1676 2570 ob
1687 2542 1862 2577 religionem
1872 2543 1912 2579 ju-

1122 2576 1300 2614 risjurandi;
1315 2577 1431 2614 censuit
1441 2578 1627 2614 Augustinus
1638 2576 1912 2614 unacumAlypioet

1125 2612 1282 2648 Samsucio
1288 2620 1349 2640 non
1357 2613 1491 2640 futurum
1498 2613 1621 2648 perjurii
1631 2612 1910 2646 reum'l‘imotlieum,

1123 2647 1147 2683 si
1159 2655 1220 2675 non
1233 2655 1287 2683 per
1296 2648 1406 2683 ipsum,
1420 2648 1474 2675 sed
1484 2647 1537 2683 per
1548 2651 1689 2676 Severum
1698 2649 1826 2683 ﬁeret,ut
1835 2650 1871 2677 ab
1880 2657 1909 2677 eo

1122 2682 1288 2719 discederet
1296 2682 1558 2719 ;quandoquidem
1565 2684 1602 2711 de
1611 2692 1666 2712 sua
1674 2682 1908 2717 Timotheus,non

1121 2717 1159 2745 de
1167 2718 1266 2746 Severi
1272 2717 1437 2754 voluntatej
1443 2717 1787 2754 uraveratmecvicissim
1793 2722 1908 2748 Severus

1121 2754 1390 2789 sesejurejurando
1398 2755 1831 2792 obstrinxerat.Aug.,epist.62
1839 2758 1906 2786 et63.
