1984 3147
7 140 54 168 681

467 135 707 164 EPISTOLARUM
727 133 867 163 CLASSIS
887 134 920 161 II.
943 134 1049 162 EPIST.
1069 133 1252 163 CLXXXVIII.

1642 136 1695 164 682

7 204 86 238 νομίᾳ
114 200 150 232 εἰς
171 200 303 237 ἐπιορκίαν
318 199 387 234 αὐτῷ
406 199 435 225 οὐ
462 199 658 235 λογισθήσεται,
673 196 719 224 διὰ
733 199 762 223 τὸ
776 198 811 232 μὴ
828 208 835 224 λ

904 197 1085 232 spensationi
1100 198 1124 224 si
1149 196 1282 230 cesserit,
1298 195 1329 224 id
1345 196 1371 224 ei
1395 196 1518 232 perjurii
1540 196 1609 226 loco
1632 204 1696 226 non

9 246 188 283 προσκεῖσθαι
214 249 250 279 τῷ
279 245 358 281 ὅρκῳ,
379 242 448 279 μηδὲ
470 244 535 281 πρὸς
556 243 647 280 βραχύ
675 242 814 278 ἀναχωρή-

11 301 60 317 σειν
77 291 138 326 (73)
166 287 315 322 Μινδάνων,
344 287 407 314 ἀλλὰ
435 292 589 325 παραμενεῖν
606 288 641 318 εἰς
668 289 696 313 τὸ
713 286 812 323 ἑφεξῆς.

9 340 113 372 Σευήρῳ
131 333 171 368 δὲ,
188 334 405 372 προφασιζομένῳ
432 335 478 362 τὴν
495 334 588 366 λήθην,
605 334 680 368 ἡμεῖς
701 342 812 367 συγχω-

9 384 136 419 ρήσομεν,
162 379 283 409 εἰπόντες,
309 380 348 404 ὅτι
372 382 421 404 τῶν
441 382 560 414 κρυπτῶν
575 380 695 414 γνῶσι-ης
720 376 749 402 οὔ
764 385 812 402 πε-

9 425 131 463 ριόψεται
155 426 203 452 τήν
218 423 310 449 ἑαυτοῦ
326 423 481 452 ’Ἐκκλησίαν
496 423 546 449 ὑπὸ
574 423 702 452 τοιούτου
714 421 812 456 λυμαι-

10 473 135 506 νομένην·
171 472 306 498 ποιοῦντος
343 469 386 494 ub
417 467 591 497 ἀκανονίστως
616 469 646 492 τὸ
665 465 690 497 ἐξ
714 465 810 503 ἀρχῆς.

12 517 78 552 ὅρκῳ
95 512 125 541 δὲ
135 511 363 548 καταδεσμοῦντος
377 513 448 549 παρά
468 513 501 537 τὰ
520 511 665 547 Etim/ﬁta:
676 519 682 526 '
709 519 812 547 παρορ-

11 564 61 586 κεῑν
91 557 122 585 δὲ
145 556 321 588 διδάσκοντος
345 555 381 582 δι’
395 561 428 582 ὢν
451 557 582 592 μετετέθη,
603 554 765 591 ψευδομένου
782 553 812 580 δὲ

10 608 52 630 νῦν
68 602 106 630 δι’
122 603 156 628 ὧν
178 602 233 637 (74)
257 603 304 631 τὴν
327 601 409 630 λήθην
433 601 640 637 σχηματίζεται.
657 597 764 628 Ἐπειδὴ
782 597 812 625 δὲ

11 649 56 675 οὐκ
85 647 163 684 ἐσμὲν
185 644 301 683 καρδιῶν
329 648 428 683 κριταὶ,
450 645 502 671 ἀλλ’
517 645 543 676 ἐξ
564 644 597 670 ὧν
618 644 742 680 ἀκούομεν
757 645 812 681 κρί-

10 701 103 729 νομεν·
134 690 220 727 δῶμεν
248 691 284 726 τῷ
317 692 403 727 Κυρίῳ
430 692 476 719 τὴν
505 688 652 722 ἐκδίκησιν,
680 689 754 715 αὐτοὶ
783 686 813 714 δὲ

13 736 174 774 ἀδιακρίτως
199 735 276 761 αὐτὸν
304 733 448 771 δεξώμεθα,
476 737 632 770 συγγνώμην
657 732 744 764 δόντες
771 732 813 759 ἀν-

13 784 132 819 θρωπίνῳ
145 781 234 815 πάθει,
250 783 279 816 τῇ
294 779 373 816 λήθῃ.

869 241 1191 278 imputabitur,quippe
1200 241 1285 278 quiaj
1292 240 1466 276 urijurando
1473 241 1624 276 adjectum
1633 249 1695 271 non

868 288 913 314 est
926 294 962 313 ne
974 285 1129 321 paululum
1141 286 1264 322 quidem
1276 285 1422 313 Mindanis
1432 293 1632 322 recessurum,
1641 287 1695 315 sed

867 330 1008 366 deinceps
1020 338 1263 366 permansurum.
1273 331 1330 358 Nos
1341 333 1440 358 autem
1454 331 1560 358 Severo
1569 330 1697 359 oblivio-

866 383 936 402 nem
950 375 1087 402 causanti
1102 375 1144 402 sic
1157 375 1359 409 ignoscemus,
1373 377 1405 402 ut
1418 382 1486 402 eum
1500 383 1691 408 moneamus,

867 419 1052 447 occultorum
1059 419 1244 454 cognitorem
1253 427 1339 446 suam
1351 419 1445 454 ipsius
1459 419 1619 448 Ecclesiam
1629 427 1691 448 non

866 472 1028 500 passurum
1053 464 1092 492 ab
1107 464 1257 500 ejusmodi
1280 464 1404 491 homine
1424 463 1599 493 labefactari
1615 473 1622 493 :
1638 465 1691 500 qui

866 512 973 546 praeter
986 517 1118 537 canones
1130 509 1169 537 ab
1182 509 1265 537 initio
1279 508 1399 543 fecit,ac
1408 509 1609 544 jurejurando
1619 517 1691 538 con-

867 556 911 582 tra
935 554 1096 588 Evangelia
1124 553 1269 589 astringit,
1308 555 1337 581 et
1363 553 1530 589 perjurium
1562 554 1689 583 transfe-

865 598 960 627 rendo
973 599 1088 633 edocet,
1101 606 1135 626 ac
1147 601 1310 634 pOstremo,
1322 597 1395 625 dum
1407 598 1590 626 oblivionem
1601 599 1691 626 simu-

865 643 916 676 lat,
931 644 1081 671 mentitur.
1101 643 1155 671 Sed
1171 643 1317 679 quoniam
1341 642 1477 670 cordium
1490 643 1608 678 judices
1630 651 1692 672 non

867 697 985 724 sumus,
1001 689 1053 716 sed
1077 697 1113 717 ex
1130 689 1165 716 iis
1181 696 1247 724 quae
1264 687 1414 721 audimus,
1433 688 1618 724 judicamus.
1641 689 1692 718 de-

867 741 936 761 mus
953 734 1078 761 Domino
1094 733 1266 766 vindictam,
1280 741 1410 769 eumque
1421 733 1495 761 citra
1508 741 1635 762 examen
1646 743 1694 762 su-

868 778 1042 814 spiciamus,
1058 778 1193 806 humano
1207 777 1289 812 vitio,
1314 777 1458 805 oblivioni
1472 777 1592 814 scilicet,
1608 778 1693 814 igno-

868 825 994 850 scentes.

49 871 98 898 IA'.
123 871 154 897 '0
170 868 200 896 δὲ
221 871 264 896 τὸν
290 869 413 895 ἀκούσιον
438 871 552 899 ποιήσας
577 871 652 904 φόνον
669 867 835 905 ὰρκουντως]

904 868 946 895 XI.
963 867 1018 899 Qui
1029 868 1128 895 autem
1144 865 1377 894 involuntariam
1386 866 1500 894 caedem
1512 866 1589 901 fecit,
1601 867 1695 896 unde-

14 916 176 953 ἐξεπλήρωσε
203 917 248 943 τὴν
278 912 355 943 δίκην
383 913 407 940 ἐν
440 916 493 943 τοῖς
517 911 609 939 ἕνδεκα
627 914 704 940 ἔτεσι.
735 912 814 941 Δῆλον

13 963 75 998 γὰρ,
105 961 144 986 ὃτι
173 959 216 985 ἐπὶ
241 963 291 985 τῶν
315 958 464 994 πληγέντων
490 958 522 984 τὰ
547 959 679 988 Μωῡσέως
698 966 815 994 παρατη-

14 1009 147 1043 ρὴσομιν·
175 1006 220 1030 καὶ
245 1005 287 1029 τὸν
317 1003 503 1029 κατακλιθέντα
536 1004 580 1038 μὲν
606 1002 647 1028 ἐπὶ
675 1007 724 1027 τῶν
746 1001 814 1030 πλη-

15 1056 66 1087 γῶν
94 1049 126 1080 ἆς
149 1048 231 1084 ﬂuet,
259 1046 409 1084 βαδσίαντα
434 1046 463 1074 δὲ
487 1047 564 1074 πάλιν
593 1048 634 1073 ἐπὶ
662 1051 693 1083 τῇ
724 1045 815 1084 ῥάϐδῳ

18 1095 108 1128 αὐτοῦ,
138 1094 167 1120 οὐ
196 1093 355 1129 λογισόμεοα
378 1093 560 1129 πεφονεῦσθαι.
595 1092 624 1118 Εἰ
648 1090 678 1118 δὲ
701 1094 746 1118 καὶ
769 1091 815 1118 οὐκ

17 1140 139 1172 ἐξανέστη
169 1140 235 1174 μετὰ
263 1139 308 1168 τὰς
336 1137 446 1173 πληγὰς,
475 1136 528 1163 ὄιλλ⁷
558 1135 601 1162 οὖν
627 1141 663 1172 τῷ
689 1139 724 1173 μὴ
751 1146 816 1173 προ-

19 1185 123 1211 ελέσθαι
149 1183 227 1209 αὑτὸν
255 1181 348 1208 ἀνελεῖν
365 1183 377 1207 ό
393 1184 530 1212 τυπτήσας
556 1183 677 1218 φονευτὴς
691 1182 747 1218 μὲν,
764 1180 816 1207 ἀλλ’

20 1229 142 1258 ἀκούσιος
163 1226 180 1254 δ
183 1229 210 1254 ιὰ
223 1230 269 1256 τήν
282 1227 415 1264 πρόθεσιν.

54 1273 103 1301 ΙΒ’,
140 1274 207 1303 Τοὺς
238 1269 368 1307 διγάμους
394 1270 524 1302 παντελῶς
553 1271 566 1296 ὁ
591 1272 673 1296 κανῶν
700 1275 747 1301 τῆς
773 1271 821 1296 ὑπ-

20 1320 130 1355 ηρεσίας
144 1316 290 1343 ἀπέκλεισε.

56 1362 105 1389 ll"
132 1363 198 1392 Τοὺς
224 1361 248 1387 ἓν
263 1360 382 1397 πολέμοις
402 1362 492 1396 φόνους
506 1360 540 1386 ὀἱ
567 1362 671 1397 πατέρες
699 1361 771 1396 ἡμῶν
798 1359 822 1386 ἐν

22 1412 74 1438 τοῖς
95 1409 180 1443 φόνοις
200 1405 247 1432 οὐχ
269 1405 434 1442 ἐλογίσαντο·
456 1404 513 1441 ἐμοὶ
541 1403 637 1437 δοκεῖν,
669 1407 823 1441 συγγνώμην

24 1452 113 1483 δόντες
136 1454 189 1481 τοῖς
217 1451 280 1486 ὑπὲρ
311 1451 481 1486 σωφροσύνης
507 1452 551 1475 καὶ
576 1449 706 1480 εὐσεϐείας
731 1449 824 1486 ἀμυνοι

24 1500 120 1533 μένοις.
145 1497 225 1532 Τάχα
261 1493 291 1521 δὲ
310 1494 395 1524 καλῶς
423 1495 480 1530 ἔχει
505 1493 698 1530 συμϐουλεύειν,
725 1495 759 1524 ὡς
782 1495 826 1524 τὰς

869 912 927 940 cim
939 919 1089 940 annorum
1096 911 1193 947 spatio
1204 911 1325 938 abunde
1333 910 1447 946 judicio
1458 911 1612 941 satisfecit.
1620 914 1695 941 Nam

869 957 959 984 dubio
974 956 1089 992 procul,
1105 963 1177 990 erga
1203 963 1254 983 eas
1269 956 1321 991 qui
1336 956 1471 991 percussi
1491 959 1570 989 sunt,
1586 957 1696 993 Moysis

869 1000 1042 1037 praescripta
1048 999 1289 1033 observabimus,
1300 1007 1336 1027 ac
1345 1007 1416 1027 eum
1424 1000 1476 1036 qui
1484 1000 1697 1038 decubuitqui—

870 1045 939 1073 dem
952 1048 1020 1080 post
1035 1047 1173 1080 acceptas
1189 1044 1305 1080 plagas,
1322 1044 1376 1072 sed
1396 1044 1503 1072 iterum
1519 1044 1628 1074 baculo
1641 1053 1697 1074 suo

870 1087 991 1117 innixus
999 1088 1239 1122 ambulavit,non
1248 1088 1441 1116 censebimus
1448 1089 1582 1117 occisum
1593 1089 1696 1118 fuisse.

873 1134 921 1163 Sin
933 1136 1032 1162 autem
1045 1140 1105 1160 non
1115 1132 1240 1160 surrexit
1250 1134 1318 1168 post
1326 1133 1519 1169 plagas,quia
1530 1136 1630 1162 tamen
1638 1141 1700 1162 non

872 1178 966 1207 voluit
977 1177 1114 1206 occidere
1126 1177 1151 1204 is
1172 1177 1225 1213 qui
1246 1176 1383 1212 perculit,
1404 1176 1558 1207 homicida
1577 1178 1702 1214 quidem

873 1226 928 1258 est,
945 1222 997 1250 sed
1012 1222 1229 1250 involuntarius
1247 1223 1368 1258 propter
1383 1222 1583 1258 propositum.

909 1268 965 1296 XII.
980 1267 1081 1295 Canon
1095 1267 1220 1295 omnino
1241 1265 1381 1301 digamos
1398 1274 1416 1294 a
1427 1266 1592 1296 ministerio
1607 1267 1706 1297 exclu-

877 1313 924 1340 sit.

914 1358 981 1385 XIII.
995 1356 1097 1384 Caedes
1110 1356 1141 1384 in
1153 1356 1239 1384 bellis
1254 1356 1349 1384 factas
1364 1359 1463 1392 patres
1474 1358 1568 1386 ucstri
1582 1366 1637 1394 pro
1652 1366 1708 1387 cae-

877 1402 968 1430 dibus
990 1409 1051 1429 non
1067 1401 1218 1435 habuere;
1243 1401 1290 1434 iis,
1305 1403 1338 1429 ut
1349 1401 1424 1429 mihi
1443 1402 1568 1438 videtur,
1585 1403 1637 1439 qui
1651 1411 1707 1439 pro

879 1447 1022 1484 pudicitia
1037 1454 1071 1474 ac
1086 1446 1194 1482 pietate
1205 1448 1351 1482 pugnant,
1364 1446 1708 1480 ignoscentes.Fortasse

881 1495 981 1520 tamen
1010 1493 1087 1518 recte
1103 1490 1287 1523 suadebitur,
1304 1492 1336 1518 ut
1359 1490 1426 1526 ipsi,
1443 1498 1513 1518 cum
1529 1499 1638 1520 manus
1660 1500 1709 1521 eo-

26 1546 118 1577 χεῖρας
145 1542 180 1576 μὴ
205 1540 346 1576 καθαρούς,
363 1542 440 1575 τριῶν
460 1537 520 1564 ἐτῶν
546 1539 601 1574 (⁸75)
626 1543 671 1568 τῆς
692 1541 826 1569 κοινωνίας

902 1545 947 1564 nm
962 1543 1044 1572 puraa
1059 1543 1120 1563 non
1135 1535 1201 1568 sint,
1213 1543 1266 1571 per
1278 1537 1334 1563 tres
1350 1543 1447 1563 annos
1463 1543 1481 1564 a
1496 1536 1561 1565 sola
1573 1544 1708 1566 commu-

27 1589 107 1620 μόνης
126 1584 286 1619 ἀπέχεσθαι.

59 1629 112 1658 ῘΔ’.
129 1629 158 1655 ’0
177 1631 271 1658 τόκους
291 1626 428 1664 λαμϐάνων
450 1627 517 1663 (76),
538 1626 580 1653 ἐὰν
605 1626 783 1658 καταδέξηται
797 1629 826 1654 τὸ

27 1671 120 1698 ἄδικον
146 1670 239 1709 κέρδος
254 1671 290 1702 εἰς
305 1673 430 1707 πτωχοὺς
455 1670 597 1703 ἀναλῶσαι,
619 1675 664 1698 καὶ
676 1677 721 1698 τοῦ
738 1675 828 1698 Αοιποῦ

29 1722 72 1744 τοῦ
114 1719 264 1752 νοσήματος
299 1720 346 1746 τῆς
381 1715 594 1752 φιλοχρηματίας
637 1716 827 1753 ἀπαλλαγῆναι,

31 1760 119 1792 δεκτός
140 1761 210 1787 ἐστιν
230 1761 267 1792 εἰς
286 1761 438 1798 ἱερωσύνην.

63 1806 112 1834 ΙΗ.
140 1805 276 1841 Θαυμάζω
295 1803 326 1831 δέ
353 1815 410 1840 σου,
435 1807 482 1834 τὴν
497 1807 682 1842 γραμματικὴν
698 1805 830 1844 ἀκρίϐειαν

33 1851 71 1877 ἐπὶ
97 1855 144 1881 τῆς
174 1854 277 1887 Γραφῆς
299 1849 479 1884 ἁπαιτούντος,
509 1852 552 1876 καὶ
583 1851 760 1887 λογιζομένου,
793 1852 832 1877 ὅτι

33 1897 214 1931 ἠναγκασμένη
250 1894 320 1920 ἐστὶν
339 1895 354 1923 ἡ
375 1894 440 1926 λέξις
462 1899 506 1924 τῆς
535 1895 668 1932 ἑρμηνείας
694 1897 722 1921 τὸ
751 1897 831 1926 αὐτῆς

36 1941 144 1976 εὔσημον
173 1937 346 1974 ἐκδιδούσης,
376 1939 405 1964 οὗ
432 1941 460 1965 τὸ
484 1942 579 1975 κυρίως
602 1941 651 1965 ὑπὸ
675 1943 720 1969 τῆς
733 1939 833 1976 Ἐϐραῖ-

36 1989 80 2014 xi;
105 1988 189 2020 φωνῆς
219 1986 406 2020 σημαινόμενον
437 1985 629 2020 μετατιθείσης.
654 1984 724 2010 Ἐπεὶ
751 1982 780 2009 δὲ
793 1982 834 2009 δεῖ

37 2031 68 2064 μή
93 2028 177 2066 ἀργῶς
195 2028 331 2065 παρελθεῖν
355 2030 384 2053 τὸ
406 2028 451 2053 ὑπ’
473 2027 570 2066 ἀνδρὸς
592 2029 736 2058 ζητητικοῦ
758 2038 834 2057 κινη-

39 2073 75 2098 θὲν
102 2073 252 2110 πρόϐλημα,
270 2074 303 2099 τὰ
324 2074 427 2099 πετεινὰ
445 2077 490 2099 τοῦ
516 2073 625 2110 οὐρανοῦ
641 2075 686 2100 καὶ
707 2074 731 2099 οἱ
745 2073 835 2109 ἰχθύες

72 2200 126 2234 (73)
142 2198 348 2236 ’Λναχώρησειν.
369 2197 415 2226 Sic
436 2195 571 2234 plerique
592 2205 665 2225 mss.
686 2198 762 2227 Editi
777 2198 837 2226 ἁνα-

63 2245 172 2264 ωοησαι.

63 2245 172 2260 ωονϐαι.

43 2244 61 2269 χ
75 2254 130 2302 (7;;
146 2273 200 2296 Νῦν
215 2267 252 2295 δι’
268 2269 312 2296 ὧν.
334 2269 466 2296 Primam
487 2268 638 2302 voculam,
653 2277 720 2302 quze
737 2270 838 2298 deerat

45 2305 71 2332 in
86 2306 182 2337 editis,
198 2308 369 2339 agnoscunt
382 2304 514 2340 plerique
530 2313 604 2333 mss.
619 2304 748 2332 codices.

77 2344 135 2378 (75}
154 2345 238 2378 Τριῶν
265 2339 336 2378 ἐτῶν.
368 2339 455 2367 Multa
479 2340 642 2378 observant
656 2340 688 2378 iur
702 2341 758 2368 hoc
772 2341 838 2368 loco

48 2375 138 2404 Basilii
146 2375 300 2404 canonum
311 2376 486 2411 interpretes
499 2375 802 2409 Balsamon,Zonara,s
813 2379 841 2404 et

49 2411 160 2439 Alexius
175 2412 328 2439 Aristenus
342 2420 348 2438 :
362 2413 389 2438 1ο
400 2411 560 2438 «ὶοῐιςὶιὶυω
571 2411 660 2439 daria
671 2415 774 2439 sancto
789 2414 840 2439 [λιι-

50 2448 165 2477 tre.non
177 2447 275 2481 legem
287 2446 410 2483 Imponi,
422 2454 476 2474 nec
488 2447 615 2474 militum
627 2448 840 2475 conscientiam

50 2482 72 2518 ei
80 2483 221 2518 pollutam
232 2482 338 2516 videri,
350 2482 402 2509 sed
414 2489 524 2509 manus
535 2490 594 2510 non
605 2490 710 2518 puras;
721 2486 751 2510 ‘20
762 2484 842 2518 obje‘

50 2517 118 2546 cisse
128 2519 209 2546 hunc
217 2525 366 2546 canonem
376 2518 533 2553 episcopos
546 2517 717 2553 imperatori
727 2519 842 2552 Phocus,

52 2560 113 2590 cum
124 2562 176 2582 eos
186 2555 239 2590 qui
250 2554 279 2581 in
290 2553 369 2581 bello
380 2553 549 2581 ceciderant
559 2553 635 2590 inter
643 2558 790 2590 martyres
802 2563 844 2582 re-

52 2587 114 2617 ferri
123 2587 209 2617 vellet
221 2598 228 2622 ;
240 2591 270 2617 3°
282 2589 361 2616 hunc
373 2596 519 2616 canonem
530 2596 591 2616 non
603 2589 692 2617 fuisse
707 2587 845 2617 observa-

53 2625 226 2664 tum,utpote
236 2625 336 2653 minus
347 2625 520 2664 appositum
531 2625 570 2664 ad
581 2624 846 2664 publicamutilita:

54 2660 116 2693 tem,
130 2660 165 2688 ac
179 2663 325 2696 praeterea
335 2660 684 2696 minusrconsentaneum
695 2661 847 2688 Athanasii

57 2695 213 2733 sententias,
229 2695 281 2733 qui
296 2696 325 2723 in
340 2695 468 2733 epistola
478 2696 515 2723 ad
527 2699 647 2730 Amum,
658 2695 846 2733 adversarios

58 2731 85 2766 ir}
101 2731 174 2760 bello
195 2731 337 2763 occidere,
354 2734 382 2758 et
399 2731 511 2766 legibus
521 2733 699 2766 permissum
716 2735 743 2760 et
758 2732 848 2760 laude

60 2763 174 2800 dignum
189 2774 250 2795 esse
264 2763 448 2803 pronuntiat.

93 2802 145 2838 (76)
167 2801 272 2833 Τὸκους
289 2801 435 2838 λαμϐάνων.
459 2803 501 2829 Ex
522 2802 570 2830 his
594 2805 675 2839 patet
701 2803 850 2839 ejusmodi

197 2848 318 2875 ΡΑι-ιιοι..
345 2847 395 2875 Gn.
417 2847 517 2876 XXXII.

881 1582 971 1610 nione
985 1580 1167 1609 abstineant.

917 1627 982 1654 XIV.
1010 1625 1065 1658 Qui
1089 1633 1197 1653 usuras
1227 1625 1344 1661 accipit,
1372 1626 1397 1653 si
1420 1626 1547 1655 voluerit
1562 1627 1709 1662 injustam

882 1671 1000 1700 lucrum
1028 1670 1059 1698 in
1087 1677 1236 1705 pauperes
1264 1670 1425 1704 insumere,
1441 1673 1470 1699 et
1497 1671 1640 1709 deinceps
1669 1672 1709 1701 ab

884 1716 1016 1744 avaritiae
1038 1714 1145 1743 morbo
1167 1714 1296 1748 liberari,
1315 1715 1353 1743 ad
1378 1716 1579 1745 sacerdotium
1594 1717 1711 1746 admitti

884 1763 990 1798 potest.
1196 1794 1200 1800 _

922 1807 974 1833 XV.
991 1805 1077 1833 Miror
1086 1812 1157 1833 sane
1173 1804 1256 1841 quod
1272 1805 1501 1840 grammaticam
1517 1806 1546 1834 in
1561 1807 1712 1843 Scriptura

885 1850 1072 1885 diligentiam
1085 1849 1230 1885 requiras,
1248 1857 1282 1876 ac
1309 1849 1471 1877 dictionem
1494 1853 1630 1878 coactam
1645 1859 1711 1879 esse

887 1897 973 1931 putes
987 1894 1064 1921 illius
1087 1893 1350 1928 interpretationis,
1365 1901 1433 1929 quae
1449 1902 1538 1921 suum
1563 1894 1660 1930 ipsius
1675 1895 1711 1923 si-

887 1939 1063 1974 gniﬁcatum
1076 1937 1235 1965 commode
1246 1937 1395 1973 exprimit,
1407 1946 1505 1974 neque
1515 1938 1546 1966 id
1559 1939 1709 1975 transfert,

888 1983 970 2019 quod
982 1982 1100 2018 proprie
1115 1982 1257 2010 Hebraica
1269 1990 1342 2010 voee
1358 1983 1556 2017 signiﬁcatur.
1569 1984 1626 2012 Sed
1640 1985 1713 2021 quia

889 2028 1019 2062 segniter
1027 2034 1087 2054 non
1095 2027 1303 2062 praetereunda
1311 2028 1521 2063 quaestio,qu
1533 2037 1551 2056 a
1558 2029 1623 2056 viro
1633 2037 1713 2065 quae-

889 2073 975 2102 rendi
991 2072 1124 2100 studioso
1140 2071 1296 2107 proposita
1308 2074 1354 2100 est
1370 2081 1376 2100 :
1394 2081 1465 2101 aves
1481 2074 1557 2108 cmli,
1573 2076 1602 2102 et
1616 2075 1714 2110 pisces

891 2200 1047 2236 peceatum
1060 2205 1122 2236 non
1137 2197 1167 2225 in
1182 2197 1348 2236 insignibus
1363 2198 1544 2236 paenitentia:
1559 2200 1715 2236 gradibus,

855 2235 875 2262 D
892 2234 1027 2262 sedinter
1037 2234 1232 2271 consistentes
1247 2234 1408 2271 expiatum
1416 2234 1516 2261 fuisse.
1532 2235 1649 2271 Alioqui
1665 2236 1718 2264 ad-

891 2271 964 2299 itum
976 2271 1006 2298 in
1017 2269 1221 2307 sacerdotium
1231 2277 1291 2296 non
1304 2269 1471 2307 reliquisset
1486 2269 1718 2307 Basilius—Atque

893 2315 928 2334 ex
944 2307 1000 2334 hac
1017 2305 1136 2332 lenitate
1151 2305 1223 2332 illud
1239 2306 1329 2332 etiam
1340 2305 1436 2339 colligi
1453 2307 1555 2341 possit,
1569 2305 1718 2335 canoném

896 2344 1100 2379 ITVNiceeuum,
1112 2341 1163 2379 qui
1177 2340 1297 2379 clericos
1309 2349 1433 2379 usuram
1444 2340 1595 2376 exigentes
1608 2343 1721 2379 deponi

892 2378 987 2416 jubet,
999 2385 1059 2416 non
1075 2377 1137 2416 sine
1157 2376 1288 2416 benigna
1307 2377 1549 2416 interpretatione
1563 2378 1592 2416 in
1606 2376 1720 2416 Cappa-

895 2411 982 2441 docia
997 2413 1188 2439 observatum
1203 2411 1306 2439 fuisse.
1322 2411 1461 2439 Videntur
1474 2414 1553 2441 enim
1568 2411 1658 2442 Graeci
1671 2411 1720 2443 ca-

895 2456 1006 2477 nonem
1022 2450 1056 2475 44
1073 2448 1280 2483 apostolorum
1294 2448 1379 2483 sequi
1401 2448 1546 2476 maluisse
1561 2458 1654 2483 quam
1675 2451 1721 2479 Ni-

897 2491 1029 2515 cmnum;
1047 2483 1196 2518 siquidem
1209 2483 1239 2510 in
1256 2491 1371 2510 canone
1386 2483 1504 2512 decimo
1517 2483 1665 2518 ’I‘rullano,
1678 2486 1723 2514 iti-

898 2520 966 2547 dem
984 2521 1015 2547 ut
1030 2519 1060 2546 in
1075 2526 1191 2546 canone
1213 2518 1509 2555 pseudoapostolico,
1534 2521 1674 2548 sanciunt
1689 2523 1723 2548 ut

899 2557 1062 2589 episcopus,
1075 2554 1241 2588 presbyter,
1258 2554 1304 2582 vel
1318 2554 1474 2589 diaconus,
1491 2556 1543 2591 qui
1554 2564 1662 2584 usuras
1677 2556 1725 2584 vel

900 2598 965 2626 qua:
980 2591 1122 2618 dicuntur
1132 2590 1306 2626 centesimas
1317 2591 1437 2625 accipit,
1452 2592 1497 2619 vet
1510 2595 1599 2619 cesset
1616 2592 1662 2620 vet
1677 2592 1725 2619 de-

900 2625 1042 2661 ponatur.
1059 2625 1171 2662 Conjici
1187 2633 1265 2662 ergo
1283 2626 1387 2662 possit
1407 2627 1546 2654 Basilium
1574 2626 1726 2662 ejusmodi

901 2660 1034 2698 peccato,
1047 2660 1128 2696 quod
1144 2661 1174 2700 in
1186 2660 1495 2701 laicisleuiter‘punit,
1509 2669 1570 2689 non
1585 2660 1727 2701 gravissi-

902 2696 983 2725 mam
1010 2704 1131 2732 ptenam
1149 2696 1183 2732 in,
1209 2696 1320 2732 clericis
1341 2696 1441 2724 statim
1463 2697 1620 2731 irrogasse.
1650 2697 1728 2725 Illius

902 2736 1003 2761 autem
1011 2731 1166 2768 lenitatem
1177 2731 1246 2759 inde
1258 2733 1362 2767 repetit
1375 2732 1634 2768 Balsamon,quod
1642 2733 1729 2762 tenus

903 2768 1035 2797 civilium
1047 2767 1149 2802 legum
1165 2768 1340 2796 auctoritate
1355 2767 1612 2804 comprobaretur.

1520 2850 1555 2878 22
