1984 3147
255 114 307 142 687

957 108 985 136 S.
1007 108 1132 137 BASILII
1152 109 1261 137 MAGNI

1880 115 1933 142 688

255 175 410 211 objiciunt,
424 174 477 210 qui
490 181 547 202 nos
559 173 602 201 sic
614 172 754 200 incusant
768 171 852 206 quod
870 172 929 198 tres
942 170 1082 206 hyposta-

1140 171 1304 207 καινοτομίαν
1328 172 1391 207 ἡμῖν
1418 174 1600 209 προφέρουσιν,
1633 173 1729 199 οὑτωσὶ
1762 175 1791 200 τὸ
1822 174 1935 211 ἢκλημα

256 228 305 249 ses
330 220 550 248 conﬁteamnr:
569 218 768 246 criminantur
796 216 878 252 quod
910 223 1002 243 unam
1031 215 1083 243 bo-

255 266 379 294 nitatem
393 267 422 293 et
434 272 526 292 unam
547 262 716 299 potentiam
735 264 764 289 et
787 269 880 288 unam
897 260 1084 288 divinitatem

255 309 404 338 dicamus.
415 310 514 344 Neque
527 307 557 335 id
571 310 654 335 extra
665 307 819 334 veritatem
833 315 839 333 :
852 305 981 333 dicimus
992 305 1084 333 enim.

256 353 313 382 Sed
328 352 519 382 criminando
534 351 692 387 objiciunt,
714 358 774 378 non
803 350 845 377 sic
871 357 958 377 suam
974 349 1085 378 habere

255 397 515 431 consuetudinem,
543 404 598 424 nec
626 395 809 431 Scripturam
837 394 984 422 assentiri.
1009 392 1087 426 Quid

254 444 344 480 igitur
356 443 396 472 ad
410 443 468 471 hoc
487 449 609 478 quoque
626 449 682 469 nos
693 441 706 468 ‘I
725 442 788 468 Non
804 443 948 476 putamus
964 447 1086 475 aequum

255 496 332 522 esse,
363 489 394 515 ut
417 487 568 522 vigentem
598 485 681 521 apud
714 485 795 521 ipsos
824 483 1086 522 consuetudinem,

256 534 346 561 recte:
362 531 506 560 doctrinm
518 531 616 565 legem
632 532 662 558 et
676 537 815 557 normam
837 529 998 556 ducamus.
1025 529 1087 556 Ete-

258 577 323 605 nim
339 576 361 604 si
378 576 455 604 valet
469 575 509 603 ad
529 578 617 603 rectae
633 574 777 602 doctrina:
797 573 1086 601 demonstrationem

257 619 460 653 consuetudo,
473 619 539 647 licet
554 621 582 646 et
595 618 683 646 nobis
697 617 832 654 profecto
847 617 990 644 usitatum
1004 615 1087 652 apud

257 673 314 694 nos
330 672 448 693 morem
463 671 629 700 opponere.
651 663 736 696 Quod
750 663 774 690 si
789 663 869 690 hunc
883 662 922 690 illi
939 662 1085 697 rejiciunt,

257 718 357 746 neque
372 709 461 738 nobis
484 717 608 746 prorsus
631 708 698 736 illos
725 708 809 744 sequi
829 715 961 735 necesse.
984 708 1086 742 Itaque

259 755 414 790 Scriptura
427 754 570 782 divinitus
585 753 731 789 inspirata
754 752 842 780 nobis
862 751 900 779 sit
914 751 1043 784 arbitra;
1059 752 1088 778 et

257 799 340 835 apud
355 806 432 834 quos
445 799 569 826 inventa
584 797 693 825 fuerint
707 797 851 831 dogmata
865 795 973 823 divinis
991 795 1088 823 verbis

1138 215 1195 241 καθ’
1222 217 1294 251 ἡμῶν
1322 217 1480 247 συντιθέντες
1512 221 1580 253 τρεῖς
1608 218 1764 248 ὑποστάσεις
1787 219 1934 254 ὁμολογούν-

1138 270 1188 286 των
1203 261 1255 295 (91)
1266 271 1272 277 ·
1287 263 1348 296 μίαν
1360 260 1520 297 ἀγαθότητα,
1535 264 1580 288 καὶ
1599 265 1661 298 μίαν
1678 261 1800 299 δύναμιν,
1813 266 1857 290 καὶ
1873 267 1934 300 μίαν

1140 306 1248 334 ϐιότητα
1260 305 1342 341 λέγειν
1357 307 1425 342 ἡμᾶς
1438 307 1581 334 αἰτιῶνται.
1596 310 1646 333 Καὶ
1661 307 1707 333 οὐκ
1719 308 1766 339 ἔξω
1787 311 1862 334 τοῦτο
1872 318 1933 344 φασι

1138 354 1186 381 τῆς
1207 349 1342 380 ἀληθείας·
1368 351 1472 387 λεγομεν
1496 353 1558 388 γὰρ.
1584 351 1649 378 Ἀλλ’
1673 351 1841 387 ὶγκαλοῦντες
1862 357 1935 379 τοῦτο

1139 397 1323 432 προφέρουσιν,
1338 396 1377 422 ὁτι
1393 397 1407 425 ἠ
1427 397 1550 425 συνήθεια
1566 396 1647 422 αὐτῶν
1658 400 1735 423 τοῦτο
1749 397 1796 423 οὐκ
1811 398 1876 433 εχει,
1892 401 1935 424 καὶ

1141 440 1155 468 ἡ
1168 442 1256 476 Γραφὴ
1274 440 1303 466 οὐ
1316 441 1473 468 συντίθεται.
1489 443 1520 467 Τί
1535 439 1578 467 οὖν
1602 444 1646 468 καὶ
1666 443 1729 479 πρὸς
1752 445 1830 468 τοῦτο
1845 443 1934 478 ἠμεῑς;

1142 483 1180 510 Οὐ
1202 484 1340 521 νομίζομεν
1369 484 1471 511 δίκαιον
1497 486 1562 512 εἶναι
1592 488 1638 515 τὴν
1668 486 1731 523 παρ’
1759 486 1846 516 αὐτοῖς
1879 485 1935 512 ἔπι-

1142 533 1289 566 κρατοῦσαν
1317 531 1454 559 συνήθειαν
1482 533 1559 566 νόμον
1592 532 1637 556 καὶ
1661 533 1756 557 κανόνα
1787 535 1834 557 τοῦ
1861 531 1936 568 ὀρθοῦ

1141 574 1274 600 ποιεῖσθαι
1295 574 1382 610 λόγου.
1399 575 1429 601 Εἰ
1443 576 1493 611 γὰρ
1510 575 1622 612 ἰσχυρόν
1644 574 1714 601 ἔστιν
1742 575 1775 605 εἰς
1804 574 1937 607 ἀπόδειξιν

1142 617 1281 654 ὀρθότητος
1296 620 1310 648 ἡ
1329 620 1462 651 συνήθεια,
1476 619 1560 650 ἔξεστι
1573 623 1618 646 καὶ
1630 620 1692 656 ἡμῖν
1705 621 1804 650 πάντως
1821 619 1938 658 ἀντιπρο-

1142 661 1281 689 ϐάλλεσθαι
1295 665 1342 692 τὴν
1358 663 1419 701 παρ’
1430 665 1492 700 ἡμῖν
1508 664 1699 701 ἐπικρατοῦσαν
1715 666 1862 694 συνήθειαν.
1875 665 1904 692 Εἰ
1913 663 1939 691 δε

1141 709 1354 744 παραγράφονται
1369 710 1466 738 ταύτην
1489 708 1590 742 ἐκεῖνοι,
1613 708 1675 736 οὐδὲ
1690 711 1752 745 ἡμῖν
1769 711 1825 745 (92)
1841 711 1938 740 πάντως

1141 751 1327 781 ἀκολουθητέον
1354 752 1468 783 ἐκείνοις.
1503 753 1603 779 Οὐκοῦν
1633 755 1647 782 ἡ
1682 755 1852 785 θεόπνευστος
1879 755 1939 790 ἧμιν

1142 794 1307 825 διαιτησάτω
1320 799 1406 834 Γραφή
1416 805 1422 812 ⁸
1436 800 1481 823 καὶ
1496 798 1558 835 παρ’
1571 798 1612 828 οἱς
1625 797 1655 824 ἂν
1666 799 1756 835 εὑρεθῇ
1770 800 1803 824 τὰ
1819 797 1939 835 δόγματα

258 850 404 875 consona,
421 842 460 870 ad
476 850 528 870 eos
551 841 671 870 accedet
694 841 820 869 omnino
833 840 965 868 veritatis
980 840 1082 868 suifra-

1143 839 1249 876 συνῳδὰ
1261 845 1313 872 τοῖς
1329 843 1403 872 θείοις
1419 841 1517 878 λόγοις,
1533 841 1575 868 ἐπὶ
1588 844 1695 873 τούτους
1709 842 1766 873 ἣξει
1778 844 1882 873 πάντως
1897 847 1939 872 τῆς

259 888 354 923 gium.
381 887 542 920 Quodnam
566 887 656 922 igitur
681 886 795 914 crimen
820 886 886 914 est?
914 887 978 913 Duo
1006 885 1087 913 enim

259 932 350 960 simul
378 932 410 960 in
436 931 629 960 accusatione
653 930 742 959 nobis
774 930 857 958 illata
894 929 1086 965 objecerunt;

260 984 365 1010 unum,
400 976 483 1012 quod
512 976 685 1004 dividamus
717 975 918 1011 hypostases;
949 974 1084 1009 alterum,

258 1021 343 1057 quod
358 1021 477 1049 nullum
488 1028 525 1048 ex
534 1019 709 1048 nominibus
724 1028 792 1056 quas
804 1019 893 1055 278
905 1019 965 1046 Deo
980 1026 1087 1046 conve-

259 1065 355 1100 niunt,
364 1064 518 1100 pluraliter
533 1072 740 1097 numeremus,
752 1064 805 1091 sed
820 1072 924 1098 unam,
936 1063 1087 1091 utdictum

259 1113 314 1145 est,
328 1109 507 1143 bonitatem,
532 1111 561 1137 et
585 1109 762 1145 potentiam,
795 1110 824 1136 et
847 1108 1044 1139 divinitatem.
1060 1109 1088 1135 et

259 1162 450 1191 quacunque
475 1153 547 1182 talia
572 1156 652 1187 sunt,
677 1152 866 1188 singulariter
884 1152 1086 1180 enuntiemus.

260 1198 348 1231 Quod
364 1197 489 1234 quidem
505 1198 610 1226 attinet
624 1197 664 1225 ad
674 1197 853 1224 divisionem
869 1196 1086 1232 bypostaseun,

261 1243 301 1271 ab
315 1250 352 1270 ea
365 1242 489 1270 minime
515 1241 604 1270 alieni
627 1241 747 1275 fuerint,
762 1241 814 1278 qui
829 1241 1026 1269 essentiarum
1045 1241 1088 1268 di-

260 1287 433 1316 versitatem
447 1286 478 1315 in
493 1286 598 1315 divina
612 1286 779 1314 decernunt
793 1288 911 1314 natura.
928 1287 991 1313 Non
1006 1286 1085 1314 enim

260 1339 318 1369 par
343 1334 398 1366 est,
413 1334 447 1360 ut
461 1331 513 1368 qui
528 1335 588 1360 tres
611 1331 716 1359 dicunt
739 1331 897 1366 essentias,
919 1338 981 1358 non
996 1330 1087 1359 etiam

259 1379 320 1405 tres
332 1376 513 1412 hypostases
527 1376 638 1404 dicant.
658 1378 761 1412 itaque
786 1375 845 1404 hoc
857 1375 956 1403 solum
971 1375 1087 1403 crimini

259 1421 359 1456 datur,
375 1420 458 1457 quod
472 1428 542 1457 quae
563 1419 602 1448 de
626 1420 730 1448 divina
752 1422 862 1449 natura
879 1419 1022 1448 dicuntur
1035 1427 1087 1448 no-

258 1465 354 1500 mina,
368 1465 556 1502 singulariter
569 1464 812 1501 pronuntiemus.

293 1564 320 1592 4.
334 1563 392 1592 Sed
402 1565 544 1600 prompta
553 1562 642 1591 nobis
656 1562 804 1591 adversus
813 1562 872 1590 hoc
884 1565 913 1591 et
925 1561 1086 1591 manifesta

257 1609 344 1637 ratio.
356 1608 412 1640 Qui
426 1608 508 1636 enim
527 1608 712 1635 condemnat
735 1615 786 1635 eos
801 1608 852 1643 qui
874 1615 967 1636 unam
982 1607 1086 1635 dicunt

257 1653 455 1684 divinitatum,
463 1652 633 1680 necessario
645 1655 698 1680 aut
709 1652 820 1680 multas
830 1652 951 1686 dicenti,
959 1654 1011 1680 aut
1019 1653 1085 1679 nul-

255 1695 319 1725 lam
330 1696 518 1724 assentietur.
534 1697 598 1724 Non
609 1697 689 1724 enim
701 1698 799 1732 potest
811 1695 893 1723 aliud
903 1697 1081 1732 quidquam,

256 1743 365 1777 praeter
387 1740 418 1768 id
441 1740 524 1776 quod
550 1740 664 1769 dictum
687 1743 741 1773 est,
758 1741 932 1776 excogitari.
950 1741 1006 1769 Sed
1028 1748 1083 1768 nec

257 1785 368 1814 multas
391 1785 451 1813 dici
471 1784 615 1814 divinitus
637 1786 783 1821 inspirata
804 1786 915 1820 patitur
935 1785 1082 1821 doctrina,

255 1837 325 1866 quis
347 1829 444 1858 sicubi
464 1830 602 1858 meminit
616 1829 791 1862 divinitatis,
805 1830 995 1864 singulariter
1015 1837 1082 1858 eam

255 1877 485 1907 commemorat,
496 1881 605 1910 nempe
614 1882 621 1901 :
630 1874 667 1901 In
678 1874 741 1908 ipso
751 1873 867 1902 habitat
882 1875 978 1902 omnis
983 1875 1081 1908 pleni-

257 1919 329 1946 tudo
344 1919 510 1947 divinitatis
519 1919 559 1953 55;
573 1920 602 1946 et
615 1917 687 1946 alibi
699 1926 706 1945 :
718 1918 886 1946 Invisibilia
903 1919 980 1946 enim
989 1919 1082 1952 ipsius

255 1964 432 1992 acrealione
441 1964 558 1994 mundi,
568 1970 621 1997 per
628 1970 663 1990 ea
671 1969 738 1997 qua!
744 1962 830 1997 facta
840 1966 922 1996 sunt,
929 1964 1083 1992 intellecta

255 2008 560 2041 conspiciuntur,tum
566 2008 783 2042 sempiternaej
785 2015 818 2035 us
825 2008 930 2039 virtus,
938 2011 1001 2036 tum
1009 2009 1083 2036 divi-

255 2052 336 2079 nitas
343 2051 377 2078 ⁵⁵.
387 2051 414 2078 Si
424 2051 516 2085 igitur
527 2051 557 2079 in
572 2051 796 2079 multitudinem
805 2052 966 2080 extendere
976 2060 1080 2080 nume-

256 2102 325 2123 rum
353 2095 556 2128 divinitatum,
572 2095 692 2124 illorum
717 2095 815 2124 solum
839 2099 892 2130 est,
909 2097 959 2133 qui
982 2105 1082 2125 errore

255 2139 456 2168 multitudinis
463 2139 590 2168 deorum
598 2140 750 2168 laborant:
759 2141 884 2169 omnino
896 2144 996 2169 autem
1007 2142 1082 2170 divi-

1142 884 1264 916 ἀληθειας
1282 887 1296 915 ἡ
1311 885 1406 922 ψῆφος.
1423 889 1454 912 Τί
1477 886 1520 912 οὖν
1536 886 1594 912 ἔστι
1617 889 1646 912 τὸ
1667 887 1805 923 ἔγκλημας
1828 889 1878 914 Δύο
1891 889 1938 924 γὰρ

1141 932 1209 956 κατά
1223 932 1315 957 ταυτὸν
1331 930 1355 956 ἐν
1370 935 1400 967 τῇ
1415 933 1562 967 κατηγορίᾳ
1576 935 1607 967 τῇ
1623 931 1680 957 καθ’
1697 932 1770 967 ἡμῶν
1785 935 1939 968 προενήνεκ-

1142 985 1186 1001 ται
1198 986 1204 992 ι
1223 975 1246 1001 ἓν
1266 977 1311 1011 μὲν
1330 977 1359 1001 τό
1381 974 1492 1012 διαιρεῖν
1504 977 1547 1006 τὰς
1560 976 1718 1006 ὑποστάσεις
1731 986 1738 992 ·
1759 976 1846 1013 ἕτερον
1867 975 1898 1002 δὲ
1912 978 1938 1002 τὸ

1141 1022 1235 1056 μηκέτι
1258 1019 1341 1056 μηδὲν
1365 1024 1414 1046 τῶν
1435 1022 1584 1058 θεαπρεπὼν
1609 1020 1740 1056 ὀνομάτων
1759 1022 1939 1051 πληθυντικῶς

1143 1065 1271 1102 ἀριθμεῖν,
1287 1064 1350 1090 ἀλλὰ
1363 1067 1435 1101 μίαν,
1447 1066 1531 1095 καθὼς
1542 1067 1703 1102 προείρηται,
1714 1067 1762 1094 τὴν
1775 1065 1938 1102 ἁγαθότητα,

1141 1112 1186 1135 καὶ
1202 1112 1249 1138 τὴν
1262 1108 1383 1145 δύναμιν,
1394 1112 1439 1136 καὶ
1451 1112 1497 1139 τὴν
1509 1111 1628 1145 θεότητα,
1636 1120 1679 1136 και
1687 1111 1773 1136 πάντα
1785 1112 1818 1136 τὰ
1831 1115 1940 1137 τοιαῦτα

1141 1153 1288 1190 μοναδικῶς
1304 1154 1471 1190 ἐξαγγέλλειν.
1495 1156 1562 1192 Πρός
1578 1155 1623 1190 μεν
1638 1159 1682 1180 οῦν
1696 1157 1728 1184 τὴ
1743 1153 1878 1192 διαίρεσιν
1893 1159 1939 1181 τῶν

1142 1200 1308 1226 ὑποστάσεων
1324 1199 1370 1225 οὐκ
1386 1199 1415 1226 ἂν
1439 1199 1524 1235 ἔχοιεν
1548 1199 1688 1237 ἀλλοτρίως
1700 1201 1724 1226 οἱ
1738 1202 1786 1229 τὴν
1801 1200 1940 1236 ἑτερότητα

1141 1248 1190 1270 τῶν
1204 1244 1299 1270 οὐσιῶν
1323 1243 1365 1270 ἐπὶ
1385 1249 1432 1275 τῆς
1459 1245 1528 1275 θείας
1552 1242 1755 1280 δογματίζοντες
1770 1246 1884 1280 φύσεως.
1903 1245 1937 1271 οὐ

1140 1290 1191 1326 γὰρ
1203 1289 1270 1319 εἰκός
1285 1288 1342 1315 ἐστι
1356 1290 1416 1319 τοὺς
1431 1293 1499 1325 τρεῖς
1511 1289 1630 1324 λέγοντας
1649 1289 1739 1319 οὐσίας
1758 1291 1795 1324 μή
1810 1291 1856 1315 καὶ
1872 1292 1938 1325 τρεῖς

1141 1335 1299 1365 ὑποστάσεις
1313 1334 1406 1369 λέγειν.
1427 1334 1528 1360 Οὐκοῦν
1538 1337 1615 1360 τοῦτο
1630 1336 1706 1370 μόνον
1724 1332 1795 1359 ἐστὶν
1806 1332 1831 1359 ἐν
1847 1333 1938 1369 ἐγκλη-

1140 1388 1214 1414 ματι,
1230 1381 1258 1405 τὸ
1273 1379 1307 1404 τὰ
1320 1378 1486 1414 ἐπιλεγόμενα
1506 1381 1536 1414 τῇ
1565 1379 1622 1414 θείᾳ
1643 1380 1699 1414 (93)
1727 1379 1802 1414 φύσει
1822 1379 1936 1414 ὀνόματα

1141 1422 1290 1460 μοναδικῶς
1304 1423 1496 1460 καταγγελλειν.

1175 1567 1202 1595 4.
1225 1565 1291 1592 Ἀλλ’
1313 1566 1416 1602 ἕτοιμος
1447 1566 1509 1601 ἡμῖν
1542 1566 1605 1602 πρὸς
1631 1568 1707 1591 τοῦτο
1737 1566 1782 1592 καὶ
1815 1567 1903 1601 σαφὴς
1925 1565 1936 1590 ὁ

1138 1611 1223 1647 λόγος,
1238 1611 1267 1637 Ὀ
1279 1612 1329 1648 γὰρ
1341 1613 1543 1646 καταγινώσκων
1557 1615 1606 1636 τῶν
1617 1613 1680 1647 μίαν
1690 1609 1814 1646 λεγόντων
1828 1611 1936 1639 θεότητα

1138 1656 1165 1687 ἐξ
1183 1656 1297 1692 ἀνάγκης
1321 1659 1357 1691 τῷ
1380 1655 1474 1686 πολλὰς
1498 1655 1610 1690 λέγοντι,
1633 1655 1648 1684 ἦ
1675 1659 1711 1689 τῷ
1727 1652 1864 1690 μηδεμίαν
1879 1665 1934 1681 συν-

1138 1702 1255 1730 θήσεται.
1283 1700 1320 1726 Οὐ
1346 1701 1397 1737 γὰρ
1421 1699 1477 1726 ἔστι
1506 1697 1617 1726 δυνατόν
1646 1699 1730 1736 ἕτερόν
1754 1709 1779 1725 τι
1807 1701 1884 1736 παρὰ
1909 1701 1935 1725 τό

1137 1745 1268 1782 εἰρημένον
1306 1746 1454 1774 ἑπινοῆσαι.
1488 1743 1555 1771 Ἀλλ’
1588 1745 1646 1770 οὔτε
1683 1743 1779 1774 πολλὰς
1811 1743 1895 1779 λέγειν
1922 1745 1935 1772 ἡ

1139 1790 1304 1820 θεόπνευστος
1331 1792 1466 1825 συγχωρεῖ
1496 1787 1681 1821 διδασκαλία,
1710 1789 1782 1814 εἶπον
1810 1788 1857 1814 καὶ
1894 1791 1936 1825 μέ-

1136 1843 1242 1871 μνηται,
1269 1838 1391 1870 μοναχῶς
1419 1837 1467 1863 τῆς
1493 1834 1610 1863 θεότητος
1637 1833 1695 1867 (94)
1723 1833 1934 1868 μνημονεύουσα,

1136 1879 1175 1905 ὅτι
1190 1878 1230 1904 Ἐν
1257 1878 1326 1914 αὐτῷ
1352 1881 1468 1903 κατοικεῖ
1491 1879 1541 1903 πᾶν
1567 1879 1595 1903 τὸ
1619 1876 1748 1914 πλήρωμα
1776 1880 1822 1906 τῆς
1843 1877 1936 1905 θεότη-

1136 1931 1196 1953 τος·
1212 1926 1258 1949 καὶ
1272 1923 1395 1959 ἑτέρωθι·
1424 1924 1462 1949 Τὰ
1484 1923 1535 1959 γὰρ
1560 1921 1659 1958 ἀόρατα
1687 1921 1768 1947 αὑτοῦ
1798 1922 1850 1947 ἀπό
1880 1924 1935 1948 κτί-

1138 1977 1202 1998 σεως
1237 1970 1338 2004 κόσμου
1371 1971 1426 1998 τοῖς
1453 1969 1586 2003 ποιήμασι
1618 1967 1742 2002 νοούμενα
1776 1967 1935 2003 καθορᾶται,

1137 2014 1151 2042 ἦ
1179 2022 1206 2039 τε
1225 2011 1312 2044 ἀΐδιος
1337 2012 1417 2039 αὐτοῦ
1445 2010 1557 2048 δύναμις
1578 2013 1623 2038 καὶ
1650 2012 1762 2041 θειότης.
1783 2010 1815 2037 Εἰ
1835 2008 1884 2037 οὖν
1904 2010 1936 2041 εἰς

1136 2057 1235 2088 πλῆθος
1261 2057 1378 2083 ἐκτείνειν
1407 2058 1450 2082 τόν
1480 2055 1589 2092 ἀριθμόν
1617 2059 1667 2081 τῶν
1693 2055 1829 2087 θεοτὴτων,
1859 2058 1935 2092 μόνον

1136 2106 1186 2128 τῶν
1210 2104 1257 2131 τὴν
1283 2101 1406 2128 πολύθεον
1429 2101 1528 2129 πλάνην
1553 2102 1728 2129 νενοσηκότων
1748 2099 1823 2126 ἐστι·
1851 2102 1882 2127 τὸ
1910 2097 1937 2126 δί

1137 2146 1247 2172 καθόλου
1272 2145 1406 2183 ἀρνεῖσθαι
1432 2147 1479 2174 τὴν
1500 2146 1610 2173 eam":
1631 2148 1681 2170 τῶν
1711 2143 1791 2170 ἀθέων
1816 2143 1847 2169 ἂν
1879 2145 1933 2173 εἴη·

256 2184 380 2212 nitatem
387 2191 510 2220 negare,
517 2185 676 2213 atheorum
687 2185 789 2219 fuerit;
801 2193 864 2221 qua
873 2186 989 2214 ratione
1000 2186 1082 2214 incu-

1140 2193 1177 2222 ri;
1190 2191 1265 2227 λόγος
1279 2190 1350 2217 ἐστὶν
1379 2191 1392 2216 ὁ
1420 2188 1565 2216 διαϐάλλων
1593 2190 1661 2225 ἡμᾶς
1688 2188 1729 2215 ἐπὶ
1741 2192 1778 2224 τῷ
1793 2191 1856 2224 μίαν
1873 2190 1935 2226 ὁμου

256 2236 369 2264 samur,
381 2229 464 2265 quod
480 2236 573 2257 unam
589 2228 787 2257 conﬁteamur
801 2229 1008 2258 divinitatem?
1025 2231 1082 2259 Sed

257 2273 389 2309 apertius
403 2273 546 2301 orationis
565 2281 627 2301 sum
644 2273 761 2301 nudant
780 2274 967 2310 propositum
982 2284 988 2302 :
1003 2275 1082 2302 Patri

255 2317 377 2353 quidem
389 2317 562 2351 convenire,
577 2320 610 2345 ut
624 2318 702 2346 Deus
719 2318 765 2354 sit,
781 2325 816 2346 ac
828 2318 933 2346 Filium
949 2319 1082 2347 similiter

255 2361 418 2389 divinitatis
427 2362 550 2390 nomine
560 2362 704 2391 honorari
714 2363 923 2396 assentientes;
939 2364 1080 2398 Spiritum

255 2413 337 2441 vero,
351 2405 404 2442 qui
415 2413 477 2436 una.
491 2414 562 2435 cum
577 2407 662 2436 Patre
677 2409 706 2436 et
719 2406 790 2436 Filio
805 2410 990 2442 numeratur,
1007 2408 1079 2437 divi-

290 2523 314 2542 ⁶⁵
326 2520 422 2554 Colos.
434 2531 465 2559 ιι,
479 2527 506 2554 9.
544 2526 568 2545 ⁵⁸
584 2527 670 2556 Rom.
686 2533 707 2562 ι,
723 2524 769 2556 20‘

290 2634 346 2672 (91)
366 2633 584 2671 Ὀμολογούντων-
596 2633 643 2672 _ln
670 2639 731 2664 uno
755 2639 791 2664 ex
806 2636 904 2672 Regiis
923 2636 1079 2668 codicibus

253 2670 508 2713 όμιξλογοῡντας,⁷εί
534 2670 624 2707 paulo
647 2674 715 2707 post
736 2672 766 2700 in
795 2670 933 2702 Medicae
962 2675 1080 2711 λέγοντας

252 2714 343 2776 ημῶἒ)
364 2739 434 2768 odd“:
457 2743 530 2778 ἡμῖν.
558 2742 692 2771 Primam
717 2751 821 2772 \ocem
843 2745 1017 2774 addidimus
1043 2755 1080 2776 ex

253 2783 306 2818 sex
319 2784 393 2818 mss.
414 2779 609 2818 et_N_ysseno.
633 2778 728 2818 {aulo
741 2783 812 2816 post
826 2781 897 2810 editi
919 2782 962 2808 ἐπὶ
975 2785 1078 2815 τούτοις

252 2811 308 2844 ἣξει
322 2813 423 2845 πάντως
444 2814 460 2844 ἠ
481 2811 538 2843 σιια
559 2818 618 2848 τῆς.
644 2815 701 2845 Sex
719 2811 794 2847 nias.
816 2818 845 2847 et
863 2819 1018 2854 Nyssenus
1046 2811 1079 2850 ut

1136 2236 1217 2272 λογεῖν
1243 2238 1289 2265 τὴν
1324 2237 1449 2269 θεότητας
1480 2234 1546 2261 Ἀλλ’
1576 2233 1768 2260 ἐκκαλύπτουσι
1795 2236 1934 2271 φανερώτε-

1136 2291 1179 2318 ρον
1201 2283 1244 2308 τὸν
1268 2285 1313 2307 τοῦ
1327 2280 1405 2316 λόγου
1430 2282 1544 2306 σκοπόν*
1561 2278 1603 2305 ἐπὶ
1618 2280 1663 2315 μὲν
1689 2281 1736 2305 τοῦ
1768 2280 1872 2315 Πατρός
1891 2286 1924 2304 κα

1135 2325 1299 2362 ταδέχεσθαι
1322 2327 1364 2352 τὸν
1392 2326 1455 2352 Θεὸν
1479 2323 1552 2358 εἶναι,
1578 2326 1623 2350 καὶ
1652 2325 1695 2349 τὸν
1724 2323 1784 2350 Υὶόν
1809 2324 1933 2352 ὡσαύτως

1135 2372 1263 2408 τιμᾶσθαι
1297 2375 1333 2406 τῷ
1370 2373 1417 2401 τῆς
1445 2371 1564 2400 θεότητος
1601 2367 1708 2404 ὀνόματι
1737 2369 1930 2404 συντιθέμενοι·

1135 2418 1164 2443 τὸ
1198 2414 1227 2443 δὲ
1257 2419 1382 2452 Πνεῦμα,
1415 2416 1497 2451 Πατρὶ
1529 2416 1574 2441 καὶ
1605 2414 1658 2449 Υἱῷ
1684 2413 1930 2451 συναριθμούμενον,

1135 2599 1166 2634 in
1181 2599 1273 2634 textu.
1477 2630 1480 2632 .
1572 2630 1574 2632 ,

1171 2643 1228 2677 (93)
1248 2644 1284 2677 Τῇ
1303 2641 1368 2676 θείᾳ.
1384 2635 1459 2677 Editi
1471 2633 1496 2664 έν
1510 2638 1541 2674 τῇ
1564 2638 1630 2674 θείᾳ,
1651 2629 1705 2665 sed
1719 2631 1806 2665 deest
1817 2634 1927 2672 prepo-

1137 2677 1204 2704 sitio
1218 2675 1247 2704 in
1262 2675 1313 2704 sex
1328 2675 1438 2703 nostris
1453 2682 1524 2701 mss.

1172 2713 1226 2748 (94)
1241 2715 1369 2747 Μοναχῶς
1388 2715 1436 2740 τῆς
1454 2711 1586 2748 θεότητος.
1612 2708 1655 2736 Ita
1663 2714 1724 2748 _se_1_(_
1732 2715 1810 2748 μηδέ.
1832 2708 1860 2746 et
1881 2711 1927 2748 νοτ

1135 2742 1223 2776 ίιιέισέ
1236 2742 1384 2775 editiones
1399 2753 1434 2774 ac
1447 2746 1532 2780 Greg.
1549 2746 1636 2781 Nyss.
1662 2743 1758 2773 Editio
1781 2742 1873 2772 Paris.
1884 2742 1929 2769 τῆς

1135 2784 1254 2815 θεότητος
1267 2781 1417 2820 μοναδικῶς
1431 2782 1495 2812 αὐτή
1502 2791 1523 2814 ς.
