1984 3147
45 159 100 187 689

512 157 754 186 EPISTOLARUM
773 157 916 188 CLASS'IS
935 159 968 186 ll.
990 157 1097 187 EPIST.
1119 158 1270 187 CLXXXIX.

1678 159 1729 187 690

43 221 142 256 μηκέτι
152 221 198 246 καὶ
206 222 238 255 τῇ
248 223 293 250 τῆς
306 219 427 250 θεότητος
437 218 519 256 ἐννοίᾳ
531 219 846 256 συμπαραλαμϐάνεσθαι·

913 221 1002 249 litatis
1016 221 1138 249 notione
1160 222 1282 249 minime
1297 221 1523 257 comprehendi,
1538 220 1591 249 sed
1611 228 1630 249 a
1643 222 1729 249 Patre

44 265 100 290 ἀλλ’
131 264 159 290 ἐκ
184 265 283 301 Πατρός
311 266 393 300 μέχρι
412 268 458 290 τοῦ
488 266 548 291 Υἱοῡ
580 266 719 300 ἱσταμένην
743 267 790 294 τὴν
803 269 847 295 τῆς

45 311 171 340 θεότητος
201 307 322 344 δύναμιν,
339 308 486 345 ἀποκρίνειν
514 314 560 340 τῆς
583 310 668 340 θεῖκῆς
694 308 775 340 δόξης
800 313 846 339 τὴν

43 356 124 391 γύσιν
151 357 196 379 τοῦ
226 354 385 389 Πνεύματος.
403 353 503 380 οὐκοῦν
520 353 692 390 ἀπολογητέον
708 357 753 380 καὶ
773 355 844 391 ἡμῖν²

42 400 79 430 ὡς
94 398 125 424 ἂν
142 399 233 424 οἷοίτε
247 398 324 433 ὦμεν,
342 396 389 424 διὰ
413 397 536 435 βραχέων
552 401 597 425 καὶ
611 400 674 435 πρὸς
689 400 785 428 ταύτην
799 402 847 429 τὴν

41 453 154 470 εννοιαν.

78 491 104 516 5.
135 489 192 523 (95)
215 489 259 518 Τίς
282 485 326 513 οὖν
350 488 363 513 ὁ
384 488 504 525 ἡμέτερος
523 487 612 524 λόγος;
639 486 810 525 Παραδιδοὺς
833 489 846 514 ὁ

42 534 139 568 Κύριος
165 534 210 561 τὴν
227 534 356 569 σωτήριον
382 534 472 558 πίστιν
491 536 546 563 τοῖς
571 533 791 569 μαθητευομένοις
809 536 846 568 τῷ

39 580 120 613 Λόγῳ,
136 581 173 612 τῷ
189 579 272 614 Πατρὶ
288 579 333 603 καὶ
358 581 394 612 τῷ
421 578 472 612 Υὶῷ
493 578 618 604 συνάπτει
632 580 677 603 καὶ
699 580 727 604 τὸ
742 581 848 614 Πνεῦμα

39 624 68 648 τὸ
84 621 172 657 ἅγιον.
190 624 224 648 Τὸ
250 619 280 648 δὲ
309 623 470 658 συνημμένον
493 622 564 653 ἅπαξ
584 621 630 648 διὰ
644 623 746 648 πάντων
766 624 846 659 φαμὲν

34 669 82 695 τήν
105 667 247 702 συνάφειαν
276 667 357 702 ἔχειν.
380 667 418 692 Οὐ
447 668 513 703 γὰρ,
541 666 567 693 ἐν
591 669 642 693 τινὶ
675 669 846 703 συντεταγμέ-

35 720 87 742 νον,
117 710 144 736 ἐν
169 711 264 748 ἑτέροις
289 710 521 746 ὰποσχοινίζεται,
547 711 614 737 Ἀλλ’
631 711 654 737 ἐν
676 715 708 747 τῇ
727 712 846 748 ζωοποιῷ

36 753 160 791 ὃυνάμει,
191 756 252 782 καθ’
266 756 296 785 ἣν
308 755 336 781 ἐκ
356 759 402 781 τοῦ
430 757 546 793 φθαρτοῦ
565 755 625 792 βίον
651 756 686 787 εἰς
701 755 845 783 ἀθανασίαν

35 801 48 828 ἡ
83 801 165 835 φύσις
192 800 265 836 ἡμῶν
292 801 525 836 μετασκευάζεται,
550 800 808 838 συμπαραληφθεῖσα
827 802 842 830 ἠ

34 848 79 870 τοῦ
109 845 261 880 Πνεύματος
287 842 399 881 δύναμις
424 847 508 881 Πατρὶ
532 848 576 871 καὶ
600 846 662 880 Υίῷ,
679 846 764 871 καὶέν
779 845 844 871 πολ-

903 266 941 294 ad
968 266 1071 294 Filium
1100 274 1197 302 usque
1219 266 1375 294 terminata
1389 266 1553 294 divinitatis
1582 265 1728 301 potentia,

901 313 1041 339 naturam
1057 311 1181 348 Spiritus
1206 319 1223 339 a
1247 311 1350 340 divina
1374 311 1469 346 gloria
1492 310 1617 339 secerni.
1634 310 1729 338 Disse-

900 355 1028 383 rendum
1052 356 1142 391 igitur
1164 358 1192 383 et
1218 356 1318 390 nobis,
1334 358 1367 384 ut
1391 356 1565 392 poterimus,
1587 354 1726 390 breviter,

901 403 1005 428 contra
1020 401 1098 428 hanc
1114 408 1236 437 quoque
1250 400 1438 429 sententiam.

936 491 962 516 5.
979 490 1049 521 Quae
1065 491 1109 517 est
1118 489 1207 524 igitur
1217 490 1320 517 nostra
1329 489 1426 517 ratio?
1441 488 1572 517 Tradens
1582 488 1727 517 Dominus

901 533 1062 561 salutarem
1076 533 1170 561 ﬁdem
1184 533 1230 568 iis,
1246 533 1297 570 qui
1317 533 1348 561 in
1369 533 1505 561 doctrina
1518 533 1725 569 instituuntur,

902 578 978 606 Patri
1007 586 1042 606 ac
1072 577 1142 605 Filio
1172 578 1329 614 conjungit
1354 580 1382 605 et
1406 578 1547 614 Spiritum
1575 581 1725 606 sanctum.

902 622 987 654 Quod
1003 625 1103 651 autem
1120 623 1213 651 semel
1229 623 1424 658 conjunctum
1440 624 1492 658 est,
1510 622 1540 650 id
1556 630 1609 658 per
1623 623 1727 651 omnia

901 668 1097 702 conjunctum
1120 675 1187 695 esse
1213 668 1352 696 dicimus.
1378 669 1441 696 Non
1465 667 1545 695 enim
1566 667 1597 694 in
1624 667 1726 703 aliquo

900 713 1105 747 conjuncturn,
1121 713 1152 740 in
1176 712 1241 740 aliis
1265 713 1442 748 sejungitur.
1469 711 1525 740 Sed
1548 711 1579 739 in
1592 711 1727 748 potentia.

898 757 1027 787 vivitica.
1043 765 1198 793 perquam
1214 765 1250 785 ex
1272 756 1455 793 corruptibili
1471 756 1533 784 vita
1549 756 1589 784 ad
1603 756 1726 784 immor-

899 801 1042 829 talitatem
1059 804 1169 830 natura
1188 804 1290 830 nostra
1313 801 1499 834 transfertur,
1513 801 1647 837 potentia
1662 801 1726 836 Spi-

898 845 972 873 ritus
998 854 1060 874 una
1085 854 1154 874 cum
1179 848 1262 874 Patre
1288 849 1316 874 et
1343 846 1413 874 Filio
1442 848 1609 882 assumpta,
1638 847 1668 874 et
1693 846 1724 875 in

33 888 85 919 λοῑς
106 888 211 925 ἑτέροις,
235 890 287 915 οἷον
313 889 337 915 ἐν
364 893 395 925 τῇ
422 891 490 915 κατά
514 891 543 916 τὸ
568 889 666 925 ἀγαθὸν
691 889 782 926 ἐννοίᾳ,
799 883 844 916 καὶ

913 890 999 918 uultis
1014 890 1090 923 aliis,
1103 890 1184 919 velut
1209 891 1239 918 in
1265 890 1387 918 notione
1409 890 1492 924 boni,
1520 893 1549 918 et
1572 890 1678 925 sancti,
1695 891 1724 919 et

32 934 61 959 τό
77 933 155 969 ἅγιόν
167 943 194 959 τε
217 936 262 959 καὶ
277 932 375 967 ἀίδιον,
403 935 494 970 σοφόν,
516 934 598 967 εὖθὲς,
616 936 780 971 ἡγεμονικὸν,
797 933 844 960 δυ-

33 981 121 1012 νατὸν,
139 981 184 1004 καὶ
215 983 353 1015 πανταχοῦ
382 977 505 1008 δηλονότι
530 981 560 1005 τὸ
585 979 735 1018 ἀχώριστον
749 979 842 1016 ἴχειὲν

34 1027 102 1050 πᾶσι
132 1027 185 1053 τοῖς
211 1025 275 1060 πρὸς
311 1026 339 1050 τὸ
373 1028 487 1061 κρεῖττον
512 1024 713 1060 ὑπειλημμένοις
744 1024 841 1060 ὀνόμα-

35 1078 76 1094 σιν
107 1068 176 1103 (96).
204 1068 305 1094 Οὐκοῦν
334 1069 470 1104 ἡγούμεθα
493 1068 577 1099 καλῶς
599 1070 668 1104 ἔχειν
694 1071 723 1095 τὸ
749 1068 773 1094 ἓν
801 1079 841 1095 το-

36 1114 150 1144 σαύταις
174 1111 281 1143 ἐννοίαις
295 1112 406 1148 ὑψηλαῖς
433 1123 460 1139 τε
479 1115 522 1139 καὶ
543 1114 694 1151 θεοπρεπέσι
710 1116 839 1140 συναπτό-

33 1167 109 1194 μινον
131 1160 216 1194 Πατρί
245 1160 290 1184 καὶ
318 1159 370 1194 Υἰῷ
398 1157 421 1184 ἐν
448 1156 535 1184 οὐδενὶ
562 1156 746 1196 διακεκρίσθαι
765 1161 839 1195 νομί-

36 1203 101 1233 ζειν.
121 1200 193 1229 Οὐδὲ
206 1204 258 1240 γὰρ
289 1201 397 1239 οἴδαμέν
421 1212 480 1229 τινα
494 1207 544 1229 τῶν
558 1206 618 1239 περὶ
637 1206 684 1233 τὴν
705 1205 773 1230 θείαν
789 1205 838 1240 φύ-

35 1257 76 1274 σιν
111 1246 301 1283 ἑπινοουμένωυ
328 1247 459 1283 ὀνομάτων
485 1249 531 1277 τὴν
564 1249 632 1274 κατὰ
666 1250 694 1274 τό
724 1252 838 1286 κρεῖττον

32 1295 78 1320 καὶ
94 1294 125 1319 τὸ
141 1296 233 1328 χεῖρον
246 1291 374 1330 διαφοράν
390 1303 396 1310 ·
412 1294 445 1324 ὡς
470 1293 558 1329 εὐαγὲς
575 1295 631 1329 (97)
654 1294 718 1320 εἶναι
738 1295 839 1320 οἴεσθαι

33 1340 79 1366 τὴν
97 1337 123 1363 ἐν
152 1341 206 1368 τοῖς
234 1335 447 1375 καταδεεστέρως
479 1341 528 1364 τῶν
555 1338 686 1374 ὀνομάτων
705 1341 837 1365 κοινωνίαν

36 1385 246 1419 συγχωροῦντας
261 1385 297 1416 τῷ
309 1383 451 1418 Πνεύματι,
467 1386 517 1408 τῶν
540 1383 729 1420 ὑπεραιρόντων
743 1386 838 1420 κρίνειν

34 1426 151 1457 ἀνάξιον.
168 1426 257 1452 Πάντα
269 1427 320 1463 γὰρ
345 1427 378 1453 τὰ
401 1427 528 1463 θεοπρεπῆ
544 1428 662 1463 νοήματά
674 1436 701 1453 τε
719 1430 764 1454 καὶ
779 1427 838 1454 ὀνό-

33 1481 108 1507 ματα
121 1471 251 1507 ὀμοτίμως
274 1472 331 1506 ἔχει
356 1473 421 1507 πρὸς
441 1470 549 1503 ἄλληλα,
564 1475 600 1507 τῷ
616 1470 699 1508 μηδὲν
717 1474 776 1508 περὶ
791 1473 837 1501 τὴν

34 1519 79 1541 τοῦ
102 1515 274 1551 ὑποκειμένου
305 1513 442 1551 διαφωνεῖν
471 1516 527 1551 (98)
557 1518 701 1552 σημασίαν.
730 1516 767 1542 Οὐ
786 1517 837 1553 γὰρ

105 1559 167 1586 ἄλλο
201 1569 227 1585 τι
254 1559 420 1596 ὑποκείμενον
448 1564 612 1597 χειραγωγεῐ
637 1563 684 1590 τὴν
720 1559 837 1587 διάνοιαν
853 1577 874 1604 C

32 1608 76 1631 τοῦ
105 1603 206 1640 ἀγαθοῦ
230 1605 245 1634 ἠ
267 1607 444 1642 προσηγορία,
472 1604 510 1640 ἐφ’
527 1605 610 1642 ἕτερον
635 1603 665 1631 δί
689 1606 703 1634 ἡ
729 1609 775 1631 τοῦ
796 1615 838 1632 σο-

33 1653 91 1685 φοῦ,
111 1651 218 1675 καὶτοῦ
235 1647 360 1682 δυνατοῦ,
385 1651 430 1676 καὶ
455 1653 502 1675 τοῦ
531 1647 653 1675 δικαίου·
676 1649 728 1676 ἀλλ’
741 1650 838 1686 ὅσαπερ

32 1694 62 1720 ἂν
92 1695 170 1730 εἴπῃς
192 1695 316 1730 ὀνόματα,
347 1693 371 1720 ἓν
396 1691 443 1721 διὰ
470 1695 572 1721 πάντων
597 1694 652 1720 ἐστὶ
670 1696 699 1720 τό
716 1697 840 1731 σημαινό-

33 1749 121 1775 μενον.
139 1738 194 1765 Κᾶν
215 1740 280 1766 Θιὸν
311 1740 395 1775 εἴπῃς,
417 1740 460 1766 τόν
490 1739 567 1766 αὐτὸν
593 1738 709 1771 ἐνεδείξω
740 1740 767 1766 ὃν
794 1738 840 1766 διὰ

32 1785 84 1809 τῶν
99 1783 199 1809 λοιπῶν
222 1783 356 1820 ὀνομάτων
383 1783 500 1814 ἐνόησας.
524 1784 554 1811 Εἰ
578 1782 608 1810 δὲ
633 1785 718 1810 πάντα
739 1786 772 1810 τὰ
785 1784 839 1810 όνόη

33 1838 106 1864 ματα
120 1832 152 1864 τῇ
178 1829 236 1864 θεία
255 1829 333 1864 φὺσέι
355 1828 524 1865 ἐπιλεγόμενα
545 1827 701 1865 ἰσοδυναμεῖ
721 1828 840 1860 ἀλλήλοις

35 1874 104 1899 κατὰ
121 1875 170 1902 τὴν
193 1877 239 1899 τοῦ
267 1873 434 1910 ὑποκειμένου
464 1873 585 1908 ἔνδειξιν,
615 1874 679 1900 ἀλλα
699 1876 766 1900 κατά
784 1874 841 1909 (99)

34 1918 113 1947 ἀλλην
129 1919 244 1954 ἔμφασιν
272 1917 313 1944 ἐπὶ
341 1920 370 1944 τὸ
394 1919 458 1945 αὐτὸ
479 1922 525 1948 τὴν
552 1917 671 1945 διάνοιαν
691 1920 763 1955 ἡμῶν
779 1917 842 1948 ὁδη-

33 1967 131 1998 γοῦντα
143 1973 150 1979 '
168 1965 206 1993 τίς
221 1963 234 1989 ὀ
249 1962 325 1998 λόγος
341 1965 388 1992 τὴν
413 1963 437 1990 ἐν
457 1967 512 1994 τοῖς
527 1963 613 1994 ἄλλοις
627 1963 738 2000 ὀνόμασι
752 1973 840 1990 κοινω-

33 2010 110 2038 νίαν,
144 2009 212 2043 πρὸς
247 2010 350 2044 Πατέρα
376 2017 402 2034 τε
431 2010 476 2034 καὶ
502 2009 561 2034 Υἱόν
589 2012 781 2046 συγχωροῦντα
803 2012 839 2040 τῷ

36 2052 183 2087 Πνεύματι,
208 2053 289 2087 μόνης
315 2051 516 2088 ἀποσχοινίζειν
541 2053 605 2078 αὐτὸ
628 2057 676 2084 τῆς
703 2054 836 2086 θεότητος

36 2095 136 2131 ἀνάγκη
148 2097 201 2133 γὰρ
216 2099 291 2121 πᾶσα
317 2096 332 2125 ἢ
361 2099 405 2122 καὶ
426 2096 451 2122 ἐν
477 2097 560 2132 τούτῳ
585 2095 690 2123 διδόναι
714 2099 761 2126 τὴν
779 2107 838 2123 κοι-

35 2142 138 2175 νωνίαν,
165 2140 179 2169 ἦ
211 2138 282 2176 μηδὲ
305 2142 352 2169 τὴν
373 2150 398 2167 ιν
425 2144 478 2171 τοίς
505 2140 604 2171 λοιποῖς
633 2145 792 2178 συγχωρεῖν.
808 2141 838 2168 Εἰ

35 2186 84 2221 γὰρ
99 2184 124 2211 ἐν
150 2184 258 2214 ἐκείνοις
273 2185 356 2218 ἀξιον,
373 2183 435 2211 οὐδέ
450 2185 474 2211 ἐν
500 2186 584 2221 τούτῳ
608 2186 645 2221 (1)
670 2187 770 2216 πάντως
794 2185 836 2212 ἀν-

37 2229 117 2259 άξιον.
145 2229 176 2255 Εἰ
206 2227 236 2254 δὲ
266 2232 428 2267 μικρότερον,
458 2230 526 2256 κατὰ
553 2232 597 2256 τὸν
629 2230 729 2256 ἐκείνων
751 2230 836 2265 λόγον,

39 2274 106 2299 ἐστὶν
134 2274 148 2303 ἲν
175 2275 244 2299 ὥστε
266 2277 311 2299 τοῦ
334 2278 380 2305 τῆς
406 2275 527 2305 θεότητος
549 2274 675 2310 ὀνόματος
702 2277 766 2311 πρὸς
786 2278 836 2301 Πα-

39 2319 99 2353 τέρα
117 2327 144 2343 τε
159 2320 205 2344 καὶ
224 2319 283 2344 Υἰον
299 2320 346 2347 τὴν
361 2321 495 2344 κοινωνίαν
519 2323 656 2356 χωρῆσαι,
677 2318 738 2345 οὐδὲ
757 2319 834 2345 ἄλλου

39 2364 104 2392 τινὸς
130 2367 180 2388 τῶν
212 2363 356 2398 θεοπρεπῶν
387 2362 517 2398 ὀνομάτων
542 2366 660 2400 μετέχειν
686 2363 757 2395 ἀξιον
786 2364 834 2399 (2).

40 2407 293 2443 Καταμανθανόμενα
325 2408 376 2444 γὰρ
405 2410 450 2433 καὶ
479 2411 669 2445 συγκρινόμενα
697 2410 759 2444 πρὸς
789 2408 835 2433 αἰλ-

37 2450 99 2479 ληλα
113 2453 146 2477 τὰ
171 2451 287 2487 ὀνόματα
306 2449 352 2477 διὰ
377 2456 426 2483 τῆς
450 2452 570 2482 ἑκάστοις
596 2454 635 2488 (3)
664 2453 834 2490 ἐνθεωρουμέ-

38 2505 81 2527 νης
113 2495 268 2532 ἐμφάσεως,
305 2495 473 2533 εὖρεθησεται
502 2495 586 2533 μηδὲν
622 2501 668 2528 τῆς
693 2501 738 2524 τοῦ
768 2498 864 2524 Θεοῦ⁶

69 2550 126 2584 (95)
137 2549 209 2577 Vide
224 2548 382 2578 Addenda.

143 2585 406 2623 'OvéyacwaEditi»
417 2585 546 2623 addunt,
557 2588 602 2612 καὶ
623 2588 667 2615 τὴν
684 2588 834 2623 συνὰφειαν.

40 2620 93 2648 Sed
108 2621 173 2657 hinc
184 2620 294 2648 desunt
303 2620 334 2648 in
345 2621 420 2657 Med.
434 2624 462 2649 et
472 2622 558 2649 Coisl.
571 2623 704 2650 secundo
717 2620 833 2657 ac'Reg.

39 2655 169 2683 secundo
185 2658 214 2683 et
230 2657 316 2694 Nyss.
330 2657 362 2683 ln
376 2656 471 2694 tribus
485 2657 550 2694 aliis
566 2657 718 2685 codicibus
728 2655 836 2694 legitur

40 2693 154 2728 tantum
169 2693 221 2728 τὴν
233 2692 371 2727 συνάφειαν
388 2692 453 2728 sine
467 2693 685 2728 conjunctione.

68 2728 126 2761 (97)
143 2727 185 2756 Ὠς
197 2726 356 2763 εὐαγέςεδὶο
373 2727 445 2756 Med.
462 2731 491 2756 et
505 2726 565 2756 tres
580 2728 672 2763 Regii.
687 2728 732 2757 Sic
745 2728 835 2757 etiam

42 2760 143 2803 legitur
174 2760 258 2803 apud
275 2762 463 2803 __Cregorium_
490 2765 578 2803 l‘iyss.
606 2760 756 2792 Editiones
786 2766 836 2803 tia-

43 2797 253 2861 :‘ﬁepta
274 2798 476 2834 Haganoensi,
500 2797 534 2830 ὥς
557 2799 651 2835 ἐναγὲς,
685 2804 718 2828 ut
749 2800 836 2835 nefas

75 2869 130 2904 (98)
145 2871 295 2904 Διαφωνιῖν.
308 2870 351 2899 Ita
364 2877 441 2899 mss.
457 2872 599 2907 quatuor.
609 2871 656 2900 Sic
665 2871 756 2901 etiam
767 2872 836 2902 Gre-

896 935 1010 968 aaterni,
1025 935 1180 971 sapientis,
1191 935 1273 968 recti,
1287 934 1470 971 principalis,
1485 935 1623 970 potentis,
1631 934 1722 963 etiam

896 979 1008 1016 ubique
1021 979 1233 1016 inseparabilis
1248 983 1303 1015 est,
1319 979 1456 1008 videlicet
1465 979 1496 1007 in
1509 979 1653 1007 omnibus
1665 987 1720 1007 no-

894 1024 1026 1052 minibus
1042 1025 1281 1060 prmstantiorem
1291 1024 1517 1059 intelligentiam
1527 1023 1720 1052 habentibus.

894 1069 1081 1105 Quapropter
1094 1069 1126 1097 id
1149 1071 1264 1097 rectum
1279 1076 1345 1097 esse
1361 1068 1552 1103 arbitramur,
1568 1070 1609 1101 ut,
1621 1068 1674 1103 qui
1688 1069 1719 1097 in

894 1115 936 1141 tot
954 1113 1134 1141 sublimibus
1148 1114 1269 1149 Deoque
1291 1112 1531 1149 competentibus
1546 1111 1719 1140 notionibus

892 1158 1086 1194 conjungitur
1098 1158 1174 1186 Patri
1189 1160 1218 1186 et
1233 1157 1314 1191 Filio,
1337 1165 1407 1186 eum
1431 1157 1513 1186 nulla
1535 1157 1566 1184 in
1585 1164 1617 1184 re
1633 1163 1718 1193 sepa—

892 1203 952 1231 rari
978 1203 1196 1232 existimemus.
1227 1204 1327 1239 Neque
1356 1202 1436 1230 enim
1456 1201 1596 1230 novimus
1625 1201 1719 1230 ullam

892 1247 1061 1283 nominum,
1078 1256 1146 1283 quae
1158 1247 1237 1276 circa
1247 1247 1382 1275 divinam
1396 1248 1538 1275 naturam
1551 1245 1719 1281 intelligun-

892 1294 948 1325 tur,
966 1291 1134 1320 secundum
1149 1292 1256 1319 melius
1272 1299 1306 1320 ac
1321 1291 1452 1319 deterius
1468 1289 1676 1324 differentiam,
1686 1291 1719 1318 ut

891 1337 976 1372 pium
1010 1344 1075 1364 esse
1103 1336 1320 1369 existimemus,
1350 1335 1510 1364 nominum
1543 1334 1718 1363 inferiorum

893 1381 1138 1410 communionem
1158 1380 1357 1409 concedentes
1381 1380 1512 1416 Spiritui.
1529 1379 1719 1416 prestantio-

891 1426 974 1454 ribus
1001 1426 1160 1461 indignum
1186 1426 1333 1461 judicare.
1362 1425 1471 1453 Omnia.
1496 1431 1630 1460 namque
1658 1424 1719 1452 Deo

892 1471 1093 1507 competentia
1104 1473 1167 1498 tum
1178 1470 1318 1505 cogitata.
1332 1472 1394 1498 tum
1410 1469 1499 1505 279
1514 1468 1640 1497 nomina
1648 1469 1720 1497 sunt

891 1516 968 1544 inter
982 1523 1014 1544 se
1029 1515 1166 1550 ejusdem
1194 1514 1357 1550 dignitatis,
1373 1521 1409 1542 eo
1435 1513 1518 1549 quod
1536 1512 1610 1541 nihil
1639 1513 1720 1541 circa

892 1559 1020 1595 subjecti
1033 1559 1283 1594 signiﬁcationem
1297 1558 1430 1587 habeant
1443 1557 1638 1586 discriminis.
1654 1558 1719 1585 Non

893 1604 973 1633 enim
987 1605 1095 1632 mentis
1110 1603 1321 1639 cogitationem
1336 1603 1376 1631 ad
1386 1602 1468 1631 aliud
1483 1602 1640 1639 quoddam
1650 1600 1720 1630 sub-

892 1649 1007 1685 jectum
1022 1649 1159 1685 perducit
1173 1648 1245 1677 boni
1260 1647 1434 1685 appellatio,
1459 1650 1487 1676 et
1509 1647 1549 1675 ad
1563 1646 1657 1679 aliud,
1673 1653 1720 1674 sa-

895 1693 1014 1729 pientis,
1026 1693 1166 1729 potentis,
1183 1696 1211 1722 et
1223 1692 1318 1728 justi:
1335 1692 1388 1720 sed
1407 1699 1597 1728 quaecunque
1616 1692 1720 1727 protu-

893 1738 964 1766 leris
992 1738 1128 1773 nomina,
1143 1746 1239 1766 unum
1264 1745 1387 1774 prorsus
1408 1736 1512 1765 omnia
1539 1735 1719 1771 signiﬁcant.

896 1783 981 1816 Quod
998 1783 1022 1810 si
1036 1783 1146 1811 dixeris
1158 1784 1262 1819 Deum,
1277 1781 1418 1810 eumdem
1434 1780 1618 1816 signiﬁcasti,
1628 1788 1720 1816 quem

895 1835 948 1864 per
979 1827 1095 1864 reliqua
1119 1828 1245 1856 nomina
1267 1826 1444 1855 intellexisti.
1461 1825 1548 1858 Quod
1570 1825 1594 1853 si
1616 1824 1722 1853 omnia

895 1881 963 1909 qua:
971 1873 1009 1901 de
1020 1873 1123 1901 divina
1132 1875 1240 1901 natura
1251 1870 1544 1905 dicuntur,nomina,
1553 1869 1632 1897 idem
1643 1869 1720 1897 inter

895 1925 935 1951 se,
949 1917 987 1946 ad
1003 1917 1129 1952 subjecti
1141 1917 1381 1952 designationem
1396 1915 1504 1949 valent,
1520 1914 1580 1942 alia
1593 1921 1646 1949 pro
1660 1913 1720 1942 alia

894 1963 936 1991 rei
958 1961 1186 1990 considerandae
1216 1962 1331 1989 ratione
1357 1963 1489 1989 mentem
1515 1961 1651 1988 nostram
1680 1957 1719 1986 ad

893 2007 974 2035 idem
997 2006 1196 2040 deducentia;
1212 2014 1280 2042 quin
1303 2006 1377 2034 ratio
1401 2007 1456 2040 est,
1480 2004 1609 2034 aliorum
1623 2004 1721 2031 nomi-

893 2059 968 2080 num
992 2051 1238 2079 communionem
1266 2050 1386 2086 Spiritui
1414 2058 1483 2078 cum
1506 2050 1589 2077 Patre
1605 2051 1633 2077 et
1648 2048 1719 2077 Filio

894 2095 1117 2129 concedentem,
1134 2103 1152 2122 a
1167 2095 1233 2123 sola
1247 2094 1334 2123 illum
1346 2102 1447 2123 arcere
1461 2093 1634 2122 divinitate?
1646 2100 1717 2122 nam

893 2148 1015 2169 necesse
1041 2141 1086 2167 est
1107 2139 1242 2173 omnino,
1271 2141 1323 2167 aut
1345 2138 1591 2167 communionem
1615 2137 1646 2165 in
1660 2141 1719 2166 hoc

892 2185 981 2214 etiam
994 2185 1077 2220 dare,
1092 2185 1144 2212 aut
1165 2191 1220 2212 nec
1235 2183 1265 2211 in
1278 2183 1400 2219 reliquis
1423 2183 1547 2210 deferre.
1565 2181 1678 2210 Etenim
1694 2181 1718 2209 si

891 2231 921 2258 in
936 2230 992 2258 illis
1008 2229 1130 2264 dignus,
1146 2228 1280 2265 profecto
1306 2235 1404 2263 neque
1428 2227 1459 2255 in
1485 2227 1543 2255 hoc
1562 2225 1716 2260 indignus.

892 2273 978 2308 Quod
993 2274 1018 2301 si
1040 2273 1139 2301 minor
1158 2274 1211 2305 est,
1230 2275 1262 2301 ut
1284 2272 1333 2300 isti
1358 2271 1502 2306 dictitant,
1519 2278 1613 2307 quam
1630 2272 1660 2298 ut
1674 2269 1718 2298 di-

891 2319 1022 2348 vinitatis
1038 2326 1148 2346 nomen
1166 2326 1235 2345 cum
1249 2319 1332 2346 Patre
1355 2319 1381 2344 et
1406 2316 1476 2344 Filio
1490 2322 1651 2343 commune
1663 2315 1717 2343 ha-

890 2364 959 2392 beat
973 2372 979 2397 ;
993 2371 1091 2398 neque
1104 2363 1214 2398 dignus
1228 2362 1291 2394 erit,
1310 2362 1362 2397 qui
1380 2360 1469 2388 ullius
1483 2359 1560 2388 alius
1571 2368 1605 2387 ex
1621 2360 1716 2388 nomi-

889 2408 979 2436 nibus
991 2409 1051 2436 Deo
1065 2407 1304 2444 competentibus
1311 2406 1460 2443 particeps
1467 2405 1513 2433 sit.
1522 2404 1717 2434 Considerata

889 2454 969 2482 enim
983 2456 1011 2481 et
1025 2456 1200 2489 comparata
1215 2453 1292 2480 inter
1313 2459 1344 2479 se
1367 2450 1494 2479 nomina
1507 2457 1561 2486 per
1580 2457 1648 2478 eam
1663 2457 1716 2478 no-

890 2498 1011 2529 tionem,
1027 2506 1121 2534 quam
1132 2498 1163 2525 in
1174 2496 1300 2532 singulis
1313 2495 1516 2532 speculamur,
1527 2493 1716 2522 invenientur

889 2551 991 2587 gorius
1014 2552 1181 2587 Nyssenus.
1208 2550 1357 2578 Editiones
1373 2550 1497 2587 vetusta:
1513 2546 1612 2587 Basilii
1627 2545 1716 2582 διαφέ-

889 2583 1149 2626 ῥεινηΒεξεὶῂθυεὶε
1162 2587 1299 2626 secunda
1312 2588 1340 2614 et
1350 2585 1442 2626 Paris.
1455 2583 1594 2626 (itt‘tl‘fépéw.
1637 2618 1644 2626 '

925 2625 981 2655 (99)
1001 2621 1084 2648 Ἀλλα
1101 2623 1180 2649 κατά.
1202 2623 1283 2650 Unus
1299 2629 1335 2649 ex
1350 2621 1448 2656 Regiis
1464 2620 1516 2656 ἀλλ’
1533 2620 1561 2645 οὑ
1577 2620 1656 2656 κατά.

893 2693 899 2701 ν
923 2651 1049 2701 (itote.
1071 2656 1094 2682 ἐν
1109 2659 1202 2694 τούτῳ.
1216 2657 1372 2686 Medicaeus
1386 2651 1456 2685 Eum
1467 2655 1562 2684 tribus
1575 2651 1715 2683 animos;

890 2703 914 2720 εν
927 2703 1001 2720 τουτο
1006 2704 1037 2720 ις.

977 2704 1079 2760 “iiii...
1095 2728 1169 2757 Editi
1185 2727 1199 2758 ἦ
1216 2729 1298 2760 ἄξιον.
1316 2729 1403 2757 Deest
1415 2727 1522 2756 vocula
1536 2726 1567 2755 in
1580 2725 1716 2762 quinque

889 2773 965 2793 mss.
982 2768 1010 2792 et
1024 2765 1106 2800 apud
1120 2765 1204 2803 (ἑκ-βε.
1219 2765 1310 2803 Nyss.
1395 2801 1414 2803 μ
1614 2797 1619 2803 _

925 2802 963 2836 (3)
989 2799 1126 2837 Ἑκᾶστοις
1155 2799 1366 2837 ἐνθεωρονμένηςτ
1395 2801 1438 2837 Ita.
1466 2807 1540 2837 mss.
1569 2799 1716 2837 quinque,

890 2834 1006 2879 pro'eo
1035 2835 1120 2872 quod
1146 2838 1211 2865 erat
1230 2834 1384 2864 'in'ectitis
1407 2834 1433 2862 εν
1462 2834 1589 2866 ἑκάστοις*
1608 2835 1716 2870 θεωρου-

889 2881 975 2908 pnus.
