1984 3147
262 163 312 193 ὕ91

955 164 982 191 S.
1004 160 1130 191 BASILII
1147 162 1257 192 MAGNI
1891 167 1937 195 692

261 226 314 254 Dei
325 225 527 263 appellatione
538 233 602 254 non
620 225 770 255 inferiora.
788 226 858 262 Ejus
871 225 914 254 rei
929 231 1088 260 argumen-

1153 228 1324 264 τροσηγορίας
1343 226 1447 253 ἔλαττον
1463 227 1568 262 ἔχοντα,
1588 229 1733 264 Τεκμήριον
1746 224 1785 260 δε,
1807 227 1847 254 ὅτι
1863 229 1936 264 τούτῳ

261 273 328 300 tum
341 273 396 306 est,
411 270 494 307 quod
509 270 566 299 hoc
593 272 716 300 nomine
739 272 836 300 multa
851 271 940 300 etiam
965 279 1001 298 ex
1014 270 1086 298 inie-

261 316 390 345 rioribus
399 318 561 350 vocantur;
575 316 636 344 imo
647 317 798 353 Scriptura
809 317 912 345 divina
925 324 985 344 non
996 323 1089 352 parca

262 363 307 389 est
320 361 411 396 hujus
425 362 579 397 equivocae
594 361 815 398 appellationis,
837 370 875 389 ne
898 362 928 389 in
947 359 1089 389 absurdis

262 405 387 442 quidem
402 408 431 433 et
442 406 685 442 repugnantibus
697 406 799 440 rebus,
814 406 896 434 velut
908 414 977 434 cum
997 405 1088 433 simu-

262 449 346 478 lacra
358 450 409 478 Dei
425 450 625 486 appellatione
637 450 784 485 designat.
804 452 855 479 Dii
877 452 966 484 enim,
982 450 1088 486 inquit,

265 495 436 531 quicwtum
458 497 486 522 et
508 498 620 523 terram
639 503 700 523 non
721 496 869 531 fecerunt,
888 496 1048 527 tollantur,
1062 497 1089 522 et

265 539 368 567 subter
393 542 507 567 terram
532 540 785 575 conjiciantur“;
808 540 878 568 item
893 549 899 568 ε
915 541 1031 571 Omnes,
1049 540 1092 568 in-

266 584 341 620 quit,
356 584 401 611 diz'
419 583 553 619 gentium
568 584 713 613 daemonia
722 585 758 612 ⁵⁸.
783 586 816 612 Et
830 585 1008 621 pythonissa
1021 593 1090 612 cum

266 628 524 656 incantationibus
540 629 602 656 suis
613 629 695 658 Sauli
708 630 827 658 animas
843 633 988 663 evocaret,
1002 629 1039 657 de
1055 629 1091 657 iis

267 673 430 701 animabus
455 681 524 709 quae
551 674 792 710 requirebantur,
818 674 892 702 deos
920 674 1030 702 vidisse
1060 682 1091 702 se

268 717 383 745 dixit“.
395 717 471 751 Quin
484 721 513 746 et
525 718 590 754 ipse
604 719 735 752 Balaam,
751 727 821 747 cum
843 727 940 754 augur
965 719 1092 755 quidam

268 765 346 791 esset
359 765 387 791 et
400 766 495 798 vates,
524 765 552 792 et
577 771 630 800 per
656 772 794 799 manum,
815 766 847 792 ut
863 765 905 792 ait
931 765 1090 800 Scriptura,

268 808 409 836 vaticinia
433 807 532 842 ferret,
546 811 574 836 et
595 808 769 837 daemonum
786 809 955 837 doctrinam
975 817 1028 845 per
1044 817 1094 837 au-

269 852 406 887 guralem
434 853 637 881 curiositatem
668 854 725 882 sibi
757 854 823 890 ipse
859 856 1092 890 comparasset,

1143 271 1187 305 μεν
1215 274 1250 305 τῷ
1277 271 1383 307 ὀνόματι
1410 270 1492 297 πολλὰ
1505 275 1550 298 καὶ
1568 276 1618 298 τῶν
1633 269 1842 308 καταδεεστέρων
1858 271 1937 299 ἐπονο-

1143 315 1254 350 μάζεται
1269 326 1276 332 ·
1306 316 1401 352 μᾶλλον
1432 315 1460 342 δε
1480 316 1509 341 οὗ
1535 315 1650 352 φείδεται
1674 317 1689 345 ἡ
1717 317 1773 342 θεία
1793 319 1882 353 Γραφή
1898 322 1940 348 τῆς

1143 360 1292 396 ὁμωνυμίας
1328 362 1444 393 ταύτης,
1479 359 1541 387 οὐδὲ
1578 361 1621 387 ἐπὶ
1648 365 1698 386 τῶν
1735 360 1940 397 ἀπεμφαινόντων

1143 406 1313 441 πραγμάτων,
1329 406 1362 435 ὡς
1388 406 1448 431 ὃταν
1474 406 1506 431 τὰ
1534 403 1631 432 εἴδωλα
1654 409 1683 441 τῇ
1710 409 1755 432 τοῦ
1778 409 1848 432 Θεοῦ
1866 416 1940 442 προσ-

1144 451 1240 485 ηγορίᾳ
1268 449 1447 486 κατονομάζῃ,
1472 451 1530 476 Θεοὶ
1555 451 1616 487 γὰρ,
1632 452 1721 485 φησιν,
1739 451 1763 475 οἶ
1787 450 1836 476 οὐκ
1856 449 1940 480 ἐποίη-

1145 503 1193 519 σαν
1219 495 1263 520 τὸν
1288 494 1396 531 οὐρανὸν
1431 497 1476 520 καὶ
1506 496 1552 523 τὴν
1586 498 1635 530 γῆν
1652 513 1660 525 ,
1689 494 1849 530 ἀρθήτωσαν
1866 516 1872 528 ,
1904 499 1941 521 καὶ

1145 538 1266 564 ὑποκάτω
1312 542 1359 569 τῆς
1392 543 1440 575 γῆς
1481 538 1673 575 βληθήτωσαν·
1720 541 1786 572 καὶ,
1831 539 1940 571 Πάντες,

1145 585 1234 618 φησὶν,
1251 584 1275 609 οἱ
1291 584 1343 609 θεοὶ
1369 587 1418 609 τῶν
1443 582 1519 609 ἐθνῶν
1543 581 1676 619 δαιμόνιοι.
1696 586 1744 609 Καὶ
1765 584 1779 612 ἡ
1809 582 1943 619 ἐγγαστρί-

1145 628 1250 662 μυθος,
1285 627 1309 653 ἐν
1336 631 1394 658 ταῖς
1425 630 1596 664 μαγγανείαις
1626 628 1708 658 αὐτῆς
1744 627 1943 664 ψυχαγωγῶσι

1145 675 1179 706 τῷ
1203 672 1284 698 Σαοὺλ
1302 673 1340 707 (4)
1371 671 1416 703 τὰς
1444 672 1650 707 ἐπιζητουμένας
1673 673 1774 708 ψυχὰς,
1807 673 1880 702 θεοὺς
1907 672 1944 698 ἐω-

1145 718 1252 753 ρακέναι
1275 719 1365 753 φησίν.
1394 717 1470 743 Ἀλλὰ
1495 720 1541 743 καὶ
1566 718 1579 743 ό
1612 717 1718 753 Βαλαὰμ
1750 717 1892 748 οἰωνιστής
1910 727 1944 748 τις

1147 761 1180 786 ὧν
1208 763 1253 787 καὶ
1276 762 1379 798 μάντις,
1397 764 1442 788 καὶ
1472 760 1519 788 διὰ
1543 763 1635 799 χειρὸς
1662 763 1695 788 τὰ
1722 766 1832 798 μαντεῖα
1859 764 1944 799 φέρων,

1147 807 1233 842 καθώς
1248 816 1327 842 φησιν
1349 807 1364 836 ἡ
1386 809 1487 843 Γραφὴ,
1502 810 1546 833 καὶ
1562 809 1607 835 τὴν
1627 806 1655 832 ἐκ
1675 805 1806 843 δαιμόνων
1821 805 1946 833 διδασκα-

1147 850 1203 877 λίαν
1219 849 1267 878 διὰ
1280 855 1326 881 τῆς
1347 851 1514 881 οἰωνιστικῆς
1540 854 1687 888 περιεργίας
1709 851 1794 887 ἐαυτῷ
1821 852 1947 887 κατορθώ-

269 898 365 925 Deum
380 897 568 926 consuluisse
593 900 780 927 memoratur
805 907 823 927 a
850 899 1039 935 Scriptura".
1052 900 1094 926 Ac

1153 905 1207 930 σας,
1235 897 1308 933 παρὰ
1341 900 1407 922 Θεοῦ
1448 895 1672 932 συμϐουλεύεσθαι
1702 897 1752 922 ὑπὸ
1779 900 1827 926 τῆς
1850 899 1948 933 Γραφῆς

270 942 366 970 multa
392 942 543 977 ejusmodi
565 942 634 971 licet
658 950 692 971 ex
718 943 876 979 Scripturis
895 943 1002 971 divinis
1014 943 1095 971 colli-

270 989 391 1022 gentem
407 986 627 1023 demonstrare,
640 987 699 1016 hoc
721 995 835 1016 nomen
856 996 948 1024 supra
964 987 1095 1024 reliquas

271 1031 500 1068 appellationes,
516 1040 584 1068 quas
601 1033 660 1060 Deo
675 1032 774 1068 dignae
796 1035 876 1067 sunt,
895 1033 968 1061 nihil
983 1033 1095 1061 habere

269 1076 414 1113 praecipui
428 1085 434 1104 :
448 1077 699 1113 quandoquidem
721 1077 832 1113 ipsum,
854 1080 887 1105 ut
911 1077 1023 1106 dictum
1039 1080 1093 1113 est,

271 1121 361 1149 etiam
377 1121 415 1148 de
437 1121 529 1149 rebus
550 1121 692 1149 absurdis
707 1125 734 1150 et
752 1122 992 1158 repugnantibus
1007 1123 1096 1158 tequi-

269 1173 342 1193 voce
356 1168 538 1202 usurpatum
560 1166 739 1194 invenimus.
762 1169 797 1194 At
821 1167 916 1195 sancti
931 1175 1053 1202 nomen,
1069 1170 1097 1195 et

271 1211 447 1248 incorrupti,
463 1214 493 1239 et
510 1212 593 1246 recti,
608 1214 637 1239 et
658 1212 742 1247 boni,
764 1220 917 1248 nusquam
929 1213 1097 1241 communi-

271 1258 373 1284 catum
397 1263 467 1283 cum
493 1256 586 1284 rebus
610 1256 745 1292 indignis
771 1265 788 1285 a
817 1257 969 1293 Scriptura
999 1257 1097 1285 edocti

271 1309 384 1330 sumus.
397 1301 488 1337 igitur
504 1301 528 1329 si
540 1302 675 1336 nomina,
691 1310 759 1339 quas
774 1302 928 1339 praecipuo
952 1303 1044 1331 modo
1059 1303 1096 1331 de

270 1346 335 1374 sola
347 1346 450 1374 divina
461 1348 570 1374 natura
584 1347 631 1383 pie
646 1349 841 1383 usurpantur,
859 1347 978 1384 Spiritui
992 1350 1096 1376 sancto

270 1399 339 1419 cum
363 1392 447 1419 Patre
469 1393 497 1418 et
518 1391 589 1419 Filio
615 1391 790 1420 communia
809 1400 876 1420 esse
889 1400 948 1420 non
965 1395 1095 1428 negant;

269 1443 338 1472 quae
351 1435 416 1471 jam
430 1435 508 1464 ratio
534 1438 588 1470 est,
610 1435 683 1464 illud
709 1435 808 1464 solum
827 1436 1017 1472 contendere,
1034 1444 1097 1464 non

269 1480 500 1515 communicari,
509 1480 602 1516 quod,
614 1480 781 1509 secundum
792 1481 981 1517 aaquivocum
991 1489 1097 1517 quem-

269 1525 342 1554 dam
356 1533 457 1560 usum,
480 1527 508 1553 et
530 1525 687 1554 daemoniis
713 1528 742 1554 et
765 1525 934 1554 simulacris
953 1526 1098 1562 impertiri

270 1570 510 1599 demonstratum
526 1570 593 1598 est?

306 1615 395 1650 280
415 1616 440 1642 6.
463 1614 522 1643 Sed
545 1614 628 1642 aiunt
652 1617 793 1643 naturam
813 1615 872 1643 hac
895 1615 1098 1651 appellatione

269 1659 492 1692 demonstrari,
515 1666 710 1687 communem
729 1662 830 1688 autem
857 1668 919 1688 non
936 1668 1001 1688 esse
1027 1668 1098 1688 cum

269 1705 354 1731 Patre
367 1705 395 1730 et
405 1702 478 1730 Filio
491 1703 615 1738 Spiritus
629 1706 780 1737 naturam,
801 1712 836 1732 ac
856 1704 984 1740 proinde
997 1713 1052 1733 nec
1067 1705 1098 1732 in

268 1748 327 1776 hoc
345 1747 469 1776 nomine
489 1748 712 1776 communionis
733 1756 802 1776 eum
822 1757 889 1776 esse
907 1749 1097 1786 participem.

271 1791 436 1821 Ostendant
446 1792 547 1828 igitur,
564 1792 675 1828 quibus
690 1793 780 1821 rebus
793 1793 997 1822 diversitatem
1012 1797 1100 1825 natu-

270 1845 311 1866 ree
325 1837 511 1873 agnoverint.
527 1838 555 1866 Si
575 1837 656 1866 enim
677 1841 780 1874 posset
792 1838 859 1874 ipsa
875 1846 929 1874 per
944 1847 976 1867 se
991 1842 1100 1868 natura

271 1882 374 1910 divina
388 1882 479 1916 cerni,
492 1886 520 1911 et
533 1883 608 1919 quid
618 1883 645 1911 ei
655 1883 823 1919 proprium,
836 1884 909 1920 quid
921 1884 1052 1912 alienum
1064 1894 1100 1914 ex

271 1927 439 1956 manifestis
453 1928 543 1956 rebus
559 1927 705 1962 inveniri;
733 1935 805 1956 sane
831 1936 908 1964 opus
931 1929 1019 1957 nobis
1038 1937 1100 1958 non

272 1974 352 2001 esset
364 1972 464 2000 verbis
478 1974 530 2000 aut
545 1972 639 2006 signis
656 1972 722 2000 aliis
739 1972 778 2000 ad
790 1973 832 2001 rei
847 1973 981 2010 quaesitae
997 1974 1101 2002 intelli-

273 2017 416 2052 gentiam.
434 2017 491 2045 Sed
506 2017 653 2053 quoniam
667 2017 717 2045 illa.
731 2017 855 2054 quidem
872 2018 1030 2047 sublimior
1045 2021 1099 2054 est,

273 2068 366 2097 quam
380 2063 440 2089 uta
450 2061 656 2097 quaerentibus
670 2063 767 2098 possit
781 2062 916 2098 intelligi,
929 2071 965 2091 ex
978 2064 1090 2100 quibus

274 2105 345 2134 dam
361 2108 461 2134 autem
477 2106 655 2142 conjecturis
667 2107 704 2134 de
724 2107 815 2135 rebus
833 2108 1035 2142 cognitionem
1052 2117 1105 2139 no.

277 2152 371 2178 stram
394 2150 580 2185 fugientibus
593 2151 825 2186 ratiocinamur;
842 2160 964 2180 necesse
979 2161 1103 2188 prorsus

275 2197 320 2223 est
332 2203 368 2223 ex
383 2195 608 2231 operationibus
619 2204 675 2224 nos
690 2204 783 2224 manu
797 2197 866 2224 duci
877 2197 915 2224 ad
933 2197 1041 2225 divina
1053 2205 1105 2225 na-

1150 942 1303 977 ἱοτορεῖται.
1328 943 1378 967 Καὶ
1399 940 1481 967 πολλὰ
1499 942 1609 967 τοιαῦτά
1636 940 1692 966 ἐστι
1719 940 1903 977 συλλεξάμενον
1922 941 1947 967 ἐκ

1149 990 1198 1012 τῶν
1222 987 1294 1012 θείων
1319 987 1486 1023 παραθέσθαι
1505 989 1630 1022 Γραφῶν-
1659 986 1700 1012 ὃτι
1718 987 1749 1011 τὸ
1772 988 1854 1022 ὄνομα
1878 990 1948 1012 τοῦτο

1150 1029 1225 1057 οὐδὲν
1252 1031 1316 1067 ὑπὲρ
1342 1032 1388 1061 τὰς
1414 1030 1506 1061 λοιπὰς
1527 1032 1574 1062 τὰς
1606 1031 1755 1067 θεοπρεπεῖς
1773 1033 1949 1067 προσηγορίας

1149 1076 1294 1112 πρωτεύει,
1323 1076 1380 1110 ὅτε,
1405 1076 1489 1105 καθὼς
1513 1077 1629 1112 εἴρηται,
1658 1077 1704 1101 καὶ
1729 1075 1771 1102 ἐπὶ
1798 1080 1846 1102 τῶν
1869 1074 1949 1112 ἀπεμ-

1151 1121 1288 1156 φαινόντων
1311 1120 1455 1156 ὁμωνύμως
1468 1119 1600 1156 λεγόμενον
1626 1120 1787 1156 εὑρισκομεν.
1812 1122 1847 1146 Τὸ
1863 1118 1893 1147 δὲ
1906 1124 1950 1146 τοῦ

1151 1163 1227 1200 ἁγίου
1252 1166 1341 1200 ονομα,
1357 1166 1402 1190 καὶ
1428 1168 1475 1190 τοῦ
1501 1163 1643 1201 ἀφθάρτου,
1660 1166 1705 1190 καὶ
1728 1167 1774 1190 τοῦ
1799 1164 1892 1199 εὐθέος,
1906 1168 1950 1190 καὶ

1150 1212 1195 1235 τοῦ
1206 1208 1316 1244 ἀγαθοῦ)
1328 1207 1447 1245 οὐδαμοῦ
1462 1210 1686 1244 κοινοποιούμενον
1697 1209 1802 1245 πρὸςτὰ
1812 1211 1849 1245 μὴ
1862 1207 1951 1235 δέοντα

1150 1255 1223 1290 παρὰ
1249 1258 1294 1284 τῆς
1320 1257 1423 1290 Γραφῆς
1448 1251 1643 1290 ἐδιδάχθημεν.
1661 1253 1772 1286 Οὐκοῦν,
1798 1253 1819 1280 τί
1849 1254 1874 1280 ἓν
1900 1258 1951 1284 τοῖς

1152 1297 1286 1336 ἐξαιρέτως
1300 1298 1343 1324 ἐπὶ
1358 1300 1438 1334 μόνης
1452 1302 1500 1329 τῆς
1517 1299 1585 1328 θείας
1610 1299 1711 1334 φύσεως
1726 1297 1836 1328 εὐσεϐῶς
1849 1298 1952 1334 ληομὲς

1151 1353 1204 1373 νοις
1215 1343 1325 1379 ὀνόμασι
1339 1342 1468 1369 κοινωνεῖν
1483 1344 1512 1368 τὸ
1530 1342 1604 1378 ἅγιον
1620 1346 1726 1378 Πνεῦμα
1739 1343 1805 1379 πρὸς
1828 1344 1870 1368 τὸν
1894 1345 1951 1370 Υἰὸν

1151 1389 1256 1414 καὶτὸν
1271 1389 1373 1424 Πατέρα
1392 1387 1440 1413 οὐκ
1464 1386 1638 1423 ἀντιλέγουσι,
1664 1389 1704 1418 τίς
1728 1387 1741 1412 ὁ
1764 1386 1848 1423 λόγος,
1872 1389 1952 1424 τούτῳ

1152 1434 1220 1468 μόνῳ
1249 1431 1454 1462 κατασκευάζειν
1479 1431 1651 1460 ἀκοινώνητον
1677 1429 1752 1466 εἶναι,
1782 1430 1812 1458 οὗ
1837 1435 1951 1468 μιτέχειν

1152 1475 1274 1512 ἐδείχθη,
1289 1477 1358 1502 κατὰ
1371 1485 1429 1502 τινα
1447 1477 1582 1512 ὁμώνυμον
1602 1479 1704 1513 χρῆσιν
1716 1478 1761 1502 καὶ
1774 1477 1809 1502 τὰ
1831 1475 1952 1513 δαιμόνια

1152 1523 1198 1547 καὶ
1212 1522 1246 1547 τὰ
1259 1519 1358 1547 εἴδωλα
1370 1528 1378 1553 ;

1189 1611 1215 1637 ϐ.
1250 1609 1329 1636 Ἀλλὰ
1354 1609 1461 1645 λέγουσι
1490 1610 1590 1646 φύσεως
1615 1607 1776 1638 ἐνδεικτικὴν
1805 1609 1872 1636 εἶναι
1905 1612 1949 1639 τήν

1152 1657 1331 1691 προσηγορίαι
1370 1655 1484 1682 ταύτην·
1528 1652 1700 1683 ἀκοινώνητον
1733 1652 1763 1680 δε
1790 1654 1856 1680 εἶναι
1892 1657 1950 1690 πρὸς

1153 1701 1257 1735 Πατέρα
1284 1701 1329 1725 καὶ
1357 1699 1414 1725 Υὶὸν
1433 1700 1479 1727 τὴν
1495 1702 1539 1724 τοῦ
1566 1700 1716 1734 Πνεύματος
1735 1700 1824 1734 φύσιν,
1845 1701 1890 1725 καὶ
1911 1697 1952 1724 διὰ

1152 1747 1229 1769 τοῦτο
1244 1741 1313 1779 μηδὲ
1328 1747 1376 1773 τῆς
1401 1743 1468 1769 κατὰ
1487 1745 1517 1768 τὸ
1541 1744 1622 1779 ὄνομα
1648 1746 1723 1769 τοῦτο
1744 1746 1881 1774 κοινωνίας
1895 1753 1952 1780 μετ-

1154 1790 1236 1823 έχειν.
1261 1787 1362 1814 Οὐκοῦν
1393 1785 1566 1820 δειξάτωσαν,
1581 1785 1628 1813 διὰ
1647 1790 1721 1814 τίνων
1745 1790 1774 1814 τὸ
1797 1792 1845 1819 τῆς
1860 1790 1954 1824 φύσεως

1153 1832 1366 1869 παρηλλαγμένον
1391 1831 1549 1868 ἐπέγνωσαν.
1576 1832 1607 1858 Ei
1635 1834 1680 1868 μὲν
1708 1833 1757 1869 γὰρ
1785 1831 1815 1861 ἦν
1847 1831 1955 1859 δυνατὸν

1155 1877 1235 1906 αὐτὴν
1262 1877 1298 1912 ἐφ’
1324 1877 1420 1907 ἑαυτῆς
1441 1879 1487 1906 τὴν
1517 1877 1586 1903 θείαν
1616 1878 1693 1913 φύσιν
1718 1877 1892 1914 θεωρηθῆναι,
1915 1880 1955 1903 καὶ

1154 1924 1223 1948 τότε
1238 1921 1339 1952 οἰκείως
1361 1923 1423 1957 ἔχον
1447 1923 1493 1947 καὶ
1521 1923 1550 1947 τὸ
1578 1921 1718 1959 ἀλλοτρίως
1745 1920 1792 1948 διὰ
1810 1926 1860 1948 τῶν
1876 1932 1956 1958 φαινο-

1156 1968 1235 2003 μένων
1262 1967 1354 2002 εὑρεῖν,
1385 1965 1432 1991 οὐκ
1460 1965 1488 1991 ἂν
1517 1966 1620 1997 πάντως
1656 1964 1799 2002 ἐδεήθημεν
1827 1966 1910 2002 λόγων
1941 1967 1952 1995 ἲ)

1156 2012 1301 2048 τεκμηρίων
1325 2010 1415 2048 ἑτέρων
1450 2013 1515 2047 πρός
1542 2013 1589 2039 τὴν
1622 2013 1668 2036 τοῦ
1693 2011 1854 2047 ζητουμένου
1883 2013 1954 2038 κατά-

1157 2055 1235 2091 ληψιν
1248 2066 1254 2071 ·
1272 2053 1362 2083 ἐπειδή
1380 2053 1410 2080 δὲ
1425 2055 1440 2083 ἡ
1467 2056 1512 2090 μεν
1537 2054 1685 2091 ὑψηλοτέρα
1705 2059 1752 2086 τῆς
1767 2059 1818 2081 τῶν
1835 2056 1955 2092 ζητουμέ-

1158 2110 1205 2126 νων
1234 2099 1290 2126 ἑστὶ
1316 2101 1505 2133 κατανοήσεως,
1527 2100 1555 2125 ἐκ
1580 2098 1610 2125 δὲ
1633 2102 1777 2136 τεκμηρίων
1802 2105 1879 2126 τινῶν
1902 2103 1955 2136 περί

1158 2148 1208 2170 τῶν
1223 2143 1415 2180 ὃιαφευγόντων
1435 2146 1481 2172 τὴν
1507 2146 1604 2179 γνὼιτὶν
1624 2144 1660 2180 (5)
1687 2145 1760 2180 ἡμῶν
1784 2144 1954 2180 λογιζόμεθα*

1159 2188 1257 2224 ἀνάγκη
1286 2192 1360 2214 πᾶσα
1385 2186 1432 2214 διὰ
1459 2193 1508 2214 τῶν
1533 2188 1662 2225 ἐνεργειῶν
1690 2189 1758 2225 ἡμᾶς
1787 2193 1955 2226 χειραγωγεῖ-

277 2241 350 2268 turea
361 2240 633 2276 investigationem.
651 2242 754 2277 Itaque
771 2241 794 2268 si
805 2241 970 2268 viderimus
981 2242 1057 2269 inter
1072 2250 1099 2273 se

1161 2234 1223 2259 σθαι
1243 2234 1307 2270 πρὸς
1335 2235 1382 2261 τὴν
1408 2237 1456 2263 τῆς
1484 2233 1552 2264 θείας
1582 2234 1682 2268 φύσεως
1711 2235 1825 2269 ἔρευναν.
1849 2234 1955 2265 Οὔκουν,

1163 2278 1181 2285 ,.
1230 2276 1259 2285 ,εει
1360 2275 1370 2285 ε.
1470 2278 1474 2285 ι
1557 2276 1626 2285 ...α
1711 2279 1716 2285 .
1767 2277 1772 2282 ρ
1854 2281 1858 2285 .
1934 2279 1938 2284 .

278 2284 397 2313 diﬂ'erre
408 2285 607 2321 operationes,
623 2293 691 2321 quae
703 2293 721 2312 a
737 2286 821 2313 Patre
834 2287 862 2313 et
877 2285 947 2313 Filio
957 2288 985 2313 et
996 2286 1105 2322 Spiritu

279 2331 385 2357 sancto
399 2329 486 2361 ﬁunt,
502 2332 626 2358 naturas
639 2329 740 2362 etiam,
751 2337 820 2365 quae
840 2333 1013 2365 operantur,
1028 2331 1106 2359 inter

321 2420 344 2438 ⁸⁷
355 2421 412 2449 Jer.
424 2427 450 2454 x,
466 2421 507 2448 tt.
545 2420 570 2438 ⁵⁸
580 2419 656 2448 Psal.
667 2427 729 2455 xcv,
745 2422 771 2448 5.
809 2420 833 2438 ⁵⁸
849 2421 939 2455 lReg.
952 2429 1049 2457 xxvm,
1062 2423 1106 2451 t3.

322 2510 360 2545 (4)
375 2512 416 2544 Τῷ
435 2508 525 2537 Σαούλ,
549 2509 594 2537 Sic
614 2508 812 2545 emendamus
824 2516 881 2544 ope
895 2509 1007 2537 codicis
1020 2510 1107 2538 Medi-

285 2546 350 2580 caei,
366 2545 448 2581 quod
463 2553 556 2581 prave
571 2545 600 2572 in
617 2544 702 2581 editis
716 2544 872 2581 legebatur
889 2547 931 2570 τὸν
953 2546 1044 2575 Σαούλ,
1058 2547 1108 2574 de-

283 2580 417 2610 mutcéns
439 2580 570 2610 Sdulem.
587 2580 708 2608 Videtur
722 2580 802 2607 hunc
816 2580 916 2608 locum
940 2581 1108 2610 admodum

283 2617 469 2652 negligenter
485 2617 596 2652 legisse
611 2616 770 2648 Scultetus,
785 2616 858 2652 dum
875 2619 959 2652 putat
973 2618 1108 2644 animam

284 2625 469 2652 negligenter
485 2625 512 2645 1e
535 2625 596 2644 1358
611 2625 770 2648 δουιιειυδ,
786 2625 858 2643 uum
875 2625 959 2652 putat
973 2625 1108 2644 animam

284 2653 432 2682 Samuelis
445 2653 502 2681 hoc
515 2625 589 2680 Eioco
603 2654 759 2679 evocatam
774 2651 841 2679 dici.
860 2652 942 2680 Unde
955 2652 1109 2681 concludit

282 2689 362 2717 hanc
375 2689 554 2728 sententiam
563 2695 701 2728 pugnare
714 2695 783 2728 cum
797 2687 913 2728 iisquae
924 2688 1063 2728 leguntur
1077 2689 1108 2728 in

283 2725 501 2752 commentario
512 2725 543 2751 in
557 2724 669 2751 Isaiam
685 2731 714 2750 n.
729 2725 791 2757 218,
811 2723 863 2750 ubi
880 2724 921 2750 sic
935 2724 1041 2756 legitur
1056 2732 1062 2751 :
1078 2724 1106 2750 Ἡ

283 2758 493 2797 ἕγγᾳστρίμυθος
503 2763 538 2794 τῷ
554 2759 634 2785 Σαοὺλ
650 2757 696 2785 διὰ
709 2763 745 2797 τῷ
769 2758 898 2797 ὁὶαιμόνων
913 2758 1047 2795 ἀνήγγειλε
1059 2762 1106 2788 τὴν

328 2794 425 2822 λουσαν
448 2796 537 2825 ἧτταν.
565 2797 687 2831 Δαίμονες
710 2796 759 2831 γὰρ
775 2794 842 2825 ἦσαν
858 2796 882 2820 οἱ
902 2797 1106 2831 κατασχηματί-

303 2805 425 2822 (Mona-auo
448 2805 537 2825 ητταν.
565 2805 687 2831 Δαιμονες
710 2805 759 2831 γαρ
775 2805 842 2825 ησαν
858 2805 882 2820 οι
902 2805 1106 2831 κατασχηματι-

282 2805 366 2862 gown;
381 2831 488 2862 ἑαυτοὺς
498 2831 531 2862 εἰς
545 2833 575 2857 τὸ
590 2835 635 2858 τοῦ
648 2830 769 2867 Σαμουὴλ
788 2833 938 2867 πρόσωπον.
960 2831 1107 2859 Ventrito-

280 2874 341 2903 qua
359 2866 448 2895 Sauli
464 2875 519 2903 per
539 2866 688 2897 (temones
704 2866 874 2896 enuntiavit
886 2867 1028 2902 futuram
1046 2867 1105 2896 cla-

1160 2278 1200 2304 ἐὰν
1230 2276 1326 2314 ἴδωμεν
1354 2275 1528 2314 διαφερούσας
1552 2276 1666 2306 ἀλλήλων
1689 2279 1736 2308 τὰς
1762 2277 1890 2316 ἐνεργείας
1914 2279 1955 2307 τὰς

1159 2322 1231 2358 παρὰ
1246 2325 1291 2347 τοῦ
1305 2323 1409 2359 Πατρός
1423 2323 1468 2348 καὶ
1493 2325 1540 2347 τοῦ
1563 2323 1625 2348 Υιοῡ
1651 2323 1757 2348 καὶτοῦ
1781 2321 1858 2358 ἁγίου
1882 2323 1953 2348 [ler-

1161 2420 1185 2438 ⁶⁰
1200 2421 1287 2448 Num.
1304 2427 1368 2453 χχιι,
1388 2422 1418 2448 t9
1430 2427 1514 2456 seqq.

1162 2510 1238 2537 dem.
1263 2510 1361 2537 Erant
1381 2509 1459 2537 enim
1481 2509 1628 2537 daemones
1644 2508 1704 2544 qui
1725 2508 1889 2537 induerant
1904 2508 1949 2536 Sa-

1162 2546 1268 2573 muelis
1289 2552 1460 2579 personam.
1492 2546 1558 2572 Haec
1582 2543 1715 2580 profecto
1735 2551 1798 2571 non
1822 2544 1950 2580 pugnant

1163 2589 1231 2617 cum
1245 2580 1291 2608 his
1306 2589 1374 2616 quae
1389 2581 1418 2617 in
1435 2581 1492 2608 hac
1505 2579 1640 2617 epistola,
1653 2579 1803 2617 leguntur.
1820 2579 1893 2607 Nam
1909 2581 1949 2617 Ba-

1163 2616 1244 2643 silius
1268 2614 1328 2643 non
1353 2616 1449 2643 solum
1479 2614 1539 2643 non
1560 2614 1637 2642 dicit
1653 2615 1788 2642 animam
1814 2614 1948 2643 Samuelis

1162 2659 1229 2679 vere
1245 2651 1439 2687 apparuisse;
1457 2651 1510 2679 sed
1524 2651 1615 2678 etiam
1630 2658 1691 2678 non
1707 2650 1834 2678 obscure
1849 2649 1949 2687 indicat

1162 2687 1315 2715 daemones
1330 2687 1386 2714 sub
1399 2687 1569 2714 animarum
1587 2686 1686 2722 specie
1700 2689 1843 2722 evocatos
1857 2686 1948 2713 fuisse.

1162 2723 1270 2750 Probat
1282 2723 1361 2750 enim
1376 2723 1433 2750 hoc
1452 2723 1518 2750 loco
1541 2721 1591 2758 Dei
1605 2721 1725 2758 nomen
1749 2721 1780 2758 in
1807 2722 1949 2758 Scriptura

1161 2758 1233 2794 ipsis
1246 2758 1336 2786 etiam
1351 2758 1502 2785 interdum
1522 2757 1611 2794 tribui
1626 2757 1785 2784 daemoniis
1799 2765 1806 2794 _:
1824 2757 1947 2794 atquein

1160 2792 1241 2822 Hunc
1268 2797 1356 2821 usum
1383 2794 1506 2821 adhibet
1529 2793 1714 2828 pythonissge
1741 2792 1945 2828 testimonium,

1160 2801 1241 2822 nunc
1268 2801 1356 2821 usum
1383 2801 1506 2821 aamoet
1551 2801 1714 2828 ymonlssaa
1741 2801 1781 2819 tes

1159 2837 1228 2866 qure
1241 2832 1380 2857 evocatas
1395 2829 1512 2866 animas
1522 2801 1595 2856 deos
1610 2827 1781 2866 app_el_l_a_vit.

1195 2867 1236 2901 (5)
1248 2867 1301 2895 Τὴν
1315 2869 1420 2902 γνῶσιν.
1437 2865 1480 2893 Ita
1493 2872 1568 2893 mss.
1581 2862 1644 2892 sex}
1653 2862 1736 2892 'Editi
1745 2864 1860 2899 μνήμην.
