1984 3147
41 159 86 187 693

493 157 736 186 EPISTOLARUM
756 154 895 185 CLASSIS
914 156 947 183 ll.
972 155 1082 184 EPIST.
1104 156 1254 185 CLXXXlX.

1661 158 1713 185 694

41 230 117 256 ματος
141 219 332 257 ἓνεργονμένας,
363 217 508 255 διαφόρους
533 218 598 245 εἶναι
616 221 661 245 καὶ
690 220 736 249 τὰς
762 217 832 255 ἐνερ-

912 224 919 243 s
946 217 1117 246 differentes
1142 226 1216 252 esse,
1246 226 1282 247 ex
1306 217 1516 254 operationum
1540 217 1713 247 diversitate

40 266 132 301 γούσας
173 265 263 300 φύσεις
298 263 325 289 ἐκ
358 267 406 295 τῆς
437 264 586 300 ἱτερότητος
618 269 668 290 τῶν
704 264 832 301 ἐνεργειῶν

42 310 225 345 στοχασάμεθα
243 310 288 342 (ὃ).
315 307 385 335 Οὐδὲ
415 310 467 346 γὰρ
495 307 630 345 ἐνδέχεται
648 311 682 335 τὰ
702 307 833 335 διεστῶτα

40 356 100 381 κατὰ
123 356 168 381 τόν
191 358 242 384 τῆς
262 355 360 390 φύσεως
389 355 462 389 Λόγον
482 356 545 391 πρὸς
579 356 608 380 τὸ
637 358 686 379 τῶν
702 353 831 391 ἐνεργειῶν

41 397 100 428 εἶδος
126 398 248 429 ἀλλήλοις
271 399 459 433 συνενεχθῆναι
472 409 478 414 ·
492 401 530 433 (7)
546 400 604 424 οὔτε
626 398 710 434 ψύχει
722 400 751 424 τὸ
767 401 829 435 πῦρ,

41 445 91 470 οὒτε
112 444 246 479 θερμαίνει
271 443 284 469 ὁ
310 442 485 480 κρύσταλλος·
517 443 580 469 ἀλλὰ
603 447 634 479 τῇ
660 447 709 469 τῶν
732 443 831 478 φύσεων

41 486 146 524 διαφορᾴ
175 486 437 524 συνδιαχωρίζονται
461 487 505 514 ἀπ’
526 487 640 517 ἀλλήλων
659 490 703 514 καὶ
719 487 746 513 αἱ
760 487 832 523 παρὰ

41 534 127 558 τούτων
148 532 285 569 ἇνέργιιαι.
324 532 384 558 Ἐὰν
408 530 437 558 δε
468 535 530 568 μίαν
556 535 688 568 νοήσωμεν
719 534 766 560 τὴν
791 531 829 567 (8)

40 576 155 613 ἐνέργειαν
176 578 281 613 Πατρός
309 586 336 603 τε
362 579 406 603 καὶ
432 578 494 604 Υἱοῦ
517 579 562 604 καὶ
583 579 731 613 ῐῖνεύματος
744 576 828 612 ἁγίου,

39 621 58 646 ἰν
71 619 161 657 μηδενὶ
174 620 353 659 διαφέρουσάν
372 631 398 647 τι
413 622 428 652 ἣ
457 621 694 658 παραλλάσσουσαν
706 630 713 636 '
730 620 829 656 ἀνάγκη

38 668 216 701 τῇταντότητι
245 670 291 697 τῆς
316 665 442 703 ἐνεργείας
463 668 492 692 τὸ
515 667 642 703 ἡνωμένον
668 670 716 697 τῆς
730 666 830 702 φύσεως

41 709 245 746 συλλογίζεσθαι·

66 755 89 781 7.
110 754 240 791 Ἀγιάζει,
270 757 315 782 καὶ
340 755 472 790 ζωοποιεῖ,
501 758 546 782 καὶ
557 755 672 792 φωτίζει,
687 757 732 782 καὶ
742 765 828 793 παρα-

41 799 110 833 καλεῖ,
143 803 189 827 καὶ
220 801 308 827 πάντα
340 801 373 826 τὰ
398 805 517 834 τοιαῦτα,
533 801 628 837 ὁμοίως
650 801 663 827 ὀ
679 803 769 838 Πατὴρ
784 802 830 827 καὶ

40 844 114 875 ὀΥὶός
133 848 179 871 καὶ
196 847 226 871 τὸ
248 848 354 882 Πνεῦμα
377 847 406 871 τὸ
439 846 526 881 ἅγιον,
546 848 595 872 Καὶ
610 843 706 882 μηδεὶς
715 845 772 871 κατ’
788 846 828 876 ἐξ·

40 891 126 925 αἰρετον
155 889 306 926 ἀπονεμέτω
329 894 361 926 τῇ
390 889 504 927 ἆνεργείᾳ
533 894 579 916 τοῦ
606 891 751 926 Πνεὺματος
784 892 828 919 τὴν
843 896 865 923 Β

39 932 184 969 ἁγιαστιχὴν
199 934 334 969 ἐξουσίαν,
360 934 475 965 ἀκούσας
498 938 543 961 τοῦ
563 938 679 972 Σωτῆρος
693 934 717 960 ἐν
732 938 768 969 τῷ
781 934 830 960 Εὐ-

39 978 137 1015 αγγελίῳ
154 981 214 1016 περὶ
232 983 284 1005 τῶν
307 980 431 1015 μαθητῶν
441 981 506 1016 πρὸς
521 981 565 1005 τὸν
576 981 678 1017 Πατέρα
691 979 804 1015 λέγοντος
820 989 826 996 ·

40 1024 121 1060 Πάτερ,
148 1024 263 1060 ἁγίασον
288 1024 383 1055 αὐτοὺς
407 1024 430 1050 ἄν
458 1028 495 1060 τῷ
519 1024 626 1060 ὀνοματί
654 1034 710 1051 σου.
735 1024 829 1050 Ὡσαύ-

40 1077 79 1098 τως
93 1067 120 1095 δε
131 1072 175 1095 καὶ
188 1071 222 1095 τὰ
231 1069 300 1095 ἄλλα
313 1070 398 1095 πάντα
413 1071 480 1095 κατὰ
494 1071 523 1095 τὸ
539 1071 596 1096 ἴσον
617 1069 756 1106 ἐνεργεῖται
773 1072 828 1100 τοῖς

41 1111 110 1144 ἀξίοις
121 1115 193 1151 παρὰ
206 1118 256 1140 τοῦ
272 1116 374 1151 Πατρός
396 1123 422 1140 τε
437 1116 482 1140 καὶ
496 1118 542 1140 τοῦ
557 1115 619 1141 Υἱοῡ
633 1116 677 1140 καὶ
689 1118 735 1140 τοῦ
751 1114 827 1149 ἁγίου

42 1159 186 1193 Πνεύματος-
218 1161 296 1185 πᾶσα
319 1159 400 1195 χάρις
429 1161 474 1184 καὶ
509 1157 629 1195 δύναμις,
657 1157 793 1194 ἡόὸηγία,
810 1159 825 1188 ἡ

42 1201 95 1234 ζωή,
121 1203 134 1232 ἡ
161 1203 341 1241 παράκλησις,
370 1204 384 1232 ἡ
413 1205 478 1240 πρὸς
493 1205 522 1229 τὸ
538 1204 665 1229 ἀθάνατον
687 1202 827 1240 μεταϐολὴ,

42 1246 52 1274 ἢ
76 1247 109 1277 εἰς
143 1247 289 1286 ἐλευθερίαν
319 1248 493 1284 μετάστασις,
519 1250 564 1274 καὶ
586 1249 608 1274 εἷ
634 1257 659 1274 τι
678 1248 738 1274 ἄλλο
758 1247 828 1274 ἐστὶν

42 1288 135 1325 ἀγαθὸν,
162 1293 175 1318 ὅ
199 1294 297 1329 μέχρις
318 1293 392 1328 ἡμῶν
413 1293 451 1328 (9)
479 1292 639 1319 καταϐαίνει.
662 1292 691 1318 Ἦ
722 1291 752 1318 δί
765 1293 828 1329 ὑπὲρ

42 1334 97 1370 ἡμᾶς
115 1336 259 1373 οἰκονομία,
284 1337 309 1363 ἓν
335 1346 362 1363 τε
391 1340 421 1373 τῇ
447 1341 525 1373 νοητῇ
550 1339 634 1363 κτίσει
662 1339 706 1363 καὶ
733 1341 764 1373 τῇ
786 1337 829 1362 αὶ-

44 1380 127 1416 σθητῇ,
148 1383 205 1407 εἴτι
214 1383 273 1418 χρὴ
295 1380 343 1408 διὰ
352 1386 402 1407 τῶν
419 1383 617 1418 γινωσκομένων
637 1382 699 1417 ἡμῖν
714 1383 830 1417 καὶπερὶ

45 1428 85 1449 τῶν
109 1425 297 1463 ὑπερκειμένων
320 1426 513 1462 στοχάζεσθαι,
541 1424 603 1453 οὐδὲ
631 1426 697 1456 αὐτὴ
722 1430 771 1458 τῆς
784 1430 830 1452 τοῦ

45 1467 107 1503 ἁγίου
130 1470 184 1506 (l0)
212 1472 363 1507 Πνεὺματος
389 1471 517 1509 ἐνεργείας
551 1473 595 1497 κοιὶ
625 1469 757 1507 δυνάμεως
784 1471 831 1502 ἔξω

43 1514 196 1549 ueternum,
225 1516 341 1542 ἕκαστον
373 1515 442 1542 κατά
467 1518 514 1545 τὴν
538 1514 608 1542 ἰδίαν
638 1515 712 1547 ἀξίαν
740 1525 767 1542 τε
785 1518 831 1543 καὶ

45 1561 124 1604 ζριίαν
145 1564 191 1590 τῆς
219 1560 343 1597 ὡφελείας
369 1560 619 1596 μεταλαμϐάνοντος,
645 1560 674 1587 Εἰ
705 1561 756 1596 γὰρ
785 1563 830 1587 καὶ
846 1576 866 1604 C

46 1600 128 1635 ὶδηλος
154 1609 184 1641 τῇ
211 1606 340 1634 αἰσθήσει
359 1609 390 1642 τῇ
415 1607 528 1643 ἡμετέρᾳ
549 1606 564 1634 ἠ
579 1607 637 1641 περὶ
653 1609 703 1631 τῶν
718 1605 771 1631 ἅνω
783 1609 832 1636 τῆς

46 1647 154 1686 ἡμετέρας
183 1652 288 1686 φύσεως
315 1648 437 1682 διάταξίς
456 1651 514 1685 (ll)
549 1659 576 1677 τι
608 1652 654 1676 καὶ
687 1648 828 1683 διοίκησις,

45 1691 101 1726 ὅμως
122 1693 148 1719 ἐκ
172 1699 220 1726 τῆς
237 1694 396 1725 ἀκολουθίας
422 1693 591 1732 εὐλογώτερον
613 1695 644 1720 ἄν
659 1704 696 1724 τις
709 1695 831 1721 σύνθοιτο

46 1732 83 1761 διὰ
103 1741 149 1764 τῶν
174 1740 236 1775 ἡμῖν
258 1741 395 1775 γνωρίμων
425 1739 527 1776 ίνεργόν
548 1737 613 1765 εἶναι
626 1741 671 1765 καὶ
682 1738 720 1765 ἐπ’
729 1738 830 1765 ἐκείνων

45 1781 83 1808 τὴν
104 1786 146 1808 τοῦ
168 1785 317 1820 ιῐνεύματος
347 1782 469 1820 δύναμιν,
498 1783 513 1813 ἣ
545 1782 721 1815 ἀπεξενῶσθαι
744 1783 830 1814 τῆςέν

47 1827 91 1855 τοῖς
118 1827 308 1865 ὑπερκειμένοις
341 1828 500 1865 οἰκονομίας.
528 1827 557 1854 ⁸0
585 1829 630 1865 μὲν
663 1829 714 1864 γὰρ
748 1829 828 1855 ἐκεῖνο

47 1866 112 1903 λέγων
131 1871 207 1906 ψιλὴν
235 1874 284 1899 καὶ
307 1872 486 1899 ἀκατάσκευον
510 1874 557 1901 τὴν
582 1872 753 1909 βλασφημίαν
763 1883 828 1910 προ-

49 1911 150 1942 ϐάλλεται
176 1918 243 1952 (12),
275 1915 362 1943 οὐδενὶ
385 1916 504 1954 λογισμῷ
541 1917 744 1948 κατασκευάζων
781 1919 828 1946 τὴν

49 1954 158 1986 ἀτοπίαν
190 1963 203 1988 ὁ
218 1961 249 1989 δὲ
266 1963 446 1998 συντιθέμενος
469 1964 514 1988 καὶ
535 1963 568 1988 τὰ
588 1962 651 1999 ὑπὲρ
672 1963 740 1998 ἡμᾶς
764 1963 829 1998 μετὰ

51 2002 136 2039 Πατρός
159 2008 201 2032 καὶ
226 2007 291 2034 Υίοῡ
313 2010 344 2042 τῇ
374 2005 484 2043 δυνάμει
507 2010 553 2032 τοῦ
574 2007 720 2042 ῐῐνεὺματος
732 2006 829 2032 οἰκονο-

50 2048 150 2081 μεῖσθαι,
177 2049 280 2088 ἐναργεί
309 2053 442 2087 τεκμηρίῳ
461 2055 497 2086 τῷ
516 2052 584 2077 κατὰ
611 2053 658 2080 τὴν
677 2049 747 2077 ἰδίαν
758 2051 828 2081 ζωήν

50 2088 221 2130 ἕπεριιδόμενος
241 2097 302 2133 περὶ
325 2097 420 2122 τούτων
447 2094 656 2133 διισχυρίζεται.
691 2095 791 2122 Οὐκοῦν
811 2096 825 2125 ἡ

50 2138 87 2165 τῆς
107 2136 223 2175 ἐνεργείας
251 2143 381 2171 ταυτότης
404 2139 446 2167 ἐπὶ
475 2143 576 2176 Πατρός
593 2150 619 2167 τε
642 2143 687 2167 καὶ
707 2142 768 2167 Υἱοῡ
783 2142 828 2166 καὶ

51 2180 177 2216 nmmo;
208 2185 285 2221 ἁγίου
323 2183 443 2211 δείκνυσι
475 2189 562 2221 σαφῶς
595 2187 624 2211 τὸ
657 2190 702 2215 τῆς
728 2187 828 2221 φύσεως

51 2221 236 2261 ἀπαράλλακτον.
279 2229 369 2263 Ὥστε,
396 2229 443 2256 κᾶν
482 2231 559 2266 φύσιν
585 2232 700 2267 σημαίνῃ
726 2231 754 2256 τὸ
781 2234 828 2261 τῆς

52 2267 151 2302 θεότητος
175 2275 265 2311 ἄνομα,
290 2277 383 2311 κυρίως
407 2277 452 2302 καὶ
478 2279 514 2310 τῷ
544 2275 610 2311 ἁγίῳ
635 2276 766 2310 Πνεύματι
780 2277 827 2304 τὴν

51 2320 208 2354 προσηγορίαν
245 2319 439 2357 ἐφαρμόζεσθαι
466 2320 563 2349 ταύτην
601 2321 615 2349 ἠ
649 2324 695 2351 τῆς
725 2319 828 2355 [οὐσίας

51 2361 152 2393 κοινότης
170 2365 324 2392 συντίθεται.

845 2253 866 2281 Ι)

82 2458 88 2476 ¹
105 2460 183 2492 Joan.
202 2473 271 2502 xm,
293 2468 336 2495 t7.

83 2559 115 2605 is)
133 2567 322 2605 Στοχασόμεθα.
349 2568 396 2598 Sic
412 2568 654 2605 remendavimus
671 2576 713 2605 rex
740 2569 826 2603 Greg.

146 2593 226 2637 qna
235 2593 828 2640 Ἐὲὲίῖίιῖὲάῖὧὶιῖιῖιῖέ’ὦξῖιίῦτοῖίὲιξῗζ

85 2667 116 2700 (7)
133 2670 197 2700 Vide
211 2675 350 2703 addenda
357 2697 364 2703 .

85 2703 188 2748 Ἐὰν
216 2708 330 2748 δὲημίαν
352 2714 489 2748 νοήσωμεν
516 2714 572 2739 τήν.
666 2710 830 2748 .lifedicteus

58 2736 137 2782 εὲάει
149 2749 213 2773 cum
225 2736 317 2775 omni
333 2736 398 2775 aliis
409 2736 451 2775 et
465 2736 551 2782 Creg'.
567 2736 654 2774 ‘Editi
666 2736 831 2777 ’ἰὲὸᾷἑὶξοῧᾷ

59 2773 105 2799 τήν.

62 2808 333 2882 del:2"?neéﬂdiiditi
359 2818 476 2846 addunt
498 2821 548 2845 τῶν
564 2817 719 2859 ανθρώπων,
748 2817 832 2854 quod

257 2861 330 2882 nemo
345 2855 375 2882 et
387 2856 517 2882 quatuor
531 2853 596 2882 alus
606 2856 635 2882 et
647 2854 732 2882 Grec.
745 2855 830 2882 sts.

257 2855 330 2882 ἰοωο
345 2855 375 2883 et
387 2856 517 2890 quatuor
531 2853 596 2883 aliis
606 2853 635 2883 et
647 2854 732 2889 Greg.
745 2853 830 2890 Nyss.

886 262 1090 297 conjiciemus.
1116 265 1215 299 Neque
1239 263 1318 291 enim
1334 263 1398 290 ﬁeri
1413 265 1520 299 potest,
1533 265 1565 290 ut
1578 271 1646 299 quae
1661 271 1713 291 na-

887 308 960 334 turae
980 308 1094 336 ratione
1118 308 1300 344 discrepant,
1328 308 1359 335 in
1388 308 1486 335 forma
1501 308 1712 343 operationum

885 352 963 380 inter
985 360 1015 380 se
1040 353 1252 381 consentiant:
1269 361 1323 381 nec
1345 353 1423 387 ignis
1450 353 1623 388 refrigescit,
1655 361 1711 381 nec

886 397 994 432 glacies
1011 398 1162 432 calefacit;
1191 398 1244 426 sed
1266 407 1336 426 cum
1352 400 1528 426 naturarum
1544 398 1712 426 differentia

886 442 975 470 simul
989 443 1079 470 etiam
1093 443 1169 470 inter
1196 451 1226 471 se
1249 443 1421 478 discrepant
1435 451 1502 478 quae
1515 442 1554 470 ab
1566 442 1622 470 illis
1635 442 1712 471 ﬁunt

885 487 1086 522 operationes.
1118 487 1147 516 Si
1171 489 1272 516 autem
1299 495 1393 514 unam
1422 486 1654 515 intellexerimus
1682 488 1711 515 et

885 531 978 559 Patris
993 534 1021 559 et
1036 531 1097 559 Filii
1109 534 1137 559 et
1153 532 1278 568 Spiritus
1294 532 1387 560 sancti
1405 531 1620 567 Operationem,
1637 531 1711 559 nihil

884 575 915 604 in
930 576 990 604 ulla
1001 584 1032 604 re
1048 575 1234 604 differentem
1254 579 1304 604 aut
1326 576 1508 609 variantem;
1532 583 1653 604 necesse
1667 580 1711 604 est

885 629 920 649 ex
935 621 1116 657 operationis
1131 621 1284 650 identitate
1305 622 1452 650 unitatem
1469 620 1566 656 colligi
1582 622 1708 649 naturas.

917 757 943 783 7.
965 754 1145 789 Sanctiﬁcat,
1173 756 1201 783 et
1223 755 1364 788 viviﬁcat,
1379 757 1407 783 et
1422 754 1582 789 illuminat,
1598 756 1626 782 et
1640 761 1710 783 con-

883 799 1005 834 solatur,
1027 803 1055 828 et
1067 800 1171 828 omnia
1182 800 1332 835 ejusmodi
1347 800 1457 837 pariter
1476 800 1547 828 facit
1561 800 1657 834 Pater,
1682 801 1711 828 et

883 845 982 879 Filius,
991 847 1019 873 et
1033 845 1160 881 Spiritus
1173 848 1307 873 sanctus.
1316 846 1373 873 Nec
1381 846 1544 881 quisquam
1558 844 1710 880 praecipue

882 889 994 918 tribuat
1020 890 1140 926 Spiritui
1165 892 1269 918 sancto
1293 892 1472 926 potestatem
1490 888 1708 924 sanctiﬁcandi,

883 942 952 962 cum
967 934 1071 962 audiat
1087 934 1272 962 Salvator-em
1285 935 1316 962 in
1332 934 1493 969 Evangelia
1507 933 1544 962 de
1554 933 1710 969 discipulis

882 978 1031 1007 dicentem
1052 979 1129 1006 Patri
1145 987 1151 1006 :
1169 979 1269 1013 Pater,
1296 979 1453 1013 sanctiﬁca
1479 986 1526 1006 eos
1546 979 1576 1006 in
1591 979 1710 1006 nomine

883 1025 933 1050 tuo
947 1024 980 1050 9'.
1000 1023 1139 1051 Similiter
1164 1026 1265 1051 autem
1281 1024 1309 1051 et
1322 1023 1438 1059 reliqua
1453 1023 1556 1051 omnia
1571 1030 1607 1050 ex
1621 1030 1709 1058 aequo

881 1070 1066 1104 peraguntur
1082 1068 1111 1095 in
1127 1068 1163 1095 iis
1187 1068 1238 1104 qui
1262 1067 1346 1104 digni
1361 1070 1440 1102 sunt,
1457 1068 1570 1095 aPatre
1583 1070 1613 1095 et
1627 1067 1709 1102 Filio,

882 1115 910 1140 et
927 1112 1038 1148 Spiritu
1063 1115 1187 1140 sancto:
1204 1112 1303 1140 omnis
1315 1112 1411 1147 gratia
1432 1114 1460 1140 et
1473 1112 1578 1145 virtus,
1590 1111 1709 1144 ductus,

881 1157 950 1185 vita.
968 1157 1146 1191 consolatio,
1162 1157 1201 1185 ad
1216 1157 1471 1185 immortalitatem
1487 1156 1709 1187 transmutatio,

882 1202 1025 1230 transitus
1042 1202 1080 1230 ad
1095 1202 1274 1233 libertatem,
1284 1203 1312 1229 et
1323 1201 1427 1238 siquid
1439 1201 1519 1229 aliud
1531 1201 1616 1235 boni,
1628 1200 1712 1236 quod

883 1246 923 1274 ad
935 1254 990 1274 nos
1004 1254 1101 1282 usque
1125 1242 1285 1282 pertingat.
1317 1246 1499 1274 (Economia
1515 1245 1630 1280 itidem,
1643 1253 1713 1281 qua:

883 1298 976 1326 supra
1003 1299 1061 1318 nos
1087 1293 1141 1323 est,
1171 1291 1233 1318 sive
1260 1291 1300 1318 ad
1328 1290 1510 1326 spiritualem
1521 1290 1584 1318 sive
1594 1290 1633 1318 ad
1648 1297 1713 1318 sen-

884 1335 1001 1363 sibilem
1023 1338 1192 1363 creaturam
1224 1338 1346 1372 spectet,
1369 1335 1393 1363 si
1408 1343 1442 1363 ex
1453 1335 1490 1363 iis
1503 1342 1573 1371 qua:
1585 1342 1714 1369 cognos-

885 1379 993 1412 cimus,
1007 1380 1097 1407 etiam
1113 1380 1150 1407 de
1162 1379 1196 1407 iis
1213 1388 1281 1416 quae
1292 1387 1384 1415 supra
1396 1387 1453 1407 nos
1466 1382 1536 1407 sunt
1555 1379 1714 1414 conjicien-

885 1425 970 1458 dum,
985 1432 1023 1452 ne
1039 1425 1104 1461 ipsa
1119 1424 1244 1460 quidem
1259 1425 1332 1452 citra
1361 1424 1486 1460 Spiritus
1501 1424 1596 1452 sancti
1608 1431 1714 1460 opera-

885 1470 995 1498 tionem
1025 1477 1061 1497 ac
1086 1469 1226 1497 virtutem
1245 1469 1410 1502 constituit,
1444 1475 1630 1504 unoquoque
1657 1475 1713 1504 pro

885 1515 1007 1552 propria
1033 1514 1177 1550 dignitate
1203 1517 1232 1543 et
1257 1522 1315 1542 usu
1343 1513 1523 1542 beneﬁcium
1537 1513 1712 1549 accipiente.

886 1560 944 1588 Etsi
970 1559 1049 1587 enim
1073 1559 1204 1588 obscura
1216 1562 1260 1588 est
1277 1558 1379 1587 sensui
1393 1561 1497 1586 nostro
1512 1565 1628 1593 eorum,
1645 1565 1712 1594 quas

885 1612 979 1641 supra
990 1606 1131 1632 naturam
1144 1607 1278 1633 nostram
1295 1606 1375 1638 sunt,
1391 1604 1541 1632 ordinatio
1562 1606 1590 1631 et
1604 1605 1713 1639 guber-

884 1649 977 1683 natio,
993 1651 1095 1677 tamen
1110 1649 1228 1685 aequius
1243 1649 1311 1684 quis
1340 1656 1377 1676 ex
1406 1648 1619 1676 consecutione
1631 1648 1712 1676 colli-

884 1695 935 1729 gat
949 1701 1003 1729 per
1024 1701 1060 1721 ea
1088 1701 1156 1729 quae
1180 1693 1269 1722 nobis
1298 1695 1372 1721 nota
1386 1695 1467 1726 sunt,
1483 1693 1608 1729 Spiritus
1622 1693 1712 1721 virtu-

884 1740 944 1766 tem
968 1738 1000 1766 in
1029 1738 1087 1766 illis
1111 1738 1202 1767 etiam
1231 1746 1296 1767 esse
1320 1737 1484 1771 efficacem,
1500 1746 1595 1774 quam
1615 1746 1679 1766 esse
1693 1745 1713 1766 ο,

883 1790 984 1811 rerum
1013 1790 1215 1819 supernarum
1249 1783 1467 1818 gubernatione
1497 1782 1710 1811 abalienatam.

884 1827 939 1860 Qui
953 1827 1032 1855 enim
1048 1827 1121 1855 illud
1136 1827 1216 1862 dicit,
1233 1827 1348 1855 nudam
1365 1829 1394 1855 et
1406 1827 1620 1854 inconcinnam
1631 1826 1711 1854 blas-

883 1872 1034 1908 phemiam
1050 1872 1173 1908 profert,
1199 1872 1283 1900 nulla
1311 1871 1427 1900 ratione
1446 1871 1614 1898 absurdum
1629 1879 1710 1899 com-

882 1919 1017 1945 mentum
1031 1917 1215 1946 conﬁrmans
1229 1925 1235 1944 :
1251 1917 1302 1954 qui
1319 1925 1388 1944 vero
1401 1916 1560 1944 conﬁtetur
1569 1923 1605 1943 ea
1618 1916 1708 1944 etiam

882 1969 949 1998 quae
978 1969 1070 1997 supra
1098 1969 1154 1989 nos
1180 1963 1259 1997 sunt,
1290 1970 1359 1990 cum
1375 1963 1459 1989 Patre
1473 1963 1501 1989 et
1514 1961 1586 1988 Filio
1601 1961 1709 1989 virtute

884 2006 1008 2042 Spiritus
1038 2006 1123 2041 281
1156 2006 1230 2041 regi,
1246 2006 1326 2035 claro
1349 2006 1460 2034 indicio
1481 2014 1518 2034 ex
1533 2014 1588 2034 sua
1613 2005 1708 2042 ipsius

881 2051 943 2079 vita
953 2052 1043 2078 ducto
1057 2051 1187 2084 innixus,
1212 2051 1249 2078 de
1262 2051 1307 2079 his
1323 2051 1462 2080 afﬁrmat.
1479 2053 1580 2087 Itaque
1602 2058 1708 2087 opera-

882 2095 968 2123 tionis
983 2095 1122 2123 identitas
1141 2095 1172 2122 in
1202 2097 1286 2123 Patre
1302 2098 1331 2123 et
1346 2096 1419 2124 Filio
1435 2098 1463 2124 et
1480 2096 1587 2132 Spiritu
1603 2097 1707 2124 sancto

881 2140 1038 2176 perspicue
1067 2139 1198 2167 ostendit
1226 2139 1484 2168 absolutissimam
1499 2142 1614 2168 naturae
1629 2139 1709 2167 simi-

882 2184 1048 2213 litudinem.
1067 2185 1163 2217 Quare
1187 2184 1303 2211 etiamsi
1319 2184 1482 2212 divinitatis
1495 2191 1606 2212 nomen
1618 2186 1705 2212 natu-

881 2237 946 2257 ram
961 2228 1081 2261 indicet,
1104 2228 1225 2264 proprie
1252 2230 1351 2256 tamen
1372 2228 1605 2264 appellationem
1624 2228 1706 2255 illam

881 2276 985 2302 sancto
999 2281 1120 2310 quoque
1137 2273 1257 2310 Spiritui
1267 2273 1519 2309 aptari,essentiae
1530 2272 1705 2302 communio

880 2318 1077 2348 demonstrat.

882 2567 1058 2632 lidfmtediti
1070 2569 1149 2604 ἡμᾶς.
1162 2567 1301 2604 Quinque
1319 2574 1392 2595 mss.
1418 2568 1446 2596 et
1460 2567 1545 2604 Greg.
1570 2567 1657 2604 Nyss.
1673 2568 1706 2597 ut

882 2613 912 2632 1n
939 2612 975 2632 ex
990 2612 1020 2631 ll.

882 2605 912 2634 in
927 2606 1020 2632 textu.

919 2642 973 2673 (to;
992 2641 1042 2665 Τοῦ
1067 2639 1152 2674 ἁγίου.
1170 2639 1212 2668 Ita
1227 2647 1299 2668 mss.
1323 2647 1374 2667 sex
1385 2641 1414 2668 et
1426 2640 1511 2674 Greg.
1527 2640 1614 2675 Nyss.
1631 2637 1707 2667 Editi

883 2680 928 2702 τοῦ
944 2677 1071 2709 παναγίου
1080 2695 1085 2701 .

921 2710 1127 2747 (ntemnas.
1152 2710 1197 2747 Sic
1225 2710 1366 2747 emendat
1389 2710 1590 2747 editigﬁregr
1617 2711 1707 2747 Nyss.

884 2746 967 2783 quod
982 2745 1136 2783 legebatur
1150 2746 1180 2773 in
1197 2746 1381 2783 editionibus
1396 2746 1495 2774 Basilii
1510 2744 1634 2777 διάλεξις.

922 2783 973 2818 (i2)
995 2781 1178 2818 Προβσίλλεται.
1196 2782 1239 2810 Ita
1253 2782 1372 2810 codices
1383 2790 1458 2811 mss.
1475 2784 1504 2811 et
1514 2783 1603 2818 Greg.
1621 2783 1707 2818 Nyss.

886 2817 960 2846 Editl
971 2816 1172 2855 προσϐάλλεται.
