1984 3147
58 144 104 171 697
559 139 804 170 EPISTOLARUM
823 139 965 170 CLASSIS
982 142 1016 170 ΙΙ.
1036 143 1143 171 EPIST.
1163 143 1236 171 CXC.

329 205 498 231 ΕΠΙΣΤΟΛΗ
527 195 580 234 Ριτ.
1135 205 1222 241 232
1239 204 1407 233 EPISTOLA
1426 203 1512 232 cxc'.

57 253 295 286 Amphilochium
308 252 444 281 admonet
464 254 594 281 Basilius
609 253 645 281 de
659 253 776 280 ratione
790 255 818 280 et
833 252 919 280 modo
935 253 1122 288 episcopatus
1137 255 1169 282 in
1186 255 1322 282 Ecclesia
1341 253 1515 281 Isaurorum
1530 251 1719 288 restituendi.

92 290 161 317 Tum
185 292 292 316 narrat
305 296 334 316 se
347 296 415 316 cum
431 289 553 322 Georgio
572 289 751 316 collocutum
766 295 826 316 esse
838 290 865 315 el
878 288 918 315 ad
939 289 1090 317 Valerium
1104 291 1265 324 scripsisse.
1278 293 1310 317 ut
1322 288 1552 323 Amphilochius
1565 287 1725 315 mandave-

89 328 144 352 rat.
161 325 292 352 Breviter
305 325 394 352 etiam
411 325 447 352 de
459 325 544 352 rebus
554 325 697 360 Nyssenis
711 324 784 351 etde
794 325 984 352 inimicowm
1000 326 1214 353 molitionibus.
1224 326 1357 353 Philonis
1364 325 1400 352 de
1414 331 1527 351 manna
1535 326 1722 360 sententiam,

88 363 113 388 et
126 360 292 394 Scriptura;
303 360 340 387 de
350 361 488 388 curribus
499 359 667 388 Pharaonis
682 360 881 388 testimonium
902 361 1025 394 exponit
1038 369 1043 388 :
1056 366 1082 389 et
1096 364 1232 396 acceptas
1248 369 1267 389 a
1280 361 1402 396 Sympio
1420 359 1635 388 communionis
1648 359 1724 386 litte-

89 404 136 424 ras
151 399 371 424 commemorat.

230 439 393 476 ’Λμφιλοχίῳ
406 439 539 476 ἐπισκόπῳ
551 440 669 467 Ἰκονίου.
866 441 890 467 Α

1673 140 1724 168 698

1071 442 1290 476 Amphilochia,
1301 441 1436 477 episcopo
1453 439 1554 468 Iconii.

939 493 966 522 1.
986 495 1074 522 Prout
1100 495 1227 529 dignum
1253 496 1316 523 erat
1337 497 1389 522 tua
1416 492 1616 522 concinnitate
1632 499 1667 520 ac
1681 490 1724 519 di-

901 537 1034 573 ligentia,
1051 540 1137 575 cujus
1162 547 1280 575 semper
1303 547 1360 573 ego
1386 538 1534 571 laudator,
1551 536 1661 564 curasti
1676 543 1724 564 res

902 581 1039 611 Ecclesiae
1055 585 1235 612 Isaurorum.
1254 583 1328 611 Illud
1346 586 1447 611 autem
1463 581 1609 609 universis
1625 580 1726 608 utilius

902 635 976 660 esse,
990 631 1022 656 ut
1038 629 1067 656 in
1082 629 1182 664 plures
1198 629 1357 664 episcopos
1372 627 1524 655 dividatur
1545 625 1724 657 sollicitudo,

901 679 957 699 sua
972 675 1079 708 sponte
1096 673 1291 701 manifestum
1314 673 1421 708 cuique
1434 679 1500 699 esse
1522 671 1660 699 arbitror.
1676 671 1727 697 Ne-

901 724 960 752 que
976 717 1056 744 enim
1081 720 1164 745 tuam
1180 718 1238 745 hoc
1253 717 1446 754 prudentiam
1473 715 1544 744 latet
1558 724 1564 742 :
1582 714 1636 742 sed
1653 721 1727 749 quo-

901 761 992 789 modo
1013 770 1058 789 res
1074 770 1105 789 se
1120 762 1232 790 habeat
1258 765 1286 790 et
1305 764 1383 790 recte
1405 759 1585 793 observasti,
1597 762 1625 787 et
1638 758 1726 787 nobis

900 806 1087 840 signiﬁcasti.
1105 807 1161 835 Sed
1188 807 1260 843 quia
1286 815 1347 835 non
1370 806 1456 834 facile
1475 808 1518 834 est
1531 804 1659 841 reperire
1674 802 1727 839 qui

900 851 983 885 digni
995 851 1065 886 sint,
1082 859 1185 879 annon
1200 851 1285 884 forte,
1304 851 1377 879 dum
1393 851 1533 879 volumus
1566 857 1601 877 ex
1628 847 1726 876 multi-

900 895 1003 923 tudine
1031 896 1238 924 auctoritatem
1261 896 1384 930 habere,
1400 903 1435 924 ac
1461 895 1613 931 perﬁcere,
1628 896 1662 922 ut
1677 893 1727 921 Dei

901 935 1029 968 E'cclesia
1049 948 1067 969 a
1092 941 1230 977 pluribus
1253 941 1422 969 accuratius
1449 940 1651 975 gubernetur;
1673 938 1728 966 im-

900 985 1063 1020 prudentes
1090 986 1258 1014 doctrinam
1282 986 1323 1014 ob
1345 985 1527 1021 eorum,qui
1553 983 1726 1012 vocatifue-

901 1029 979 1063 rint,
1007 1030 1217 1065 indignitatem
1248 1030 1278 1058 in
1310 1032 1511 1066 contemptum
1531 1029 1726 1063 adducentes,

904 1074 1109 1103 indifferentia:
1122 1075 1252 1111 populos
1266 1074 1525 1103 assuefaciemus?
1536 1075 1611 1102 Nam
1622 1076 1650 1101 et
1663 1074 1726 1109 ipse

58 1120 133 1146 ὁποῖοι
149 1118 173 1145 δ’
198 1121 228 1146 οἰν
245 1120 311 1145 ὦσιν
331 1121 355 1145 οἱ
374 1124 543 1155 πριῖττώτες,
569 1123 679 1145 τοιαῦτα
693 1120 727 1150 ὡς
760 1118 801 1145 ἐπὶ
817 1120 846 1145 τὸ

926 1120 993 1154 osti,
1009 1120 1113 1156 quales
1139 1120 1197 1147 sint
1221 1120 1272 1155 qui
1287 1122 1432 1155 praesunt,
1449 1119 1521 1147 tales
1549 1118 1728 1155 plerumque

58 1163 113 1189 πολὺ
138 1166 193 1200 (23)
225 1167 271 1190 καὶ
305 1166 337 1190 τὰ
370 1164 420 1193 ἢθη
453 1169 502 1190 τῶν
540 1163 692 1201 ἀρχομένων
727 1164 847 1199 γίνεσθαι

923 1168 1050 1192 teorum
1069 1164 1121 1200 qui
1146 1166 1253 1200 parent
1277 1172 1376 1192 mores
1405 1171 1470 1192 esse
1499 1163 1604 1191 solere.
1621 1163 1730 1195 Quam-

59 1209 143 1235 εἴωθεν.
157 1213 237 1235 Ὥστε
265 1210 340 1244 τάχα
365 1207 466 1244 βέλτιον
488 1209 532 1234 ἕνα
557 1210 615 1234 τινὰ
641 1207 760 1244 δόκιμον,
778 1209 846 1245 εἰπερ

923 1210 1006 1237 brem
1022 1209 1097 1237 forte
1111 1209 1204 1236 satius
1218 1211 1296 1236 esset
1310 1216 1405 1236 unum
1421 1208 1552 1244 aliquem
1565 1207 1728 1243 probatum

58 1256 96 1279 xui
120 1258 192 1280 τοῦτο
214 1251 320 1291 ῥᾴδιον,
340 1253 518 1290 προϐαλέσθαι
547 1258 594 1284 τῆς
613 1253 708 1284 πόλεως
728 1254 847 1289 προστά-

923 1257 929 1283 t
945 1256 1125 1291 spectatum,
1141 1254 1166 1281 si
1181 1256 1209 1282 et
1221 1253 1252 1281 id
1268 1253 1352 1281 facile
1368 1253 1431 1281 fieri
1455 1255 1563 1289 potest,
1576 1252 1728 1289 praeﬁcere

59 1306 108 1332 την,
121 1300 163 1324 xui.
188 1297 329 1334 ἐπιτρέψαι
341 1301 377 1332 τῷ
397 1299 493 1324 ἐκείνου
519 1296 632 1333 κινδύνῳ
655 1298 848 1333 οἰκονομεῖσθαι

923 1299 1022 1331 ivitati,
1038 1298 1126 1334 eique
1137 1298 1323 1326 committere
1341 1297 1460 1332 singula
1474 1306 1530 1325 suo
1544 1297 1638 1333 ipsius
1654 1297 1729 1332 peri-

59 1344 86 1367 τὰ
101 1343 156 1368 καθ’
184 1344 305 1369 ἕκαστον
340 1345 416 1378 μόνον
436 1341 508 1379 ἔάνῇ
529 1353 567 1373 τις
587 1341 678 1372 δοῦλος
710 1346 786 1377 Θιοιῖ⁷
803 1341 847 1379 ἔρ-

923 1343 970 1371 υΙο
984 1342 1193 1378 dispensanda
1209 1350 1216 1369 :
1230 1344 1347 1370 tantum
1372 1342 1422 1370 Dei
1446 1349 1551 1370 servus
1565 1341 1611 1376 sit,
1625 1348 1729 1378 operas

60 1388 132 1421 Ἱάτης
155 1387 375 1423 ἀνεπαίσχυντος,
390 1390 426 1423 μὴ
462 1391 566 1413 σκοπῶν
591 1389 620 1413 τὸ
649 1387 761 1422 ἑαυτοῦ,
784 1386 849 1412 ἀλλὰ

923 1390 964 1415 ius
977 1395 1039 1415 non
1068 1394 1160 1423 prave
1179 1386 1307 1422 pudens,
1323 1393 1384 1414 non
1400 1386 1471 1419 suis,
1484 1386 1534 1413 sed
1565 1385 1729 1413 multorum

60 1432 84 1456 τὸ
106 1436 152 1457 τῶν
171 1432 281 1466 πολλῶν,
310 1432 352 1458 ἵνα
377 1432 505 1458 σωθῶσιν·
533 1432 568 1466 ὃς,
594 1431 636 1457 ἐὰν
668 1430 725 1467 εἰδῇ
758 1431 848 1458 ἑαυτὸν

923 1434 1032 1461 ttentus
1054 1431 1232 1466 commodis,
1248 1435 1280 1459 ut
1294 1431 1421 1459 salutem
1437 1431 1646 1466 adipiscantur
1658 1439 1664 1457 :
1676 1430 1729 1466 qui

62 1479 199 1513 μικρότερον
228 1478 294 1513 πρὸς
319 1478 365 1505 τὴν
395 1474 530 1514 φροντίδα,
563 1476 745 1513 προσλήψεται
774 1475 849 1513 ἐργά-

923 1468 968 1505 Γέο
983 1477 1047 1513 ipse
1062 1476 1176 1504 noverit
1195 1477 1342 1512 imparem
1365 1475 1567 1508 sollicitudini,
1585 1475 1730 1510 adjunget

62 1529 99 1550 τας
122 1521 155 1551 εἰς
182 1523 223 1547 τόν
258 1522 395 1557 θερισμόν.
425 1520 484 1547 Ἐὰν
508 1519 552 1547 οὖν
578 1521 690 1558 εὕρωμεν
722 1525 848 1556 τοιοῦτον,

923 1521 960 1549 ibi
975 1521 1130 1557 operarios
1142 1520 1180 1548 ad
1192 1528 1332 1548 messem.
1346 1520 1374 1547 Si
1387 1528 1478 1557 quem
1494 1527 1566 1555 ergo
1579 1519 1729 1554 ejusmodi

62 1564 166 1601 ὁμολογῶ
193 1565 293 1592 πολλῶν
322 1564 440 1596 ἀντάξιον
470 1563 534 1591 εἶναι
557 1567 600 1592 τὸν
629 1565 680 1600 ἕνα,
709 1568 754 1591 καὶ
791 1569 849 1596 ταῖς

923 1565 1105 1599 Πειιὶἃωιιε,
1119 1564 1213 1592 fateor
1229 1564 1392 1592 multorum
1416 1564 1511 1592 instar
1539 1572 1633 1592 unum
1653 1571 1728 1597 esse,

61 1609 216 1641 Ἐχκλησίαις
240 1610 462 1646 λυσιτελέστερον.
482 1613 527 1636 xui.
560 1611 623 1647 ἡμῖν
652 1609 681 1636 δὴ
708 1609 848 1636 ἀκινδυνό-

923 1619 939 1638 c
953 1609 1090 1638 Ecclesiis
1105 1609 1205 1637 utilius
1220 1617 1284 1636 esse
1300 1611 1328 1637 et
1338 1609 1425 1637 nobis
1439 1609 1540 1644 tutius,
1557 1609 1599 1636 sic
1609 1608 1729 1636 anima-

63 1662 133 1689 τερον²
161 1657 239 1685 οὕτως
272 1655 446 1691 οἰκονομῆσαι
473 1659 523 1680 τῶν
551 1655 648 1691 ψυχῶν
672 1657 720 1684 τὴν
757 1654 848 1691 ἐπιμέ-

923 1663 972 1683 um
983 1662 1087 1682 curam
1102 1654 1294 1691 dispensare.
1311 1654 1397 1687 Quod
1414 1654 1438 1682 si
1452 1653 1483 1681 id
1494 1662 1555 1682 non
1566 1653 1666 1688 facile,
1680 1653 1730 1682 de-

63 1697 132 1724 λειαν.
147 1699 204 1726 Ἐὰν
224 1698 254 1726 δὴ
273 1703 351 1725 τοῦτο
375 1701 411 1735 μὴ
436 1697 558 1736 ῥᾴδιονῇ
574 1701 640 1734 (24),
659 1697 763 1728 σπουδή
777 1701 848 1735 ’νενέ-

923 1707 971 1727 ιυς
992 1699 1123 1735 primum
1149 1706 1285 1735 operam,
1301 1701 1333 1726 ut
1355 1698 1456 1734 parvis
1483 1698 1652 1726 civitatibus
1667 1698 1730 1726 sive

67 1745 113 1769 σθω
129 1745 188 1780 ἡμῖν
211 1747 337 1782 πρότερον
364 1747 418 1777 (25)
442 1748 500 1775 ταῖς
537 1744 758 1781 μικροπολιτείαις
791 1746 849 1774 ἤτοι

925 1744 1003 1772 arvis
1018 1744 1103 1780 pagis
1116 1743 1181 1779 jam
1196 1743 1268 1771 olim
1283 1742 1489 1779 episcopalem
1501 1743 1604 1770 sedem
1616 1742 1730 1770 haben-

65 1792 241 1826 μικροκωμίαις
283 1792 341 1820 ταῖς
369 1788 396 1815 ἔκ
422 1789 534 1815 παλαιοῦ
567 1788 715 1815 ἐπισκόπων
760 1790 848 1825 θρόνον

926 1788 983 1816 bus
997 1788 1104 1816 demus
1120 1787 1317 1824 praepositos;
1333 1795 1368 1815 ac
1385 1789 1448 1815 tum
1462 1787 1586 1815 demum
1602 1786 1731 1815 civitatis

66 1831 176 1867 ἐχούσαις
203 1832 297 1861 δοῦναι
329 1835 388 1864 τοὺς
421 1836 636 1870 προϊσταμένους
657 1836 701 1860 καὶ
729 1843 787 1860 τοτα
804 1835 848 1860 τὸν

923 1834 1097 1861 estituemus
1108 1832 1298 1868 episcopum,
1308 1840 1345 1859 ne
1356 1832 1431 1860 forte
1447 1831 1533 1859 nobis
1544 1831 1582 1858 ad
1597 1831 1730 1859 futuram

66 1880 106 1907 τῆς
123 1878 212 1909 πόλεως
240 1878 423 1914 ἀναστήσομεν
439 1879 506 1913 (26),
516 1879 616 1914 μήποτε
636 1876 761 1914 ἐμπόδιον
786 1879 848 1914 ἡμῖν

926 1878 1045 1913 einceps
1059 1877 1261 1905 oeconomiam
1276 1876 1385 1911 obstet,
1395 1876 1448 1912 qui
1463 1875 1618 1904 ordinatus
1630 1875 1729 1909 fuerit,

67 1923 120 1956 πρὸς
138 1925 181 1951 τὴν
204 1924 270 1959 μετὰ
300 1926 384 1949 ταῦτα
410 1923 559 1959 οἰκονομίαν
584 1925 692 1958 ’γένηται
707 1922 849 1960 όπροϐαλ-

925 1930 940 1950 c
955 1922 1056 1950 statim
1086 1920 1267 1957 incipiamus
1288 1920 1367 1948 bello
1391 1919 1557 1948 domestico
1580 1919 1728 1954 laborare,

67 1963 159 2000 λομενος
185 1967 251 2003 (27),
271 1968 317 1993 καὶ
341 1967 414 1996 εὐθὺς
441 1966 577 2004 ἀρξώμεθα
603 1967 678 2003 ἡμεῖς
705 1970 756 1997 τοῖς
783 1967 849 1993 οἶκοι

928 1974 978 1994 um
1009 1966 1146 2001 pluribus
1171 1973 1300 2001 praeesse
1325 1965 1395 1998 vult,
1411 1973 1467 1992 nec
1491 1964 1639 1992 consentit
1652 1964 1730 1992 ordi-

905 2010 1018 2039 nationi
1041 2010 1263 2046 episcoporum.
1279 2009 1365 2043 Quod
1385 2009 1408 2037 si
1433 2010 1490 2037 hoc
1514 2016 1604 2044 grave
1632 2009 1728 2044 fuerit,

905 2063 960 2084 nec
972 2062 1026 2091 per
1041 2057 1160 2090 tempus
1173 2054 1270 2088 liceat,
1282 2054 1312 2082 id
1323 2056 1374 2082 tua
1384 2054 1544 2091 prudentia
1558 2053 1730 2082 faciendum

91 498 112 522 1.
132 495 223 526 ’Δξίως
252 498 297 525 τῆς
327 499 436 521 σεαυτοῦ
450 495 507 529 (19)
523 495 654 531 ἐμμελείας
688 496 733 520 καὶ
768 503 849 520 σπου-

58 538 109 571 δῆς,
125 540 154 570 ἧς
170 539 209 565 ἀεὶ
234 538 365 569 ἐπαινέτης
393 539 445 575 εἰμὶ
474 539 532 575 ἐγὼ,
546 538 720 576 ἐμερὶμνησας
732 539 765 564 τὰ
790 541 848 574 περὶ

57 589 96 614 τῆς
111 583 267 613 Ἐκκλησίας
282 583 407 620 Ἰσαῧρων
424 585 489 617 (20).
508 583 568 610 Ὀτι
587 585 631 620 μὲν
647 582 690 609 οὖν
711 586 748 618 τῷ
772 584 848 608 παντὶ

56 627 256 665 λυσιτελέστερον
281 626 311 656 ἧν
337 628 372 658 εἰς
420 628 538 658 πλείονας
575 627 734 658 ἐπισχοπους
767 636 847 653 κατα-

57 669 211 708 διαιρεθῆναι
226 674 274 701 τήν
303 674 438 708 μέριμναν,
456 673 562 698 αὐτόθεν
593 671 658 698 εἶναι
687 670 765 701 δῆλον
802 673 848 696 καί

55 719 84 750 τῷ
97 718 202 752 τυχόντι
224 717 334 752 νομίζω·
351 715 413 743 οὐδὲ
432 718 481 753 γὰρ
502 719 548 746 τὴν
576 719 624 746 σὴν
640 717 743 742 σύνεσιν
770 719 846 742 τοῦτο

55 760 130 786 flues-4
145 783 151 794 ,
181 760 236 786 ἀλλ’
263 763 297 792 ὡς
321 763 378 797 ἔχει
404 763 450 787 xui.
476 761 631 798 ἐπεσημὴνω
656 761 741 791 καλῶς
757 782 764 796 ,
800 762 845 786 καὶ

57 806 185 841 ἐγνώρισας
214 806 288 842 ἡμῖν’
314 805 368 832 ἐπεὶ
407 804 436 832 δὲ
469 808 523 840 (2t)
555 806 602 832 οὐχ
635 805 736 831 εὔκολον
764 805 846 842 εὑρεῖν

57 848 143 887 ἑλδρας
159 849 255 886 ἀξίους,
279 853 368 887 μήπου
389 853 447 886 (22)
467 851 513 881 ἓως
533 850 681 887 βουλόμεθα
699 851 728 876 τὸ
759 849 787 875 ix
800 853 845 875 τοῦ

57 894 157 925 πλήθους
182 894 335 926 ἀξιόπιστον
364 897 444 931 ἔχειν,
476 898 520 921 καὶ
549 896 598 921 ὑπό
626 895 744 921 πλειόνων
774 893 846 931 ἐαρι-

58 938 164 976 ϐέστερον
179 944 262 967 ποιεῖν
286 943 331 970 τὴν
343 941 498 969 Ἐκκλησίαν
532 944 577 966 τοῦ
606 943 675 966 Θεοῦ
704 940 846 975 οἰκονομεῖ-

59 985 121 1014 σθαι.
136 985 251 1021 λάθωμεν
281 984 328 1011 διὰ
353 987 381 1011 τὸ
407 990 457 1011 τῶν
486 985 646 1021 καλουμένων
667 983 793 1020 ἀδόκιμον
811 984 846 1015 ιὶς

59 1028 171 1056 ἀτέλειαν
197 1032 241 1056 τὸν
270 1029 347 1065 λόγον
372 1029 570 1063 καταϐαλόντες,
587 1028 744 1066 ἀδιαφορίας
777 1029 847 1065 μελί-

58 1083 98 1103 την
127 1079 180 1106 τοῖς
204 1075 277 1106 λαοῖς
305 1074 437 1111 ἐμποιεῐνς
456 1073 538 1105 Οἶδας
555 1076 606 1111 ’γὰρ
626 1077 671 1100 καὶ
703 1075 791 1107 αὐτὸς,
808 1074 847 1100 ὃτι

68 2009 180 2046 πολεμεῖν,
194 2010 240 2038 διὰ
254 2013 284 2038 τὸ
304 2011 425 2037 πλειόνων
455 2011 596 2047 βούλεσθαι
622 2012 724 2048 ἄρχειν·
742 2014 786 2038 καὶ
813 2014 848 2048 μὴ

68 2053 234 2092 καταδέχηται
258 2058 304 2086 τὰς
331 2058 496 2092 χειροτονίας
522 2060 572 2082 τῶν
606 2055 764 2083 ἐπισκόπων.
793 2056 851 2082 Ἐὰν

100 2127 149 2161 (19)
167 2130 217 2158 Τῆς
231 2130 351 2154 σεαυτοῦ.
369 2126 463 2155 Editio
485 2126 620 2155 secunda
633 2127 808 2155 Parisiensis
824 2129 852 2155 et

70 2162 193 2189 nonnulli
207 2171 276 2191 mss.
294 2167 342 2193 τῆς
357 2162 458 2189 ἑαυτοῦ.

101 2199 147 2230 (20,
167 2198 299 2235 ’1σαύρων.
331 2200 389 2226 Hoc
411 2198 565 2230 negotium
586 2198 644 2235 diu
666 2200 851 2235 protractum

72 2234 194 2269 astutam
209 2233 330 2262 Basilius
343 2241 423 2262 anno
432 2236 482 2261 375
494 2235 523 2261 in
538 2233 675 2261 Pisidiam
689 2233 850 2269 profectus,

72 2268 334 2305 utepiscopos,cum
346 2269 555 2305 Amphilochio
564 2270 620 2297 hac
633 2269 670 2296 de
684 2268 774 2297 causa
783 2278 852 2297 con-

73 2306 204 2337 gregatos,
221 2305 344 2333 consilio
366 2313 401 2332 ac
421 2306 567 2333 sententia
578 2305 770 2340 suajuvaret.
788 2307 850 2340 Ipse

73 2339 182 2367 testatur
194 2341 222 2368 iu
245 2341 331 2376 epist.
346 2341 408 2371 2t6,
426 2340 544 2368 venisse
559 2349 590 2369 se
606 2339 647 2368 in’
659 2339 807 2374 Pisidiam;
820 2344 852 2368 ut

73 2379 132 2400 cum
146 2376 287 2412 episcopis
310 2376 388 2404 illius
409 2376 571 2412 provinciae
598 2384 634 2404 ea
648 2376 848 2412 constitueret,

906 2126 1040 2164 epistolae
1050 2125 1190 2164 verba,ut
1201 2126 1376 2164 Isaurorum
1383 2127 1518 2164 episcopo
1525 2133 1596 2164 suus
1605 2126 1731 2164 circum-

905 2161 1058 2191 scribatur
1069 2161 1247 2193 circulus,eo
1260 2161 1339 2196 quod
1348 2162 1512 2189 nonnullos
1526 2162 1638 2189 vicinos
1651 2161 1729 2188 ordi-

906 2202 964 2227 net.
977 2199 1016 2225 Ex
1029 2197 1074 2225 his
1087 2197 1161 2225 enim
1173 2196 1352 2232 perspicitur
1362 2204 1422 2224 non
1433 2197 1470 2223 de
1481 2196 1545 2223 solo
1557 2196 1729 2232 urbisepis-

906 2241 1058 2270 copo,non
1069 2231 1221 2270 devicihis
1230 2234 1352 2270 tantum
1363 2232 1522 2270 episcopis,
1534 2239 1611 2267 quos
1623 2231 1669 2270 ille
1681 2239 1728 2258 or-

906 2266 1094 2297 dinabatsed
1103 2268 1139 2303 de
1149 2267 1285 2303 pluribus
1296 2267 1360 2294 aliis
1371 2267 1616 2303 deliberationem
1626 2266 1727 2294 fuisse.

942 2308 994 2339 (2t)
1015 2305 1085 2330 Ἐπεὶ
1101 2302 1139 2329 δέ.
1151 2302 1203 2331 ⁷816
1222 2305 1288 2339 Heg.
1306 2303 1457 2339 secundus
1473 2305 1498 2329 et
1512 2302 1607 2339 _Coi_sl.
1625 2309 1729 2329 secun-

905 2336 971 2369 dus.
988 2340 1238 2368 Cleromontanus
1253 2336 1342 2367 ἐπειδὴ
1365 2336 1403 2365 δέ.
1420 2338 1491 2365 Editi
1508 2336 1607 2367 ἐπειδὴ.

941 2379 998 2410 (22)
1018 2379 1124 2404 Μήπου.
1142 2374 1215 2402 Editi
1228 2377 1316 2410 μήπω,
1331 2373 1415 2409 quod
1427 2373 1656 2402 emendavimus
1671 2380 1730 2409 ope

73 2415 130 2449 gate
139 2411 176 2438 ad
182 2411 291 2449 fratres
304 2411 428 2449 Isauriae
436 2413 617 2449 specta_r_il,ru
632 2413 699 2449 κατὰ
713 2413 771 2442 τοὺς
780 2411 804 2437 ἐν
817 2416 848 2449 τῇ

923 2412 990 2440 :oisl.
1005 2411 1102 2449 primi.
1119 2447 1122 2449 _
1185 2445 1192 2449 _
1208 2447 1211 2449 _
1244 2446 1265 2449 __
1458 2444 1477 2449 η
1644 2444 1660 2449 Δ.

79 2445 176 2490 ylisvpfu
190 2445 321 2488 ué‘zlpcﬁg.
338 2444 490 2490 E‘xistiniat
512 2444 715 2490 t‘illemontips
736 2455 798 2490 non
812 2444 849 2490 de

939 2444 1070 2490 ς23).”,Επὶ
1098 2447 1127 2473 τὸ
1151 2445 1226 2472 πολύ.
1243 2444 1381 2474 Nonnulli
1411 2444 1530 2472 codices
1551 2444 1730 2473 recentiores

74 2478 178 2508 Isauriae
193 2478 342 2518 provincia.
357 2483 404 2511 hic
415 2483 530 2518 agi,sed
544 2485 661 2511 tantum
673 2482 710 2510 de
723 2483 849 2515 civitate,
866 2478 888 2490 ”
905 2483 948 2510 ἐπὶ
962 2478 1039 2511 πολύ.

93 2522 132 2542 ure
140 2518 508 2554 Isaurusdicehatur.Unde
518 2519 616 2546 varias
624 2519 653 2546 in
663 2519 851 2554 conjecturas

84 2553 165 2590 exitur:
174 2553 216 2590 vel
224 2554 300 2582 enim
309 2554 469 2588 legendum
480 2562 545 2582 esse
554 2557 639 2590 putat
649 2553 672 2580 ἐν
686 2558 716 2590 τῇ
733 2555 850 2590 Ἰσαυρᾳ,

75 2584 227 2625 νςῌεεξυνὶεο
234 2584 354 2617 [ιοωίηέ
363 2590 441 2617 hanc
448 2590 502 2617 civi
508 2584 596 2617 tatem
603 2584 741 2618 vocatam
748 2584 849 2623 fuisse,

75 2622 137 2661 utin
146 2623 324 2661 Testamento
336 2627 364 2654 S.
382 2625 514 2659 Gregorii
528 2625 701 2653 Nazianzeni
717 2622 851 2661 appellaé

77 2633 137 2648 uuu
151 2633 324 2653 iesiamenio
336 2633 364 2654 δ.
382 2633 514 2659 uregoru
528 2633 701 2653 uazxanzem
717 2633 734 2652 a
759 2633 851 2661 pena-

75 2655 128 2698 tur:
140 2658 182 2698 vel
195 2659 327 2698 denique
341 2660 585 2698 Amphilochium
600 2661 680 2698 hanc
701 2633 806 2698 urbem
821 2660 852 2688 in

77 2689 180 2732 [ﬁgimus
199 2689 349 2732 provincia
373 2689 530 2729 cdllocare,
544 2697 685 2732 quamvis
712 2696 853 2724 attributa

77 2724 133 2768 ξῌω
143 2724 294 2768 provincia:
307 2734 402 2768 esset:
415 2724 676 2768 quemadmodum
689 2732 780 2760 etiam
794 2733 853 2768 leo-

80 2767 152 2806 guun
158 2765 185 2804 in
192 2765 434 2806 Pisidiacollocat'.
441 2768 577 2806 Libenter
583 2767 779 2806 amplecterer
785 2767 823 2806 do
827 2775 854 2795 c-

80 2796 234 2829 tissimiviri
255 2803 438 2840 opinionem,
457 2803 577 2832 nisime
598 2796 855 2833 delerrerenthaac

939 2520 992 2553 (24)
1015 2515 1126 2554 Ῥᾴδιον
1139 2515 1165 2553 ᾖ.
1184 2517 1230 2544 Sic
1258 2515 1487 2554 emendavimus
1505 2523 1568 2554 cpe
1580 2516 1669 2554 “Reg.
1687 2521 1731 2542 se-

906 2549 997 2582 cundi
1010 2556 1038 2581 et
1048 2549 1146 2588 'Coisl.'
1156 2552 1282 2588 secundi
1295 2552 1378 2588 quod
1394 2559 1484 2588 prave
1503 2549 1540 2579 in'
1553 2549 1730 2585 editislege-

906 2590 996 2618 batur
1009 2587 1112 2626 ρᾴόξιον,
1124 2589 1140 2626 ἡ
1155 2586 1268 2626 σπονδή.

943 2627 993 2656 (25)
1009 2623 1085 2652 'Vide
1100 2623 1258 2651 Addenda.

942 2661 999 2694 (26)
1018 2659 1221 2695 Ἀναστήσομεν.
1239 2658 1327 2687 Cois].
1343 2658 1458 2695 primus
1479 2657 1674 2695 ὰναστήσρμεν.

943 2692 1000 2731 (27)
1022 2695 1050 2722 Ὀ
1065 2692 1279 2731 προϐαλλόμενος.
1298 2692 1361 2723 Dub
1389 2703 1465 2723 mss.
1480 2692 1729 2731 6Anp06s5aniAvoc.

908 2729 973 2760 Mox
997 2729 1249 2765 Coisl.‘secundus
1265 2732 1293 2758 et
1306 2731 1376 2765 Reg.
1391 2729 1543 2758 secundus
1564 2730 1626 2760 τοὺς
1651 2729 1728 2756 οἶκοι.

908 2767 1022 2807 Ibidse
1034 2764 1361 2807 ωὲἓιξιλξιτοεδέχεεξθαιῐ

943 2803 954 2814 ¹
973 2802 1053 2832 Alias
1062 2803 1195 2831 CCCCVI.
1212 2802 1326 2838 Scripta
1345 2809 1426 2831 anno
1441 2802 1503 2830 374.
