1984 3147
225 153 277 182 699

899 149 930 178 S.
954 148 1081 177 BASlLll
1105 147 1227 177 MAGNI.

1850 145 1897 173 700

226 217 327 249 curet,
356 216 389 243 ut
417 214 680 242 circumscribatur
712 215 884 241 Isaurorum
906 212 1048 248 episcopo

1110 209 1133 237 δὲ
1159 214 1234 237 τοῦτο
1264 210 1334 248 βοιρὺ
1349 214 1376 247 ᾖ,
1398 211 1468 237 καὶό
1482 211 1576 247 χρόνος
1593 210 1627 239 μὴ
1659 208 1794 245 ἐπιτρέπῇ,
1823 206 1896 233 ἐκεῖνο

226 268 298 287 suus
311 259 450 293 circulus,
462 267 497 287 eo
512 258 596 295 quod
619 258 732 286 vicinos
755 258 906 294 quosdam
922 256 1048 285 ordinet.

227 303 384 340 Reliquum
405 305 504 331 autem
521 303 608 339 283
626 302 713 330 nobis
736 303 922 330 reservatum
942 300 1007 334 erit,
1018 302 1051 327 ut

227 348 349 384 reliquis
364 348 507 376 omnibus
522 348 682 384 episcopos
698 347 816 381 demus,
831 355 909 383 quos
920 346 1051 374 maxime

226 393 352 421 idoneos
366 393 425 428 ipsi
448 393 685 428 judicaverimus
708 391 804 420 multo
823 391 961 420 examine
975 398 1052 427 prae-

227 445 329 466 mlSSO.

261 574 289 600 2.
310 571 481 606 Georgium,
507 572 539 599 ut
561 571 657 607 pietas
684 572 736 598 tua
757 570 858 605 jussit,
887 568 1053 606 percontati

227 624 333 644 sumus
345 625 352 643 :
368 615 525 652 respondit
536 618 637 643 autem
647 623 682 643 ea
697 623 765 651 quae
785 618 836 643 tua
848 615 939 643 etiam
950 613 1054 649 religio

226 660 343 694 retulit;
360 660 413 688 sed
424 660 461 688 de
476 660 523 688 his
538 659 629 688 rebus
642 667 766 688 necesse
781 662 826 687 est
836 659 937 696 quieto
951 658 1054 686 animo

227 705 332 741 simus,
353 713 457 733 curam
485 705 596 732 domus
615 704 647 732 in
668 704 831 732 Dominum
852 703 1054 740 projicientes.

228 749 354 778 Conﬁdo
368 749 449 777 enim
464 750 522 777 Deo
550 750 666 784 sancto,
682 748 824 776 daturum
847 747 931 776 illum
949 746 1055 775 intelli-

227 793 372 829 gentiam,
387 795 420 820 ut
434 792 492 821 alio
508 793 600 821 modo
613 792 776 820 liberemur
787 800 806 820 a
815 791 1054 825 necessitatibus,

227 841 256 866 et
286 846 414 866 vacuam
445 837 588 866 molestiis
621 836 719 865 vitam'
746 844 980 873 consequamur.
995 837 1055 863 Hoc

1105 254 1283 282 σπουδασάτω
1303 257 1317 285 ἠ
1341 258 1373 285 σὴ
1401 257 1514 288 σύνεσις,
1534 258 1580 281 τοῦ
1599 258 1711 283 ποιῆσαι
1740 252 1897 289 περιγράψαι

1104 304 1140 336 τῷ
1156 300 1280 338 Ἰσαύρων
1295 303 1352 336 (28)
1368 302 1410 327 τὸν
1434 299 1503 326 ἷδιον
1536 299 1641 332 κύκλον,
1659 296 1706 324 διὰ
1725 299 1755 323 τὸ
1783 306 1896 334 χειροτο-

1104 349 1184 375 νῆσαι
1213 345 1290 371 αὑτὸν
1316 347 1474 383 προσοίκους
1501 345 1582 375 τινάς.
1616 345 1649 370 Τὸ
1680 341 1709 368 δὲ
1729 341 1819 378 ἐφεξῆς
1842 343 1898 377 ἡμῖν

1105 389 1214 425 ὑπάρξει
1242 392 1447 426 τεταμιευμένον,
1465 389 1500 419 εἰς
1519 391 1549 415 τὸ
1570 389 1638 415 κατά
1664 389 1707 413 τὸν
1736 389 1900 423 προσήιοντα

1105 436 1196 471 καιρὸν
1225 432 1318 460 δοῦναι
1345 437 1413 460 πᾶσι
1431 437 1486 465 τοῖς
1505 433 1605 464 λοιποῖς
1631 431 1801 464 ἐπισιόπους,
1819 430 1863 460 οὓς
1876 430 1901 460 οἷς

1105 479 1356 516 χυριωτέρους,(29)
1380 479 1444 504 εἶναι
1469 480 1593 515 κρίνωμεν
1620 476 1707 510 αὐτοὶ,
1735 473 1782 501 διά
1810 474 1902 504 πολλῆς

1106 522 1245 554 ἐξετάσεως
1260 521 1461 559 δοκιμάσαντες.

1141 570 1168 595 2.
1190 567 1375 604 Ἢρωτήσαμεν
1401 569 1546 604 Γεώργιον,
1572 567 1606 597 ὡς
1634 564 1762 591 ἐκέλευσεν
1787 564 1802 593 ἠ
1834 564 1902 590 Θεοσί

1107 612 1164 638 ϐειά
1180 622 1239 646 σου,
1259 614 1303 638 καὶ
1329 611 1396 639 εἶπεν
1416 611 1433 638 ἃ
1451 614 1495 637 χαὶ
1514 612 1528 640 ἠ
1552 613 1584 640 σὴ
1613 609 1732 636 εὐλάϐιια
1757 608 1900 644 ἀνήνεγκεν.

1108 656 1145 693 ἐφ’
1160 657 1197 687 οἷς
1209 655 1306 692 ἀνάγκη
1336 658 1407 693 ἡμᾶς
1433 659 1479 686 τὴν
1508 657 1626 691 ἡσυχίαν
1645 655 1727 690 ἄγειν,
1749 653 1901 690 ἐπιρῥίψαν-

1107 711 1155 733 τας
1192 702 1233 728 ἐπὶ
1259 703 1352 739 Κύριον
1378 704 1424 730 τὴν
1452 703 1577 737 μέριμναν
1606 703 1652 726 τοῦ
1685 700 1769 726 οἴκου.
1787 699 1903 725 lirari-3n

1107 747 1156 783 γὰρ
1170 750 1206 782 τῷ
1222 747 1289 782 ἁγίῳ
1313 750 1379 782 Θεῳ,
1396 746 1437 772 ὅτι
1461 743 1542 772 δώσει
1563 746 1609 770 σὺν
1633 745 1695 779 ἡμῖν
1715 743 1782 778 (30)⁷
1808 744 1870 779 πρὸς
1883 745 1905 768 τὶ

1109 791 1184 828 ἑτέρῳ
1205 793 1293 828 τρόπῳ
1323 790 1452 822 ἐξελέσθαι
1480 793 1530 816 τῶν
1555 789 1741 824 ἁναγχῶηκαὶ
1769 789 1833 823 ἡμῖν
1848 787 1904 813 ἄλυ-

1108 846 1156 862 πον
1167 836 1220 868 (31)
1236 838 1282 865 τὴν
1310 836 1379 866 ζωὴν
1405 835 1575 871 προξενῆσαι.
1593 834 1652 860 Ἐάν
1665 831 1708 860 οὖν
1724 833 1754 859 οὗ
1771 830 1837 868 δοκῇ
1853 832 1905 867 (3‘).)

227 886 305 912 certe
329 884 354 911 si
374 883 474 911 visum
496 891 558 911 non
587 883 758 919 fuerit,ipse
785 882 918 917 digneris
941 881 981 909 ad
1007 888 1048 909 ωε

1110 885 1209 914 τοῦτο,
1239 880 1318 911 αὐτὸς
1348 880 1511 911 καταξίωσον
1549 880 1742 915 ὑπομνηστικόν
1782 887 1828 912 μοι
1848 876 1905 902 ἁπο-

228 928 479 956 commentarium
495 927 621 961 mittere,
633 927 670 955 de
685 935 748 964 qua
762 929 899 963 oporteat
912 925 1055 962 dignitate

228 980 333 1000 curam
346 972 530 1008 impendere,
548 974 580 1000 ut
601 972 659 1000 hoc
679 971 858 1000 beneﬁcium
874 979 891 999 a
907 970 1055 1007 potentio-

227 1016 311 1045 ribus
333 1017 506 1053 quibusque
521 1016 626 1044 amicis
640 1016 856 1052 aggrediamur
879 1022 1053 1052 exposcere,

229 1061 290 1090 sive
306 1062 410 1096 gratis,
427 1061 489 1089 sive
513 1061 604 1089 etiam
631 1061 751 1089 modico
777 1061 882 1096 pretio,
897 1062 986 1096 prout
1001 1061 1055 1088 Do-

228 1106 330 1134 minus
357 1105 445 1134 nobis
472 1105 585 1133 faverit.
609 1105 730 1141 Scripsi,
752 1108 786 1132 ut
810 1104 988 1141 praecepisti,
1015 1103 1055 1132 ad

227 1149 350 1178 fratrem
375 1150 535 1177 Valerium.
550 1151 605 1177 Res
621 1151 762 1185 Nyssenae
778 1157 814 1177 eo
833 1149 863 1176 in
873 1151 953 1176 statu
974 1150 1053 1182 sunt,

228 1195 259 1223 in
273 1202 336 1231 quo
350 1197 437 1222 erant
450 1197 508 1222 ate
523 1193 641 1226 relictae,
657 1196 686 1222 et
701 1201 759 1230 ope
783 1196 904 1222 tuarum
930 1201 1054 1229 precum

229 1238 340 1266 cedunt
351 1238 381 1266 in
394 1237 511 1266 melius.
528 1239 638 1266 Eorum
649 1240 762 1271 autem,
779 1238 828 1274 qui
846 1240 917 1265 tunc
936 1245 954 1265 a
966 1237 1054 1265 nobis

229 1282 341 1311 abcissi
355 1285 436 1316 sunt,
448 1281 497 1310 alii
510 1281 634 1317 quidem
644 1281 683 1310 ad
696 1281 797 1310 aulam
812 1289 843 1309 se
854 1281 1054 1316 contulerunt,

230 1326 280 1355 alii
303 1334 373 1355 vero
399 1329 563 1359 remanent,
579 1326 649 1354 inde
674 1328 867 1362 expectantes
889 1334 1054 1356 rumorem.

229 1372 328 1400 Potest
341 1374 442 1399 autem
457 1371 600 1399 Dominus
614 1374 677 1399 tum
692 1371 800 1400 horum
813 1378 897 1407 spem
909 1370 1053 1405 frustrari,

229 1418 294 1445 tum
307 1415 426 1445 illorum
440 1416 571 1445 reditum
584 1416 701 1445 irritum
710 1415 846 1445 reddere.

265 1507 292 1533 3.
306 1506 415 1534 Manna
429 1505 512 1534 Philo
527 1504 682 1542 explicans
699 1505 750 1539 ait,
764 1505 844 1533 velut
858 1504 1054 1533 extraditione

1110 925 1220 958 στεῖλαι,
1244 927 1300 962 περὶ
1322 927 1391 955 τίνος
1419 926 1473 960 χρὴ
1502 923 1648 960 ἀξιώματος
1672 920 1793 952 σπουδὴν
1815 922 1905 948 εἰσενέ·

1109 971 1219 1005 χασθαι,
1238 971 1281 996 ἵνα
1306 969 1443 1006 ἀρξώμεθα
1470 968 1550 995 αἰτεῖν
1578 969 1686 994 ἕκαστον
1712 971 1762 993 τῶν
1784 966 1808 993 ἓν
1826 965 1903 993 δυνά-

1109 1025 1151 1052 μει
1180 1015 1256 1052 φίλων
1280 1016 1326 1044 τὴν
1346 1015 1427 1051 χάριν
1457 1015 1566 1047 ταύτην,
1591 1014 1641 1040 εἴτε
1665 1016 1772 1049 προῖκα,
1794 1013 1845 1038 εἴτε
1863 1021 1903 1038 χαι

1108 1061 1215 1097 μετρίου
1241 1061 1398 1095 τιμήματος,
1426 1059 1458 1088 ὡς
1491 1059 1521 1084 ἄν
1547 1059 1616 1094 ἡμᾶς
1655 1059 1747 1094 Κύριος
1777 1054 1902 1092 εὐοδώσῃ.

1109 1104 1259 1132 Ἐπέστειλα
1284 1108 1319 1139 τῷ
1341 1102 1443 1138 ἀδελφῷ
1468 1102 1600 1139 Οὐαλερίῳ
1624 1104 1690 1135 (33),
1717 1103 1752 1133 ὡς
1779 1103 1902 1139 προσέτα-

1109 1149 1162 1180 ξας.
1191 1150 1230 1175 Τὰ
1257 1150 1368 1178 Νύσσης
1391 1148 1535 1184 πράγματα
1561 1147 1638 1183 ὅμοιά
1670 1146 1728 1173 ἐστι
1747 1149 1803 1176 τοῖς
1838 1147 1904 1182 παρὰ

1108 1198 1154 1224 τῆς
1174 1198 1221 1224 σῆς
1242 1192 1384 1223 θεοσεϐιίας
1412 1191 1606 1228 καταλειφθεῖσι
1637 1192 1705 1225 (34),
1735 1193 1782 1216 καὶ
1810 1193 1903 1227 προιο-

1108 1248 1167 1265 πτει
1184 1238 1226 1264 ἐπὶ
1257 1239 1285 1264 τὸ
1313 1236 1415 1273 βέλτιον
1434 1240 1465 1273 τῇ
1496 1238 1619 1274 συνεργίᾳ
1645 1239 1694 1261 τῶν
1722 1239 1774 1262 σῶν
1799 1244 1904 1271 προσενο

1108 1287 1175 1319 χῶν.
1202 1284 1235 1309 Οἱ
1261 1284 1348 1319 μέντοι
1379 1284 1436 1308 τότε
1463 1280 1650 1319 ἀπορραγέντες
1682 1281 1755 1316 ἡμῶν
1772 1300 1781 1314 ,
1809 1281 1835 1306 ei

1108 1327 1223 1358 ἀπῆλθον
1254 1326 1295 1353 ἐπὶ
1317 1328 1346 1352 τὸ
1374 1324 1564 1364 στρατόπεδον,
1580 1326 1605 1351 οἱ
1620 1323 1649 1351 δὲ
1663 1327 1780 1361 μένουσι,
1793 1324 1848 1359 (35)
1861 1326 1903 1353 τὴν

1108 1372 1203 1399 ἐκεῖθεν
1240 1371 1405 1408 ἀναμένοντες
1438 1373 1537 1407 φήμην.
1568 1371 1679 1401 Δυνατὸς
1711 1367 1740 1395 δε
1765 1369 1778 1394 ὀ
1813 1370 1904 1405 Κύριος

1108 1419 1153 1443 χοιὶ
1171 1418 1267 1443 τούτων
1282 1420 1432 1452 ματαιῶσαι
1452 1416 1496 1446 τὰς
1523 1413 1630 1445 ἓλπίδας
1641 1435 1649 1449 ,
1673 1413 1803 1445 κάκείνοις
1827 1413 1904 1450 ἀπρα-

1108 1471 1168 1488 κτον
1180 1464 1224 1490 τὴν
1235 1459 1360 1487 ἐπάνοδον
1375 1464 1499 1490 ποιῆσαι.

1144 1508 1170 1534 3.
1190 1507 1225 1533 Τὸ
1249 1507 1332 1542 μάννα
1362 1505 1375 1531 ὁ
1408 1504 1489 1532 Φίλων
1514 1504 1658 1540 ἑρμηνεύων
1683 1503 1742 1540 ἔφη,
1767 1502 1855 1540 ὥσπερ
1880 1501 1904 1528 ὸι

229 1549 363 1586 quadam
370 1549 496 1578 Judaica
501 1550 625 1578 edoctus
632 1550 719 1582 .illius
725 1549 899 1586 qualitatem
906 1557 970 1578 esse
977 1550 1001 1585 ej
1007 1557 1048 1577 us-

1110 1549 1279 1588 παραδόσιώς
1307 1559 1376 1580 τινος
1389 1547 1540 1580 Ἰουδαῑχῆς
1567 1546 1766 1584 δεδιδαγμένος,
1784 1548 1904 1576 τοιαύτην

229 1594 367 1629 modi,ut
376 1602 430 1629 pro
444 1594 630 1622 comedentis
649 1595 798 1622 desiderio
819 1596 1002 1627 mutaretur;
1019 1603 1054 1623 ac

229 1646 283 1675 per
297 1646 329 1667 se
347 1638 471 1675 quidem
486 1647 550 1667 esse
566 1642 712 1675 tanquam
737 1639 853 1667 milium
877 1639 958 1667 melli
972 1639 1054 1668 inco-

230 1685 328 1717 ctum;
342 1690 423 1711 nunc
447 1686 547 1712 autem
566 1685 665 1720 panis,
681 1692 762 1712 nunc
781 1683 880 1713 carnis
894 1685 991 1712 vicem
1004 1692 1055 1713 ex-

229 1727 312 1764 plere
327 1727 444 1756 :carnis
460 1729 626 1761 autem,vel
638 1728 806 1757 volatilium
813 1729 860 1756 vel
872 1729 1055 1757 terrestrium

232 1771 408 1800 animalium
420 1780 427 1800 :
439 1772 532 1800 modo
543 1773 633 1801 etiam
646 1773 761 1801 olerum
780 1781 920 1808 saporem
935 1772 1055 1807 referre,

229 1815 322 1852 idque
337 1824 394 1853 pro
419 1817 659 1854 uniuscujusque
687 1817 1057 1853 desideriozpisciumiti-

231 1860 312 1896 dem,
328 1861 403 1889 adeo
419 1864 451 1889 ut
465 1861 632 1898 proprietas
651 1861 802 1898 qualitatis
817 1861 1055 1898 uniuscujusque

267 1914 324 1951 (28)
336 1917 379 1949 Τῷ
396 1914 536 1951 ξΙσαύρων.
551 1916 591 1942 Ita
608 1916 681 1951 Reg,
703 1913 853 1951 secundus
862 1916 896 1951 ret
910 1915 995 1943 Coisl.
1012 1923 1056 1944 se-

231 1950 484 1986 cundus.Editirr§i
500 1950 746 1986 ἸσαύρῳΝἱάεῖιιτ
760 1950 985 1986 ᾼωρὶιϋοοωιιε
996 1951 1055 1980 hoc

231 1986 331 2014 Basilii
353 1985 511 2013 consilium
533 1985 653 2013 secutus
676 1992 751 2018 esse,
765 1985 795 2013 id
815 1985 867 2018 e~t,
882 1987 1055 2015 Isaurorum

231 2021 470 2060 _episcoposuum
493 2020 933 2060 circulumcircumscripsisse,
948 2030 984 2060 ac
997 2022 1055 2060 sibi

228 2056 280 2092 jus
294 2056 487 2091 episcopatus
499 2056 530 2084 in
545 2056 610 2084 aliis
621 2057 789 2084 civitatibus
804 2056 977 2085 restituendi
989 2058 1055 2086 reti-

231 2091 344 2119 nuisse.
358 2092 432 2132 lflam
448 2099 517 2119 cum
538 2092 916 2132 Macedonius-principum
945 2093 1056 2132 civitati

231 2128 382 2164 praeesset,
399 2129 431 2154 ut
445 2128 623 2164 perspicitur
643 2135 679 2156 ex
702 2128 785 2156 initio
809 2128 942 2164 epistolae
965 2129 1054 2156 tertias

231 2161 409 2204 canonice";
430 2161 631 2204 cquue‘alia
650 2161 966 2204 superessentoppida
976 2164 1053 2200 epis-

230 2205 308 2235 copo
318 2197 459 2235 destituta
471 2206 478 2231 ;
495 2197 632 2234 Basilius,
647 2197 700 2235 qui
714 2207 809 2226 unum
823 2197 955 2235 aliquem
969 2207 984 2227 e
995 2197 1054 2227 suo

1109 1595 1188 1622 αὐτοῦ
1199 1594 1263 1622 εἶναι
1287 1596 1335 1624 τήν
1354 1596 1492 1627 ποιότητα,
1505 1594 1573 1620 ὥστε
1594 1594 1662 1619 κατὰ
1688 1595 1735 1621 τὴν
1764 1594 1904 1627 φαντασίαν

1109 1644 1154 1666 τοῦ
1168 1640 1296 1670 ἐσθίοντος
1319 1640 1536 1676 μετακίρνασθοιι·
1553 1641 1598 1664 χαὶ
1614 1636 1678 1664 εἶναι
1697 1639 1742 1674 μὲν
1758 1637 1819 1664 καθ’
1835 1637 1905 1664 ἑαυτὸ

1109 1685 1185 1712 οἱονεὶ
1222 1687 1335 1721 κέγχρον
1364 1683 1489 1719 εψημένον
1516 1683 1573 1719 (36)
1600 1681 1624 1708 ἓν
1653 1682 1757 1719 μέλιτι,
1783 1683 1906 1719 παρέχειν

1110 1728 1140 1756 δὲ
1153 1733 1197 1755 νῦν
1212 1731 1256 1765 μὲν
1281 1729 1373 1766 ἄρτου,
1391 1732 1434 1754 νῦν
1453 1727 1482 1755 δὲ
1510 1729 1600 1764 κρέως·
1625 1729 1670 1754 καὶ
1693 1729 1774 1758 κρέως
1793 1724 1905 1759 τοιοῦδε,

1109 1774 1124 1804 ἦ
1138 1777 1253 1800 πετεινοῦ
1269 1774 1283 1803 ἦ
1308 1775 1448 1810 χερσαίου·
1464 1775 1508 1798 νῦν
1533 1771 1563 1798 δὲ
1581 1771 1710 1808 λαχάνου,
1731 1773 1777 1797 καὶ
1791 1770 1906 1807 λαχάνου

1108 1822 1154 1845 τοῦ
1175 1819 1242 1844 κατὰ
1267 1820 1313 1847 τὴν
1338 1817 1476 1853 ἐπιθυμίαν
1500 1817 1625 1843 ἑκάστου·
1640 1818 1685 1842 καὶ
1708 1815 1812 1852 ἰχθύος,
1828 1817 1863 1846 ὡς
1880 1816 1907 1841 τὸ

1110 1861 1209 1899 ἰδίωμα
1240 1866 1284 1893 τῆς
1307 1862 1365 1888 καθ’
1394 1862 1504 1888 ἕκαστον
1528 1863 1600 1896 γένος
1630 1862 1770 1890 ποιότητος
1797 1859 1908 1897 ἀκριϐῶς

1108 1918 1208 1957 petere
1216 1914 1621 1957 statueratiitamicindomus
1630 1921 1775 1957 magnum
1784 1912 1908 1957 aliquod

1107 1949 1337 1980 incommodum
1343 1950 1588 1985 cﬂ‘ugeret.Porro
1597 1950 1627 1977 in
1633 1949 1713 1977 hunc
1721 1957 1809 1977 usum
1816 1949 1908 1985 impe-

1108 1988 1178 2015 trari
1187 1984 1470 2020 solebantcodicilli,
1485 1988 1517 2013 ut
1527 1984 1669 2017 curia,vel
1678 1985 1784 2012 saltem
1796 1984 1906 2012 duum-

1108 2023 1221 2051 viratus
1233 2025 1261 2050 et
1273 2021 1399 2050 civitatis
1422 2030 1493 2049 cura
1505 2021 1680 2049 vitarentur.
1697 2020 1794 2048 Prelio
1807 2022 1905 2047 autem

1108 2059 1283 2093 impetratos
1292 2065 1352 2085 non
1364 2061 1455 2084 modo
1465 2056 1549 2084 nulla
1563 2055 1806 2086 immunitas.sed
1817 2056 1907 2084 etiam

1108 2093 1202 2121 multa
1221 2093 1412 2121 sequebatur.
1425 2095 1456 2119 ut
1466 2093 1646 2121 perspicitur
1659 2100 1694 2119 ex
1706 2091 1779 2120 Cod.
1798 2091 1906 2119 Theod.

1108 2099 1202 2121 multa
1221 2099 1412 2123 sequebatur,
1425 2099 1456 2119 lll
1466 2099 1646 2123 Del‘SDICIIUI‘
1659 2100 1694 2119 ex
1706 2099 1779 2120 υοα.
1798 2099 1906 2119 [πέρα.

1108 2100 1202 2121 multa
1221 2100 1412 2128 sequebatur,
1425 2100 1456 2119 ur
1466 2100 1646 2155 glerspicuur
1659 2100 1694 2119 ex
1706 2100 1779 2120 υοα.
1798 2100 1812 2118 ι
1822 2100 1906 2119 neoa.

1108 2129 1158 2157 lib.
1171 2137 1209 2160 γι,
1224 2128 1266 2156 tit.
1283 2128 1376 2156 22.5ic
1388 2128 1467 2155 enim
1499 2128 1568 2155 abet
1580 2127 1625 2155 lex
1638 2127 1771 2155 secunda
1780 2127 1908 2162 impera-

1108 2165 1180 2192 toris
1194 2163 1370 2192 Constantii:
1379 2164 1419 2190 Ab
1430 2163 1592 2191 honoribus
1600 2163 1768 2191 mercandis
1779 2170 1836 2196 per
1844 2163 1906 2197 suf-

1105 2201 1221 2235 fragia,
1234 2200 1281 2227 vel
1295 2199 1427 2234 qualibet
1451 2199 1612 2235 ambitione
1632 2199 1810 2234 quaerendis,
1822 2201 1906 2226 certa

231 2233 310 2270 clero
334 2233 522 2270 promiserat,
546 2242 600 2261 nec
621 2233 690 2262 eum
706 2234 813 2262 morbo
825 2233 1012 2262 debilitatum
1027 2237 1055 2262 et
1071 2243 1092 2270 ι)
1105 2233 1205 2263 multa
1217 2233 1445 2269 prohibuilmui
1460 2234 1605 2266 addimus,
1615 2233 1647 2261 ut
1667 2235 1840 2270 quicunque
1856 2235 1906 2268 fu-

230 2269 380 2305 imparem
389 2269 614 2306 episcopalibus
627 2271 737 2298 muniis
749 2271 861 2306 factum
878 2271 994 2306 mittere
1004 2278 1055 2306 po-

230 2307 424 2341 terat,auctor_
431 2307 477 2341 est
489 2305 699 2341 Amphiloctno
714 2306 744 2333 in
754 2305 860 2333 eadem
871 2305 998 2341 epistola
1005 2305 1055 2334 ca-

229 2340 386 2380 n_onica,1_1§
399 2339 530 2380 aliquem
542 2339 577 2368 ἐκ
587 2349 689 2369 recens
696 2341 871 2380 ‘baptizatis,
884 2339 943 2380 sive
952 2342 1054 2370 Mace-

230 2375 318 2413 donio
334 2375 480 2411 videatur,
497 2377 558 2404 sive
573 2384 644 2409 non,
656 2375 832 2413 episcopum
847 2376 1017 2404 constituat.

267 2412 323 2446 (29)
338 2413 524 2451 κυριωτέρους.
541 2412 691 2451 Quamvis
705 2412 761 2451 _i_ta
784 2412 918 2451 habeant
948 2420 1054 2451 omnes

229 2454 303 2483 mss.
320 2445 512 2480 codices,'vix
537 2450 637 2476 tamen
662 2447 789 2483 dubium
807 2448 880 2483 quin
892 2447 1054 2482 legendum

231 2481 269 2510 sit
284 2484 478 2519 ιιαιριωτέρονς,
495 2486 585 2519 atque
600 2483 678 2511 hanc
697 2481 856 2511 lectionem
867 2483 899 2510 in
911 2481 1055 2519 interpre-

230 2517 459 2546 tando'secutus
475 2517 554 2546 sum.

264 2553 322 2588 (30)
336 2556 417 2580 Δώσει
433 2556 479 2580 σὺν
492 2555 564 2589 ἡμῖν.
581 2553 684 2589 Nullus
699 2561 735 2581 ex
757 2553 803 2581 his
829 2553 928 2581 verbis
947 2561 1055 2582 sensus

230 2587 361 2623 emetur,
379 2590 436 2617 nisi
454 2587 592 2624 legamus
608 2587 689 2615 δώσει
713 2590 826 2616 σύνεσιν.
843 2589 957 2617 Ibidem
985 2590 1055 2618 editi

229 2625 294 2662 πρὸς
313 2629 359 2660 τῷ,
375 2625 458 2661 quod
483 2624 716 2652 emendavimus
740 2632 797 2660 ope
821 2624 906 2653 Coisl.
919 2625 1053 2654 secundi.

229 2659 322 2696 Paulo
348 2663 416 2696 post
440 2667 546 2696 vocem
573 2661 667 2696 Κύριος
685 2660 867 2696 addidimus
893 2669 929 2688 ex
952 2662 1056 2689 codice

230 2695 380 2723 Medicae.
396 2695 516 2723 Videtur
545 2695 646 2723 autem
672 2695 724 2724 illa
750 2696 1002 2731 dignitas,‘quam
1025 2704 1056 2725 se

231 2731 320 2759 amici
331 2731 457 2767 alicujus
467 2739 560 2759 causa
574 2732 737 2767 petiturum
752 2731 898 2767 promittit
917 2731 1055 2766 Basilius,

231 2772 292 2807 non
304 2766 525 2807 administratio
537 2766 640 2807 aliqua
655 2766 763 2807 fuisse):
773 2767 827 2807 sed
838 2767 1057 2807 tantumhcodi-

231 2801 347 2830 cillaria
356 2802 562 2838 dignitaleoc
570 2801 650 2832 enim
660 2803 785 2832 consilio
792 2803 871 2832 hanc
879 2803 1057 2839 dignitatem

1107 2274 1220 2306 gzentes
1234 2271 1374 2306 obsequia
1385 2271 1549 2304 curiarum,
1560 2269 1682 2298 umbras
1689 2273 1717 2297 et
1727 2271 1851 2297 nomina
1861 2269 1905 2303 af~

1105 2305 1287 2341 fectaverint
1310 2306 1503 2341 dignitatum,
1524 2306 1654 2333 tricenas
1677 2306 1770 2333 libras
1787 2305 1907 2340 argenti

1108 2342 1223 2376 inferre
1236 2345 1394 2376 cogantur,
1418 2343 1557 2369 manente
1566 2341 1622 2369 illa
1641 2342 1801 2375 preterita
1826 2341 1905 2368 inla-

1108 2375 1188 2406 tibne
1194 2378 1264 2405 auri
1268 2375 1336 2412 [qua
1340 2380 1486 2412 perpetua
1501 2377 1560 2412 lege
1569 2377 1726 2405 constricti
1737 2375 1904 2404 sunt.Unde

1107 2414 1200 2441 miror
1210 2411 1352 2441 Basilium
1368 2412 1407 2440 ab
1417 2412 1475 2440 hac
1485 2411 1535 2440 via
1548 2411 1692 2440 tentanda
1706 2419 1769 2440 non
1780 2412 1905 2440 omnino

1108 2448 1240 2477 alienum
1249 2448 1351 2476 fuisse.
1361 2448 1417 2476 Sed
1427 2447 1501 2476 forte
1511 2448 1558 2476 has
1570 2447 1651 2482 leges
1662 2455 1724 2476 non
1737 2447 1905 2476 admodum

1108 2487 1246 2512 accurate
1261 2483 1458 2512 servabantur
1471 2483 1528 2511 sub
1543 2483 1673 2511 Valente.

1143 2521 1201 2552 (3t)
1220 2519 1343 2547 Ἀλυπον.
1355 2519 1400 2547 Sic
1415 2527 1473 2555 ope
1488 2519 1627 2547 codicum
1643 2527 1714 2546 mss.
1730 2517 1906 2547 emendavi-

1108 2563 1187 2584 mus.
1202 2555 1274 2584 Male
1288 2554 1318 2582 in
1336 2554 1421 2583 editis
1435 2554 1539 2582 ἄλυτον.

1145 2590 1201 2626 (32)
1220 2591 1258 2616 Οὐ
1270 2589 1346 2627 δοκῇ.
1362 2590 1616 2627 ϐοίειηςθοιιῐιάιιε
1627 2588 1710 2627 densi,

1144 2627 1202 2662 (33)
1223 2625 1365 2663 οὐαλερῑῳ.
1383 2626 1475 2663 Coisl.
1483 2625 1633 2663 secundus
1646 2625 1805 2663 Οὐαλλερίῳ.

1145 2663 1201 2696 (34)
1225 2661 1433 2698 Καταλειφθεῖσι.
1453 2661 1539 2690 Coisl.
1561 2662 1677 2697 primus
1706 2661 1908 2697 καταληφθεῖσι,

1109 2697 1141 2726 in
1157 2705 1188 2726 eo
1201 2701 1292 2731 statu,
1309 2697 1343 2726 in
1354 2705 1412 2731 quo
1422 2700 1509 2726 erant
1525 2705 1543 2726 a
1559 2700 1587 2725 te
1601 2698 1735 2725 inventa.

1145 2735 1203 2765 (35)
1223 2733 1294 2761 Vide
1304 2733 1460 2761 Addenda.

1146 2770 1202 2804 (36)
1221 2769 1374 2805 Ἐψημένον.
1395 2768 1532 2798 Nonnulli
1546 2768 1664 2796 codices
1678 2768 1823 2804 ἐφημένην.
