1984 3147
231 137 281 163 711

230 206 316 234 labes
332 206 427 240 attigit
447 211 580 232 :renova
598 205 695 231 vetera
724 204 844 231 Patrum
869 200 1005 235 vestigia,
1028 200 1057 226 et

231 251 398 279 dilectionis
412 258 484 284 erga
503 257 558 276 nos
578 248 785 282 fundamento,
809 246 892 283 quod
906 254 923 273 a
943 248 969 273 te
993 244 1055 279 jac-

230 298 294 324 tum
320 297 372 327 est,
396 294 435 322 da
459 301 584 329 operam
606 294 638 320 ut
664 295 855 328 superstruas
888 287 1054 325 frequentia

230 338 453 368 salutationum.
469 339 515 365 Sic
528 337 608 365 enim
622 337 786 373 poterimus
801 335 890 364 vicini
907 335 982 362 inter
997 340 1053 360 nos

229 392 295 412 esse
311 384 416 420 spiritu
432 383 548 411 etiamsi
557 382 742 410 habitatione
754 379 1053 416 terrestriplurimum

230 429 438 465 sejungamur.

265 565 291 591 2.
305 564 384 591 Tuus
397 564 496 590 autem
511 561 541 589 in
565 560 774 588 beatissimum
793 556 969 594 Dionysium
994 554 1054 590 epi-

230 615 358 643 scopum
371 607 462 635 ardor
474 605 568 633 animi
579 612 703 632 omnem
713 603 750 631 de
760 605 788 631 te
803 610 875 638 erga
891 601 1050 628 Dominum

230 659 377 682 amorem,
388 650 585 679 reverentiam
599 649 629 676 in
643 651 859 682 antecessores,
877 648 904 674 et
918 644 1052 672 studium

228 696 298 724 ﬁdei
317 698 452 724 testatur.
468 695 567 723 Animi
579 694 659 721 enim
674 700 745 727 erga
768 691 873 719 ﬁdeles
888 696 1052 719 conservos

229 741 347 769 affectio
361 741 487 769 refertur
506 739 545 767 ad
570 738 742 770 Dominum,
759 737 807 765 cui
821 736 999 768 servierunt;
1024 735 1053 761 et

227 786 365 822 quisquis
391 793 453 819 eos,
469 784 521 821 qui
539 792 594 820 pro
609 783 669 811 ﬁde
690 782 890 813 decertarunt,
914 780 1051 812 honorat,

227 831 335 859 eodem
351 838 382 857 se
397 829 467 857 ﬁdei
476 828 583 857 ardore
598 827 721 856 accendi
734 826 872 859 ostendit,
887 825 929 853 ita
944 827 976 852 ut
991 831 1051 851 una

228 876 258 903 et
283 875 388 902 eadem
407 873 484 902 actio
507 872 680 908 multiplicis
703 871 820 899 virtutis
845 868 1051 898 testimonium

227 918 347 947 habeat.
363 920 469 946 Notum
482 920 582 946 autem
598 917 726 945 facimus
740 918 797 944 tua:
812 915 842 942 in
853 914 968 942 Christo
979 913 1050 941 cha-

228 964 316 997 ritati,
330 963 461 999 optimos
480 962 596 996 fratres,
612 961 664 998 qui
683 969 702 988 a
715 963 765 988 tua
781 960 889 996 pietate
913 958 954 987 ad
978 957 1051 985 boni

227 1008 326 1044 operis
351 1007 549 1035 ministerium
570 1006 654 1034 electi
682 1005 811 1037 fuerunt,
827 1004 959 1040 primum
987 1002 1052 1038 qui-

227 1053 297 1081 dem
309 1052 360 1080 toti
375 1051 454 1080 clero
463 1051 583 1080 laudem
601 1049 779 1078 conciliasse
792 1056 911 1077 morum
925 1055 1050 1076 suorum

227 1097 441 1130 concinnitate;
468 1095 616 1132 siquidem
649 1102 705 1122 sua
729 1094 865 1130 ipsorum
901 1091 1052 1120 modestia

227 1149 420 1170 communem
427 1141 558 1169 omnium
566 1139 743 1175 gravitatem
751 1137 936 1170 indicabant;
943 1136 1051 1165 deinde

225 1194 297 1215 vero
310 1186 393 1214 omni
410 1185 509 1213 studio
526 1192 562 1212 ac
579 1184 734 1219 diligentia
748 1191 830 1216 uses,
844 1183 975 1210 hiemem
997 1181 1051 1209 im-

225 1230 359 1267 perviam
384 1237 445 1258 non
469 1229 694 1263 reformidasse,
710 1236 745 1256 ac
770 1228 854 1256 omni
881 1225 1052 1255 constantia

225 1274 364 1303 ﬁdelibus
374 1273 453 1302 beati
467 1273 602 1309 corporis
618 1272 793 1300 custodibus
811 1271 1006 1308 persuasisse,
1019 1273 1051 1299 nt

225 1319 300 1355 ipsis
325 1326 386 1346 suae
411 1319 549 1354 ipsorum
564 1317 632 1345 vitte
647 1317 821 1353 praesidium
841 1315 1048 1343 concederent.

226 1363 348 1392 Noveris
361 1365 472 1395 autem,
487 1370 644 1398 nunquam
660 1362 792 1390 futurum
806 1360 908 1394 fuisse,
924 1362 958 1388 ut
970 1360 1050 1396 prin-

227 1408 344 1444 cipatus
360 1409 412 1435 aut
426 1407 585 1434 hominum
610 1408 772 1442 potestates
791 1406 851 1433 vim
875 1403 1049 1433 hominibus

225 1452 282 1480 illis
308 1451 413 1480 afferre
440 1454 576 1487 possent;
603 1451 661 1478 nisi
675 1451 785 1479 horum
807 1450 932 1478 fratrum
956 1449 1049 1477 animi

225 1497 352 1525 ﬁrmitas
367 1504 418 1524 eos
432 1496 565 1524 ﬂexisset
586 1498 617 1523 ut
632 1495 780 1524 cederent.
798 1494 926 1522 Contulit
947 1496 1048 1521 autem

224 1542 389 1578 plurimum
400 1541 439 1570 ad
447 1543 582 1578 optatam
593 1549 657 1568 rem
670 1539 890 1568 conﬁciendam
902 1541 930 1567 et
940 1538 1050 1566 charis-

228 1587 295 1614 simi
310 1595 346 1614 ac
361 1585 575 1620 religiosissimi
590 1585 643 1612 ﬁlii
656 1584 750 1613 nostri
764 1584 896 1612 Therasii
915 1591 1049 1620 compre-

225 1631 338 1667 sbyteri
361 1630 530 1666 praesentia,
551 1629 602 1665 qui
626 1629 780 1657 laboribus
802 1628 916 1656 itineris
944 1630 1050 1664 sponte

225 1674 385 1710 susceptis,
401 1674 657 1702 vehementiorem
680 1673 814 1701 ﬁdelium
833 1673 912 1701 illius
925 1673 983 1701 loci
996 1673 1049 1700 im-

223 1721 327 1755 petum
343 1719 528 1754 compressit,
555 1720 584 1746 et
610 1726 679 1746 cum
706 1718 886 1746 reluctantes
914 1717 1049 1745 oratione

224 1771 280 1791 sua
292 1763 433 1797 ﬂexisset,
450 1771 551 1791 coram
568 1763 761 1799 presbyteris,
773 1762 919 1795 diaconis,
936 1761 1049 1789 multis-

224 1815 283 1844 que
298 1807 363 1835 aliis
381 1809 474 1835 Deum
501 1807 675 1835 timentibus
700 1806 835 1834 sublatas
855 1814 923 1834 cum
947 1805 1049 1834 debita

224 1853 390 1880 reverentia
404 1851 547 1888 reliquias
568 1851 711 1880 fratribus
726 1850 876 1878 servavit:
897 1858 975 1886 quas
993 1859 1048 1878 vos

224 1899 307 1925 tanto
323 1905 392 1925 cum
406 1897 517 1931 gaudio
533 1896 685 1932 suscipite,
696 1899 810 1931 quanto
835 1904 904 1923 cum
919 1903 1048 1923 mmrore

224 1942 373 1978 prosecuti
404 1945 472 1969 sunt
491 1941 611 1969 illarum
636 1940 785 1968 custodes.
803 1942 894 1968 Nemo
921 1940 1045 1974 dubitet,

225 1994 316 2014 nemo
326 1987 415 2021 289
439 1986 574 2021 ambigat
586 1994 592 2013 :
618 1985 666 2013 hic
674 1985 723 2013 ille
734 1988 777 2013 est
789 1985 915 2014 invictus
925 1985 1045 2014 athleta.

225 2031 299 2058 Ossa
321 2030 372 2058 illa
404 2030 488 2057 novit
509 2029 664 2065 Dominus,
692 2038 761 2066 quae
790 2038 851 2058 una
874 2039 944 2058 cum
958 2030 1048 2059 beata

224 2075 327 2103 anima
353 2075 544 2103 dimicarunt.
569 2076 636 2103 Haec
663 2083 733 2103 cum
757 2076 823 2112 ipsa
838 2076 994 2104 coronabit
1016 2076 1047 2104 in

219 2121 304 2155 justa
318 2120 367 2148 illa
381 2120 630 2148 remunerationis
649 2121 746 2157 ipsius
761 2121 819 2155 die,
832 2121 875 2149 uti
902 2121 1047 2157 scriptum

223 2166 287 2193 est:
317 2164 438 2200 Oportet
466 2172 522 2193 nos
539 2167 617 2193 stare
643 2168 712 2193 ante
735 2165 866 2193 tribunal
886 2166 1000 2199 Christi,
1017 2168 1049 2193 ut

222 2209 331 2237 referat
341 2209 549 2246 unusquisque
560 2209 727 2238 secundum
741 2218 777 2238 ea
790 2218 858 2246 quae
873 2218 927 2247 per
939 2218 1048 2246 corpus

223 2254 282 2289 egit
297 2255 330 2272 ⁵⁸·
348 2255 411 2282 Una
423 2262 492 2282 arca
508 2257 580 2287 erat,
596 2263 663 2290 qua
676 2255 882 2283 venerandum
893 2255 966 2283 illud
979 2263 1047 2283 cor-
1060 2275 1066 2280 .

224 2307 282 2335 pus
301 2300 436 2335 excepit;
451 2298 551 2327 nullus
567 2307 662 2335 prope
685 2299 785 2336 ipsum
799 2300 910 2335 jacuit;
931 2300 1047 2335 insigne

223 2343 279 2370 fuit
295 2343 470 2379 sepulcrum
486 2353 492 2377 ;
510 2344 650 2380 martyris
663 2344 763 2372 honor
777 2344 804 2371 ei
818 2344 944 2372 delatus.
970 2345 1048 2373 Chri-

224 2387 323 2420 stiani,
341 2387 393 2424 qui
405 2389 505 2424 ipsum
518 2389 650 2425 hospitio
663 2392 851 2425 exceperant,
865 2392 935 2417 tunc
946 2392 974 2418 et
985 2390 1046 2417 suis

224 2431 368 2460 manibus
383 2433 600 2470 deposuerunt,
613 2436 642 2462 et
660 2441 741 2461 nunc
756 2434 932 2461 extulerunt.
950 2434 982 2462 Hi
996 2434 1047 2462 ﬂe-

222 2479 332 2505 verunt
346 2477 471 2513 quidem
484 2480 632 2515 tanquam
643 2481 728 2514 patre
743 2480 771 2506 et
784 2480 914 2514 patrono
929 2478 1044 2508 orbati:

258 2559 282 2576 °‘
300 2558 386 2589 Rom.
403 2567 461 2595 xxv,
479 2559 565 2593 lO;ll
577 2557 643 2587 Cor.
656 2567 685 2592 ν,
699 2559 740 2587 l0.

258 2639 316 2675 (60)
334 2639 478 2677 Ἀρειανῆς.
488 2639 548 2677 βίο-
556 2641 615 2667 tres
630 2639 823 2669 vetustissimi
842 2640 961 2670 codices
977 2650 1047 2671 cum

221 2676 312 2710 Regio
333 2675 442 2712 primo.
456 2675 530 2703 Editi
543 2675 688 2712 Ἀρειανικῆ
695 2687 714 2707 ς.

257 2713 311 2748 (ﬁt)
327 2711 486 2748 Κατεξάλου.
502 2712 544 2738 Ita
558 2711 780 2748 mssncodices.
792 2712 866 2741 Edlti
878 2713 1045 2748 κατεϐάλλου,

221 2746 336 2784 Ibidem
365 2747 548 2784 θᾴἱλιίλλτοῡτον
577 2747 709 2784 θεμέλιονη
731 2748 829 2777 Prima.
855 2757 913 2778 vox
939 2746 1046 2778 melius

220 2781 306 2810 abest
317 2790 336 2811 a
350 2782 506 2811 codicibus
516 2782 595 2812 Harl.
606 2781 637 2813 et
650 2783 724 2814 Med.

921 127 949 157 S.
971 125 1096 155 BASlLll
1115 125 1224 154 MAGNI

1850 130 1894 156 ’112

1073 188 1096 214 Α
1110 197 1237 233 ἀγωνίζου
1262 200 1304 225 τόν
1324 199 1401 225 καλὸν
1423 199 1520 236 ἀγῶνα,
1538 197 1683 237 διόρθωσαι
1705 201 1738 225 τὰ
1771 199 1895 237 ἀρρωστή-

1108 253 1179 279 ματα
1193 248 1237 270 τοῦ
1258 244 1331 278 λαοῦ,
1349 246 1372 270 εἷ
1390 255 1457 276 τινος
1478 246 1530 282 οῐρα
1556 246 1584 270 τὸ
1619 246 1701 275 πάθος
1727 248 1775 274 τῆς
1799 245 1895 282 Ἀρεια-

1107 292 1154 318 vi;
1174 291 1230 322 (60)
1258 292 1351 325 μανίας
1378 289 1473 325 ἣψατο·
1503 289 1646 316 ἁνανίωσαι
1668 291 1701 315 τὰ
1724 288 1825 327 ἀρχαῖα
1850 294 1895 316 τῶν

1108 335 1228 370 Πατέρων
1249 335 1322 369 ἴχνη,
1340 338 1383 360 καὶ
1407 339 1455 365 τῆς
1478 337 1542 371 πρὸς
1570 335 1637 370 ἡμᾶς
1665 333 1770 370 ἀγάπης
1792 335 1818 360 ὃν
1841 345 1895 360 κατ-

1107 377 1199 403 ιϐάλου
1223 379 1277 415 (61)
1306 379 1419 415 θεμέλιον
1445 377 1623 415 ἐποικοδομεῖν
1644 377 1780 409 σπούδαζε
1794 383 1824 415 τῇ
1843 389 1895 405 συν-

1107 425 1182 459 εχείᾳ
1198 427 1248 449 τῶν
1263 424 1443 461 προσρὴσεων.
1462 425 1537 450 Οὺτω
1560 425 1609 460 γὰρ
1631 421 1801 460 δυνησόμεθα
1824 423 1896 460 ἔγγὺς

1107 466 1218 497 ἀλλήλων
1232 472 1348 504 εἶναιτῷ
1361 470 1497 505 πνεύματι,
1519 469 1540 495 εἰ
1559 471 1604 495 καὶ
1622 473 1654 505 τῇ
1675 469 1779 498 οἰκήσει
1802 473 1833 505 τῇ
1859 469 1896 496 ἐπὶ

1105 515 1154 543 τῆς
1166 516 1216 548 γῆς
1228 513 1379 549 παμπληθὲς
1395 513 1576 550 ἀπῳκίσμεθα.

1141 559 1167 584 2.
1180 557 1209 583 Ἦ
1226 556 1255 584 δὲ
1269 561 1328 594 περὶ
1347 560 1390 584 τὸν
1411 561 1608 595 μακαριώτατον
1625 558 1680 593 (62)
1696 559 1830 585 Διονύσιον
1856 560 1896 585 τὸν

1106 601 1247 629 ἐπίσκοπον
1262 602 1394 639 φιλοτιμία
1417 613 1464 629 σου
1485 606 1530 630 καὶ
1547 601 1650 632 σπουδὴ
1675 605 1763 630 πᾶσάν
1779 613 1822 630 σοι
1837 613 1896 640 μαρ-

1105 646 1291 683 τυρεῖὼνάπην
1305 649 1369 685 πρὸς
1398 650 1441 674 τὸν
1468 650 1571 686 Κύριον,
1595 650 1672 684 τιμὴν
1692 649 1726 680 εἰς
1755 650 1814 679 τοὺς
1840 659 1898 686 προ-

1104 690 1237 725 λαϐόντας,
1269 691 1388 722 σπουδὴν
1414 696 1474 729 περὶ
1507 695 1554 722 τὴν
1582 695 1685 721 πίστιν.
1715 693 1744 719 Ἠ
1759 695 1808 731 γὰρ
1837 696 1898 731 πρὸς

1105 738 1164 767 τοὺς
1193 738 1282 767 εὔνους
1309 742 1358 763 τῶν
1380 736 1529 773 ὁμοδούλων
1557 736 1675 768 διάθεσις
1702 740 1749 767 τὴν
1772 737 1897 775 ἀναφορὰν

1105 780 1148 807 ἐπὶ
1166 783 1210 807 τὸν
1230 784 1361 811 Δια-πότην
1389 783 1455 818 ἔχει,
1475 781 1495 818 ᾧ
1525 781 1723 809 δεδουλεύκασι·
1744 786 1789 809 καὶ
1813 784 1826 809 ὁ
1846 785 1898 813 τοὺς

1106 824 1153 852 διὰ
1180 829 1269 852 πίστιν
1294 826 1439 857 ἠθληκότας
1469 831 1550 863 τιμῶν
1581 826 1660 858 δῆλός
1687 829 1744 854 ἐστι
1773 829 1817 854 τὸν
1845 830 1897 854 ἴσον

1072 867 1182 902 Βζῆλον
1212 872 1281 906 ἔχων
1309 875 1356 902 τῆς
1388 873 1519 903 πίστεωςη
1542 873 1609 898 ὥστε
1645 875 1694 908 μία
1715 872 1780 901 αὕτη
1809 872 1899 910 πρᾶξις

1104 915 1202 946 πολλῆς
1227 915 1322 953 ἀρετῆς
1345 915 1402 951 ἔχει
1428 919 1475 945 τὴν
1500 919 1656 954 μαρτυρίαν,
1684 917 1845 954 Γνωρίζομεν
1871 915 1898 943 δέ

1105 970 1152 986 σου
1188 965 1218 997 τῇ
1244 959 1268 986 ἐν
1303 964 1410 998 Χριστῷ
1445 960 1544 997 ἀγάπῃ,
1568 962 1608 987 ὅτι
1636 962 1660 987 οἱ
1694 960 1899 988 σπουδαιότατοι

1104 1003 1221 1041 ἀδελφοὶ,
1256 1007 1281 1031 οἱ
1309 1007 1381 1043 παρὰ
1410 1010 1456 1035 τῆς
1476 1005 1608 1037 εὐλαϐείας
1641 1016 1688 1032 σου
1721 1007 1755 1037 εἰς
1787 1008 1834 1036 τὴν
1855 1010 1898 1033 τοῦ

1104 1049 1205 1085 ἀγαθοῦ
1251 1051 1327 1087 ἔργον
1368 1049 1502 1077 διακονίαν
1548 1051 1756 1087 προτιμηθέντες,
1801 1055 1899 1088 πρῶτον

1104 1096 1149 1131 μὲν
1177 1097 1255 1120 παντὶ
1276 1099 1312 1130 τῷ
1338 1095 1426 1132 κλήρῳ
1450 1095 1553 1122 ἔπαινον
1581 1097 1690 1132 ἤνεγκαν
1716 1094 1763 1122 διὰ
1795 1101 1842 1126 τῆς
1860 1095 1899 1133 ἐμ-

1103 1139 1202 1175 μελείας
1229 1144 1279 1165 τῶν
1305 1142 1414 1176 τρόπων·
1447 1139 1470 1166 ἒν
1497 1141 1548 1177 γὰρ
1576 1145 1606 1176 τῇ
1633 1140 1690 1167 καθ’
1723 1141 1829 1171 ἑαυτοὺς
1863 1141 1900 1167 εὖ·

1105 1185 1265 1220 σχημοσύνῃ
1296 1186 1326 1210 τὸ
1351 1185 1449 1220 κοινὸνξ
1461 1186 1562 1211 πάντων
1590 1185 1713 1216 εὐσταθὲς
1731 1188 1900 1222 κατεμήνυον

1104 1228 1199 1264 ἔπειτα,
1238 1230 1310 1266 πάσῃ
1342 1227 1446 1266 σπουδῇ
1487 1232 1533 1255 καὶ
1566 1229 1686 1266 ἐμμελείᾳ
1724 1231 1900 1267 χρησάμενοι,

1103 1273 1301 1310 κατετόλμησαν
1333 1275 1378 1310 μεν
1415 1278 1546 1311 χειμῶνος
1583 1273 1691 1308 ἀϐάτου,
1730 1276 1834 1302 ἔπεισαν
1873 1274 1902 1302 δὲ

1103 1319 1167 1354 μετὰ
1177 1318 1263 1349 πάσης
1288 1319 1401 1349 εὐτονίας
1419 1321 1480 1350 τοὺς
1504 1321 1615 1350 πιστοὺς
1641 1319 1756 1355 φύλακας
1784 1324 1830 1346 τοῦ
1853 1331 1903 1356 μα-

1103 1365 1195 1400 καρίου
1230 1372 1351 1400 σωματος
1378 1364 1411 1390 τὰ
1437 1364 1601 1400 φυλακτήρια
1626 1369 1671 1394 τῆς
1709 1364 1804 1391 ἑαυτῶν
1835 1365 1901 1396 ζωῆς

1104 1411 1303 1443 παραχωρῆσαι
1322 1409 1434 1438 τούτοις.
1465 1410 1515 1434 Καὶ
1529 1410 1652 1444 γίνωσκε,
1669 1409 1709 1435 ὅτι
1731 1410 1790 1435 οὔτε
1805 1409 1899 1446 ἁρχαὶ,

1103 1452 1162 1477 οὑτε
1195 1449 1349 1478 δυναστεῖαι
1376 1451 1516 1488 ἀνθρώπων
1542 1452 1688 1488 ἐξίσχυσαν
1703 1454 1733 1480 οἶν
1758 1463 1820 1480 ποτε
1842 1454 1901 1490 βια-

1105 1497 1205 1522 σασθαι
1232 1498 1292 1527 τοὺς
1316 1496 1467 1534 ἀνθρώπους
1496 1497 1616 1528 ἐκείνους·
1639 1498 1660 1524 εἰ
1686 1500 1722 1534 μὴ
1748 1501 1778 1524 τὸ
1801 1501 1900 1525 εὔτονον

1069 1541 1089 1569 C
1103 1544 1151 1572 τῆς
1165 1543 1338 1577 προαιρέσεως
1359 1546 1408 1567 τῶν
1440 1540 1556 1578 ἀδελφῶν
1578 1544 1673 1569 τούτων
1701 1541 1900 1574 ἐξεδυσώπησεν

1104 1585 1198 1616 αὐτοὺς
1221 1587 1284 1623 πρὸς
1313 1588 1360 1615 τὴν
1390 1590 1572 1624 συγχώρησιν.
1599 1590 1751 1624 Συνήργησε
1775 1587 1805 1615 δὲ
1824 1582 1900 1624 μάλι-

1105 1640 1155 1656 στα
1178 1632 1240 1668 πρὸς
1263 1632 1293 1657 το
1319 1633 1542 1669 καταπραχθῆναι
1562 1633 1594 1658 τα
1628 1631 1833 1670 σπουδαζόμενα
1856 1637 1899 1660 καὶ

1103 1675 1118 1704 ἡ
1148 1678 1283 1712 παρουσία
1322 1680 1367 1702 τοῦ
1413 1677 1597 1703 ποθεινοτάτου
1635 1680 1680 1703 καὶ
1713 1677 1900 1705 εὐλαϐεστάτου

1103 1720 1161 1745 υἱοῦ
1185 1721 1269 1756 ἡμῶν.
1295 1723 1433 1758 Θηρασίου
1460 1725 1505 1747 τοῦ
1533 1722 1775 1759 συμπρεσϐυτέρου,
1798 1723 1835 1757 ὃς,
1857 1723 1901 1749 αὑ-

1105 1765 1226 1802 θαιρέτως
1250 1767 1293 1791 τὸν
1323 1768 1401 1792 κόπον
1425 1769 1471 1796 τῆς
1512 1765 1665 1803 ὁδοιπορίας
1698 1765 1898 1804 ὑποδεξάμενος,

1103 1809 1200 1835 ἔπαυσε
1222 1811 1267 1846 μὲν
1299 1812 1328 1836 τὸ
1356 1809 1469 1848 σφοδρὸν
1489 1815 1536 1842 τῆς
1552 1812 1633 1847 ὁρμῆς
1654 1816 1702 1837 τῶν
1721 1811 1772 1838 ἐκεῖ
1787 1818 1899 1847 πιστῶν,

1102 1853 1170 1890 λόγῳ
1191 1852 1221 1880 δὲ
1236 1857 1383 1891 συμπείσας
1410 1857 1471 1886 τοὺς
1501 1855 1700 1892 ἀντεχομένους,
1721 1855 1763 1883 ἐπὶ
1787 1857 1898 1894 πρεσϐυ-

1102 1901 1180 1936 τέρων
1204 1901 1249 1925 καὶ
1279 1898 1405 1925 διακόνων
1434 1902 1478 1926 καὶ
1503 1900 1584 1926 ἄλλων
1607 1901 1705 1927 πολλῶν
1730 1903 1780 1927 τῶν
1808 1902 1900 1938 φοϐου-

1102 1946 1183 1979 μένων
1207 1946 1250 1970 τὸν
1280 1945 1375 1981 Κύριον
1400 1946 1465 1980 μετά
1501 1949 1550 1976 τῆς
1582 1946 1731 1981 πρεπούσης
1767 1946 1900 1978 εὐλαϐείας

1103 1987 1250 2024 ἀνελόμενος
1282 1990 1316 2014 τὰ
1342 1988 1462 2024 λείψανα,
1494 1988 1655 2016 συνδιέσωσε
1679 1994 1734 2021 τοῖς
1767 1989 1898 2028 αδελφοις·

1101 2031 1118 2058 ἃ
1141 2034 1206 2068 μετὰ
1239 2034 1368 2063 τοσαύτης
1391 2036 1477 2069 χαρᾶς
1498 2032 1672 2068 ὑποδέξασθε,
1688 2035 1746 2070 μεθ’
1774 2036 1841 2066 ὅσης
1859 2035 1902 2061 λυ-

1101 2087 1152 2108 πης
1184 2077 1353 2114 προεπεμψαν
1387 2079 1411 2104 οἱ
1438 2078 1619 2114 φυλάσσοντες.
1650 2077 1750 2109 Μηδεὶς
1766 2078 1901 2118 διακρινέ-

1103 2122 1173 2147 σθω·
1200 2120 1296 2158 μηδεὶς
1325 2121 1519 2158 ἆμφιϐαλλέτω⁴
1554 2123 1630 2154 οὗτος
1663 2122 1733 2150 ἐστιν
1764 2123 1859 2156 ἐκεῖνος
1888 2125 1901 2151 ὁ

1103 2165 1229 2197 ἀήττητος
1255 2165 1381 2198 ἀθλητής.
1415 2171 1503 2193 Ταῦτα
1526 2168 1647 2204 γνωρίζει
1665 2170 1698 2194 τὰ
1719 2168 1786 2196 ὀστᾶ
1810 2171 1823 2196 ὁ
1850 2171 1902 2197 Κύ-

1063 2225 1086 2252 D
1102 2219 1164 2247 ριος,
1190 2211 1224 2236 τα
1247 2208 1478 2240 συνδιαθλήσαντα
1497 2215 1528 2248 τῇ
1554 2215 1672 2249 μακαρίᾳ
1696 2213 1786 2249 ψυχῇ.
1813 2217 1903 2240 Ταῦτα

1101 2255 1157 2291 μετ’
1173 2255 1254 2286 αὐτῆς
1281 2259 1440 2292 οτεφανώσει
1466 2255 1490 2281 ἐν
1518 2260 1549 2292 τῇ
1575 2257 1660 2293 ἡμέρᾳ
1685 2261 1728 2287 τῆς
1756 2257 1904 2285 ἀνταποδόη

1103 2311 1165 2331 σεως
1198 2301 1278 2327 αὐτοῦ
1303 2305 1334 2338 τῇ
1371 2299 1464 2338 δικαίᾳ
1490 2303 1558 2328 κατὰ
1582 2304 1611 2328 τὸ
1632 2305 1812 2339 γεγραμμένον
1829 2312 1837 2319 ο
1862 2305 1903 2330 ὅτι

1103 2345 1143 2373 δεῖ
1164 2347 1232 2383 ἡμᾶς
1256 2351 1424 2383 παραστῆναι
1451 2351 1487 2382 τῷ
1515 2346 1618 2383 βήματι
1645 2351 1690 2373 τοῦ
1713 2352 1842 2384 Χριστοῦ,
1861 2350 1903 2375 ἵνα

1101 2393 1245 2427 κομίσηται
1273 2391 1382 2421 ἕκαστος
1407 2393 1469 2429 πρὸς
1483 2391 1501 2417 ἂ.
1524 2392 1616 2428 ἔπραξε
1641 2390 1688 2418 διὰ
1705 2396 1751 2419 τοῦ
1769 2397 1901 2430 σώματος.

1101 2438 1157 2462 Μία
1181 2435 1276 2472 λάρναξ
1296 2433 1326 2464 ἦν
1345 2436 1360 2464 ἡ
1384 2434 1562 2472 ὑποδεξαμένη
1590 2438 1619 2462 τὸ
1639 2439 1725 2473 τίμῖον
1745 2437 1827 2464 ἐκεῖνο
1852 2443 1903 2464 σῶ-

1101 2489 1146 2516 μα·
1173 2478 1260 2511 οὐδεὶς
1287 2481 1300 2506 ὁ
1321 2480 1432 2510 πλησίον
1452 2481 1531 2508 αὐτοῦ
1553 2484 1748 2518 κατακείμενος⁸
1771 2482 1903 2519 ἐπίσημος

1135 2643 1194 2680 (62)
1204 2641 1232 2668 Ἦ
1249 2639 1279 2680 δὲ
1289 2643 1348 2680 περὶ
1363 2642 1406 2680 Δ[ὸν
1420 2644 1629 2680 μακαριώτατον.
1644 2641 1796 2680 ΑΠῘςῘΠΒο
1807 2645 1902 2673 verba.

1100 2678 1209 2714 desinit
1223 2678 1349 2714 epistola
1365 2678 1510 2714 Basiliiqin
1523 2678 1664 2706 omnibus
1681 2679 1768 2706 editis
1782 2682 1812 2708 et
1826 2689 1899 2713 mss.

1101 2712 1396 2750 codicibus,excepto
1407 2712 1561 2750 Harlaeano
1571 2714 1682 2750 codice,
1690 2715 1741 2750 qui
1749 2715 1899 2750 insignem

1099 2749 1180 2777 hanc
1190 2753 1317 2786 partem,
1328 2757 1390 2785 qua
1402 2749 1611 2786 translationis
1620 2751 1647 2778 S.
1664 2749 1798 2785 Dibnysii
1810 2749 1888 2780 histo

1099 2785 1145 2815 ria
1162 2787 1313 2823 narratur,
1329 2785 1543 2822 percommode
1562 2785 1652 2814 nobis
1675 2786 1894 2823 suppeditant.
