1984 3147
282 131 335 159 719

959 125 987 153 S.
1009 124 1134 154 BASILII
1153 123 1278 153 MAGNI.

1890 132 1927 160 720

280 193 396 229 judicio
419 190 575 226 subjicitur
597 187 839 224 gravissimo,ut
865 194 933 224 quae
962 187 1055 215 ﬁdem
1080 186 1089 214 i

1166 187 1196 213 Εἰ
1209 189 1295 213 τοίνυν
1315 189 1390 224 χήρα
1417 189 1526 226 κρίματι
1539 188 1672 215 ὑπόκειται
1691 189 1835 227 βαρυτάτῳ,
1849 192 1878 223 ὼς
1893 195 1926 221 τήν

284 238 433 267 Christum
461 235 575 263 irritam
599 232 716 265 fecerit,
734 231 808 268 quid
830 231 918 259 nobis
940 231 1111 268 putandum

283 282 320 310 dc
331 281 454 317 virgine,
471 288 538 316 quae
555 286 667 314 sponsa
682 279 726 305 est
741 276 858 310 Christi,
872 279 901 304 et
923 284 1043 304 sacrum
1056 283 1111 304 vas

283 326 410 355 Domino
437 323 634 352 dedicatum?
648 324 788 357 Magnum
809 321 932 358 quidem
948 323 994 348 est
1006 329 1112 357 pecca-

282 373 356 401 tum,
370 369 414 397 vel
441 368 580 397 ancillam
608 366 802 395 clandestinis
825 365 1026 393 matrimoniis
1046 372 1111 393 sese

281 415 416 446 dantem,
430 416 535 450 stupro
554 412 681 440 domum
700 410 835 447 implere,
852 413 880 438 et
890 410 1036 438 deteriore
1051 409 1111 437 vita

280 459 424 495 injuriam
447 457 616 494 possessori
636 456 733 484 facere
748 455 856 490 :longe
868 457 969 483 autem
985 454 1110 490 gravius

280 507 324 533 est
341 511 485 540 sponsam
500 503 564 530 fieri
579 500 758 534 adulteram,
775 508 810 528 ac
822 508 884 527 suae
907 507 975 527 cum
993 507 1109 535 sponso

281 547 486 585 conjunctioni
513 547 646 574 dedecus
673 545 828 579 ferentem,
842 544 1004 580 impudicis
1027 543 1110 572 volu-

280 594 414 631 ptatibus
444 600 475 620 se
499 592 622 620 dedere.
652 590 779 618 Proinde
803 589 896 617 vidua
926 588 1062 625 quidem,
1075 589 1110 616 ut

281 640 424 674 corrupta
439 636 559 669 ancilla,
576 635 815 667 condemnatur;
829 634 911 668 virgo
932 641 1003 661 vero
1024 632 1107 661 adul-

282 687 350 712 terze
379 681 493 718 judicio
522 681 609 716 292
643 679 821 714 subjicitur.
842 677 1108 711 Quemadmodum

280 729 372 764 igitur
385 735 455 755 eum
465 726 518 762 qui
538 733 608 753 cum
627 724 725 752 aliena
737 726 781 752 est
792 723 925 755 muliere,
937 722 1108 751 adulterum

280 772 484 802 nominamus,
502 777 564 798 non
589 769 674 806 prius
700 768 891 796 admittentes
914 767 953 795 ad
973 774 1110 795 commu-

281 817 414 850 nionem,
430 822 523 851 quam
539 822 557 842 a
575 815 700 850 peccato
720 811 954 840 ceSsaveritzita
974 811 1108 847 profecto

281 865 310 890 et
319 861 356 890 de
372 869 407 889 eo
416 860 467 897 qui
481 858 630 894 virginem
639 857 731 886 habet
740 855 995 885 statuemulelud
1007 858 1108 885 autem

281 915 362 935 nunc
386 906 415 934 in
435 907 624 933 antecessum
653 904 782 930 statuere
804 901 892 929 nobis
918 908 1040 929 necesse
1053 903 1108 936 est,

280 951 427 986 virginem
448 948 561 983 vocari,
578 955 646 984 quae
666 954 697 974 se
717 954 773 974 sua
796 948 904 982 sponte
929 944 1036 973 obtulit
1051 946 1108 973 Do-

281 996 414 1026 mino,ac
429 993 569 1022 nuntium
580 991 692 1028 nuptiis
708 990 831 1023 remisit,
848 992 876 1018 et
899 988 1108 1018 sanctimoniae

280 1040 450 1068 institutum
477 1036 619 1073 amplexa
644 1037 697 1063 est.
718 1034 921 1063 Professiones
947 1035 1048 1062 autem
1068 1033 1108 1062 ab

282 1093 317 1113 eo
329 1087 465 1120 tempore
475 1081 670 1115 admittimus,
680 1087 742 1116 quo
754 1082 827 1107 ictas
840 1078 965 1107 rationis
975 1078 1107 1114 comple-

281 1130 417 1157 mentum
442 1125 594 1154 habuerit.
621 1126 721 1160 Neque
746 1123 824 1151 enim
861 1122 991 1159 pueriles
1018 1130 1107 1151 voces

281 1172 405 1201 omnino
429 1172 510 1199 ratas
532 1169 564 1198 in
585 1168 736 1204 ejusmodi
758 1167 850 1195 rebus
870 1167 982 1195 habere
1001 1174 1109 1195 convc-

280 1217 343 1245 nit:
359 1215 413 1244 sed
433 1223 502 1251 quae
524 1221 617 1250 supra
652 1212 803 1240 sexdecim
824 1211 871 1239 vel
892 1211 1108 1247 septemdecim

280 1269 378 1289 annos
393 1262 477 1293 nata,
490 1257 755 1287 ratiocinationum
771 1264 896 1284 suarum
917 1256 1039 1291 arbitra,
1054 1256 1108 1285 diu

280 1305 454 1334 examinata
474 1311 510 1332 ac
528 1302 667 1339 probata,
679 1301 822 1337 deinceps
843 1301 1062 1337 perseveravit,
1079 1303 1108 1329 et

279 1349 496 1378 utadmittatur
524 1348 694 1375 constanter
716 1345 875 1381 rogaverit,
890 1347 955 1373 tum
981 1345 1106 1373 demum

278 1395 355 1423 inter
378 1393 510 1428 virgines
531 1390 698 1423 referenda,
719 1390 845 1426 ejusque
873 1392 938 1418 rata
963 1389 1106 1418 habenda

277 1438 435 1475 professio,
450 1445 485 1466 ac
498 1436 578 1465 illius
599 1435 729 1472 violatio.
744 1434 965 1463 inexorabiliter
979 1434 1104 1470 punien-

277 1483 327 1511 da.
348 1482 451 1511 Multas
475 1481 555 1509 enim
576 1481 716 1516 parentes
736 1478 891 1507 adducunt
915 1480 943 1506 et
957 1478 1064 1506 fratres
1076 1480 1104 1507 et

276 1528 519 1564 propinquorum
543 1524 681 1553 nonnulli
702 1525 771 1552 ante
797 1525 932 1557 retatem,
956 1530 1019 1550 non
1047 1531 1104 1551 sua

275 1573 383 1608 sponte
406 1571 446 1598 ad
465 1569 600 1598 caelibem
614 1569 706 1596 vitam
728 1567 844 1601 incitas,
861 1566 914 1595 sed
927 1569 960 1595 ut
974 1567 1030 1595 sibi
1045 1567 1103 1604 ipsi

275 1614 399 1652 aliquod
412 1615 444 1642 in
458 1615 519 1642 vita
531 1613 726 1641 commodum
741 1612 931 1648 provideant.
941 1611 1025 1640 Tales
1039 1619 1102 1640 non

274 1660 361 1688 facile
375 1658 580 1692 admittendze,
592 1657 688 1685 donec
703 1658 804 1693 aperte
818 1656 953 1692 ipsarum
966 1663 1103 1692 perscru-

273 1703 323 1732 tati
338 1703 484 1731 fuerimus
500 1701 689 1729 sententiam.

307 1757 376 1785 XIX.
391 1755 528 1784 Virorum
551 1756 650 1782 autem
662 1753 864 1790 professiones
875 1760 937 1781 non
946 1753 1098 1788 novimus,

271 1803 474 1838 praeterquam
503 1800 528 1827 si
554 1799 606 1835 qui
629 1806 659 1826 se
685 1798 741 1834 ipsi
767 1797 988 1825 monachorum
1001 1797 1099 1825 ordini

271 1845 466 1881 ascripserint
482 1853 489 1872 :
505 1843 558 1880 qui
581 1843 706 1879 quidem
728 1842 814 1870 tacite
841 1841 934 1870 vitam
961 1841 1096 1870 caelibem

268 1890 406 1918 videntur
426 1889 607 1925 suscepisse.
624 1888 834 1915 Verumtamen
849 1886 880 1914 in
898 1885 955 1914 illis
974 1894 1098 1922 quoque

267 1935 343 1963 illud
357 1934 465 1970 opinor
479 1932 618 1969 praemitti
634 1933 779 1967 oportere,
795 1933 828 1958 ut
842 1930 898 1966 ipsi
913 1931 1097 1966 interrogen-

266 1981 333 2012 tur,
359 1978 586 2014 accipiaturque
623 1983 729 2003 eorum
768 1975 913 2011 professio
949 1975 1030 2004 clara
1061 1984 1096 2004 ac

265 2023 427 2059 perspicua
439 2032 445 2049 :
457 2023 490 2049 ut
504 2029 584 2053 cum,
601 2028 632 2048 se
647 2019 687 2047 ad
707 2019 902 2048 libidinosam
915 2021 944 2047 et
957 2019 1095 2056 volupta-

265 2068 343 2096 riam
361 2067 453 2094 vitam
473 2064 681 2099 converterint,
698 2071 802 2093 eorum
830 2064 884 2101 qui
906 2064 1094 2093 fornicamur

264 2110 414 2148 punitioni
429 2109 637 2144 subjiciuntur.

300 2167 352 2194 XX.
369 2166 560 2201 Quaecunque
575 2163 725 2200 mulieres,
738 2171 808 2192 cum
821 2165 920 2193 essent
929 2164 960 2192 in
972 2163 1090 2199 haeresi,

1166 232 1199 262 εἰς
1227 234 1343 269 Χριστὸν
1372 232 1525 262 ἀθετήσασα
1547 236 1645 268 πίστιν,
1669 236 1694 260 τί
1719 237 1773 272 χρὴ
1806 235 1927 271 λογίζεσθαι

1166 277 1236 312 ἡμᾶς
1250 279 1371 314 περὶτῆς
1397 279 1536 314 παρθένου,
1553 279 1612 310 ἣτις
1633 281 1717 315 νύμφη
1745 279 1798 306 ἐστὶ
1821 284 1860 306 τοῦ
1882 285 1927 317 Χρι-

1167 325 1247 354 στοῦ,
1264 324 1309 347 καὶ
1338 325 1427 352 σκεῦος
1452 323 1517 359 ἱερὸν
1547 322 1663 349 ἀνατεθὲν
1686 328 1722 359 τῷ
1737 326 1861 359 Aea-1:677);
1875 328 1928 360 Μέγα

1165 367 1210 401 μὲν
1230 366 1374 403 ἁμάρτημα
1399 369 1445 393 καὶ
1470 365 1565 396 δούλην
1586 367 1718 405 λαθραίοις
1744 370 1833 405 γάμοις
1858 369 1926 398 ἑαυτὴν

1165 408 1339 436 ἐπιδιδούσαν
1362 412 1457 448 φθορᾶς
1485 410 1634 441 ἀναπλῆσαι
1652 414 1694 439 τὸν
1720 411 1805 446 οἷκον,
1829 415 1867 440 καὶ
1880 415 1927 439 καθ-

1165 454 1280 491 υϐρίζίιν
1294 453 1340 481 διὰ
1363 459 1409 481 τοῦ
1425 460 1540 493 πονηροῦ
1563 456 1624 492 βίου
1639 459 1682 483 τὸν
1698 460 1853 494 κεκτημένον·
1866 458 1927 494 πολλῷ

1165 496 1194 524 δὲ
1214 497 1301 528 δήπου
1329 499 1509 537 χαλεπώτερον
1527 503 1573 530 τὴν
1595 503 1696 538 νύμφην
1724 501 1864 538 μοιχαλίδα
1876 505 1927 538 7m-

1165 543 1238 577 σθαι,
1256 546 1301 570 καὶ
1315 547 1362 574 τὴν
1374 546 1439 582 πρὸς
1463 547 1505 571 τὸν
1531 548 1640 582 νυμφὶον
1669 546 1757 573 ἕνωσιν
1781 546 1927 583 ἀτιμάσασαν,

1163 586 1270 618 ἡδοναῖς
1282 588 1448 625 ξὰκολοίστοις
1482 591 1574 620 ἑαυτὴν
1604 589 1749 618 ἐπιδοῦναι.
1766 592 1858 618 Οὐκοῦν
1871 593 1883 620 ἡ
1897 593 1927 627 μιν

1162 635 1247 669 χήρα,
1275 633 1307 663 ὡς
1336 631 1417 664 δούλη
1447 633 1633 673 διεφθαρμένη,
1665 634 1928 667 καταδικάζεται·ἠῶ

1162 678 1288 712 παρθένος
1323 682 1359 714 τῷ
1396 681 1505 715 κρίματι
1540 683 1585 710 τῆς
1612 679 1773 716 μοιχαλίδος
1805 681 1923 707 ὑπόκειται.

1149 720 1261 759 ’Ὥσπερ
1286 720 1330 748 οὖν
1348 724 1391 749 τὸν
1416 722 1538 761 ἀλλοτρίᾳ
1566 728 1671 760 γυναικὶ
1707 727 1824 752 συνιόντα
1855 726 1927 761 μοιχὸν

1163 765 1333 803 ὀνομάζομεν,
1366 768 1396 794 οὗ
1422 771 1546 806 πρότερον
1573 767 1781 806 παραδεξάμενοι
1801 770 1834 800 εἰς
1863 779 1928 795 κοινω-

1162 812 1230 845 νίαν,
1259 814 1320 849 πρὶν
1335 814 1349 841 ἤ
1370 813 1527 840 παύσασθαι
1547 818 1596 845 τῆς
1624 813 1763 852 ἁμαρτίας
1778 815 1840 841 οὕτω
1860 812 1928 842 δηλονι

1163 856 1203 881 ὁτι
1222 858 1267 882 καὶ
1277 856 1320 882 ἐπὶ
1329 860 1375 883 τοῦ
1389 859 1437 886 τήν
1460 859 1585 895 παρθένον
1609 859 1717 894 ἔχοντος
1740 858 1927 894 διατεθησόμεθα.

1163 899 1258 926 Ἐκεῖνο
1278 898 1308 927 δὲ
1339 904 1384 927 νῦν
1414 901 1680 940 προδιομολογείσθαι
1716 905 1777 940 ἡμῖν
1809 903 1927 939 αναγκαῖον⁷

1162 945 1202 970 ὅτι
1229 945 1355 981 παρθένος
1380 945 1535 983 ὀνομάζεται
1568 949 1583 977 ἠ
1612 947 1738 980 ἑκουσίως
1764 947 1846 978 ἑαυτὴν
1867 955 1929 983 προσ·

1163 993 1299 1025 αγαγοῦσα
1328 994 1365 1026 τῷ
1392 993 1499 1028 Κυρίῳ,
1525 994 1570 1019 καὶ
1599 992 1780 1029 ἀποταξαμένη
1803 997 1836 1028 τῷ
1863 993 1928 1028 γάμῳ,

1162 1035 1207 1059 καὶ
1226 1035 1269 1060 τόν
1285 1033 1309 1060 ἰν
1320 1034 1444 1072 ἁγιασμῷ
1473 1035 1532 1072 βίον
1543 1039 1750 1074 προτιμήσασα.
1764 1038 1814 1068 Τὰς
1836 1035 1861 1063 δὲ
1876 1036 1928 1072 ὁμο-

1162 1077 1252 1114 λογίας
1280 1081 1337 1105 τότε
1367 1079 1524 1117 ἐγκρίνομεν,
1548 1081 1590 1118 ἀφ’
1619 1082 1698 1120 οὗπερ
1722 1083 1752 1108 ἄν
1766 1083 1780 1111 ἡ
1796 1081 1875 1111 ἡλικία
1895 1082 1927 1108 τὴν

1161 1126 1208 1149 τοῦ
1223 1122 1300 1159 λόγου
1326 1124 1515 1161 συμπλήρωσιν
1533 1126 1590 1161 (75)
1605 1127 1667 1162 ἓχῄ.
1682 1125 1753 1153 Οὐδὲ
1767 1127 1813 1164 γὰρ
1830 1126 1870 1156 τὰς
1881 1134 1927 1151 παι·

1163 1164 1241 1198 δικὰς
1270 1168 1354 1203 φωνὰς
1378 1169 1477 1199 πάντως
1495 1172 1585 1207 κυρίας
1611 1170 1651 1196 ἐπὶ
1678 1175 1727 1197 τῶν
1754 1172 1864 1197 τοιούτων
1876 1170 1927 1204 ἡγεῖ-

1162 1212 1225 1238 σθαι
1251 1217 1390 1250 προσῆκεν,
1420 1213 1484 1240 ἀλλὰ
1507 1217 1555 1244 τὴν
1574 1215 1637 1252 ὑπὲρ
1660 1216 1694 1242 τὰ
1720 1214 1783 1243 δέκα
1804 1215 1828 1247 ἓξ
1843 1216 1856 1243 ἦ
1880 1211 1927 1240 δέκα

1161 1259 1205 1283 καὶ
1225 1256 1289 1283 ἑπτα
1298 1260 1435 1294 γενομένην
1459 1260 1513 1293 ἔτη,
1533 1262 1624 1297 κυρίαν
1652 1259 1733 1287 οὖσαν
1748 1265 1795 1287 τῶν
1812 1260 1924 1295 λογισμῶν,

1161 1299 1344 1338 ἀνακριθεῐσαν
1370 1302 1412 1328 ἐπὶ
1449 1303 1535 1330 πλεῖον
1571 1308 1628 1330 εἶτα
1669 1307 1873 1342 παραμείνασαν,
1894 1303 1926 1328 καὶ

1159 1344 1322 1381 λιπαροῦσαν
1350 1345 1397 1373 διὰ
1417 1348 1519 1374 ἱκεσιῶν
1538 1350 1602 1385 πρὸς
1622 1350 1651 1376 τὸ
1672 1348 1872 1388 παραδεχθῆναι,
1884 1348 1925 1372 τότε

1159 1389 1379 1427 ἐγκαταλέγεσθαι
1398 1394 1452 1430 χρὴ
1477 1396 1535 1424 ταῖς
1557 1395 1707 1430 παρθένοις,
1727 1397 1770 1421 καὶ
1791 1396 1834 1423 τὴν
1858 1391 1925 1428 ὁμολο-

1157 1437 1218 1470 γίαν
1242 1439 1288 1466 τῆς
1313 1437 1439 1467 τοιαύτης
1457 1441 1570 1474 κυροῦν,
1585 1440 1631 1464 καὶ
1658 1442 1704 1468 τὴν
1731 1438 1845 1468 ἀθέτησιν
1867 1435 1925 1464 oriri;

1158 1477 1340 1516 ἀπαραιτὴτῶς
1370 1481 1488 1513 κολάζειν
1504 1502 1511 1510 .
1545 1482 1643 1514 Πολλὰς
1679 1485 1730 1522 γὰρ
1765 1485 1842 1519 γονεῖς
1865 1488 1924 1517 προσ-

1156 1524 1252 1559 άγουσι
1277 1527 1322 1551 καὶ
1355 1524 1484 1562 ἀδελφοί,
1516 1529 1561 1554 καὶ
1588 1532 1638 1554 τῶν
1677 1530 1852 1566 προσηκόντων
1878 1525 1924 1552 τινὲς

1155 1570 1206 1605 πρὸ
1225 1572 1273 1599 τῆς
1287 1569 1400 1606 ἡλικίας,
1415 1571 1462 1597 οὐκ
1489 1573 1587 1598 οἴκοθεν
1613 1573 1776 1610 ὁρμηθείσας
1801 1573 1857 1609 πρὸς
1877 1568 1923 1604 ἀ7³⁴

1155 1615 1228 1649 μίαν,
1241 1613 1304 1640 ἀλλά
1330 1624 1355 1641 τι
1380 1614 1504 1651 βιωτικὸν
1523 1616 1624 1648 ἑαυτοῖς
1643 1616 1827 1654 διοικούμενοι.
1843 1615 1882 1645 Ἀς
1901 1611 1921 1637 οδ

1154 1656 1255 1694 ῥᾳδίως
1282 1657 1483 1695 προσδέχεσθαι
1512 1659 1562 1697 δεῖ,
1579 1661 1625 1694 ἓως
1639 1663 1672 1689 οἷν
1690 1666 1801 1700 φανερῶς
1812 1662 1853 1690 τὴν
1871 1657 1922 1685 iam

1154 1701 1238 1728 αὐτῶν
1261 1703 1347 1739 ἑρευνή
1353 1713 1437 1741 σωμεν
1446 1707 1561 1742 γνώμην.

1189 1756 1237 1783 ΙΘ’.
1269 1755 1384 1794 Ἀνδρῶν
1405 1756 1434 1784 δὲ
1464 1758 1601 1796 ὁμολογίας
1627 1760 1677 1786 οὐκ
1698 1760 1814 1796 ἔγνωμεν,
1837 1757 1891 1786 πλὴν
1907 1754 1921 1781 εί

1152 1802 1188 1836 μή
1202 1810 1266 1831 τινες
1296 1801 1400 1833 ἑαυτοὺς
1412 1806 1448 1838 τῷ
1470 1804 1585 1840 τάγματι
1603 1808 1655 1830 τῶν
1684 1807 1837 1841 μοναζόντων
1854 1802 1921 1837 ἐγκατ-

1152 1846 1313 1882 ηρίθμησαν·
1330 1847 1356 1872 οἰ
1386 1849 1453 1873 κατὰ
1474 1850 1502 1874 τὸ
1529 1851 1697 1885 σιωπώμενον
1726 1848 1829 1876 δοκοῦσι
1853 1854 1921 1882 παρα-

1126 867 1149 894 Β

1121 1548 1142 1574 C

1152 1887 1282 1925 δεδέχθαι
1304 1894 1350 1920 τῆν
1370 1891 1495 1928 ἀγαμίαν.
1522 1893 1591 1922 Πλὴν
1617 1897 1665 1921 καὶ
1694 1894 1733 1921 ἐπ’
1748 1894 1838 1920 ἐκείνων
1860 1891 1921 1917 ἐκεῖνο

1151 1935 1268 1971 ἡγοῦμαι
1310 1938 1485 1972 προηγεῖσθαι
1528 1940 1674 1974 προσήκειν
1710 1939 1775 1974 (76),
1802 1934 1921 1974 ἐρωτᾶσθαι

1150 1978 1243 2009 αὐτοὺς
1255 2000 1264 2015 ,
1283 1982 1328 2006 καὶ
1355 1980 1534 2017 λαμϐάνεσθαι
1559 1984 1606 2011 τὴν
1624 1983 1688 2020 παρ’
1705 1983 1784 2009 αὐτῶν
1805 1980 1919 2017 ὁμολογίαν

1149 2023 1256 2060 ἐναργῆ,
1283 2026 1360 2060 ὥστε,
1376 2024 1481 2052 ἐπειδὰν
1509 2028 1702 2063 μετατίθενται
1729 2029 1790 2064 πρὸς
1814 2027 1853 2052 τὸν
1878 2021 1924 2059 φίλη

1149 2077 1245 2105 σαρκον
1269 2071 1314 2095 καὶ
1338 2067 1460 2098 ἠδονικὸν
1488 2070 1560 2106 βίον,
1581 2073 1692 2108 ὑπάγειν
1719 2072 1807 2102 αὐτοὺς
1831 2073 1861 2105 τῷ
1883 2070 1920 2093 τῶν

1146 2115 1320 2149 πορνευὸντων
1334 2113 1467 2151 ἐπιτιμίῳ,

1182 2165 1218 2193 κ’.
1239 2166 1321 2193 Ὅσαι
1343 2171 1483 2203 γυναῖκες,
1509 2169 1533 2195 ἐν
1558 2171 1657 2206 αἱρέσει
1682 2169 1778 2204 οὖσαι,
1805 2167 1918 2204 παρθενίιυ

261 2210 464 2246 virginitatem
483 2209 627 2246 professae
642 2211 721 2244 sunt,
737 2209 790 2237 sed
805 2210 912 2245 postea
935 2209 1089 2237 matrimo-

1155 2210 1314 2247 ομολόγησαν
1326 2233 1334 2246 ,
1353 2211 1409 2239 εἶτα
1428 2214 1494 2249 μετὰ
1507 2217 1590 2240 ταῦτα
1607 2216 1693 2251 γάμον
1719 2214 1861 2245 ἁνθείλοντο,
1878 2209 1918 2244 οὐχ

260 2255 345 2284 nium
372 2254 565 2291 pratulerunt
579 2261 642 2282 non
668 2253 797 2282 arbitror
812 2261 863 2281 eas
890 2253 1089 2283 condemnari

256 2303 405 2336 oportere.
430 2300 618 2334 Quwcunque
639 2300 717 2327 enim
745 2298 818 2326 dicit
840 2298 901 2333 lex,
917 2298 954 2325 iis
977 2299 1031 2334 qui
1055 2300 1087 2328 in

257 2345 321 2379 lege
334 2347 405 2372 sunt
420 2343 493 2371 dicit
509 2344 543 2371 θθ.
560 2344 631 2376 Quae
647 2345 749 2371 autem
761 2342 870 2378 jugum
894 2341 999 2370 Christi
1012 2350 1087 2372 non.

253 2387 328 2415 dum
344 2387 511 2421 subierimt,
527 2395 570 2415 eae
593 2395 649 2415 nec
664 2386 783 2415 Domini
805 2386 887 2421 leges
902 2389 1083 2422 agnoacunt,

252 2434 348 2465 Quare
365 2434 435 2461 sunt
455 2432 487 2460 in
501 2432 664 2460 Ecclesiam
683 2430 880 2467 recipiendae;
898 2439 968 2459 cum
984 2432 1085 2460 omni-

248 2477 307 2506 bus
321 2477 412 2506 etiam
441 2477 552 2506 horum
578 2476 790 2505 remissionem
810 2475 959 2504 habentes
974 2483 1011 2505 ex
1023 2476 1083 2506 ﬁde

283 2536 307 2554 ⁶ε
322 2537 409 2564 Rom.
425 2542 466 2570 ui,
484 2537 527 2563 i9.

280 2593 334 2629 (75)
353 2594 407 2623 Τὰς
433 2590 464 2618 δὲ
489 2589 885 2629 ὁμολογίας..;οςυμπλὴρωσιν.
900 2590 1079 2629 lta_codices

242 2624 458 2669 mssi'summg
484 2624 814 2669 consensuiiditi‘Tﬁv
836 2624 874 2669 fit
900 2625 1076 2669 ὀμςλογιανη.

240 2663 420 2701 ἐμπλὴρωσιν.
436 2664 496 2691 Hoc
523 2662 625 2690 Basilii
653 2662 807 2690 decretum
827 2662 864 2690 dc
878 2662 1076 2698 prbfesSionis

239 2702 326 2727 zetate
349 2700 457 2728 citatur
470 2698 502 2725 in
517 2705 635 2726 canone
656 2698 893 2734 quadragesimo
915 2699 1027 2734 synodi
1042 2699 1074 2727 in

239 2707 326 2727 εθιεῑιθ
349 2707 457 2728 tutatur
470 2707 502 2725 ΠΙ
517 2707 635 2726 canone
656 2707 893 2734 quautagestmo
915 2707 1027 2735 synoal
1042 2707 1073 2727 111

237 2734 387 2775 Trullor‘et
411 2734 517 2775 decem
537 2735 566 2762 et
586 2735 702 2775 septem
732 2734 815 2770 anni,
840 2741 919 2771 quos
943 2734 1073 2765 Basilius

235 2769 370 2807 requirit,
385 2769 426 2801 ad
439 2769 546 2801 decem
560 2769 750 2807 rediguntur.

1144 2256 1261 2291 ἡγοῦμαι
1286 2260 1386 2293 χρῆναι
1414 2256 1643 2289 καταδικάξεσθαι
1667 2262 1770 2290 ταύτας.
1797 2258 1859 2284 Ὂσα
1877 2254 1916 2289 Ἰάρ

1142 2299 1156 2325 ὁ
1174 2302 1250 2336 νόμος
1277 2299 1353 2336 λέγει,
1370 2305 1423 2332 τοῖς
1447 2302 1471 2329 ἐν
1494 2308 1531 2339 τῷ
1554 2306 1624 2340 νόμῳ
1652 2305 1738 2332 λαλεῖ.
1759 2306 1790 2332 Αἱ
1809 2301 1836 2329 δὲ
1853 2302 1915 2337 μήπω

1141 2344 1301 2371 ὑπελθοῦσαι
1320 2347 1363 2371 τὸν
1393 2346 1473 2382 ζυγόν
1492 2351 1539 2375 τοῦ
1565 2353 1685 2386 Χριστοῦ
1707 2348 1768 2376 οὐδὲ
1790 2350 1833 2377 τὴν
1854 2352 1915 2379 ν⁰μ⁰’

1142 2389 1230 2415 θεσίαν
1263 2389 1468 2425 ἐπιγινώσκουσι
1492 2396 1538 2418 τοῦ
1561 2395 1692 2420 Δια-πότου
1707 2415 1715 2422 .
1747 2393 1821 2420 Ὥστε
1842 2386 1913 2416 διτταί

1140 2433 1232 2470 εἰσιτῇ
1246 2433 1399 2471 Ἐκκλησία,
1420 2437 1486 2471 μετὰ
1511 2438 1611 2464 πάντων
1630 2441 1676 2465 καὶ
1701 2440 1746 2468 τὴν
1774 2437 1813 2464 ἐπὶ
1833 2434 1913 2460 τούτοις

1137 2475 1229 2513 ἄφεσιν
1251 2478 1365 2515 ἔχουσαι
1376 2480 1433 2516 (77)
1447 2480 1475 2507 ἐκ
1490 2485 1536 2512 τῆς
1549 2484 1662 2514 πίστεως
1681 2487 1728 2515 τῆς
1751 2481 1785 2514 εἰς
1803 2477 1908 2517 Χριστόν-

1169 2593 1227 2636 (76)
1249 2597 1404 2636 Opgmi‘xgw.
1420 2596 1496 2636 Editi
1514 2599 1544 2626 et
1560 2597 1832 2636 nonnullicodiceg
1851 2597 1908 2636 11,135;

1289 2631 1347 2659 Sed
1357 2631 1389 2660 in
1402 2631 1540 2669 pluribus
1554 2636 1583 2663 et
1595 2632 1814 2671 antiquioribus
1822 2630 1908 2664 Ιεείτιπ

1131 2694 1389 2773 isilZZLHEXWM-
1405 2704 1453 2734 Sic
1471 2712 1546 2735 mss.
1561 2713 1683 2736 summo
1694 2694 1907 2736 consensu.Editl
