1984 3147
70 141 117 168 72!

547 143 794 174 EPISTOLARUM
813 146 955 177 CLASSIS
974 148 1007 176 Ιῐ.
1030 149 1140 180 EPIST.
1163 151 1273 181 CXCIX.

1697 153 1749 180 72'2

71 203 120 229 Καὶ
137 201 250 229 καθόλου
263 202 296 229 τὰ
309 202 334 230 ἂν
348 206 385 239 τῷ
403 207 592 243 κατηχουμένῳ
608 206 660 243 βίῳ
674 210 797 244 γενόμενα
812 209 862 245 (78]

934 219 954 239 n
969 211 1127 242 Christum.
1143 214 1183 242 Ac
1209 214 1334 243 omnino
1359 222 1427 252 quae
1454 215 1486 243 in
1505 213 1750 243 catechumenica

69 247 101 277 εἰς
125 247 235 278 εὐθύνας
255 247 302 274 οὐκ
328 249 429 284 ἄγεται.
454 252 569 283 Τούτους
595 250 624 278 δε
655 251 776 281 δηλονότι
809 255 868 280 ἄνευ

69 291 257 328 βαπτίσματος
282 293 298 322 ἠ
323 293 466 323 Ἐκκλησία
493 295 524 321 οὔ
556 295 738 333 παραδέχεται
753 318 759 326 ,
788 297 870 326 Ὠστι

68 336 274 372 ἀναγκαιότατον
288 337 344 374 (79)
364 338 406 366 ἐπὶ
434 341 536 372 τούτοις
563 342 596 367 τὰ
614 342 740 378 πρεσϐεῖα
761 347 805 374 τῆς
830 353 870 380 γι.

67 390 169 413 νεσεως.

103 426 165 454 KA'.
189 427 220 455 Εἰ
249 427 314 464 ἀνὴρ
329 428 388 465 (80)
399 432 504 465 γυναικὶ
533 436 670 465 συνοικῶν,
685 431 801 467 ἐπειδὰν,
830 435 866 470 μὴ

69 471 207 508 ἀρκεσθεὶς
229 477 266 508 τῷ
293 474 387 510 γάμῳ,
415 474 451 505 εἰς
473 478 595 512 πορνείαν
637 477 734 514 ἐκπέσῃ
750 500 758 513 ,
774 481 868 516 πόρνον

67 519 187 554 κρίνομεν
213 519 257 543 τὸν
282 522 407 545 τοιοῦτον·
436 522 481 546 καὶ
505 519 592 547 πλεῖον
615 521 693 548 αὐτὸν
716 525 868 560 παρατείνο-

66 571 110 598 μιν
138 561 164 587 ἓν
188 565 245 593 τοῖς
267 561 408 599 ἕπιτιμίοις
427 572 434 579 ·
459 564 489 590 οὐ
515 567 600 601 μέντοι
625 566 720 602 ἔχομεν
747 570 842 594 κανόνα
858 588 866 603 ,

65 610 101 641 τῷ
135 610 184 638 τῆς
209 610 334 643 μοιχείας
360 608 438 635 αὐτὸν
463 610 608 646 ὑπαγαγεῖν
627 611 682 647 (Si)
711 611 866 649 ἔγκλὴματι,

66 650 108 676 ἰὰν
124 650 162 682 ιίς
185 650 319 688 ἓλιυθέραν
347 654 433 689 γάμου
446 655 462 683 ἠ
478 653 596 692 ἁμαρτία
613 657 720 691 ’γένηται
732 665 738 671 ·
765 655 835 683 διότι
849 658 865 687 ἡ

64 695 192 732 μοιχαλὶς
227 698 283 733 μὲν,
312 700 481 734 Μιαινομίνη,
512 702 588 736 φησὶ,
616 702 800 736 μιανθήσεται,
822 704 867 728 καὶ

64 739 112 766 οὐκ
137 739 298 778 ἀναστρέψεί
319 743 382 779 πρὸς
407 743 451 768 τόν
475 742 562 781 ἄνδρα
582 743 671 775 αὐτῆς·
691 747 737 772 καὶ
756 745 786 772 Ὁ
800 755 868 772 κατ-

65 786 135 820 έχων
155 784 307 822 μοιχαλίδα
334 786 421 824 ἄφρων
442 789 487 814 καὶ
515 787 620 819 ἀσεϐής
647 789 660 815 ὁ
687 792 775 826 μέντοι
805 800 868 828 πορ-

64 831 157 860 νεύσας
170 830 219 856 οὐκ
243 830 403 861 ἀποχλιισθὴ
409 841 481 859 σεται
493 837 539 864 τῆς
552 835 619 870 πρὸς
632 838 745 870 γυναῖκα
772 835 867 862 ἐαυτοῦ

922 255 983 284 vita
998 256 1076 286 facta
1104 258 1226 293 sunt,in
1248 260 1396 295 judicium
1416 267 1478 287 non
1492 261 1649 287 vocantur.
1665 258 1749 286 Tales

923 302 1024 335 autem
1039 302 1175 332 videlicet
1186 303 1249 331 sine
1258 304 1438 340 baptismate
1453 304 1586 332 Ecclesia
1600 311 1661 331 non
1674 303 1747 330 rcci-

921 345 975 381 pit.
992 346 1089 378 Quare
1108 347 1306 382 generationis
1317 348 1387 384 jura
1400 350 1470 377 sunt
1483 348 1513 376 in
1528 348 1600 384 ipsis
1615 347 1748 375 maxime

921 396 1104 419 necessaria.

960 435 1024 462 XXI.
1046 435 1074 463 Si
1094 435 1139 463 vir
1158 443 1220 464 una
1245 444 1315 465 cum
1340 444 1433 465 uxore
1457 437 1597 465 habitans
1611 458 1619 471 ,
1638 437 1746 472 postea

921 478 1116 508 matrimonio
1126 487 1186 508 non
1201 483 1370 516 contentus,
1384 481 1415 509 in
1434 481 1661 510 fornicationem
1676 480 1751 508 inei-

921 521 1015 557 derit;
1031 524 1243 552 fornicatorem
1273 533 1343 553 eum
1367 525 1541 561 judicamus
1557 547 1564 560 ,
1585 526 1747 563 ipsumque

920 566 1041 603 longius
1068 568 1265 604 producimus
1279 570 1311 597 in
1323 570 1472 606 impositis
1497 570 1677 606 poeniszsed
1707 574 1748 599 ta-

921 619 992 640 men
1017 620 1166 641 canonem
1194 621 1257 642 non
1281 614 1443 650 habemus,
1459 615 1510 651 qui
1522 622 1591 642 eum
1610 614 1748 643 adulterii

922 655 1039 685 crimini
1049 657 1198 693 subjiciat,
1209 658 1234 686 si
1244 657 1275 686 in
1285 658 1415 687 solutam
1427 668 1444 687 a
1454 659 1648 687 matrimonio
1659 660 1746 696 293

920 703 1080 737 peccatum
1091 703 1289 731 commissum
1299 703 1349 731 sit:
1362 703 1601 740 proptereaquod
1614 703 1749 732 adultera

921 745 1057 781 quidem,
1078 745 1185 782 inquit,
1207 747 1331 776 Polluta
1350 748 1507 782 polluetur
1531 750 1558 775 et
1587 747 1627 775 ad
1649 747 1749 776 virum

922 797 1013 817 suum
1039 792 1204 819 revertetur
1227 792 1263 825 ⁸⁷,
1283 793 1335 827 et,
1365 792 1422 826 Qui
1440 792 1612 820 adulteram
1638 792 1749 820 detinet

919 835 1031 862 stultus
1046 837 1087 862 est
1108 838 1134 863 et
1151 835 1261 870 impius
1288 837 1334 864 ‘5“:
1356 836 1410 864 sed
1437 836 1489 872 qui
1517 836 1681 864 fornicatus
1695 838 1749 871 est,

65 876 253 906 συνοικήσεως.
268 875 378 906 Ὠστιή
395 878 441 913 μὶν
467 879 532 914 γυνὴ
558 878 609 905 ἀπο
637 881 757 916 πορνείας
786 879 862 907 ἔπαν-

933 885 983 907 lon
1004 878 1180 908 excludetur
1212 880 1377 916 quominus
1403 888 1472 908 cum
1500 888 1594 909 uxore
1623 880 1749 910 habitet.

64 921 138 946 ιόντα
156 921 201 946 τὸν
220 918 306 957 ἄνδρα
331 920 412 953 αὐτῆς
438 921 634 959 παραδέξεται,
650 924 663 950 ὁ
680 922 710 950 δὲ
731 923 795 963 ἀνὴρ
809 927 866 961 (82)

61 965 110 993 τὴν
125 965 280 1000 μιανθεῖσαν
312 969 363 991 τῶν
389 967 466 992 οἴκων
496 966 590 994 ἑαυτοῦ
614 967 763 1004 ἀποπέμψει
778 989 785 997 .
813 971 864 996 Καὶ

62 1009 161 1034 τούτων
178 1007 221 1040 ,δί
235 1009 248 1036 ὁ
269 1009 342 1046 λόγος
365 1010 395 1037 οὐ
425 1009 526 1048 ῥᾴδιος·
544 1012 560 1042 ἡ
591 1010 621 1039 δί
649 1013 775 1042 συνήθεια
799 1013 866 1041 οὕτω

62 1054 218 1090 κεκράτηκα.

97 1097 157 1125 KB'.
183 1099 248 1129 Τοὺς
271 1097 299 1130 ἕξ
325 1098 444 1137 ἁρπαγῆς
471 1100 580 1137 ἔχοντας
606 1103 744 1137 γυναῖκας,
773 1102 794 1129 εἰ
820 1103 865 1139 μὶν

63 1141 148 1172 ἄλλοις
171 1145 451 1180 προμεμνηστιυμένας
479 1143 526 1171 εἶεν
555 1144 727 1182 ἀφῃρημένοι,
747 1145 777 1172 οὐ
802 1149 866 1184 πρό-

64 1195 135 1222 τιρον
157 1189 214 1224 χρή
242 1186 456 1224 παραδέχεσθαι,
483 1191 544 1226 πρὶν
565 1190 581 1219 ἧ
599 1189 737 1226 ἀφελέσθαι
768 1191 864 1225 αὐτῶν,

63 1233 107 1257 καὶ
119 1230 160 1257 ἐπ’
188 1231 296 1268 ἐξουσίᾳ
315 1234 372 1268 (83)
386 1237 436 1259 τῶν
464 1232 491 1265 ἐξ
516 1233 602 1271 ἀρχῆς
630 1237 865 1272 μνηστευσαμένων

63 1279 184 1312 ’ποιῆσαι²
201 1278 251 1303 εἴτε
277 1276 411 1313 βούλοιντο
443 1278 529 1304 λαϐεῖν
557 1279 649 1314 αὐτὰς,
672 1281 721 1306 εἶτα
746 1279 865 1310 ἀποστῆ-

62 1329 114 1346 ναι·
135 1320 157 1346 εἰ
183 1319 214 1347 6“:
238 1320 425 1357 σχολάζουσαν
453 1332 493 1354 τις
523 1322 609 1358 λάϐοι,
634 1323 791 1361 ἆφαιρεσθαι
819 1326 865 1361 μὲν

64 1363 114 1399 διῖ,
128 1367 174 1391 καὶ
192 1368 246 1396 τοῖς
273 1366 379 1398 οἰκείοις
400 1366 591 1404 ἁποκαθιο-τᾷν,
612 1367 756 1405 ἐπιτρέπειν
781 1367 810 1395 δὲ
830 1373 862 1406 τῇ

62 1412 152 1446 γνώμῃ
176 1414 226 1436 τῶν
254 1411 364 1444 οἰκείων,
383 1413 433 1438 εἴτε
460 1416 544 1448 γονεῖς
572 1412 629 1448 εἶεν,
660 1414 711 1440 (ire
744 1411 862 1449 ἀδελφοὶ,

63 1454 110 1480 εἴτε
144 1454 286 1482 οἰτινισοῦν
326 1460 483 1492 προεστῶτες
519 1460 565 1487 τῆς
602 1458 680 1493 κόρης
696 1465 703 1472 ·
737 1458 785 1484 κᾶν
816 1459 863 1494 μὶν

62 1498 168 1525 ἕλωνται
196 1499 268 1535 αὐτῷ
292 1499 470 1538 παραδοῦναι,
487 1501 613 1528 ἵστασθαι
640 1503 670 1528 τό
690 1504 861 1530 συνοικέσιον⁶

63 1542 103 1570 ἐὰν
123 1542 154 1570 δὲ
182 1545 487 1583 άνανεύσωσι(84),μὴ
518 1545 671 1582 βιάζεσοαι.
698 1549 748 1574 Τόν
776 1549 862 1584 μέντοι

101 1602 124 1620 ⁵⁷
139 1602 251 1630 Jerem.
268 1608 310 1634 xu,
327 1602 354 1628 ί.
397 1601 420 1619 ³⁸
432 1601 518 1629 Prov.
533 1608 616 1636 xvm,
628 1603 674 1629 22.

96 1655 153 1692 (78)
174 1655 307 1692 Γενόμενα.
320 1653 392 1682 Male
406 1654 493 1692 Angli
503 1654 534 1682 in
548 1654 705 1692 Pandectis
715 1657 743 1683 et
758 1655 808 1684 alii
819 1656 862 1684 in-

61 1689 205 1728 terpretes
220 1689 363 1728 reddunt,
378 1697 446 1728 qua:
457 1689 504 1728 in
530 1691 780 1728 catechumenz’car
798 1693 862 1721 vita

60 1725 149 1764 ﬁunt.
165 1728 233 1764 Non
240 1726 321 1753 enim
336 1725 406 1753 dicit
416 1725 541 1764 Basilius
557 1734 593 1754 ea
606 1733 668 1754 non
683 1727 782 1763 puniri
792 1735 861 1764 qum

59 1761 90 1791 in
103 1763 163 1791 hoc
178 1763 259 1789 statu
271 1764 445 1798 peccantur,
457 1761 638 1798 sedtantum
653 1761 779 1798 peccata
792 1761 861 1791 ante

60 1798 249 1834 baptismum
264 1796 427 1834 commissa
436 1796 591 1834 baptismo
605 1796 789 1834 expiarimec
797 1799 861 1834 jam

60 1831 125 1862 esse
130 1832 245 1869 judicio
264 1831 467 1869 ecclesiastico
480 1831 622 1861 obnoxia.
638 1831 711 1862 Hinc
721 1831 862 1863 Observat

61 1868 195 1898 Zonaras
209 1875 272 1896 non
299 1875 437 1904 pugnare
461 1868 543 1896 hunc
571 1876 718 1897 canonem
733 1877 803 1897 cum
813 1878 861 1898 ca-

60 1912 140 1934 none
153 1904 259 1940 quinto
274 1903 517 1940 Neocaesariensi,
533 1904 564 1932 in
586 1912 648 1940 quo
670 1912 768 1940 poenae
783 1908 861 1934 cate-

59 1939 219 1969 chuménis
233 1939 430 1975 peccantibus
444 1939 657 1975 decernuntur.

97 1976 155 2013 (779)
176 1974 402 2013 ’ᾼναῖγκαιότατονι
419 1974 537 2010 Legitur
551 1975 581 2003 iu
605 1975 696 2012 Regio
724 1976 860 2013 quodam

58 2010 165 2040 codice
184 2010 387 2046 ἀναγκαιότατα,

94 2048 154 2084 (80)
173 2047 204 2084 ξξὶ
218 2046 294 2084 ἀνὴρ.
315 2048 409 2084 peest
427 2046 599 2084 conjunclio
618 2046 649 2075 in
669 2047 797 2084 duobus
815 2055 860 2076 re-

58 2082 244 2120 centioribus
260 2081 438 2120 :codicibus.
455 2082 573 2116 Legitur
590 2082 727 2120 ’βὰν-ᾇπέήρ
738 2083 768 2111 in
782 2083 859 2120 anti-

80 2118 210 2146 uissima
222 2117 395 2146 collectione
414 2125 567 2145 canonum
591 2117 773 2147 Coisliniana
785 2121 814 2147 et
827 2119 858 2147 in

80 2127 210 2146 msstma
222 2127 395 2146 couecuone
414 2127 567 2145 canonum
591 2127 773 2147 notsumana
785 2127 814 2147 el
827 2127 857 2147 111

57 2127 227 2182 gandectis.
245 2153 527 2189 Commodiussiane
548 2155 593 2189 est
615 2154 857 2189 conjunctionem

56 2189 172 2224 tollere,
183 2196 280 2224 eoque
290 2188 417 2217 consilio
427 2188 544 2216 videtur
557 2188 587 2216 in
597 2188 751 2217 codicibus
766 2190 857 2218 modo

57 2225 157 2253 citatis
186 2224 296 2260 deleta.
313 2224 370 2252 Sed
393 2226 496 2252 tamen
511 2224 579 2260 plus
606 2224 799 2253 tribuendum
815 2227 857 2254 tot

56 2261 124 2290 aliis
139 2259 305 2288 codicibus.

92 2296 148 2332 (8t)
168 2296 332 2332 ἰ’παγαγεῖν.
348 2295 542 2324 Consentiunt
554 2294 585 2323 in
603 2295 662 2332 hac
682 2303 756 2324 voce
778 2304 854 2325 mss.

56 2332 188 2360 codices.
213 2331 289 2360 Editi
313 2331 722 2367 OndyttvuSuprarvidimus,
734 2339 801 2360 can.
827 2334 854 2366 9,

57 2367 213 2407 Basilium
226 2367 258 2395 in
272 2367 308 2407 iis
327 2374 396 2407 quas
412 2366 452 2395 ad
465 2366 627 2407 repudium
641 2366 777 2398 attinent.
793 2367 855 2407 duo

55 2403 158 2431 virum
172 2403 249 2431 inter
265 2404 294 2430 et
309 2401 466 2430 mulierem
480 2401 655 2431 discrimina
668 2411 789 2431 nouere.
806 2404 857 2431 Hic

57 2442 162 2475 autem
175 2437 421 2475 tertium‘adjicit,
436 2445 472 2475 ac
490 2437 733 2475 virumdquidem
748 2439 779 2467 in
790 2439 857 2475 ipso

56 2474 264 2510 matrimonio,
281 2473 305 2510 si
329 2481 399 2501 cum
422 2472 522 2510 soluta
533 2475 562 2502 et
574 2472 670 2502 libera
678 2472 857 2510 peccaverit,

57 2509 198 2538 adulterii
211 2509 334 2538 nomine
348 2516 410 2537 non
420 2508 612 2542 condemnat,
625 2508 860 2538 sed—fornicem;

57 2546 105 2574 nis
121 2553 267 2582 :uxorem
289 2544 434 2582 autem‘in
459 2545 567 2573 eodem
587 2547 711 2582 peccato
734 2545 862 2574 certissi-

55 2588 141 2610 mam
157 2580 326 2609 adulteram
335 2579 476 2608 declarat.

93 2617 153 2653 (82)
171 2616 202 2642 ὀ
217 2615 247 2643 δὲ
383 2615 541 2651 ἀποπέμψει.
554 2617 618 2644 Non
633 2617 861 2653 solusiBasilius

55 2653 137 2682 hanc
151 2652 403 2680 consuetudinem
431 2653 561 2679 secutus.
572 2652 684 2680 Auctor
710 2652 862 2680 Constitu-

57 2691 175 2718 tionum
189 2688 425 2724 apostotiearum
440 2686 482 2714 sic
497 2686 629 2723 loquitur
641 2687 860 2724 lib.v1,cap.t4:

55 2725 85 2751 '0
101 2726 224 2759 κατέχων
243 2725 291 2752 τήν
319 2723 533 2759 παραφθαρεῑσαν
561 2724 661 2759 φύσεωᾼς
692 2723 792 2759 θεσμοῦ
813 2733 862 2750 πα-

56 2750 306 2802 angui-“tuum
335 2750 491 2802 ὀἀόιτίχων
523 2750 683 2802 μοίχαλίᾷα.
699 2750 786 2796 ἄφρων
817 2762 862 2786 καὶ

57 2771 178 2825 ρανὲμος
195 2771 306 2804 ,ιπειπῐρ
335 2771 348 2784 υ
369 2771 491 2802 φωτίζων
523 2771 672 2794 μοιχαλιυα
699 2771 786 2796 αφρων
817 2771 862 2786 και

57 2797 105 2824 ὰσι
125 2798 166 2826 ής.
204 2796 321 2830 Λπότιμε
346 2803 397 2829 γαρ
424 2795 516 2828 αυτὴν,
533 2797 621 2830 φησὶν,
636 2794 687 2821 ἀπὸ
715 2799 765 2821 τῶν
795 2804 862 2831 σαρ-

921 923 1019 956 Quare
1047 931 1124 952 uxor
1155 924 1279 960 quidem
1295 925 1524 954 afornicatione
1550 927 1750 953 revertentem

919 967 1017 996 virum
1044 976 1134 997 suum
1162 969 1290 1006 excipiet
1306 970 1373 998 :vir
1396 977 1467 998 vero
1491 969 1637 1006 pollutam
1655 977 1671 998 e
1686 969 1750 996 suis

920 1012 1037 1040 aedibus
1070 1013 1175 1048 ejiciet.
1191 1015 1288 1050 Atque
1310 1014 1418 1042 horum
1447 1014 1572 1050 quidem
1596 1014 1672 1042 ratio
1685 1021 1749 1042 non

920 1056 1025 1091 facilis,
1037 1057 1091 1085 sed
1105 1058 1295 1087 consuetudo
1307 1058 1349 1086 sic
1364 1058 1499 1088 invaluit.

957 1103 1037 1130 XXII.
1055 1101 1111 1135 Qui
1135 1110 1172 1130 ex
1186 1104 1276 1139 raptu
1294 1102 1436 1131 mulieres
1460 1102 1585 1138 habent,
1598 1102 1749 1139 siquidem

919 1146 986 1175 aliis
998 1147 1064 1182 jam
1078 1146 1247 1183 desponsas
1270 1147 1468 1183 abripuerint,
1484 1149 1554 1176 ante
1572 1147 1750 1176 admittendi

919 1199 981 1220 non
993 1193 1074 1226 sunt,
1089 1199 1183 1228 quam
1198 1192 1238 1220 ab
1257 1192 1300 1220 eis
1315 1192 1423 1221 ablatae
1451 1193 1510 1221 sint
1522 1194 1549 1221 et
1564 1200 1669 1220 eorum
1684 1193 1749 1229 qui-

918 1235 978 1264 bus
1001 1235 1041 1264 ab
1069 1235 1153 1264 initio
1176 1236 1337 1272 desponsae
1352 1238 1447 1271 erant,
1459 1236 1600 1273 potestati
1613 1237 1748 1270 redditae.

919 1281 1022 1308 utrum
1041 1287 1093 1308 eas
1116 1280 1209 1308 velint
1236 1281 1382 1317 accipere,
1400 1288 1440 1308 an
1459 1281 1613 1310 desistere.
1631 1281 1660 1310 Si
1681 1281 1749 1318 quis

919 1327 1022 1353 autem
1030 1327 1189 1354 vacantem
1199 1326 1356 1362 acceperit,
1361 1326 1478 1354 auferre
1489 1326 1613 1362 quidem
1623 1328 1748 1362 oportet,

919 1369 1044 1405 suisque
1071 1369 1236 1405 restituere,
1249 1372 1277 1398 et
1299 1370 1438 1406 ipsorum
1459 1370 1605 1399 voluntati
1629 1371 1748 1407 permit-

919 1416 992 1447 tere,
1019 1413 1081 1442 sive
1090 1414 1157 1443 Isint
1181 1416 1332 1450 parentes,
1345 1415 1410 1443 sive
1433 1414 1547 1450 fratres,
1565 1414 1627 1442 sive
1648 1415 1748 1450 quivis

918 1458 969 1487 alii
983 1458 1089 1495 puellae
1107 1458 1314 1488 moderatores
1327 1467 1334 1487 :
1351 1467 1386 1488 ac
1401 1459 1425 1487 si
1439 1459 1465 1487 ei
1480 1459 1603 1495 quidem
1626 1459 1747 1487 tradere

917 1503 1022 1536 velint,
1052 1505 1169 1538 oportet
1199 1503 1427 1532 matrimonium
1459 1503 1640 1532 constituere
1667 1511 1674 1531 :
1700 1503 1746 1531 sin

917 1550 1018 1577 autem
1046 1547 1199 1576 renuerint
1216 1568 1223 1581 ,
1238 1555 1434 1584 nequaquam
1448 1547 1510 1576 vim
1525 1547 1632 1575 inferre
1645 1569 1653 1577 .
1669 1548 1745 1575 Eum

916 1658 967 1692 χῶν
991 1665 1051 1692 σου.
1071 1655 1118 1692 7οὐ
1143 1656 1194 1691 γὰρ
1221 1655 1277 1692 ἐστι
1303 1655 1411 1692 βοηθὸς,
1428 1654 1482 1682 ἀλλ’
1504 1655 1649 1688 ἐπίϐουλος,
1679 1656 1744 1692 πρὸς

916 1691 990 1718 ἄλλον
1001 1689 1165 1717 ἀποκλίνασα
1178 1689 1225 1720 τὴν
1246 1689 1374 1719 διάνοιαν.
1387 1692 1445 1725 Qui
1469 1694 1646 1726 corruptum
1672 1689 1744 1719 réti-

915 1730 976 1762 net,
989 1730 1108 1763 neturw
1122 1727 1214 1762 legem
1230 1727 1344 1756 violat:
1357 1727 1599 1763 quandoquidem
1614 1726 1666 1762 qui
1677 1727 1744 1763 reti-

915 1765 967 1791 net
991 1762 1170 1795 adulteram,
1197 1763 1304 1791 stultus
1324 1762 1369 1791 est
1388 1765 1417 1791 et
1440 1762 1564 1798 impius.
1593 1762 1744 1790 Abscinde

915 1799 997 1826 enim
1011 1805 1091 1832 eam,
1106 1798 1214 1834 inquit,
1229 1807 1248 1827 a
1265 1798 1408 1827 carnibus
1423 1799 1489 1826 tuis.
1504 1799 1584 1826 Nam
1603 1798 1743 1834 adjutri'x

915 1842 976 1862 non
987 1835 1094 1867 est,sed
1106 1833 1291 1869 insidiatrix,
1307 1842 1373 1870 quae
1386 1837 1513 1870 mentem
1526 1834 1567 1870 ad
1586 1834 1680 1862 alium
1694 1833 1743 1861 de-

916 1870 1053 1898 clinarit.
1076 1870 1178 1898 Canon
1203 1871 1218 1897 8
1242 1869 1487 1898 Neocmsariensis
1501 1869 1595 1905 laicis,
1611 1876 1742 1905 quorum

914 1913 1025 1933 uxores
1038 1905 1176 1933 adulterii
1189 1905 1343 1936 convictas,
1355 1905 1470 1933 aditum
1483 1904 1523 1932 ad
1539 1904 1740 1932 ministerium

914 1941 1151 1969 ecclesiasticum
1173 1940 1300 1974 claudit;
1317 1940 1432 1968 clericis
1454 1939 1652 1975 depositionis
1677 1947 1740 1975 p03-

913 1984 987 2005 nam
1002 1976 1123 2010 irrogat,
1136 1975 1160 2003 si
1175 1976 1343 2004 adulteram
1356 1976 1451 2004 nolint
1463 1975 1620 2003 dimittere.
1636 1976 1739 2003 Canon

914 2014 948 2040 65
963 2011 1161 2039 Eliberitanus
1170 2011 1212 2039 sic
1225 2011 1359 2040 habet:Si
1369 2013 1455 2046 cujus
1466 2011 1570 2039 clerici
1583 2018 1662 2039 uxor
1674 2011 1739 2046 fue-

913 2048 954 2076 rit
964 2047 1266 2080 mcechata,etscierit
1281 2055 1345 2075 eam
1361 2048 1489 2076 maritus
1499 2054 1571 2074 suus
1583 2047 1739 2081 mire/tari,

913 2086 941 2112 et
954 2090 1014 2110 non
1029 2089 1094 2110 eam
1116 2082 1219 2110 statim
1232 2084 1404 2117 projecerit,
1416 2090 1469 2110 nec
1483 2083 1515 2110 in
1528 2083 1588 2117 ﬁne
1608 2083 1740 2117 accipiat

912 2119 1157 2147 communionem.
1170 2118 1294 2146 Hermas
1308 2118 1359 2146 lib.
1375 2126 1395 2152 ι,
1407 2126 1434 2147 c.
1448 2121 1475 2150 2,
1486 2117 1656 2146 adulteram
1671 2118 1738 2153 ejici

909 2154 1006 2189 jubet,
1022 2154 1075 2181 sed
1087 2156 1189 2189 tamen
1202 2154 1396 2189 paenitentem
1405 2154 1507 2189 recipi.
1521 2154 1738 2189 S.Augustinus

911 2188 1094 2218 adulterium
1122 2188 1288 2223 legitimam
1318 2196 1386 2216 esse
1413 2188 1583 2216 dimittendi
1610 2196 1736 2216 causam

871 2240 893 2268 ι)
909 2224 1096 2268 pronuntiat,
1115 2224 1167 2252 sed
1178 2232 1240 2268 npn
1255 2223 1467 2268 necessariam,
1482 2223 1534 2252 lib.
1549 2231 1579 2251 ιι.
1594 2224 1637 2252 De
1649 2223 1737 2252 adul-

910 2264 965 2290 ter.
979 2261 1105 2296 nuptiis,
1118 2267 1185 2296 cap.
1197 2262 1223 2292 5,
1235 2267 1266 2289 n.
1283 2262 1324 2287 13.

944 2297 1002 2332 (83)
1026 2295 1083 2323 Ἐπ’
1098 2294 1101 2296 ⁷
1117 2294 1234 2331 ἑξοὶισίᾳ.
1270 2297 1350 2324 Unus
1382 2294 1478 2323 codex
1506 2296 1578 2330 Reg.
1598 2294 1636 2320 ἐπ’
1665 2294 1736 2326 ἐξου-

909 2342 979 2363 σιας.

945 2367 1000 2404 (84)
1019 2367 1206 2404 Ἀνανερσωσι.
1223 2366 1269 2395 Sic
1283 2367 1398 2404 veteres
1424 2366 1492 2404 libri
1516 2374 1636 2404 summo
1663 2374 1736 2394 con-

910 2401 1088 2432 sensu.Editi
1102 2402 1254 2431 ἀνανεύωσι,
1270 2402 1365 2431 Mirari
1380 2402 1481 2430 autem
1497 2401 1579 2430 subit
1593 2410 1646 2430 cur
1659 2410 1736 2438 quos

910 2439 992 2475 leges
1001 2439 1103 2467 civiles
1115 2438 1236 2475 capitali
1247 2437 1395 2475 supplicio
1405 2437 1737 2475 puniebantmecrapto

913 2473 1053 2511 sinebant
1059 2473 1218 2511 perfrui,ut
1226 2473 1325 2511 videre
1335 2476 1380 2502 est
1391 2473 1622 2511 cod.Theodos.,
1633 2473 1675 2501 lib
1680 2473 1735 2501 (ix.

912 2511 958 2539 tit.
969 2513 1014 2544 25,
1030 2509 1068 2538 iis
1081 2509 1208 2538 Basilius
1222 2512 1284 2537 tam
1293 2509 1372 2537 leves
1391 2509 1628 2545 prenasirroget,
1648 2516 1703 2536 nec
1718 2517 1738 2538 θ.

914 2546 1107 2575 matrimonio
1115 2545 1266 2580 excludat,
1273 2545 1297 2572 si
1307 2548 1466 2580 parentum
1475 2545 1599 2579 virginis
1613 2552 1738 2572 consen-

915 2590 967 2610 sus
982 2581 1152 2614 accedat,ut
1168 2579 1269 2608 videre
1284 2579 1330 2608 est
1348 2580 1378 2608 in
1394 2588 1509 2608 canone
1523 2583 1566 2608 22.
1579 2580 1635 2607 Sed
1647 2579 1737 2608 credo

916 2619 1054 2645 sanctum
1069 2616 1224 2644 doctorem
1238 2624 1274 2644 ea
1283 2618 1383 2644 mente
1391 2616 1496 2644 leniter
1505 2616 1610 2650 egisse,
1623 2623 1661 2643 ne
1673 2615 1739 2650 qui—

914 2653 1047 2693 busipsa
1061 2651 1134 2693 fuga
1150 2651 1359 2693 impunitatem
1369 2654 1401 2693 et
1410 2651 1645 2693 licentiamdare
1657 2653 1738 2686 pote-

915 2686 1005 2722 rat,hi
1013 2686 1230 2724 etmatrimouii
1236 2687 1445 2724 desperatione
1451 2690 1479 2724 et
1487 2686 1633 2724 gravioris
1642 2693 1739 2722 paenae

916 2726 1000 2752 metu
1017 2723 1048 2750 in
1067 2722 1177 2751 scelere
1190 2722 1434 2752 obdurescerent.
1448 2723 1520 2751 Hinc
1530 2722 1568 2750 de
1581 2730 1739 2750 sacrarum

916 2758 1067 2794 virginum
1081 2760 1171 2794 raptu
1198 2766 1261 2787 non
1281 2758 1423 2795 loquitur,
1439 2759 1493 2787 sed
1502 2757 1595 2795 Adcqiis
1610 2760 1737 2792 tantum,

916 2793 1046 2832 quorum
1060 2793 1185 2830 peccato
1199 2793 1426 2824 matrimonium
1440 2793 1554 2823 mederi
1568 2796 1694 2831 poterat.
