1984 3147
237 98 290 126 72']

934 95 962 123 S.
979 95 1102 125 BASILII
1117 97 1226 126 MAGNl

1866 96 1917 123 728

271 159 357 187 XXXI.
372 159 462 194 Cujus
476 158 520 187 vir
539 158 685 195 discessit,
701 165 757 186 nec
774 160 938 194 comparet,
959 166 995 187 ea.
1009 167 1062 187 an-

1155 160 1216 187 AA'.
1229 159 1270 192 'II,
1286 159 1510 195 ἀναχωρήσαντος
1531 158 1588 194 (96)
1604 156 1664 184 τοῦ⁷
1676 155 1778 193 ἀνδρὸς,
1794 158 1841 183 καὶ
1857 157 1918 194 ἄφα-

235 204 357 239 tequam
372 203 409 230 de
423 203 488 238 ejus
504 205 599 230 morte
624 202 730 231 certior
753 202 833 231 facta.
856 202 903 237 sit,
917 210 978 231 una
993 211 1062 231 cum

236 247 296 276 alio
309 247 451 275 habitans
466 248 647 276 mcechatur.

274 292 374 319 XXXII.
398 293 555 320 Peccatum
575 292 615 320 ad
631 293 759 320 mortem
779 293 939 328 peccantes
954 291 1062 325 clerici,

238 335 275 364 de
289 336 385 370 gradu
401 336 591 372 dejiciuntur,
605 344 623 364 a
636 336 785 365 laicorum
810 339 911 365 autem
927 344 1063 364 commu-

237 381 327 409 nione
342 388 405 410 non
423 383 572 410 arcentur.
594 381 665 409 Non
684 382 761 410 enim
784 381 952 410 vindicabis
973 381 1015 409 bis
1031 381 1064 408 in

238 427 368 461 idipsum
375 427 410 454 ⁷⁸.

277 472 387 499 XXXIII.
410 471 512 500 Mulier
526 479 595 508 quae
618 470 650 500 in
673 471 720 500 via
732 471 857 508 peperit,
873 472 902 499 et
918 470 995 499 fetus
1020 470 1066 498 sui

239 523 345 544 curam
360 523 422 545 non
436 516 577 553 suscepit,
594 515 685 544 caedis
699 515 817 544 crimini
829 515 1015 551 subjiciatur.

276 605 387 633 XXXIV.
402 604 535 633 Mulieres
556 604 702 633 adulterio
718 604 860 641 pollutas,
874 606 903 633 et
917 603 957 632 ob
971 605 1066 641 pieta-

241 650 303 677 tem
324 650 510 685 conﬁtentes,
524 652 575 678 aut
597 650 815 687 quoquomodo
835 649 988 678 convictas
1011 657 1066 686 pu-

242 694 348 722 blicari
362 697 463 730 patres
477 695 572 723 nostri
583 695 756 729 noluerunt,
768 703 807 722 ne
820 702 945 723 causam
962 695 1068 723 mortis

244 739 435 775 praebeamus
451 739 611 772 convictis;
633 739 794 768 consistere
807 742 908 768 autem
922 739 989 767 illas
1003 739 1068 767 sine

243 784 456 812 communione
466 784 630 820 jusserunt,
647 784 744 812 donec
762 784 924 821 impleatur
949 788 1068 821 tempus

243 828 436 864 paenitentiae.

281 873 381 901 XXXV.
399 873 430 900 In
446 873 554 901 marito
569 873 608 901 ab
620 881 714 901 uxore
724 873 865 902 derelicto
878 873 1071 902 consideran-

244 917 285 945 da
294 917 493 945 derelictionis
505 925 615 946 causa:
632 926 667 946 ac
681 918 706 945 si
718 925 786 946 eam
800 920 909 954 preter
922 918 1071 946 rationem

246 962 408 990 secessisse
432 962 606 994 constiterit,
629 962 677 991 ille
701 962 825 999 quidem
849 962 960 999 dignus
972 963 1070 997 venia,

245 1006 310 1035 haec
337 1015 409 1034 vero
433 1007 558 1036 mulcta.
573 1007 666 1035 Venia
687 1008 788 1036 autem
817 1007 854 1042 ei,
877 1010 911 1035 ut
933 1007 1071 1036 Ecclesia;

245 1051 459 1087 communicet,
470 1051 602 1080 dabitur.

280 1097 393 1124 XXXVI.
414 1096 534 1124 Militum
563 1103 679 1131 uxores,
700 1103 768 1132 quae
784 1095 900 1124 maritis
925 1095 987 1124 suis
1010 1103 1072 1124 non

247 1140 503 1176 comparentibus,
532 1142 712 1176 nupserunt,
726 1140 834 1168 rationi
862 1140 961 1168 eidem
981 1140 1074 1176 subji-

247 1185 376 1219 ciuntur,
390 1185 439 1212 cui
449 1187 478 1213 et
491 1184 560 1217 ille,
575 1192 644 1221 quea
667 1185 707 1213 ob
721 1185 993 1221 peregrinationem
1009 1193 1074 1214 ma-

245 1229 384 1264 ritorum,
407 1229 537 1258 reditum
564 1237 627 1258 non
654 1233 865 1266 exspectavere
882 1239 889 1258 ε
906 1230 959 1258 sed
972 1232 1074 1258 tamen

246 1281 295 1302 res
319 1273 497 1302 nonnullam
524 1274 572 1303 hic
588 1274 709 1302 veniam
724 1274 867 1310 admittit,
877 1275 962 1311 quod
976 1275 1075 1310 major

248 1318 285 1346 sit
300 1319 406 1346 mortis
420 1319 563 1354 suspicio.

285 1363 407 1390 XXXVII.
421 1363 476 1395 Qui
495 1363 594 1391 aliena
609 1363 665 1391 sibi
676 1363 778 1392 ablata
790 1371 916 1392 uxorem
931 1364 1028 1399 duxit,
1043 1363 1075 1392 in

247 1407 347 1443 prima
362 1408 485 1444 quidem
501 1408 638 1436 adulterii
661 1409 773 1436 crimen
794 1408 960 1443 sustinebit,
980 1409 1011 1437 in
1031 1416 1075 1437 se-

248 1451 350 1480 cunda
364 1460 436 1480 vero
451 1460 519 1480 reus
534 1460 597 1480 non
612 1455 727 1487 agetur.

1116 209 1176 236 νοῦς
1191 207 1272 238 ουτος,
1287 206 1337 240 πρὸ
1352 208 1397 230 τοῦ
1412 204 1553 232 πεισθῆναι
1565 205 1624 239 περὶ
1638 206 1684 228 τοῦ
1701 203 1812 228 θανάτου
1828 202 1919 239 αὐτοῦ,

1118 250 1195 286 ἑτέρῳ
1213 251 1318 278 συνοική
1324 258 1395 275 σασα
1408 250 1536 285 μοίχοῖται
1544 270 1551 276 ,

1155 293 1213 321 AB'.
1238 295 1271 320 Οἱ
1294 295 1341 322 τὴν
1361 294 1427 329 πρὸς
1443 293 1550 318 θάνατον
1575 291 1632 327 (97)
1651 291 1780 329 ἁμαρτίαν
1799 290 1919 328 ἁμαρτά-

1118 348 1200 369 νοντες
1214 337 1335 375 κληρικοὶ
1350 340 1396 364 τοῦ
1419 336 1525 373 βαθμοῦ
1546 337 1714 372 κατάγονται,
1725 339 1773 366 τῆς
1788 337 1918 365 κοινωνίας

1120 381 1150 410 δὲ
1168 386 1218 409 τῶν
1233 382 1328 409 λαίκῶν
1344 382 1391 408 οὐκ
1406 380 1573 418 ἐξιίργονται.
1589 380 1627 406 Οὐ
1641 381 1691 416 γὰρ
1713 378 1864 410 ὶκδικὴσεις
1879 378 1919 410 δὶς

1120 427 1162 454 ἐπὶ
1175 429 1204 454 τὸ
1218 427 1293 454 αὐτὸ.

1156 472 1216 499 AI".
1229 471 1258 498 Ἠ
1276 473 1353 508 γυνὴ,
1371 471 1387 501 ἡ
1405 469 1452 497 διὰ
1480 473 1529 502 τῆς
1547 468 1611 496 ὀδοῦ
1630 472 1765 502 κυήσασα,
1793 470 1840 495 καὶ
1862 468 1919 505 ἀμε-

1119 516 1227 546 λήσασα
1240 520 1286 543 τοῦ
1308 518 1452 552 κυήματος,
1467 519 1504 551 τῷ
1518 518 1564 542 τοῦ
1586 517 1664 552 φόνου
1687 514 1835 551 ἐγκλήματι
1859 514 1920 540 ὐπο-

1120 563 1228 589 κείσθω.

1158 606 1216 633 ΛΔ’.
1232 607 1285 637 Τὰς
1303 606 1492 642 μοιχευθείσας
1507 607 1634 641 γυναῖκας
1656 605 1700 631 καὶ
1715 604 1919 641 ἔξαγορευούσας

1122 649 1159 678 δι’
1174 650 1316 686 εὐλάϐειαν,
1333 650 1348 680 ἢ
1366 651 1486 676 ὁπωσοῦν
1500 648 1682 686 ἐλεγχομένας,
1696 647 1867 685 δημοσιεύειν
1877 648 1919 674 οὐκ

1122 695 1259 722 ἐκέλευσαν
1289 696 1314 721 οἰ
1337 697 1446 731 πατέρες
1474 694 1558 730 ἡμῶν,
1577 695 1618 720 ἱνα
1641 696 1676 730 μὴ
1708 694 1822 720 θανάτου
1839 693 1919 720 αἰτίαν

1122 741 1303 778 παράσχωμεν
1323 738 1522 775 ἔλεγχθείσαις·
1553 739 1679 765 ἵστασθαι
1700 736 1729 764 δι
1756 738 1839 769 αὐτὰς
1865 738 1919 764 ἄνευ

1123 786 1258 815 κοινωνίας
1277 783 1451 820 προσέταξαν,
1466 785 1550 820 μέχρι
1573 786 1621 810 τοῦ
1645 782 1868 820 συμπληροῦσθαι
1881 783 1919 808 τὸν

1085 835 1108 862 Β
1124 831 1219 866 χρόνον
1235 832 1282 859 τῆς
1297 830 1444 864 μετανοίας.

1159 872 1220 900 ΛΕ’.
1236 872 1294 900 Ἐπὶ
1322 871 1352 899 δὲ
1375 876 1422 898 τοῦ
1446 872 1658 908 καταλειφθέντος
1682 869 1776 908 ἆνδρὸς
1801 872 1852 898 ὑπὸ
1876 875 1920 902 τῆς

1124 919 1247 954 γυναικὸς
1262 919 1317 955 χρὴ
1335 920 1440 944 σκοπεῖν
1462 919 1508 946 τὴν
1523 917 1610 943 αἰτίαν
1629 920 1678 947 τῆς
1701 915 1918 952 ὶγκαταλιίψιως*

1125 962 1173 989 κᾶν
1193 966 1258 999 φανῇ
1291 962 1391 998 ἀλόγως
1419 961 1631 998 ἀναχωρήσασα,
1662 961 1675 987 ὁ
1696 962 1743 997 μὶν
1767 963 1920 996 συγγνώμης

1126 1006 1196 1033 ἐστὶν
1221 1007 1302 1042 ἄξιος,
1318 1008 1333 1035 ἡ
1360 1005 1391 1033 δὶ
1415 1006 1558 1042 ἐπιτιμίου.
1573 1005 1603 1032 Ἦ
1628 1003 1658 1032 δί
1682 1007 1824 1041 συγγνώμη
1843 1005 1919 1039 τούτῳ

1125 1053 1230 1088 πρὸςτὸ
1245 1054 1374 1077 κοινωνεῖν
1388 1054 1418 1086 τῇ
1435 1050 1579 1086 Ἐκκλησία
1594 1048 1748 1079 δοθήσεται.

1162 1095 1221 1128 Λς·’.
1249 1093 1448 1132 Στρατιώτιδες,
1473 1096 1567 1121 αἰτῶν
1595 1093 1697 1130 ἀνδρῶν
1721 1093 1823 1129 ἀφανῶν
1848 1094 1922 1137 ὄντων

1126 1141 1299 1177 γαμηθεῖσαι,
1314 1144 1350 1175 τῷ
1365 1139 1436 1175 αὐτῷ
1445 1140 1596 1165 ὑπόκεινται
1613 1138 1690 1174 λόγῳ,
1711 1137 1779 1175 ᾧπερ
1795 1137 1825 1163 ἆν
1840 1140 1882 1164 καὶ
1897 1139 1923 1163 αι

1128 1184 1176 1212 διὰ
1189 1187 1237 1214 τὴν
1256 1182 1410 1220 ἀποδημίαν
1425 1187 1475 1210 τῶν
1502 1182 1603 1220 ἀνδρῶν
1627 1185 1662 1219 μὴ
1691 1182 1859 1218 ἀναμείνασαι
1877 1184 1923 1211 τὴν

1129 1227 1272 1256 ἓποὲιοδον·
1306 1228 1373 1258 πλὴν
1403 1230 1461 1264 ἔχει
1486 1229 1545 1255 τινὰ
1567 1231 1726 1264 συγγνώμην
1759 1228 1789 1253 τὸ
1819 1230 1924 1264 πρᾶγμα

1128 1274 1249 1309 ενταῦθα,
1276 1273 1324 1300 διὰ
1337 1275 1366 1300 τὸ
1393 1272 1489 1310 μᾶλλον
1508 1274 1574 1311 πρὸς
1590 1273 1699 1299 θάνατον
1719 1270 1785 1299 εἶναι
1798 1274 1843 1301 τὴν
1864 1272 1924 1298 ὑπό-

1128 1330 1156 1347 νο
1160 1330 1209 1348 ιαν.

1165 1364 1226 1392 ΛΖ’.
1251 1364 1324 1391 Μετὰ
1337 1364 1367 1390 τὸ
1384 1363 1556 1401 ἀφαιρεθῆναι
1584 1363 1632 1392 τὴν
1657 1362 1794 1400 ἀλλοτρίαν
1808 1362 1821 1389 ὁ
1842 1364 1924 1399 γαμή-

1131 1419 1190 1443 σας,
1206 1409 1248 1435 ἐπὶ
1271 1410 1316 1445 μὶν
1340 1413 1372 1438 τῆ
1399 1411 1488 1445 πρώτῃ
1510 1409 1633 1444 μοιχείαν
1656 1406 1859 1443 ἔγκληθίηεται·
1884 1407 1922 1434 ἐπὶ

1132 1452 1161 1481 δὲ
1173 1458 1203 1490 τῇ
1222 1452 1332 1491 δευτέρα
1346 1452 1480 1483 ἀνεύθυνος
1495 1454 1581 1480 ἕσται.

283 1498 419 1525 XXXVIII.
436 1497 553 1532 Puellae,
568 1506 637 1533 quae
658 1500 767 1534 praeter
786 1499 878 1534 patris
897 1499 1072 1527 sententiam

1167 1498 1231 1526 AB'.
1248 1499 1280 1525 Ai
1294 1500 1380 1534 κόραι,
1395 1498 1423 1524 αἱ
1436 1498 1509 1534 παρὰ
1522 1500 1627 1533 γνώμην
1637 1497 1734 1532 πατρὸς
1748 1496 1921 1526 ἀκολουθήσα-

250 1544 360 1569 secutae
376 1543 453 1572 sunt.
470 1542 673 1576 fornicamur;
694 1542 894 1571 reconciliatis
909 1545 1010 1571 autem
1025 1551 1078 1579 pa-

248 1586 385 1614 rentibus
401 1586 520 1614 videtur
541 1594 589 1614 res
608 1586 777 1614 remedium
790 1587 942 1623 accipere;
959 1595 1021 1616 non
1036 1590 1079 1616 ta-

250 1638 321 1658 men
346 1631 446 1658 statim
469 1630 500 1657 in
521 1631 769 1659 communionem
789 1632 998 1668 restituuntur,
1026 1632 1079 1660 sed

251 1675 379 1703 triennio
394 1674 568 1711 punientur.

289 1720 401 1747 XXXIX.
422 1720 492 1752 Quae
517 1719 590 1748 vivit
619 1727 689 1748 cum
714 1720 861 1755 adultero,
877 1720 1013 1750 adultera
1037 1721 1081 1749 est

254 1764 339 1791 omni
354 1769 498 1800 tempore.

291 1809 342 1836 XL.
360 1809 430 1841 Quae
443 1811 551 1844 praeter
571 1809 636 1837 heri
659 1809 840 1837 sententiam
862 1817 893 1836 se
907 1809 973 1837 viro
985 1810 1081 1845 tradit,

254 1852 402 1882 fornicata
413 1856 473 1889 est;
490 1861 559 1891 quae
569 1862 638 1883 vero
652 1856 759 1891 postea
781 1854 974 1882 matrimonio
988 1854 1082 1883 libero

292 1952 317 1970 ⁷⁵
332 1951 406 1981 Nah.
422 1960 442 1986 I,
458 1954 484 1980 9.

295 2052 352 2085 (96)
363 2049 393 2076 'H
408 2049 637 2088 ἀναχωρήσαντος.
654 2050 767 2088 Synodi
785 2051 817 2078 in
840 2050 938 2079 Trullo
952 2059 1084 2087 nonage-

259 2086 354 2114 simus
369 2085 472 2114 tertius
486 2085 583 2114 canon
597 2085 729 2114 continet
749 2087 830 2114 hunc
850 2094 999 2115 canonem
1013 2085 1083 2116 cum

257 2121 409 2150 tricesimo
424 2123 507 2149 sexto
520 2125 548 2149 et
561 2122 794 2158 quadragesimo
810 2125 904 2150 sexto.

294 2159 413 2192 (97)T+.v
436 2160 501 2193 πρὸς
527 2159 644 2185 θάνατον.
666 2159 789 2186 Peccato
815 2158 856 2186 ad
881 2161 1004 2186 mortem
1021 2159 1083 2186 sive

259 2191 378 2221 mertali
389 2191 469 2229 saepe
480 2196 593 2220 veteres
603 2193 743 2221 eamdem
762 2202 797 2221 ac
811 2201 867 2221 nos
878 2193 967 2221 hodie
978 2194 1084 2229 adjun-
1100 2191 1121 2218 Ι)

260 2229 369 2264 gimus,
387 2236 467 2264 saepe
487 2229 577 2256 aliam
601 2229 754 2256 notionem
770 2229 941 2264 subjiciunt.
960 2229 1005 2257 Sic
1019 2231 1084 2265 ipse

262 2264 427 2292 Basiliusin
437 2272 503 2299 cap.
519 2273 546 2292 ιν
563 2265 657 2298 Isaiw,
674 2273 704 2292 n.
721 2267 782 2297 137,
793 2272 822 2300 p.
839 2264 1085 2300 475,peccata’ad

260 2302 388 2327 mortem
405 2303 510 2335 vocat,
525 2308 592 2335 quin
617 2303 685 2335 post
705 2304 860 2335 acceptam
882 2300 1084 2334 cognitionem

260 2334 429 2362 voluntarie
453 2334 662 2367 admittuntur,
687 2343 722 2362 ac
747 2334 786 2362 ea
807 2335 934 2370 opponit
954 2336 1085 2370 peccatis

261 2369 448 2405 ignorantiae.
473 2370 510 2397 At
535 2369 564 2397 in
587 2370 693 2398 eodem
715 2369 962 2402 Commentario,’
976 2379 1005 2398 n.
1024 2373 1083 2404 I66,

260 2414 291 2441 p.
299 2407 488 2441 497,peccata
494 2405 532 2432 ad
538 2408 665 2433 mortem
672 2409 760 2433 vocat
767 2405 1085 2441 quaecunqueininfer-

260 2440 335 2469 num
351 2440 514 2468 deducunt.
532 2441 675 2473 Quaenam
687 2440 812 2477 crgorad
823 2440 950 2468 mortem
961 2445 1086 2477 peccata

261 2477 293 2504 in
308 2477 366 2504 hoc
379 2483 495 2503 canone
510 2478 543 2503 32
567 2476 724 2511 intelligit?
739 2476 770 2504 Id
789 2476 916 2512 perspici
936 2476 1035 2512 petest
1048 2485 1085 2505 ex

262 2511 430 2540 canonibus
445 2513 478 2539 69
492 2513 520 2548 et
533 2513 576 2548 70.
594 2512 636 2539 lbi
652 2512 731 2539 enim
752 2511 926 2548 clericorum
937 2511 1082 2548 ’peceatis,

261 2556 329 2584 qua:
343 2556 404 2575 non
419 2547 597 2584 gravissima
616 2547 748 2583 quidem,
765 2547 819 2574 sed
834 2550 934 2584 tamen
945 2547 1086 2576 mortalia

261 2583 356 2617 erant,
384 2585 412 2610 et
434 2583 604 2611 necessario
630 2583 811 2617 conﬁtenda,
840 2583 964 2611 leviores
979 2592 1084 2619 poenas

260 2619 377 2653 inﬂixit,
393 2627 487 2654 quam
513 2621 634 2655 peccato
654 2620 695 2647 ad
709 2622 833 2646 mortem
849 2618 880 2646 in
902 2618 1017 2647 canone
1033 2622 1079 2647 32.

260 2655 380 2682 Videtur
395 2662 466 2688 ergo
481 2655 560 2682 hanc
581 2663 686 2682 vocem
713 2655 804 2690 paulo
818 2655 946 2682 strictius
969 2655 999 2682 in
1026 2655 1082 2682 hoc

259 2698 376 2718 canone
390 2693 423 2718 32
438 2698 610 2726 usurpasse,
624 2698 723 2726 neque
738 2690 841 2717 omnia
853 2693 986 2725 peccata,
997 2698 1082 2726 quae—

258 2733 378 2761 cunque
397 2733 415 2752 a
432 2727 490 2753 Deo
506 2729 656 2761 separant,
681 2726 733 2754 sed
750 2726 887 2760 graviora
902 2728 1018 2754 tantum
1034 2726 1083 2753 de-

256 2759 399 2794 signasse.
414 2762 525 2789 Eodem
540 2759 629 2790 sensu
651 2759 797 2797 synodus,
808 2761 987 2797 Eliberitana
1001 2763 1082 2789 vetat

254 2803 320 2824 can.
335 2798 369 2824 32
382 2797 464 2832 apud
475 2796 695 2834 presbyterum,
709 2797 734 2826 si
749 2796 817 2833 quis
831 2796 916 2832 gravi
938 2796 1026 2832 lapsu
1050 2797 1081 2824 in

1133 1553 1189 1578 σαι,
1204 1544 1378 1580 πορνεύουσι·
1405 1540 1594 1577 διαλλαγέντων
1616 1540 1645 1568 δι
1669 1545 1719 1567 τῶν
1739 1544 1841 1577 γονέων,
1859 1540 1922 1568 δοκεῖ

1134 1589 1268 1625 θεραπείαν
1283 1586 1421 1624 λαμϐάνειν
1436 1588 1466 1612 τὸ
1480 1588 1586 1622 γεγονός
1598 1594 1605 1602 ·
1628 1586 1676 1612 οὐκ
1702 1585 1780 1617 εὐθὺς
1795 1584 1824 1612 δὲ
1838 1586 1874 1617 εἰς
1883 1587 1920 1614 τὴν

1132 1634 1266 1658 κοινωνίαν
1291 1631 1528 1666 ἀποκαθίστανται,
1545 1630 1599 1657 ἀλλ’
1621 1630 1860 1667 ἐπι-τιμηθήσονται
1872 1632 1922 1668 τρία

1133 1678 1176 1706 ἔτη
1193 1679 1250 1712 (98)
1258 1697 1264 1704 .

1170 1720 1235 1749 ΛΘ’.
1251 1721 1280 1747 Ἠ
1295 1724 1332 1757 τῷ
1344 1719 1557 1757 μοιχῷξσυζῶσα
1571 1719 1696 1756 μοιχαλὶς
1717 1718 1776 1746 ἔστι
1790 1719 1875 1746 πάντα
1886 1719 1922 1745 τὸν

1134 1768 1230 1803 χρόνον
1243 1767 1310 1802 (99).

1170 1809 1212 1838 Μ’.
1230 1810 1259 1836 Ἠ
1288 1811 1360 1848 παρὰ
1375 1811 1482 1846 γνώμην
1506 1812 1552 1836 τοῦ
1580 1807 1711 1835 δεσπότου
1739 1807 1818 1846 ἀνδρὶ
1841 1808 1924 1837 ἑαυτὴν

1135 1853 1283 1882 ἔκδιδοῦσα
1298 1856 1335 1890 (1)
1364 1854 1514 1892 ὶπὸρνιυσιν
1529 1862 1535 1869 ·
1564 1855 1579 1884 ἡ
1597 1852 1627 1880 δὲ
1644 1854 1709 1891 μετὰ
1732 1857 1817 1880 ταῦτα
1837 1852 1924 1890 πεπαρο

1136 2051 1256 2080 ruinam
1263 2050 1368 2079 mortis
1375 2050 1522 2086 inciderit,
1534 2057 1622 2086 agere
1628 2049 1836 2086 paenitentiam
1846 2048 1923 2076 debe-

1137 2095 1178 2122 re,
1187 2087 1240 2124 sed
1249 2087 1347 2124 potius
1356 2086 1439 2124 apud
1446 2085 1635 2124 episcopum;
1645 2086 1796 2124 Diaconus
1803 2085 1923 2124 detectus

1137 2124 1168 2151 in
1179 2121 1302 2150 crimine
1317 2121 1426 2150 mortis
1433 2121 1501 2150 ante
1522 2121 1744 2149 ordinationem
1759 2121 1922 2151 commisso,

1137 2157 1321 2195 paenitentiae
1334 2157 1491 2195 subjicitur
1503 2165 1570 2185 can.
1582 2159 1615 2195 79
1628 2156 1767 2195 ejusdem
1781 2156 1893 2195 synodi.

1174 2194 1229 2228 (98)
1246 2190 1497 2229 Ἐπιτιμηθῆσονται
1519 2195 1580 2229 τρία
1599 2190 1654 2221 Ern.
1677 2190 1818 2229 Zonaras,
1835 2190 1922 2219 Balsa-

1138 2237 1211 2257 mon
1224 2231 1253 2256 et
1267 2227 1420 2256 Aristenus
1436 2228 1517 2256 hunc
1532 2227 1680 2255 canonem
1696 2227 1847 2262 accipiunt
1869 2233 1921 2262 non

1139 2265 1176 2292 de
1191 2264 1284 2300 raptis
1294 2264 1473 2299 virginibus,
1486 2263 1539 2300 sed
1549 2263 1586 2291 de
1597 2263 1631 2290 iis
1645 2271 1713 2299 quae
1726 2261 1833 2298 praeter
1842 2261 1921 2298 patris

1140 2299 1317 2328 sententiam
1341 2300 1470 2327 nubunt.
1485 2299 1544 2327 Illis
1569 2301 1668 2326 autem
1689 2299 1920 2326 communionem

1138 2339 1207 2372 post
1219 2338 1278 2363 tres
1290 2342 1386 2372 annos
1398 2335 1488 2372 reddi
1494 2334 1667 2372 existimant
1678 2333 1838 2361 Baisamon
1847 2334 1920 2372 et_Zo-

1139 2369 1242 2399 haras.
1254 2372 1290 2398 At
1298 2370 1451 2398 Aristenus
1462 2370 1503 2398 ait
1515 2379 1521 2398 :
1534 2372 1646 2403 τριετίαν
1656 2370 1834 2403 ὑποπιπτέτω,
1846 2369 1920 2395 trien-

1197 2395 1631 2444 si;ister—nilnivaldediibito
1641 2413 1679 2444 an
1690 2413 1752 2433 non
1762 2395 1866 2444 miniter
1873 2407 1920 2444 tres

1139 2450 1236 2470 annos
1269 2442 1479 2469 substrationis
1518 2441 1596 2469 aIius
1628 2442 1706 2468 inter
1737 2441 1919 2468 consistentes

1140 2477 1331 2518 prrescriptus
1354 2477 1452 2518 fuerit.
1478 2476 1524 2518 Sic
1548 2476 1629 2518 enim
1645 2483 1735 2511 supra.
1758 2478 1818 2503 tres
1836 2482 1919 2518 annos

1139 2512 1252 2548 irrogat
1263 2512 1445 2548 raptoribus,
1459 2512 1570 2547 quibus
1585 2514 1687 2539 tamen
1702 2518 1819 2548 canone
1836 2513 1866 2537 22
1884 2512 1918 2536 iti-

1140 2547 1213 2578 dem,
1221 2551 1253 2576 ut
1259 2547 1490 2576 fornicatoribus
1496 2550 1628 2584 quatuor
1635 2547 1778 2574 annosim
1784 2547 1916 2582 posuerat.

1176 2585 1231 2619 (99)
1247 2586 1336 2610 Πάντα
1348 2586 1391 2610 τὸν
1410 2586 1516 2620 χρόνον.
1547 2583 1598 2620 δίο
1621 2590 1693 2620 mss.
1718 2590 1844 2620 summo
1859 2588 1916 2620 con-

1139 2616 1238 2657 sensu.
1266 2620 1311 2647 Sic
1327 2616 1573 2657 etiam‘Zonaras,
1590 2618 1752 2657 Balsamon
1768 2619 1796 2657 et
1815 2616 1916 2657 Alexim

1138 2655 1301 2683 Aristonus.
1332 2655 1407 2683 Editi
1428 2662 1483 2690 pro
1505 2654 1551 2682 his
1574 2653 1700 2682 vocibus
1725 2652 1839 2680 habent
1855 2653 1916 2678 παντὶ

1136 2700 1233 2717 τοοπθι.

1152 2716 1157 2726 ’
1171 2719 1214 2761 (Μ’
1226 2716 1397 2761 Ἔκδιδοΰσα.
1413 2725 1460 2753 Sic
1469 2726 1697 2761 mss.rquatuor,
1708 2723 1790 2761 iique
1801 2722 1915 2761 melioris

1135 2759 1223 2789 notae.
1241 2762 1317 2789 Editi
1340 2760 1464 2788 ἔκδοῦσα.
1484 2759 1575 2789 Paulo
1599 2762 1670 2797 post
1682 2759 1791 2795 legitur
1813 2759 1841 2787 in
1865 2765 1914 2786 uno

1136 2798 1240 2826 codice
1251 2796 1513 2834 πεπαῤῥησιασμένῃ.
