1984 3147
213 119 265 146 735

898 116 916 144 S
923 137 930 144 .
954 115 1077 144 BASlLll
1095 115 1205 145 MAGNI
1834 115 1877 143 736

214 187 265 208 eos
289 178 341 215 qui
363 185 425 206 una
440 185 509 206 cum
530 179 581 206 tua
600 178 754 206 sanctitate
777 180 856 213 sunt,
877 179 906 206 et
924 178 1038 206 clerum

1097 178 1179 207 κὺτοίς
1199 179 1276 203 τοῦτο
1301 177 1366 213 πρὸς
1385 179 1473 203 πᾶσαν
1497 175 1649 213 ἀσφάλειαν.
1667 175 1749 202 ’Ὥστε
1767 177 1811 202 καὶ
1827 177 1880 207 τοὺς

215 231 346 259 omnem,
363 222 571 259 populumque
586 223 667 257 quia
680 226 707 250 te
720 223 861 259 pascitur,
876 225 904 251 et
918 223 1038 257 religio-

214 268 348 296 sissimos
367 267 473 295 fratres
489 270 608 295 nostros
624 275 659 295 ac
673 267 895 295 comministros
913 267 1038 302 dignare

214 314 316 340 nostro
328 311 451 339 nomine
463 311 604 340 salutare.
619 312 768 340 Memoriae
782 311 947 340 beatissimi
960 320 1039 340 mar-

214 356 287 392 tyris
303 356 465 392 Eupsyohii
480 356 664 391 memineris,
684 364 739 384 nec
758 360 910 392 exspectes
930 358 962 384 ut
975 364 1039 385 mo-

214 407 304 428 neam
319 402 346 428 te
361 401 488 428 iterum:
509 408 607 436 neque
622 400 675 428 des
693 409 818 437 operam
835 403 867 428 ut
884 401 923 428 ad
937 400 1038 436 ipsum

214 445 415 480 prmstitutum
423 445 504 473 diem
514 445 655 473 accedas:
667 445 721 473 sed
731 445 851 473 uthunc
861 446 1039 481 praevenias,

214 497 330 525 nosque
337 489 495 523 exhilares,
502 489 526 517 si
535 489 627 517 modo
637 489 737 517 adhuc
744 489 775 517 in
787 492 864 518 terra
873 497 1038 518 versemur.

215 534 335 562 interim
357 534 461 562 valens
483 534 514 562 in
537 534 674 567 Domino,
697 542 732 562 ac
750 542 806 570 pro
828 533 916 562 nobis
935 542 1036 570 orans,

215 578 340 605 scrveris
354 577 442 606 nobis
455 580 484 606 et
497 578 547 606 Dei
566 577 702 606 Ecclesiis
717 578 813 606 sancti
828 578 933 612 gratia.

1094 225 1217 253 συνόντας
1241 226 1272 258 τῇ
1304 223 1424 250 ὁσιότητὶ
1449 231 1508 255 σου,
1532 224 1577 248 καὶ
1601 222 1686 247 πάντα
1716 221 1760 246 τὸν
1786 220 1880 256 κλῆρον,

1092 269 1198 293 καὶτὸν
1221 266 1283 292 λαὸν
1309 268 1360 302 τὸμ
1383 267 1433 292 ὑπὸ
1459 270 1506 292 σοῦ
1528 268 1736 302 ποιμαινόμενον,
1763 267 1807 290 καὶ
1829 267 1883 295 τοὺς

1093 311 1305 347 θεοφιλεστάτους
1329 309 1453 346 ἀδελφοὺς
1479 311 1551 346 ἡμων
1575 310 1631 345 (17)
1652 312 1698 336 καὶ
1728 308 1883 345 συλλειτουρ-

1091 358 1154 392 γοὺς
1180 358 1330 392 προσειπεῖν
1356 354 1417 391 παρ’
1442 355 1514 391 ἡμῶν
1545 354 1717 385 καταξίωσον·
1751 357 1802 384 Τῆς
1828 356 1884 389 μνή-

1092 409 1145 436 μης
1167 403 1212 426 τοῦ
1231 400 1431 436 μαχαριωτάτου
1452 400 1581 436 μάρτυρος
1602 398 1740 434 Εὒψυχίου
1765 399 1883 434 μέμνησο,

1092 446 1138 470 καὶ
1158 446 1194 480 μὴ
1218 443 1354 480 ἀναμεινῃς
1381 442 1501 480 δευτέραν
1524 444 1681 479 ὑπόμνησιν,
1707 440 1777 478 μηδὲ
1798 441 1886 479 ἒμπρό-

1095 490 1188 525 θεσμον
1213 486 1372 525 σπουδάσῃς
1389 489 1555 517 ποιήσασθαι
1578 489 1624 516 τὴν
1648 486 1805 519 ἀπάντησιν,
1830 485 1887 512 ἀλλὰ

1092 532 1229 570 προλαϐεῖν
1265 535 1311 559 καὶ
1339 533 1463 570 εὐφρᾶναι
1491 533 1570 569 ἡμᾶς,
1604 531 1646 558 ὶᾰν
1684 532 1737 568 ἄρα
1766 533 1804 557 ἔτι
1829 529 1886 567 ὦμεν

1092 576 1135 604 ini
1164 582 1211 608 τῆς
1229 580 1286 613 γῆς.
1313 576 1378 608 Ἐως
1401 579 1459 603 τότε
1486 576 1626 614 ἐρρωμένος
1640 575 1666 603 ἕν
1691 577 1789 612 Κυρίῳ,
1814 574 1888 611 ὑπερ-

217 624 358 658 ιυχόμενος
372 623 430 655 (18)
445 624 529 658 ἡμῶν,
544 621 754 659 διαφυλαχθείης
773 624 836 660 ἡμῖν
850 625 896 650 καὶ
907 626 963 654 ταῖς
976 625 1022 649 τοῦ
1037 625 1104 649 Θεοῦ
1120 622 1289 653 Ἐκκλησιαις
1302 623 1397 660 χάριτι
1409 625 1455 648 τοῦ
1471 620 1561 657 ἁγίου.

493 694 663 722 EPISTOLA
683 694 760 722 CCI“.

1370 694 1539 720 ΕΠΙΣΤΟΛΗ
1559 691 1615 720 ΣΑἌ

286 764 432 793 Pluribus
442 763 479 792 ἀὲ
490 764 588 793 causis
603 765 747 800 congredi
759 772 826 793 cum
839 764 1050 800 Amphilochia
1063 763 1201 799 cupiebat
1215 764 1369 799 Basilius;
1383 763 1436 792 sed
1448 771 1515 792 cum
1530 765 1691 799 utrumque
1704 761 1825 791 morbus

601 801 785 836 detinuisset,
801 802 918 830 veniam
931 801 1007 836 petit
1022 801 1153 829 Basilius
1168 808 1205 829 ac
1221 801 1348 829 vicissim
1363 800 1510 828 concedit.

386 880 607 915 Amphilochia,
622 881 718 909 Iconii
731 881 867 916 episcopo

252 942 349 971 Multis
369 943 407 970 de
426 943 525 971 causis
548 943 641 979 cupio
662 946 762 972 tecum
786 942 938 979 congredi,
962 944 995 970 ut
1013 944 1042 971 et

216 988 244 1015 te
259 987 430 1016 consiliario
441 990 508 1016 utar
519 988 557 1016 de
571 988 662 1016 rebus
677 996 746 1024 quae
761 988 792 1016 in
807 987 948 1016 manibus
961 988 1041 1022 sunt,

216 1038 252 1059 ac
267 1032 391 1059 omnino
407 1034 439 1060 ut
453 1034 480 1060 te
498 1031 591 1067 longo
609 1032 717 1060 videns
731 1032 888 1060 intervallo
901 1031 1042 1059 solatium

215 1075 339 1112 aliquod
352 1076 483 1104 habeam
494 1076 649 1105 absentiae.
661 1076 719 1105 Sed
730 1084 800 1104 cum
811 1076 918 1104 eadem
928 1078 1042 1103 utrum-

215 1127 275 1156 que
291 1120 491 1156 distinuerint,
508 1122 571 1148 tum
590 1128 659 1157 quae
677 1120 732 1148 tibi
751 1120 856 1148 incidit
870 1119 1040 1153 inﬁrmitas,

215 1165 280 1191 tum
299 1171 368 1192 mea.
387 1163 438 1192 illa
456 1164 599 1192 vetustior
625 1164 789 1199 aegrotatio,
814 1172 878 1200 quae
904 1163 1042 1192 nondum

216 1207 376 1240 abscessit;
394 1208 514 1236 veniam
529 1208 659 1244 utrique,
678 1208 702 1236 si
721 1208 828 1244 placet,
845 1210 969 1244 uterque
989 1207 1042 1236 de-

215 1259 295 1285 mus,
311 1254 343 1280 ut
361 1259 415 1288 per
432 1253 635 1289 nosmetipsos
654 1252 776 1290 culpam
792 1252 923 1281 invicem
942 1252 1042 1280 dimit-

216 1297 328 1324 tamus.

414 1369 503 1405 299
520 1369 687 1398 EPISTOLA
706 1369 808 1398 CCII".

1262 879 1436 916 ’Δμφιλοχίῳ,
1458 879 1591 915 ἑπισκοπῳ
1610 881 1721 906 ῐκονιου.

1130 941 1233 969 Πολλῶν
1256 942 1336 968 ἕνεκεν
1361 941 1478 978 ἐπιθυμῶ
1494 942 1549 978 (19)
1566 943 1706 977 συντυχεῖν
1729 949 1783 974 σοι,
1798 939 1839 966 ἶνα
1850 940 1894 965 καὶ

1096 986 1234 1023 συμϐούλῳ
1252 989 1400 1024 χρήσωμαι
1423 988 1483 1024 περὶ
1500 990 1549 1012 τῶν
1573 985 1598 1012 ἕν
1620 988 1702 1023 χερσὶ
1723 985 1893 1022 πραγμάτων,

1093 1034 1140 1058 καὶ
1155 1031 1227 1065 ὅλως,
1249 1032 1291 1057 ἶνα
1310 1029 1358 1057 διὰ
1376 1035 1483 1069 μακροῶ
1505 1031 1659 1067 θεασάμενός
1675 1039 1713 1065 σε,
1737 1031 1792 1066 ἔχω
1812 1038 1896 1066 παρα-

1094 1076 1191 1112 μυθίαν
1214 1077 1273 1102 τινὰ
1297 1080 1345 1106 τῆς
1376 1075 1545 1111 ἀπολείψεως.
1577 1073 1683 1104 Ἐπειδὴ
1714 1073 1744 1101 δὲ
1771 1075 1805 1100 τὰ
1830 1074 1897 1100 αὐτὰ

1096 1119 1254 1157 ἀμφοτέρους
1286 1119 1406 1156 ἐπέσχεν,
1435 1122 1449 1150 ἦ
1477 1129 1504 1147 τε
1529 1121 1588 1156 ὑμῖν
1614 1118 1741 1155 συμϐᾶσα
1767 1118 1895 1152 ἀσθένεια,

1094 1164 1140 1190 καὶ
1167 1166 1183 1194 ἡ
1215 1164 1373 1202 παλαιοτέρα
1403 1165 1476 1201 ἡμῶν
1510 1164 1655 1202 ἀῤῥωστία,
1684 1166 1764 1199 μήπω
1796 1162 1897 1189 ἁπολεί-

1095 1208 1180 1244 ψασα,
1206 1207 1362 1246 ἀμφοτέροις
1384 1207 1469 1245 δῶμεν
1493 1211 1667 1244 συγγπώμην,
1688 1207 1710 1233 εἰ
1729 1207 1829 1244 βούλει,
1849 1206 1897 1242 ἆμ-

1095 1255 1207 1289 φότεροι.
1231 1254 1298 1279 ὦστι
1315 1251 1352 1280 δι’
1368 1253 1464 1280 ἑαυτῶν
1486 1252 1612 1283 ἀλλήλους
1632 1251 1733 1288 ἀφεῖναι
1748 1255 1795 1278 τοῦ
1807 1250 1898 1288 ἐγκλὴ-

1096 1306 1162 1334 ματο
1168 1308 1189 1329 ς.

1410 1372 1580 1397 ΕΠΙΣΤΟΛΙΙ
1599 1369 1652 1398 ΣΒ’.

242 1440 375 1469 Basilius
388 1441 486 1470 morbi
501 1442 636 1478 reliquiis
650 1441 786 1469 detentus
799 1439 1044 1476 Amphilochium
1058 1442 1156 1475 rogat,
1169 1443 1202 1468 ut
1214 1441 1346 1475 synodus
1361 1441 1524 1476 (ii/feratur
1538 1442 1568 1470 in
1583 1448 1694 1477 paucos
1707 1440 1788 1470 dies:
1805 1442 1868 1474 aut,

613 1478 640 1505 si
654 1480 761 1513 urgent
777 1477 907 1512 negotia,
924 1477 986 1511 ipse
1002 1479 1147 1511 tanquam
1158 1483 1294 1511 praesens
1309 1480 1494 1506 numeretur.

370 1556 592 1593 Amphilochia,
609 1556 705 1585 Iconii
719 1557 868 1592 episcopo.

251 1620 285 1648 Et
297 1619 371 1648 alias
385 1619 509 1656 quidem
525 1627 581 1656 pro
595 1627 708 1655 magno
728 1620 871 1648 ducerem
886 1627 956 1648 cum
972 1626 1055 1660 επεὶ-ν

216 1664 307 1692 vitate
321 1666 372 1692 tua
388 1664 540 1699 congredi,
558 1664 612 1692 sed
629 1672 711 1693 nunc
732 1665 876 1697 maxime,
891 1672 961 1692 cum
977 1663 1043 1692 talis

218 1709 256 1737 sit
275 1708 476 1736 conveniendi
495 1717 598 1738 causa.
619 1709 676 1738 Sed
695 1709 766 1745 quia
789 1708 920 1744 reliquiae
945 1708 1044 1736 morbi

216 1753 277 1780 mei
291 1753 365 1781 tales
377 1755 457 1788 sunt,
473 1755 506 1781 ut
518 1761 556 1782 ne
570 1754 733 1782 minimum
747 1753 872 1789 quidem
887 1752 961 1780 mihi
975 1760 1043 1780 mo-

216 1799 282 1825 tum
302 1798 484 1833 permittant,
501 1799 614 1834 quippe
634 1798 697 1835 qui,
717 1800 881 1834 p0stquam
900 1805 990 1825 curru
1004 1797 1043 1825 ad

217 1845 366 1878 martyres
393 1851 489 1880 usque
512 1844 663 1880 profectus
687 1851 765 1878 sum,
796 1850 900 1870 rursus
926 1842 986 1870 fere
1012 1842 1043 1870 in

217 1888 359 1916 eumdem
373 1888 530 1916 reciderim
545 1887 686 1916 morbum
699 1896 705 1921 ;
720 1887 789 1915 ideo
801 1887 921 1916 veniam
935 1887 1009 1915 mihi
1022 1895 1040 1915 a

216 1932 304 1960 vobis
317 1932 383 1960 dari
398 1940 520 1960 necesse
535 1935 589 1960 est.
608 1932 694 1965 Quod
709 1932 735 1959 si
748 1932 812 1960 ﬁeri
828 1934 925 1968 potest
941 1934 974 1960 ut
992 1940 1040 1960 res

218 1975 250 2003 in
262 1983 377 2011 paucos
391 1976 455 2004 dies
468 1976 631 2011 differatur,
648 1978 677 2004 et
691 1976 783 2004 adero
797 1976 965 2009 vobiscum,
984 1977 1043 2004 Deo

218 2020 372 2055 largiente.
399 2022 429 2047 et
457 2019 672 2048 sollicitudines
700 2021 825 2057 partiar.
860 2021 910 2049 Sin
942 2023 1044 2049 autem

219 2067 327 2099 urgent
344 2064 474 2099 negotia,
492 2065 634 2100 peragite,
657 2066 716 2094 Deo
731 2066 904 2102 adjuvante,
925 2073 993 2101 quae
1013 2065 1045 2093 in

219 2108 363 2137 manibus
395 2111 481 2136 sunt:
512 2117 561 2136 me
586 2111 687 2137 autem
712 2110 789 2138 inter
815 2118 870 2138 vos
898 2113 1044 2146 tanquam

219 2154 410 2189 praesentem,
438 2154 467 2181 et
491 2160 607 2187 eorum,
633 2162 701 2189 quia
724 2154 868 2190 praeclare
893 2157 1042 2190 gerentur,

220 2197 335 2225 socium
363 2199 572 2225 annumerate.
602 2198 700 2226 Sanus
731 2201 759 2226 et
786 2199 817 2226 in
845 2199 972 2227 Domino
993 2199 1045 2226 lse-

220 2243 277 2273 tus,
298 2244 325 2269 et
345 2249 400 2277 pro
419 2249 468 2270 me
488 2249 579 2270 orans
600 2242 725 2271 serveris
746 2243 796 2271 Dei
818 2243 954 2272 Ecclesiae
974 2251 1045 2272 san-

221 2286 259 2314 cti
273 2286 377 2322 gratia.

257 2373 363 2411 {Alias
374 2375 452 2411 CCII.
469 2374 584 2411 Scripta
598 2382 678 2404 anno
688 2377 751 2404 375.

257 2409 542 2447 f'Alias‘CCCXCVI.‘
557 2411 674 2447 Scripta
689 2419 769 2439 anno
785 2413 847 2439 375.

258 2445 315 2480 (17)
331 2443 470 2482 ᾍδελφρὺς
485 2447 569 2482 ἡμῶν.
585 2443 639 2475 ΡΓὸ
652 2447 698 2474 his
714 2447 839 2474 vocibus
848 2446 956 2482 legitur
966 2447 1043 2474 ἐπισ-

221 2481 318 2518 δεόπους
332 2481 363 2508 in
378 2481 480 2518 codice
496 2481 739 2509 Claromontano.
759 2483 870 2518 Revera
881 2481 1044 2518 episcopos

221 2516 360 2554 designat
380 2516 504 2544 Basilius
517 2526 531 2554 ;_
545 2518 598 2544 sed
620 2517 684 2554 haec
707 2517 854 2553 scriptura
873 2525 889 2545 e
903 2516 1044 2554 margine

221 2551 337 2579 videtur
351 2551 382 2579 in
396 2554 510 2580 textum
524 2552 692 2587 irrepsisse.

256 2588 312 2629 (ιβ)
329 2590 548 2628 Υπερευχὸμενος.
567 2589 647 2629 Hanc
667 2595 791 2629 vocemL
806 2596 874 2629 quae
893 2588 995 2618 deerat
1013 2588 1044 2617 in

221 2622 317 2656 editis,
331 2622 499 2658 reperimus
511 2623 541 2650 in
554 2624 622 2650 octo
636 2630 709 2650 mss.
726 2622 893 2652 codicibus.

256 2659 313 2692 (19)
328 2657 472 2694 Ἐπιθυμῶ.
489 2659 552 2686 Vat.
566 2658 718 2694 ἐπεθύμουν.

257 2693 312 2732 (29)
334 2693 425 2730 Μέχρι
443 2697 492 2720 τῶν
517 2695 664 2732 μαρτύρων.
691 2694 815 2732 Conjicit
842 2695 1044 2723 Tillemontius

221 2727 362 2756 Basilium
373 2727 466 2756 curru
478 2727 698 2757 vectum'fuisse
712 2727 936 2759 ad'Memoriam
948 2732 976 2759 S.
990 2732 1044 2758 Eu-

221 2762 349 2798 psychii.
365 2764 423 2792 Sed
436 2772 498 2792 non
512 2764 665 2800 quadrant
678 2768 827 2802 tempora.
840 2767 954 2802 Scripta
964 2766 1044 2794 enim

1270 1556 1445 1594 Ἀμφιλοχίῳ,
1461 1557 1594 1593 ἱπισκὸπῳ
1612 1558 1722 1584 Ιχονίου.

1133 1620 1184 1646 Καὶ
1202 1618 1285 1651 ἄλλως
1299 1621 1344 1656 μέν
1365 1629 1411 1646 ποι
1433 1620 1530 1646 πολλοῦ
1551 1620 1623 1652 ἄξιον
1644 1621 1673 1646 τὸ
1704 1628 1898 1655 συντυγχανειν

1095 1667 1126 1700 τῇ
1153 1666 1292 1701 σεμνότητι
1313 1674 1370 1698 σου,
1390 1668 1434 1691 νῦν
1460 1663 1489 1691 δὲ
1511 1667 1556 1692 καὶ
1575 1665 1701 1701 μάλιστα,
1717 1665 1758 1690 ὅτε
1780 1665 1899 1690 τοιοῦτὸν

1097 1708 1155 1734 ἐστι
1170 1711 1198 1735 τὸ
1219 1710 1331 1745 συνάγον
1353 1710 1423 1746 ἡμᾶς
1445 1713 1565 1747 πρᾶγμα.
1588 1709 1657 1736 Ἀλλ’
1679 1706 1771 1737 ἐπειδὴ
1795 1710 1830 1735 τὰ
1848 1708 1900 1734 λεί-

1097 1752 1168 1788 ψανα
1182 1757 1230 1785 τῆς
1253 1753 1400 1791 ἀρρωστίας
1415 1764 1465 1790 μου
1480 1758 1600 1790 τοιαῦτα,
1622 1755 1657 1785 ὡς
1676 1751 1746 1789 μηδὲ
1767 1755 1815 1782 τήν
1833 1752 1901 1790 βρα-

1097 1799 1217 1832 χυτάτην
1230 1807 1275 1834 μοι
1290 1800 1393 1827 κίνησιν
1411 1802 1571 1834 συγχωρεῖν,
1592 1799 1618 1829 ὃς
1633 1807 1673 1833 γε,
1688 1798 1730 1823 ἶνα
1744 1799 1791 1826 τὴν
1815 1799 1901 1833 μέχρι

1096 1846 1145 1868 τῶν
1175 1844 1313 1880 μαρτύρων
1338 1843 1393 1878 (20)
1418 1841 1479 1869 ὁδὸν
1515 1843 1635 1878 ὀχήματι
1665 1843 1795 1879 πορευθῶ,
1820 1841 1900 1868 πάλιν

1096 1890 1192 1924 μικροῦ
1219 1889 1285 1924 πρὸς
1312 1889 1359 1916 τὴν
1385 1888 1466 1916 αὐτὴν
1495 1887 1646 1925 ὑπέστρεψα
1677 1889 1763 1921 νόσον,
1796 1885 1899 1921 ἀνάγκη

1097 1934 1255 1968 συγγνώμης
1275 1935 1366 1967 τυχεῖν
1395 1931 1457 1968 παρ’
1483 1932 1564 1968 ὑμῶν·
1594 1931 1647 1958 Κᾶν
1674 1933 1718 1967 μὲν
1787 1929 1900 1957 δυνατὸν

1097 1976 1268 2014 ὑπερτεθῆναι
1285 1977 1314 2002 τὸ
1332 1979 1442 2013 πρᾶγμα
1463 1975 1563 2011 ὀλίγαις
1579 1979 1686 2012 ὔστερον
1707 1976 1829 2012 ἡμέραις,
1851 1978 1900 2001 καὶ

1100 2022 1242 2057 συνέσομαι
1264 2021 1324 2057 ὑμῖν
1347 2025 1379 2056 τῇ
1403 2024 1448 2046 τοῦ
1464 2024 1530 2047 Θεοῦ
1554 2029 1658 2056 χαριτι,
1679 2022 1723 2045 καὶ
1745 2022 1900 2048 κοινωνήσω

1097 2069 1147 2090 τῶν
1177 2063 1331 2102 φροντίδων,
1358 2064 1417 2091 Ἐὰν
1446 2063 1475 2091 δὲ
1505 2063 1593 2101 ἐπείγῃ
1618 2066 1652 2090 τὰ
1680 2062 1899 2100 σπουδαζόμενα,

1097 2109 1214 2146 πράξατε
1238 2111 1282 2145 μὲν
1308 2113 1339 2145 τῇ
1367 2113 1413 2135 τοῦ
1441 2111 1505 2136 Θεοῦ
1537 2111 1660 2145 συνεργίᾳ
1688 2110 1721 2134 τὰ
1750 2108 1774 2134 ἐν
1804 2117 1900 2145 χερσιθ

1100 2155 1313 2192 συναριθμήσατε
1337 2152 1367 2180 δέ
1387 2163 1420 2190 με
1443 2154 1555 2186 ἑαυτοῖς,
1577 2155 1610 2185 ὡς
1630 2156 1757 2190 παρόντα,
1778 2156 1824 2179 καὶ
1847 2158 1900 2179 τῶν

1099 2199 1182 2230 καλῶς
1216 2200 1355 2235 γινομένων
1388 2201 1620 2235 συνεφαπτόμενον.
1658 2197 1819 2236 Ἐῤῥωμενός
1853 2201 1900 2224 καὶ

1100 2244 1211 2280 εὔθυμος
1237 2243 1260 2269 ἐν
1285 2245 1383 2280 Κυρίῳ,
1411 2244 1616 2280 ὺπερευχόμενός
1645 2253 1706 2279 μου,
1735 2242 1901 2279 φυλαχθεὶης

1100 2292 1131 2325 τῇ
1149 2292 1194 2315 τοῦ
1207 2290 1270 2315 Θεοῦ
1283 2288 1426 2324 Ἐκκλησιᾳ
1438 2288 1533 2324 χάριτι
1548 2291 1593 2314 τοῦ
1609 2287 1696 2324 ἁγίου.

1097 2377 1162 2405 haec
1170 2376 1296 2413 epistola
1301 2378 1347 2413 est
1355 2377 1449 2413 multo
1458 2378 1526 2404 ante
1534 2384 1669 2413 mensem
1679 2376 1900 2413 Septembrem,

1098 2420 1160 2448 quo
1174 2412 1277 2440 mense
1290 2412 1354 2440 dies
1368 2412 1460 2440 festus
1477 2413 1503 2440 S.
1521 2412 1681 2448 Eupsychii
1697 2412 1899 2441 recolebatur.

1098 2448 1192 2477 Multae
1204 2448 1370 2484 alimrerant
1384 2451 1553 2484 martyrum
1573 2448 1719 2484 Memoriae
1730 2456 1827 2484 prope
1842 2449 1900 2476 Ca:-

1098 2483 1316 2520 saream,velut
1330 2484 1357 2511 S.
1367 2483 1473 2511 Julittae
1482 2485 1510 2510 et
1526 2484 1554 2511 S.
1569 2483 1762 2520 GrordiriJom.
1776 2483 1811 2518 ll,
1822 2492 1853 2520 p.
1865 2485 1901 2512 3t

1098 2521 1127 2547 et
1144 2519 1204 2546 141.
1220 2520 1361 2547 Neutrum
1374 2521 1477 2546 tamen
1488 2527 1506 2546 a
1522 2519 1628 2555 Basilio
1640 2519 1793 2553 designari
1808 2519 1898 2555 puto;

1098 2554 1170 2590 quia
1177 2555 1331 2590 utriusque
1339 2554 1562 2582 anniversarius
1571 2554 1634 2582 dies
1643 2562 1747 2582 mense
1754 2554 1899 2583 Januario

1097 2589 1224 2626 redibat.
1236 2589 1291 2618 Sed
1302 2590 1425 2617 minime
1435 2590 1562 2617 dubium
1571 2590 1642 2626 quin
1653 2590 1754 2626 plures
1763 2590 1840 2618 alios
1848 2591 1900 2618 has

1098 2625 1197 2662 buerit
1209 2625 1443 2662 Crassarea.‘Nam
1459 2625 1616 2662 Gregorius
1628 2625 1781 2662 Nyssenus
1796 2627 1827 2654 in
1840 2627 1900 2662 epi-

1099 2661 1174 2688 stola
1180 2661 1217 2688 de
1225 2661 1263 2698 iis
1269 2660 1320 2696 qui
1328 2660 1440 2698 adeunt
1447 2660 1660 2698 Hierosolyma;
1667 2661 1804 2698 declarat
1813 2660 1900 2698 plura

1097 2696 1319 2732 propemodum
1329 2703 1394 2734 esse
1403 2696 1507 2724 altaria
1514 2696 1758 2734 iinVCappadocia,
1765 2696 1860 2734 quam
1868 2697 1899 2725 in

1098 2731 1164 2760 toto
1173 2733 1320 2760 terrarum
1333 2731 1416 2764 orbe,
1432 2733 1505 2760 tom.
1520 2732 1566 2760 Ill.
1581 2731 1690 2769 p.7653.
