1984 3147
60 90 108 118 741

553 87 794 117 EPISTOLARUM
813 84 952 113 CLASSIS
971 85 1004 114 II.
1025 86 1132 115 EPIST.
1153 87 1242 116 CClll.

1683 91 1744 119 742

60 154 128 189 ἡμᾶς
145 150 266 181 διάϐολος
281 150 359 182 ἔστω,
380 148 444 175 ἀλλὰ
462 151 619 188 κατήγορος·
636 149 732 186 μᾶλλον
748 147 777 175 δε
792 146 860 184 μηδὲ

950 155 1014 183 tque
1029 149 1213 177 accusatoris
1233 148 1360 186 accipiat
1378 156 1502 183 nomen,
1526 149 1581 178 sed
1603 149 1694 180 frater
1709 152 1746 180 sit

58 199 87 223 τὸ
110 200 158 222 τοῦ
182 196 330 231 κατηγόρου
346 192 468 229 δεχέσθω
481 196 579 230 ὅνωμα,
600 194 653 220 ἀλλ’
670 192 781 230 ἀδελφὸς
796 193 861 219 ἔστω

59 242 84 267 ἐν
109 240 201 276 ἀγάπῃ
225 240 361 271 νουθετῶν,
386 241 431 264 καὶ
455 238 498 265 ἐπὶ
524 237 665 276 διορθώσει
691 238 794 274 ἐπάγων
818 239 861 263 τὸν

57 286 177 321 {Ir/1010'
193 287 258 320 μήτε
273 285 346 319 ὑμεῖς
360 282 498 319 λοιδοριῶν
513 285 622 319 γένησθε
644 284 702 318 (35)
723 282 861 320 ἀκροαταὶ,

59 330 114 356 αλλ’
128 329 243 364 ἐλέγχων
256 326 427 364 δοκιμασταί·
440 330 505 364 μήτε
516 329 592 364 ἡμεῖς
607 327 768 364 ἁνιςὶτρευτοι
783 336 864 352 κατα-

58 375 215 410 λειφθώμεν,
233 375 268 408 μὴ
284 374 472 409 φανερουμένης
484 373 546 408 ἡμῖν
561 377 610 403 τῆς
633 371 762 408 ἁμαρτιας
778 372 862 407 ἡμῶν,

95 438 122 464 3.
139 437 183 464 Μή
202 436 253 472 γὰρ
275 434 369 464 ἐκεῖνος
390 434 456 470 ὑμᾶς
481 435 494 459 ὁ
518 434 640 471 λοΟιο-μὸς
663 435 806 470 κατεχέτω,
824 434 864 459 ὅτι

58 482 83 506 οὶ
108 482 157 509 τὴν
180 479 310 517 παραλίαν
335 479 464 510 οἰκοῦντες
484 478 530 510 ἔξω
546 478 622 515 ἐσμὲν
637 483 683 505 τοῦ
697 480 798 508 πάθους
813 482 864 504 τῶν

57 524 171 559 πολλῶν,
197 526 242 550 καὶ
265 522 341 549 οὐδὲν
368 527 416 554 τῆς
438 524 501 561 παρ’
522 523 611 560 ἐτέρων
640 523 788 560 ἐπικουριας
808 521 864 548 δεο-

56 570 135 605 μεθα’
163 570 230 594 ὥστε
253 570 293 598 τίς
316 569 378 604 ἡμῖν
400 570 481 605 χρεία
501 571 548 599 τῆς
572 569 637 605 πρὸς
658 568 756 605 ἐτέρους
769 577 863 593 κοινω-

56 617 136 647 sing;
153 613 183 639 Ὀ
203 613 254 648 γὰρ
272 614 366 648 Κύριος
380 613 424 642 τὰς
439 613 484 648 μὲν
498 614 596 643 νήσους
609 616 656 644 τῆς
673 613 728 648 (36)
754 613 863 648 ἠπείρου

57 657 106 684 διὰ
132 657 270 688 θαλάσσης
297 655 431 689 διέστησε,
455 659 516 687 τοὺς
533 655 562 683 δε
577 660 707 687 νησιώτας
725 660 776 686 τοῖς
787 657 862 685 ἠπει-

55 705 157 739 ρώταις
171 700 218 727 διὰ
231 705 276 732 τῆς
287 700 388 737 ἀγάπης
402 699 555 730 συνέδησεν.
569 700 653 727 Οὐδὲν
669 702 736 737 ἡμᾶς
750 701 862 738 χωρίζει

56 746 103 773 ἀπ’
131 745 258 778 ἀλλήλων,
283 743 400 781 ἀδελφοὶ,
425 744 467 771 ἐὰν
483 747 518 781 μή
536 748 568 780 τᾷ
583 748 733 783 προαιρέσει
745 747 789 771 τόν
804 755 862 781 χω‹

56 792 158 829 ρισμόν
177 791 340 826 ὑποστῶμεν.
353 790 396 821 Εἷς
420 791 493 826 ἡμῶν
518 792 622 828 Κύριος,
637 792 686 826 μία
700 793 800 823 πίστις,
820 789 862 816 ἐλ-

57 822 102 865 πὶς
128 836 144 865 ἠ
170 835 246 864 αὑτὴ.
273 836 332 860 Εἴτε
358 834 469 870 κεφαλὴν
491 822 600 866 ἑαυτοὺς
613 838 661 865 τῆς
677 834 788 861 καθόλου
802 834 862 861 Ἐκ·
882 822 901 849 Β

57 880 175 910 κλησιας
195 879 340 915 λογίζεστε,
366 878 395 904 οὗ
423 877 535 905 ὃνναται
558 880 573 908 ἡ
601 879 697 915 κεφαλὴ
715 879 794 905 εἰπεῖν
810 882 863 909 τοῖς

57 926 139 959 ποσὶ,
157 926 252 961 Χρείαν
273 924 343 958 ὑμῶν
364 923 411 949 οὐκ
433 924 497 959 ἔχω·
524 925 573 950 εἴτε
598 926 643 950 καὶ
667 923 692 949 ἐν
712 923 774 960 οἴλλῃ
792 923 863 955 τάξει

56 973 112 994 τῶν
137 968 364 996 ἐκκλησιαστικῶν
389 968 469 1004 μελῶν
492 967 597 998 ἑαυτοὺς
623 969 744 1003 uiscera,
761 968 790 994 οὗ
811 967 863 994 δύ-

57 1022 142 1039 ναστε
166 1012 248 1048 λέγειν
273 1015 327 1042 τοῖς
354 1011 377 1038 ἐν
401 1016 437 1048 τῷ
458 1012 528 1048 αὐτῷ
545 1015 648 1049 σὼματι
666 1014 863 1049 κατατεταγμέκ

56 1067 114 1088 νοις
129 1058 189 1092 (37)
210 1058 271 1093 ἡμῖν
287 1058 326 1090 τὸ,
343 1059 438 1093 Χρείαν
454 1057 524 1093 ὑμῶν
540 1057 585 1083 οὐκ
600 1058 704 1094 ἔχομεν.
721 1058 754 1083 AZ
772 1067 797 1084 τε
812 1059 862 1095 γὰρ

56 1105 149 1140 χεζοες
181 1101 295 1130 αλλήλων
331 1100 441 1136 δέονται,
477 1103 522 1128 καὶ
560 1102 585 1128 οἰ
621 1100 700 1132 πόδες
738 1101 863 1133 ἀλλήλους

57 1148 238 1183 στηρίζουσι,
261 1148 306 1172 καὶ
334 1147 358 1172 οἱ
386 1145 514 1182 ὀφθαλμοὶ
544 1145 570 1172 ἐν
598 1150 629 1175 τῆ
665 1149 802 1183 συμφωνίᾳ
834 1147 864 1172 τὸ

56 1192 170 1228 ἐναργὲς
198 1194 244 1221 τῆς
269 1190 437 1225 καταλήψεως
470 1191 589 1226 ἔχουσιν.
619 1191 707 1227 Ἡμεῖς
736 1192 780 1226 μὲν
813 1192 863 1227 γὰρ

55 1235 240 1272 ὁμολογοῦμεν
273 1237 302 1261 τὸ
340 1234 435 1261 ἑαυτῶν
476 1234 589 1266 ἀσθενές·
619 1237 663 1261 καὶ
693 1234 864 1271 ἐπιζητοῦμεν

54 1282 103 1308 τὴν
128 1280 276 1315 ώμπνοιαν
296 1279 377 1315 ὑμῶν.
398 1277 515 1315 Οῖὸαμεν
534 1280 597 1315 γὰρ,
620 1279 670 1312 ὃτι,
687 1278 733 1304 κᾶν
748 1281 784 1315 μὴ
800 1289 866 1315 παρ-

55 1330 107 1355 ῆτε
137 1328 176 1359 τῷ
204 1326 316 1360 σώματι,
350 1328 380 1360 τῇ
406 1322 453 1350 διὰ
475 1328 524 1349 τῶν
554 1323 638 1359 εὐχῶν
666 1323 776 1360 βοηθείᾳ
799 1325 865 1360 μέγα

55 1369 188 1406 παρέξετε
216 1369 277 1404 ἡμῖν
303 1367 326 1394 ἔν
341 1372 394 1398 τοῖς
421 1367 632 1404 ἀναγκαιοτάτοις
647 1372 746 1404 καιροῖς
767 1367 864 1403 ὄφελος.

55 1414 141 1450 ⁸Υμᾶς
168 1411 198 1439 δὲ
225 1413 271 1438 οὐκ
297 1413 367 1438 ἔστιν
387 1413 445 1438 οὔτε
468 1414 540 1449 παρὰ
566 1412 711 1449 ἀνθρώποις
734 1412 865 1448 εὐπρεπὲς,

57 1460 124 1485 οὔτε
155 1460 194 1492 τῷ
223 1461 280 1492 Θεῷ
307 1457 444 1494 εὐάρεστον
471 1460 528 1488 ταῖς
553 1458 686 1487 τοιαύταις
713 1457 867 1493 κεχρῆσθαι

57 1506 172 1540 φωναῖς,
196 1502 238 1531 αἶς
262 1499 324 1527 οὐδὲ
351 1502 384 1527 τὰ
405 1502 463 1530 ἔθνη
485 1503 630 1538 κέχρηνται
655 1502 689 1527 τὰ
712 1503 747 1537 μὴ
778 1495 903 1527 εἰδότας

55 1550 102 1573 τὸν
132 1548 213 1574 Θεὸν,
248 1545 326 1572 Ἀλλὰ
351 1545 458 1572 κάκεῖνα
482 1545 619 1582 ἀκούομεν¹
646 1545 693 1571 κᾶν
724 1546 758 1576 εἰς
783 1547 868 1571 πάντα

56 1592 186 1629 ἁῦτάρκη
207 1592 254 1620 τὴν
280 1593 370 1627 χώραν
391 1592 528 1626 νέμωνται,
557 1594 604 1621 τῆς
619 1594 681 1625 γοῦν
697 1594 746 1615 τῶν
764 1589 867 1626 μελλον-

55 1646 103 1662 τον
143 1635 224 1661 ἕνεκεν
251 1633 362 1665 ἁὸηλίας
391 1637 439 1663 τὴν
467 1636 532 1672 πρὸς
560 1633 683 1664 αλλήλόυς
711 1636 868 1670 συμμαχίαν

55 1679 249 1712 ἀσπάζεσθαι,
267 1681 311 1704 καὶ
328 1681 376 1708 τὴν
401 1678 533 1715 ἐπιμιξίαν
555 1680 589 1709 ὡς
602 1679 718 1714 ἔχουσάν
735 1688 759 1704 τι
774 1677 867 1715 κέρδος

55 1722 250 1762 μεταδιώκειν.
273 1722 362 1759 Ἡμεῖς
395 1721 431 1759 δίε6
460 1722 560 1749 ἐκείνων
585 1725 652 1753 ὄντες
673 1727 723 1749 τῶν
739 1724 867 1759 πατέρων,

56 1769 82 1796 οἱ
112 1768 308 1804 ἐνομοθέτησαν
330 1766 377 1793 διὰ
396 1772 494 1804 μικρῶν
510 1770 688 1805 χαρακτήρων
702 1768 735 1793 τά
750 1771 795 1797 τῆς
810 1777 868 1793 κοι-

55 1815 159 1843 νωνίας
184 1812 241 1847 (38)
265 1811 384 1848 σύμϐολα
400 1811 450 1838 ἀπὸ
463 1813 580 1849 περάτων
595 1815 642 1843 τῆς
656 1815 706 1847 γῆς
723 1811 755 1842 εἰς
769 1814 870 1848 πέρατα

57 1857 262 1894 περιφέρεσθαι,
287 1859 332 1882 καὶ
355 1857 452 1886 πάντας
471 1859 538 1882 πᾶσι
567 1855 675 1887 πολίτας
698 1858 744 1882 καὶ
763 1858 870 1887 οἰκείους

59 1901 144 1936 εἶναι,
169 1905 214 1926 νυν
237 1899 410 1936 ἁποτέμνομεν
437 1900 544 1932 ἑαυτοὺς
568 1905 615 1930 τῆς
641 1900 804 1936 οἰκουμένης,
825 1902 871 1926 καὶ

58 1948 126 1972 οὔτε
154 1945 370 1981 ἔπαισχυνόμεθα
394 1948 424 1982 τῇ
451 1947 573 1981 μονώσει,
594 1946 652 1971 οὔτε
674 1945 771 1981 ζημίαν
788 1947 871 1982 φέρειν

60 1993 110 2017 τὸν
135 1987 309 2026 διασπασμὸν
334 1993 382 2020 τῆς
401 1990 522 2026 ὁμονοίας
535 1990 667 2025 τιθέμεθα·
683 1991 740 2015 οὔτε
756 1992 871 2026 φρίσσο-

62 2045 124 2072 μεν,
151 2035 193 2060 ὅτι
214 2033 250 2064 εἰς
272 2035 341 2070 ἡμᾶς
366 2034 455 2070 φθάνει
479 2034 494 2063 ἡ
512 2033 608 2071 φοϐερὰ
622 2037 667 2060 τοῦ
686 2036 784 2070 Κυρίου
799 2035 872 2069 ἡμῶν

60 2081 226 2117 προφητεία,
243 2079 370 2113 εἰπόντος,
385 2079 426 2104 ὅτι
445 2079 493 2104 Διὰ
507 2081 536 2104 τὸ
556 2078 735 2108 πληθυνθῆναι
750 2080 798 2108 τὴν
813 2078 871 2104 ἀνο-

61 2127 142 2161 μίαν,
158 2122 310 2158 ψυγήσεται
322 2121 338 2152 ἧ
353 2123 441 2159 ἀγάπη
457 2127 505 2148 τῶν
520 2122 631 2153 πολλῶν,

918 191 1086 220 admonens
1107 193 1139 221 in
1163 194 1317 228 charitate,
1338 197 1366 222 et
1386 194 1427 222 ad
1441 194 1687 224 emendationem
1700 205 1746 225 ar-

917 243 1012 270 guens
1026 246 1032 270 ;
1048 245 1147 274 neque
1158 246 1213 266 vos
1225 238 1429 266 conviciorum
1446 238 1599 267 auditores
1614 240 1746 275 sitis,sed

918 284 1166 316 argumentorum
1179 283 1311 319 judices:
1328 291 1427 319 neque
1442 291 1497 311 nos
1514 284 1643 313 iucurati
1658 286 1746 314 relin-

917 334 1058 362 quemur,
1073 330 1177 356 nostro
1189 327 1278 356 nobis
1290 335 1352 356 non
1367 327 1500 356 indicato
1517 328 1636 357 delicto.

954 435 979 461 3.
998 435 1061 462 Non
1076 433 1156 462 enim
1170 441 1226 461 vos
1239 433 1292 462 illa
1301 433 1443 468 cogitatio
1455 434 1586 463 detineat
1599 443 1607 462 :
1624 436 1682 464 Nos
1691 435 1744 472 qui

918 478 1071 506 maritima
1082 478 1149 507 loca
1163 478 1336 512 incolimus,
1352 482 1436 506 extra
1448 479 1613 507 multorum
1628 480 1745 508 malum

919 530 1035 557 sumus,
1054 530 1110 551 nec
1134 523 1264 551 aliorum
1287 523 1459 558 indigemus
1482 524 1613 552 auxilio:
1637 532 1745 560 quam-

918 566 1023 594 obrem
1037 567 1112 603 quid
1126 567 1215 595 nobis
1229 575 1305 604 opus
1321 569 1365 595 est
1377 576 1447 595 cum
1459 568 1526 596 aliis
1541 569 1716 597 communio
1730 569 1745 597 ?

918 612 1063 639 Dominus
1088 611 1169 640 enim
1193 612 1308 640 insulas
1332 611 1456 648 quidem
1471 620 1489 640 a
1503 612 1674 641 continente
1689 621 1744 649 per

917 663 1002 684 mare
1016 655 1117 684 divisit
1130 664 1136 683 :
1149 656 1318 684 insularum
1331 664 1403 684 vero
1417 656 1533 684 incolas
1547 665 1601 693 per
1616 657 1744 685 charita-

918 702 978 728 tem
998 707 1068 728 cum
1090 701 1197 729 incolis
1212 701 1393 729 continentis
1412 701 1521 736 junxit.
1545 701 1620 729 Nihil
1636 709 1691 729 nos
1706 701 1746 729 ab

916 744 1055 778 invicem,
1080 745 1200 779 fratres,
1228 747 1359 782 separat,
1385 745 1443 773 nisi
1469 745 1563 774 animi
1590 745 1746 782 proposito

917 788 1211 817 dissocicmur.Unus
1226 789 1315 818 nobis
1328 791 1372 818 est
1385 789 1540 824 Dominus,
1551 798 1613 818 una
1623 790 1700 818 ﬁdes
1709 790 1745 824 ⁸⁸,

918 841 987 869 spes
1002 833 1120 862 eadem.
1143 834 1209 862 Sive
1222 835 1314 870 caput
1327 834 1468 870 vosipsos
1483 835 1633 862 universus
1649 834 1746 862 Eccle-

917 878 968 906 sia:
989 878 1176 913 existimatis,
1191 887 1253 907 non
1269 880 1368 915 potest
1381 880 1472 914 caput
1483 879 1581 907 dicere
1596 879 1745 915 pedibus:

918 923 981 950 Non
1006 924 1050 950 est
1070 923 1144 950 mihi
1167 930 1244 958 opus
1259 922 1357 950 vobis.
1382 922 1448 950 Sive
1463 930 1518 950 vos
1531 923 1562 950 in
1577 923 1635 951 alio
1652 931 1746 951 mem-

917 966 1043 995 brorum
1062 967 1334 995 ecclesiasticorum
1353 967 1460 995 ordine
1480 967 1637 1003 reponitis,
1656 967 1745 996 nobis

917 1011 949 1039 in
962 1011 1071 1040 eodem
1086 1019 1212 1048 corpore
1227 1011 1393 1039 constitutis
1409 1019 1470 1040 non
1485 1011 1610 1047 potestis
1625 1012 1723 1040 dicere
1737 1012 1745 1038 ἶ

918 1057 1011 1084 Vestri
1023 1064 1085 1084 non
1097 1056 1272 1091 indigemus
1289 1057 1323 1084 ⁸³.
1339 1058 1414 1085 Nam
1428 1058 1458 1084 et
1470 1064 1583 1084 manus
1597 1056 1692 1085 altera
1705 1057 1746 1085 al-

919 1101 1010 1130 terius
1034 1103 1110 1136 eget,
1141 1103 1170 1129 et
1195 1108 1248 1137 pes
1269 1101 1342 1130 alter
1356 1101 1484 1129 alterum
1498 1101 1610 1133 ﬁrmat,
1623 1103 1652 1129 et
1668 1101 1748 1130 oculi

919 1153 972 1182 per
995 1145 1191 1174 concordiam
1211 1145 1290 1174 clare
1316 1153 1352 1174 ac
1375 1145 1533 1182 perspicue
1555 1145 1667 1173 vident.
1688 1147 1747 1174 Nos

920 1190 1000 1218 enim
1016 1192 1150 1219 nostram
1159 1190 1298 1226 ipsorum
1308 1190 1542 1218 imbecillitatem
1554 1190 1748 1225 conﬁtemur,

919 1243 955 1264 ac
970 1235 1228 1271 conspirationem
1242 1236 1376 1263 vestram
1387 1234 1590 1270 exposcimus.
1602 1234 1748 1262 Novimus

920 1280 999 1308 enim
1012 1279 1085 1312 fore,
1101 1281 1134 1307 ut
1146 1279 1263 1308 etiamsi
1272 1287 1397 1315 corpore
1412 1287 1474 1307 non
1493 1278 1609 1314 adsitis,
1624 1286 1749 1315 precum

920 1323 1056 1352 subsidio
1073 1331 1135 1352 non
1149 1331 1258 1359 parum
1274 1323 1362 1352 nobis
1377 1323 1585 1356 emolumenti,
1605 1323 1749 1359 tempori-

920 1368 978 1396 bus
993 1367 1125 1396 maxime
1148 1367 1334 1400 necessariis,
1352 1366 1493 1395 aﬂ‘eratis.
1509 1369 1566 1395 Vos
1580 1369 1681 1394 autem
1693 1374 1750 1395 nec

921 1420 1024 1441 coram
1036 1412 1212 1440 hominibus
1234 1411 1380 1440 decorum
1394 1414 1447 1445 est,
1463 1419 1519 1439 nec
1532 1413 1592 1439 Deo
1605 1411 1750 1447 placitum

923 1457 1076 1493 ejusmodi
1097 1457 1139 1485 uti
1161 1457 1288 1485 vocibus
1312 1456 1424 1492 quibus
1443 1463 1481 1484 ne
1507 1457 1610 1491 gentes
1624 1456 1749 1491 quidem

923 1504 1057 1537 utuntur,
1082 1509 1152 1538 quise
1176 1502 1270 1529 Deum
1282 1501 1432 1536 ignorant.
1449 1500 1527 1533 Quin
1542 1502 1570 1528 et
1582 1500 1649 1528 illas
1666 1500 1752 1528 audi-

922 1554 1003 1578 mus,
1026 1545 1146 1574 etiamsi
1160 1545 1302 1574 omnibus
1317 1545 1524 1574 abundantem
1539 1544 1693 1579 regionem
1704 1545 1750 1573 in-

923 1591 1031 1625 colant,
1051 1590 1158 1619 saltem
1176 1590 1216 1618 ob
1235 1590 1384 1618 incertum
1404 1590 1576 1618 futurorum
1597 1591 1749 1625 eventum,

922 1635 1021 1662 foedus
1030 1635 1107 1663 inter
1120 1643 1152 1663 se
1163 1634 1289 1662 libenter
1301 1634 1385 1669 inire,
1402 1642 1437 1663 ac
1449 1634 1667 1662 commercium
1683 1635 1750 1662 tan-

922 1687 1017 1715 quam
1036 1678 1125 1707 alicui
1139 1679 1181 1707 rei
1196 1679 1267 1707 utile
1281 1679 1432 1715 persequi.
1450 1680 1509 1707 Nos
1523 1680 1625 1707 autem
1639 1686 1674 1706 ex
1694 1677 1752 1706 illis

923 1725 979 1752 orti
990 1724 1139 1760 patribus,
1155 1724 1208 1760 qui
1223 1724 1321 1759 legem
1334 1724 1475 1758 tulerunt,
1497 1725 1530 1752 ut
1543 1723 1686 1752 brevibus
1698 1731 1752 1752 no-

923 1770 960 1798 tis
975 1769 1199 1798 communionis
1215 1769 1300 1805 signa
1315 1776 1334 1797 a
1356 1768 1490 1797 terminis
1505 1768 1588 1796 orbis
1603 1770 1752 1797 terrarum

924 1822 1021 1850 usque
1044 1814 1083 1842 ad
1098 1814 1241 1842 terminos
1256 1813 1527 1846 circumferrentur,
1539 1814 1630 1848 atque
1645 1820 1752 1840 omnes

925 1859 1067 1886 omnibus
1080 1859 1160 1886 cives
1176 1860 1204 1886 et
1217 1857 1381 1894 propinqui
1397 1859 1497 1885 essent
1510 1865 1517 1884 :
1530 1864 1613 1884 nunc
1625 1865 1680 1884 nos
1695 1856 1752 1892 ipsi

926 1903 1135 1931 abscindimus
1158 1902 1197 1930 ab
1226 1902 1298 1930 orbe
1315 1903 1474 1934 terrarum,
1500 1908 1557 1929 nec
1579 1908 1636 1928 nos
1659 1901 1754 1936 pudet

927 1947 1095 1977 solitudinis
1118 1956 1126 1976 :
1154 1955 1211 1976 nec
1239 1947 1388 1976 damnum
1418 1946 1495 1974 ferre
1527 1945 1754 1974 distractionem

927 1992 1096 2022 concordiae
1119 1992 1278 2020 ducimus:
1304 1999 1403 2028 neque
1430 1991 1600 2024 horremus,
1616 1989 1700 2026 quod
1713 1990 1754 2018 ad

927 2045 984 2066 nos
1000 2035 1167 2073 pervenerit
1176 2035 1369 2064 formidanda
1379 2034 1539 2072 prophetia
1553 2034 1670 2062 Domini
1684 2041 1755 2062 nos-

928 2082 973 2117 tri,
991 2081 1044 2117 qui
1057 2080 1150 2108 dixit:
1177 2080 1323 2114 Quoniam
1344 2079 1512 2108 abundavit
1536 2079 1692 2114 iniquitas,
1708 2086 1756 2106 re-

928 2127 1065 2162 frigescet
1079 2125 1211 2153 charitas
1224 2124 1390 2152 multorum
1402 2125 1438 2152 ⁸³.

102 2175 132 2201 [ιι.
155 2175 198 2201 Μὴ
223 2176 314 2205 ταῦτα,
340 2170 447 2208 ἀδελφοὶ
472 2175 637 2208 τιμιώτατοι⁷
657 2174 693 2208 μὴ
715 2172 866 2208 ἀνάσχησθε

964 2172 992 2198 4.
1027 2169 1129 2205 Nolite,
1159 2168 1267 2196 fratres
1294 2167 1548 2202 reverendissimi,
1575 2167 1667 2196 nolite
1696 2167 1756 2195 hoc

62 2221 147 2245 τοῦτο
165 2217 233 2251 (39),
258 2216 322 2242 ἀλλά
342 2219 388 2243 καὶ
409 2216 451 2242 ἐπὶ
475 2220 530 2247 τοῖς
553 2216 712 2251 παρελθοῦσι
727 2216 873 2254 παρακαλέ-

64 2270 135 2289 ears
168 2261 236 2296 ἡμᾶς
271 2261 424 2296 γράμμασιν
456 2260 597 2296 εἰρηνικοῖς
623 2262 668 2286 καὶ
697 2259 875 2296 ἀγαπητικαῖς

63 2307 303 2343 προσφωνήσεσιν,
334 2304 410 2330 οἱονεὶ
440 2306 536 2341 πραείᾳ
566 2306 618 2330 τιν).
650 2303 733 2340 ἐπαφῆ
769 2306 799 2330 τὸ
827 2309 875 2336 τῆς

65 2348 190 2386 καρδίας
213 2349 287 2384 ἡμῶν
309 2348 392 2382 ἕλκος,
412 2348 425 2374 ὃ
445 2347 472 2374 ἐκ
494 2352 541 2378 τῆς
561 2347 744 2385 παρελθούσης
757 2348 876 2384 ἀμελείας

66 2395 242 2422 ἐνεποιήσατε
270 2394 345 2428 ἡμῖν,
373 2393 614 2430 παραμυθούμενον
647 2395 697 2419 Καὶ
724 2394 772 2419 εἴτε
800 2393 874 2419 αὐτοὶ

107 2484 131 2501 ⁸¹
154 2482 264 2518 Ephes.
281 2489 320 2518 ιν,
335 2483 361 2510 5.
399 2482 423 2499 ⁸²
442 2483 453 2510 l
473 2482 538 2510 Cor.
555 2489 604 2516 nr,
622 2483 716 2509 l2-2l.

109 2572 167 2607 (35)
185 2572 303 2598 Γένεσοε.
318 2571 398 2599 Harl.
415 2572 443 2599 et
458 2570 532 2599 Med.
548 2571 662 2606 γίνεσθε.

109 2605 168 2643 (36)
193 2609 315 2643 Τάςγμεν
338 2609 437 2637 νήσους
457 2611 513 2637 τῆς.
535 2605 577 2634 Ita
590 2614 639 2634 sex
654 2614 726 2633 mss.
743 2605 818 2634 Editi
832 2606 876 2636 τὰς

71 2646 172 2674 νήσους
185 2645 231 2679 μὲν
249 2642 301 2668 ἀπὸ
314 2646 371 2672 τῆς,

109 2680 165 2715 (37)
185 2676 440 2715 Κατατεταγμένοιςτ
453 2679 496 2706 lta
510 2685 585 2715 mss.
602 2679 727 2715 septem.
746 2676 821 2705 Editi
840 2687 878 2704 τε·

74 2713 226 2752 ταγμένοις.
242 2713 358 2752 Ibidem
375 2714 498 2752 Harl._et
508 2713 585 2752 Med.
601 2713 731 2752 ονκ-ἔχω.

108 2748 167 2787 (38)
178 2752 334 2781 Κοινωνίας.
349 2751 390 2778 lta
401 2749 491 2783 Harl.,
508 2748 586 2784 Med,
604 2751 632 2778 et
646 2748 735 2778 COisl.
750 2748 877 2785 primus,

930 2215 1006 2244 ferre
1033 2214 1088 2242 sed
1110 2221 1167 2242 nos
1190 2213 1290 2250 potius
1314 2213 1352 2240 de
1368 2213 1524 2249 praeteritis
1544 2211 1755 2253 consolemini,

929 2259 1063 2296 pacificis
1087 2258 1190 2286 litteris
1215 2259 1244 2286 et
1266 2257 1372 2286 amicis
1396 2255 1638 2292 salutationibus,
1665 2256 1757 2284 velutl

931 2305 1019 2341 302
1038 2304 1099 2332 leni
1118 2303 1254 2340 quodam
1276 2304 1426 2337 contactu,
1442 2301 1571 2338 pectoris
1586 2301 1681 2329 nostri
1693 2300 1757 2328 vul-

930 2356 997 2383 nus,
1012 2347 1095 2384 quod
1107 2347 1195 2376 nobis
1209 2355 1263 2384 per
1276 2346 1459 2383 praeteritam
1470 2345 1619 2374 incuriam
1634 2344 1757 2379 fecistis,

932 2392 1150 2421 demulcentes.
1169 2393 1210 2420 Ac
1225 2391 1287 2420 sive
1302 2391 1362 2428 ipsr
1376 2390 1465 2419 vultis
1480 2389 1520 2419 ad
1536 2397 1592 2419 nos
1604 2389 1757 2422 accedere,

755 2481 779 2499 ³³
799 2481 898 2510 Matth.
910 2489 985 2515 xxxv,
1005 2483 1046 2510 l2.

930 2569 1099 2606 qui'tamen
1113 2568 1204 2606 habet
1216 2567 1247 2596 in
1257 2566 1394 2602 margine
1407 2565 1549 2606 impia“,
1565 2566 1599 2594 ut
1612 2564 1695 2594 editi.

967 2606 1022 2639 (39)
1047 2608 1137 2632 Τοῦτο.
1161 2605 1243 2632 llanc
1269 2611 1374 2631 vocem
1402 2602 1601 2639 apposuimus
1626 2608 1663 2628 ex
1676 2609 1758 2639 pass.

933 2643 1059 2681 septem,
1082 2647 1137 2681 pr_o
1165 2647 1200 2679 eo
1224 2639 1308 2681 quod
1322 2638 1545 2681 erat‘in_:editis
1565 2638 1760 2681 satirogjlees}

932 2671 1065 2712 primum
1075 2671 1159 2712 ταῦτα
1171 2671 1338 2712 induobus
1350 2673 1504 2712 codicibus
1513 2680 1576 2701 non
1588 2671 1761 2712 antiquissi-

934 2707 1003 2744 inis,
1019 2717 1130 2746 nempe
1144 2710 1235 2746 Regio
1250 2711 1349 2746 primo
1361 2711 1390 2738 et
1404 2709 1492 2738 Coisl.
1507 2707 1651 2737 secundo.
