1984 3147
273 130 322 163 ’731

958 127 986 159 S.
1008 130 1134 159 BASILI!
1152 130 1263 158 MAGNI

1886 134 1928 162 752

271 197 325 234 qui
340 197 532 232 scripserunt,
551 192 691 223 facultate
707 192 802 230 judex
816 193 937 222 interior
952 195 1006 221 est.
1022 194 1075 221 Net

1154 193 1378 230 συγγραψαμένων
1406 192 1480 225 ἕξεως
1507 194 1521 219 ὀ
1541 195 1632 230 κριτὴς
1657 193 1872 230 ἀπολιμπάνηται.
1897 199 1931 221 Att

271 242 379 270 iisdem
404 241 463 269 fere
483 240 629 276 praesidiis
652 239 813 267 instructos
834 246 901 266 esse
925 239 1051 274 oportet,
1068 241 1098 266 et

272 286 323 321 qui
338 286 374 313 dc
388 285 504 320 scriptis
514 284 639 318 judicat,
653 286 682 311 et
696 283 749 319 qui
764 282 874 310 scribit.
896 282 955 310 Nisi
970 282 1044 310 forte
1060 282 1097 309 de

271 329 460 363 agriculturae
475 329 617 365 operibus
631 335 691 355 non
707 329 805 363 potest
815 327 952 362 judicare
967 326 1019 362 qui
1033 334 1096 354 non

269 378 313 401 est
323 373 469 409 agricola;
483 376 510 400 et
520 373 594 409 quid
603 373 761 400 dissonum
772 371 1014 399 consonumvein
1027 378 1095 398 mu—

269 418 337 445 sicis
362 418 461 445 modis
475 425 537 444 non
557 417 713 452 dignoscet
732 416 856 443 musicus
878 423 940 443 non
962 415 1093 450 peritus:

268 463 366 490 statim
383 470 453 490 vero
469 469 642 489 sermonum
658 461 712 488 erit
724 460 827 495 judex,
851 459 1023 495 quicunque
1039 467 1094 486 vo—

265 507 370 540 luerit;
384 506 437 542 qui
453 508 553 534 tatnen
568 513 623 533 nec
645 507 860 540 prmeeptorem
883 511 973 531 suum
997 504 1094 539 potest

265 552 434 583 ostendere,
448 558 503 578 nec
518 554 634 586 tempus
647 557 708 586 quo
722 549 837 582 didicit,
854 557 909 576 nec
923 548 1092 584 quidquam

265 596 389 624 omnino
413 595 511 629 majus
530 595 667 622 minusve
691 593 728 621 de
750 593 854 621 litteris
875 593 998 621 audivit.
1026 593 1091 620 Jam

265 648 336 668 vero
350 647 407 674 ego
431 639 502 666 novi
525 642 554 666 et
575 639 605 666 in
628 639 753 674 Spiritus
773 637 902 666 oraculis
922 645 985 665 non
1003 636 1092 664 licere

265 683 387 711 cuilibet
411 691 540 711 examen
566 682 691 717 aggredi
712 682 873 710 verborum
888 691 894 715 ;
909 681 962 709 sed
979 681 1016 715 ei,
1039 680 1090 717 qui

265 728 406 764 Spiritum
423 727 514 756 habet
528 727 719 755 discernendi
732 735 738 759 ;
759 725 1021 762 quemadmodum
1036 725 1091 753 do-

263 772 324 799 cuit
338 779 394 800 nos
408 771 580 807 Apostolus,
597 771 648 806 qui
665 771 695 798 in
719 770 871 798 donorum
889 769 1088 797 divisionibus

262 816 354 844 dixit:
375 817 453 844 huic
468 817 587 851 quidem
599 823 654 850 per
666 815 813 850 Spiritum
826 815 920 843 datur
933 821 1028 842 sermo
1043 821 1088 842 sa-

261 862 391 896 pientiae,
401 861 457 888 alii
465 868 533 888 vero
539 868 635 888 sermo
643 860 772 887 scientiae
782 859 944 888 secundum
954 859 1087 886 eumdem
1101 868 1124 894 Β

261 906 409 940 Spiritum
422 913 433 933 .'
447 905 503 933 alii
513 904 587 938 ﬁdes
602 905 634 932 in
649 904 748 932 eodem
762 904 879 938 Spiritu
889 913 898 930 :
914 903 970 931 alii
983 910 1087 937 opera-

262 951 355 978 tiones
378 951 523 978 virtutum
534 957 545 977 .'
567 950 623 978 alii
641 949 809 984 prophetia,
822 949 877 977 alii
896 948 1089 976 discretiones

261 996 424 1029 spirituum
440 995 476 1021 9’.
493 995 592 1027 Quare
612 994 637 1022 si
652 997 754 1022 nostra
772 993 898 1030 quidem
921 993 1089 1029 spiritualia

260 1042 338 1075 sunt,
352 1039 493 1068 ostendat
507 1047 538 1066 se
553 1039 664 1067 habere
679 1039 795 1066 donum
806 1037 993 1066 discretionis
1005 1037 1087 1073 spiri-

259 1085 399 1119 tualium,
415 1085 465 1121 qui
482 1087 587 1112 nostra.
598 1084 736 1118 judicare
757 1083 829 1110 vult.
853 1082 903 1110 Sin
929 1084 1041 1114 autem,
1056 1083 1089 1110 ut

258 1130 324 1166 ipse
339 1129 534 1164 conviciator,
551 1137 570 1157 ει
585 1129 673 1164 306
693 1128 841 1164 sapientia
864 1127 956 1163 hujus
979 1126 1087 1154 mundi

259 1174 506 1210 proﬁciscuntur;
523 1173 663 1201 ostendat
681 1172 810 1208 peritum
833 1180 898 1200 sese
921 1171 1026 1199 mundi
1039 1179 1086 1199 sa-

259 1218 389 1254 pientiae,
407 1220 435 1245 et
447 1219 518 1245 tunc
532 1217 559 1245 ei
574 1217 718 1251 suffragia
730 1216 836 1252 judicii
851 1216 1085 1244 committemus.

259 1264 318 1290 Nec
328 1262 490 1298 quisquam
502 1264 586 1298 putet
595 1262 659 1289 haec
670 1261 709 1289 ad
721 1261 881 1296 fugiendas
891 1260 1087 1296 probationes

259 1315 278 1335 a.
290 1315 338 1335 me
350 1307 522 1342 excogitari.
534 1307 675 1334 Permitto
685 1306 766 1334 enim
776 1305 873 1340 vobis,
887 1305 991 1333 fratres
1003 1307 1087 1341 opta-

260 1351 377 1386 tissimi,
392 1354 424 1379 nt
439 1359 554 1383 eorum,
570 1351 608 1378 de
622 1351 735 1387 quibus
747 1358 884 1384 accusor,
895 1357 1023 1378 examen
1035 1358 1086 1385 pe-

258 1404 312 1424 nes
323 1404 377 1424 vos
393 1396 439 1423 sit.
455 1398 500 1423 An
517 1403 613 1432 usque
628 1395 705 1423 adeo
719 1395 805 1423 tardo
818 1395 890 1423 estis
904 1394 1037 1429 ingenio,
1054 1396 1086 1422 ut

258 1441 402 1468 omnibus
413 1440 548 1476 patronis
559 1440 719 1475 indigeatis
726 1440 765 1467 ad
773 1440 927 1468 veritatem
933 1439 1086 1466 invenien-

258 1485 351 1513 dam?
367 1485 425 1514 Sed
440 1485 463 1512 si
477 1493 530 1521 per
545 1493 576 1513 se
596 1485 719 1512 minime
733 1487 925 1512 controversa
939 1483 1026 1512 vobis
1041 1483 1083 1511 vi-

258 1530 395 1563 deantur,
406 1529 586 1565 persuadete
600 1529 809 1564 nugatoribus,
831 1530 865 1556 ut
884 1528 1084 1556 contentionis

258 1575 392 1603 studium
407 1574 570 1602 dimittant.
590 1574 619 1602 Si
637 1581 708 1602 vero
723 1581 785 1601 non
805 1573 879 1601 nihil
893 1572 1008 1601 videtur
1020 1580 1085 1600 esse

258 1619 406 1654 ambigui,
421 1619 601 1653 interrogate
615 1626 671 1646 nos
686 1626 739 1654 per
751 1618 871 1654 aliquos
887 1617 1085 1646 internuntios

260 1663 312 1699 qui
327 1665 431 1691 nostra
445 1662 615 1691 ministrare
627 1662 753 1690 ﬁdeliter
766 1662 901 1698 possint:
928 1664 980 1690 aut
995 1662 1085 1690 etiam

259 1707 397 1743 scriptas,
414 1707 439 1735 si
451 1708 492 1735 ita
510 1707 667 1741 videbitur,
685 1707 835 1743 exposcite
851 1715 870 1734 a
884 1706 972 1734 nobis
984 1706 1085 1742 expla-

258 1751 404 1779 nationes.
422 1751 550 1780 Omnino
564 1754 665 1780 autem
676 1751 759 1780 omni
774 1751 866 1779 modo
876 1753 987 1785 curate,
1001 1753 1034 1779 ut
1047 1757 1085 1779 ne

258 1796 315 1825 ista.
326 1796 398 1825 citra
408 1804 536 1825 examen
549 1796 736 1832 relinquatis.

295 1889 320 1915 6.
335 1888 447 1915 Nostrae
461 1890 562 1915 autem
575 1886 646 1914 ﬁdei
666 1894 733 1922 quae
748 1885 843 1922 possit
863 1885 1004 1914 illustrior
1018 1893 1083 1914 esse

259 1932 408 1968 probatio,
415 1931 598 1968 quamquod
606 1931 726 1959 educati
735 1939 841 1958 sumus
852 1931 910 1959 sub
918 1931 984 1959 avia
994 1930 1084 1960 beata

257 1976 391 2011 muliere,
407 1984 443 2003 ex
455 1976 542 2004 vobis
558 1978 623 2003 orta
633 1976 647 2003 ?
669 1975 830 2004 Macrinam
844 1976 912 2004 dico
926 1975 1082 2004 celeberri-

258 2028 339 2048 mam
351 2020 470 2054 illam,a
480 2028 542 2056 qua
553 2020 648 2048 edocti
659 2028 765 2048 sumus
773 2019 939 2048 beatissimi
949 2020 1082 2056 Gregorii

257 2064 360 2100 verba,
376 2072 566 2100 quascunque
577 2072 674 2101 usque
686 2064 725 2093 ad
735 2064 834 2102 ipsam
848 2065 1002 2094 memoriae
1012 2073 1081 2093 con-

292 2163 316 2180 ⁹²
336 2163 346 2190 l
365 2163 432 2192 Cor.
448 2170 498 2198 xu,
513 2164 589 2191 8-l0.

289 2262 346 2331 ἓϐΙ)
366 2261 404 2287 Οὔ
421 2259 539 2291 δυνατός.
554 2261 632 2289 Harl.
648 2262 677 2288 et
690 2260 751 2289 duo
764 2260 813 2288 alii
828 2259 970 2291 ἀδύνατος.

302 2299 346 2331 62)
364 2296 394 2322 Ὁ
406 2296 559 2331 βουλόμενος
571 2298 654 2324 ἔσται.
672 2298 713 2325 [ta
726 2305 799 2324 mss.
817 2304 880 2324 sex.
892 2296 966 2324 Editi

302 2299 346 2332 62)
364 2296 394 2322 ’0
406 2296 559 2332 {flavi-bitrio;
571 2298 654 2324 ἔσται.
672 2298 713 2325 [ta
726 2305 799 2324 mss.
817 2304 880 2324 sex.
892 2296 966 2324 Editi
978 2297 1075 2325 ἔσεται.

289 2334 345 2368 (63)
366 2335 474 2367 Λογίοις
495 2336 540 2358 τοῦ
561 2334 718 2368 ΙΙνεὺματος.
740 2333 788 2368 ita
802 2339 874 2359 mss.
900 2334 929 2368 et
950 2334 1075 2368 vetusta

251 2367 412 2407 editiones.
433 2368 609 2407 Basileensis
628 2367 768 2396 secunda
794 2369 823 2395 et
849 2367 938 2395 Paris.
963 2367 1076 2397 habent

252 2403 338 2438 λόγοις
352 2404 498 2439 Πνεύματος
513 2403 601 2439 ἁγίου.

287 2439 343 2473 (64)
365 2436 504 2475 [Ινεῦματι.
533 2436 660 2466 Ἁᾶάιωῐ
681 2438 752 2466 editi
776 2437 843 2475 ἀλλιη
867 2436 896 2464 δὲ
917 2447 1075 2475 χαρισματα

252 2473 368 2510 ἰαμάτων
391 2474 414 2500 ἐν
431 2473 474 2509 ’τῷ
502 2475 572 2510 αὐτῲ
601 2475 741 2509 ΙΙνεύματι.
764 2473 822 2502 Sed
835 2473 902 2501 haec
914 2473 1023 2502 desunt
1043 2475 1074 2502 in

249 2510 393 2538 omnibus
406 2510 518 2538 nostris
532 2518 608 2538 mss.

282 2546 338 2580 (65)
356 2549 407 2572 Τού
420 2548 531 2581 κόσμου.
549 2545 624 2573 Edili
637 2544 864 2581 addqpt‘rourou
887 2544 971 2581 quod
989 2544 1076 2573 deest

247 2579 345 2608 in’se’x
360 2579 475 2609 nostris
487 2589 560 2608 mss.
582 2582 645 2608 Non
669 2579 788 2608 difﬁcile
812 2583 857 2608 est
871 2579 908 2608 ei
926 2581 983 2608 hoc
1005 2580 1072 2609 loco

269 2617 429 2653 erspicere,
443 2617 618 2653 episcopum
632 2616 719 2653 illum
726 2617 1009 2653 Neocaesariensem,
1021 2617 1073 2653 qui

271 2651 354 2680 asilio
369 2651 484 2680 tantum
497 2651 640 2680 molestius
655 2651 799 2684 exhibuit,
815 2652 970 2680 indoctum
980 2651 1073 2680 homi-

246 2694 316 2714 nem
331 2687 433 2724 fuisse.
450 2687 590 2724 Atqucid
609 2687 804 2724 conﬁrmatur
818 2696 854 2716 ex
867 2687 993 2724 epistola
1007 2690 1070 2721 207,

246 2729 276 2749 ιι.
295 2723 392 2764 thubi
407 2731 477 2764 eum
494 2722 618 2763 Basilius
641 2723 682 2763 ait
703 2722 807 2764 lingu};
828 2722 1076 2764 perstrepere,_‘et

246 2758 487 2786 cavillationibus
503 2758 564 2788 suis
587 2757 853 2788 verisimilitudinis
871 2757 1004 2789 colorem
1015 2757 1070 2787 illi-

245 2800 317 2822 nere
330 2801 393 2823 non
404 2802 506 2831 posse.

1152 238 1202 275 γὰρ
1220 236 1318 273 σχεδὸν
1338 237 1365 263 ἐκ
1380 241 1425 268 τῆς
1444 238 1527 269 αὐτῆς
1549 242 1718 275 παρασκευῆς
1741 240 1876 276 ὡρμῆσθαι
1896 241 1930 266 τὸν

1152 291 1179 308 τε
1191 285 1309 318 κρίνοντα
1322 284 1382 312 τοὺς
1394 283 1487 319 λόγους
1512 293 1557 309 και
1578 285 1621 309 τὸν
1646 285 1837 321 συγγράφοντα.
1865 284 1894 310 Ἦ
1907 286 1932 310 τὰ

1150 328 1195 363 μὲν
1216 330 1343 364 γεωργίας
1363 329 1427 364 ἔργα
1450 328 1480 354 οὐ
1500 326 1612 359 δυνατός
1626 330 1682 364 (61)
1696 328 1753 355 ἐστι
1772 331 1864 366 κρίνειν
1881 330 1892 355 ὃ
1909 339 1933 364 γε

1150 373 1185 407 μὴ
1208 374 1358 408 γεωργικὸς,
1387 375 1432 398 καὶ
1458 374 1486 398 τὸ
1515 372 1616 408 ἐκμελές
1643 383 1671 399 τε
1693 375 1742 414 διαὶ
1768 373 1870 410 ἐμμελὴς
1893 378 1932 399 τῶν

1149 418 1216 442 κατὰ
1235 418 1365 452 μουσικὴν
1380 415 1486 453 ῥυθμῶν
1501 416 1530 442 οὔ
1546 415 1723 452 διαγνώσεται
1735 417 1748 443 ὁ
1763 419 1799 453 μὴ
1813 420 1859 447 τὴν
1873 417 1933 444 ἐπισ-

1148 463 1234 496 τήμην
1250 462 1318 496 ἔχων
1336 464 1384 491 τῆς
1408 465 1548 497 μουσικῆς·
1571 461 1653 497 λόγων
1675 460 1705 488 δὲ
1728 464 1820 499 κριτής
1847 463 1934 493 εὐθὺςό

1148 504 1302 541 βουλόμενος
1330 506 1404 531 ἔσται
1433 506 1498 541 (62),
1538 506 1552 531 ὁ
1586 508 1651 542 μήτε
1683 504 1849 532 διδάσκαλον
1878 508 1934 542 Exin

1147 549 1238 576 ἑαυτοῦ
1251 548 1392 583 δεικνύναι,
1414 551 1471 576 οὔτε
1484 552 1580 587 χρόνον
1608 550 1632 576 ἐν
1658 554 1678 585 ᾧ
1702 551 1861 587 μεμάθηκεν,
1885 552 1935 577 οὗτε

1146 593 1209 624 ὅλως
1225 593 1320 620 ἐπαΐων
1339 604 1363 620 τι
1377 595 1470 631 μικρὸν
1483 595 1498 624 ἣ
1519 595 1607 630 μεῖξον
1622 598 1671 620 τῶν
1686 598 1745 632 περὶ
1765 595 1868 631 λόγους,
1879 595 1935 631 Ἐγὼ

1147 636 1177 664 δὲ
1199 639 1261 675 ὁρῶ,
1286 639 1326 664 ὅτι
1346 641 1390 664 καὶ
1415 637 1439 664 ἐν
1462 642 1517 669 τοῖς
1538 638 1634 675 λογίοις
1655 643 1700 665 τοῦ
1726 641 1935 675 Πνεύματοςίϐὃ)

1145 683 1174 709 οὗ
1190 685 1266 709 παντὶ
1279 682 1337 714 ἐξῆν
1352 682 1496 710 ἐπιϐάλλεῖν
1515 687 1546 713 τῆ
1576 683 1692 715 ἐξετάσει
1714 688 1765 710 τῶν
1793 685 1934 721 εἰρημένων,

1145 727 1209 753 ἀλλὰ
1229 726 1265 763 τῷ
1293 729 1382 763 ἔχοντι
1407 729 1436 754 τὸ
1459 731 1563 764 Πνεῦμα
1587 732 1635 759 τῆς
1663 727 1832 765 διακρίσεως,
1858 730 1935 760 καθὼς

1144 770 1265 803 ἐδίδαξεν
1284 773 1354 808 ἡμᾶς
1378 773 1391 798 ὁ
1407 772 1572 806 Ἀπόστολος,
1588 772 1612 799 ἐν
1632 777 1688 803 ταῖς
1717 771 1866 810 διαιρέσεσι
1892 778 1934 800 τῶν

1142 817 1317 854 χαρισμάτων
1337 817 1424 843 εἰπών·
1445 817 1480 853 ’ῼ
1502 819 1548 854 μὲν
1572 819 1622 855 γὰρ
1651 815 1697 844 διὰ
1717 821 1764 844 τοῦ
1794 821 1934 855 Πνεῦματος

1143 859 1251 888 δίδοται
1273 861 1345 897 λογος
1370 864 1472 898 σοφίας,
1495 862 1562 897 ἄλλῳ
1582 860 1612 888 δί
1626 862 1701 898 λόγος
1719 865 1850 898 γνώσεως,
1875 865 1935 890 κατὰ

1142 907 1172 932 τὸ
1196 906 1259 932 αὐτὸ
1281 909 1394 942 Πνεῦμαι
1415 906 1491 943 ἑτέρῳ
1515 905 1545 933 δὲ
1570 909 1659 936 πίστις
1680 906 1705 932 £1:
1724 911 1761 942 τῷ
1776 907 1848 943 αὐτῷ
1863 910 1934 934 Πνῖᾶ-

1142 960 1206 986 ματι
1222 952 1286 985 (64)·
1306 950 1374 986 οἰλλῳ
1399 949 1429 976 δὲ
1447 950 1609 987 ἐνεργήματα
1624 949 1767 988 δυνάμεων·
1784 952 1854 978 ille)
1874 962 1934 990 προ-

1143 998 1245 1031 φητεία,
1275 995 1344 1031 ἄλλῳ
1368 994 1514 1032 διακρίσεις
1539 997 1701 1032 πνευμάτων.
1728 995 1810 1023 Ὠστε
1845 997 1867 1023 εἰ
1895 999 1934 1033 μὲν

1142 1040 1305 1075 πνευματικὰ
1325 1040 1358 1066 τὰ
1382 1040 1506 1076 ἡμέτερα,
1533 1038 1660 1066 δεικνύτω
1686 1040 1776 1067 ἑαυτὸν
1796 1043 1892 1077 ἔχοντα
1909 1043 1932 1068 τό

1141 1085 1266 1121 χάρισμα
1279 1088 1326 1115 τῆς
1341 1083 1498 1121 διακρίσεως
1512 1088 1560 1111 τῶν
1579 1089 1758 1121 πνευματικῶν
1783 1086 1796 1111 ό
1817 1087 1852 1112 τὰ
1873 1087 1932 1122 ἠμέ-

1141 1137 1204 1165 τερα
1226 1131 1321 1164 κρίνειν
1345 1128 1511 1165 βουλόμενος
1537 1129 1560 1155 εἰ
1586 1127 1625 1163 δὲ,
1652 1130 1685 1160 ὡς
1710 1129 1788 1161 αὐτὸς
1814 1128 1932 1167 λοιδορεῖ,

1142 1171 1192 1198 ἀπὸ
1205 1177 1252 1204 τῆς
1266 1175 1356 1209 σοφίας
1371 1172 1427 1199 ἐστὶ
1442 1177 1490 1199 τοῦ
1513 1176 1613 1210 κόσμου
1629 1175 1733 1208 τούτου,
1750 1172 1864 1206 δειξάτω
1877 1174 1931 1201 ἑαυ-

1140 1218 1185 1243 τὸν
1211 1218 1330 1255 ἔμπειρον
1357 1221 1402 1248 τῆς
1426 1220 1519 1253 σοφίας
1540 1221 1586 1244 τοῦ
1609 1220 1711 1254 κόσμου
1725 1218 1792 1254 (65),
1817 1221 1862 1245 καὶ
1882 1221 1931 1245 τότε

1141 1262 1212 1298 αὐτῷ
1221 1263 1266 1293 τὰς
1281 1262 1385 1298 ψήφους
1396 1267 1444 1293 τῆς
1458 1265 1567 1299 κρίσεως
1581 1262 1760 1300 ἐπιτρέψομεν.
1778 1266 1830 1290 Καὶ
1845 1262 1930 1300 μηδεὶς

1140 1307 1234 1333 οἰέσθω
1249 1311 1334 1333 ταῦτα
1345 1308 1411 1343 πρὸς
1426 1306 1561 1343 ἀποφυγὴν
1580 1312 1630 1333 τῶν
1643 1307 1756 1343 ἐλέγχων
1780 1307 1931 1335 ἐπινοεῖσθαι

1140 1351 1201 1388 παρ’
1218 1352 1301 1387 ἡμῶν.
1317 1351 1388 1388 ’Υμίν
1401 1352 1452 1388 γὰρ
1473 1351 1612 1388 ἐπιτρέπω,
1628 1352 1804 1378 ποθεινότατοι
1821 1351 1930 1388 ἀδελφοὶ,

1140 1395 1177 1431 ἐφ’
1198 1396 1294 1422 ἑαυτῶν
1314 1397 1480 1425 ποιήσασθαι
1508 1400 1558 1422 τῶν
1582 1396 1774 1433 ἐγκαλουμένων
1803 1398 1867 1433 ἡμῖν
1893 1399 1932 1426 τὴν

1140 1439 1268 1471 ἐξέτασιν.
1298 1441 1385 1470 Οὕτως
1408 1440 1466 1467 ἐστὲ
1495 1439 1603 1477 βραδεῖς
1629 1443 1675 1470 τὴν
1705 1440 1843 1474 διάνοιαν,
1872 1443 1931 1468 ὥστε

1139 1486 1241 1511 πάντων
1273 1483 1379 1511 δεῖσθαι
1395 1486 1453 1520 (66)
1479 1489 1530 1511 τῶν
1558 1488 1708 1523 συνηγόρων
1738 1488 1803 1524 πρὸς
1826 1488 1871 1516 τὴν
1891 1490 1931 1512 τοῦ

1140 1528 1252 1560 ἀληθοῦς
1282 1529 1406 1566 εὐρεσιν;
1441 1529 1508 1556 Ἃλλ⁸
1537 1529 1580 1556 ἐὰν
1601 1532 1646 1567 μὲν
1676 1530 1853 1568 ἀναντίῤῥητα
1878 1531 1930 1567 ὑμῖν

1139 1578 1203 1610 φανῇ
1216 1573 1252 1611 ἐφ’
1269 1574 1374 1610 ἑαυτῶν,
1392 1577 1501 1601 πείσατε
1519 1577 1579 1606 τοὺς
1601 1574 1804 1612 ἐρεσχελοῡντας
1828 1575 1930 1612 ἀφέσθαι

1138 1620 1226 1650 πάσης
1242 1619 1407 1655 φιλονεικίας·
1424 1619 1466 1645 ἐὰν
1483 1617 1511 1646 δὲ
1526 1629 1552 1646 τι
1567 1618 1640 1646 δοκεῖ
1654 1620 1712 1655 (67)
1728 1623 1774 1646 καὶ
1796 1619 1930 1657 ἀμφίϐολον

1139 1664 1220 1698 ἔχειν,
1241 1663 1387 1701 ἔρωτὴσατε
1410 1664 1478 1700 ἡμᾶς
1500 1662 1547 1690 διὰ
1569 1673 1644 1690 τινων
1659 1668 1772 1701 μεσιτών
1789 1662 1929 1701 δυναμένων

1138 1712 1234 1738 πιστῶς
1250 1706 1463 1737 διακονήσασθαι
1481 1709 1514 1734 τὰ
1535 1709 1656 1744 ἡμέτεραι
1675 1709 1690 1738 ἦ
1716 1709 1761 1734 καί
1779 1709 1930 1747 ἐγγράφους,

1138 1751 1160 1777 ιὶ
1173 1749 1255 1785 δοκεῖ,
1271 1751 1435 1782 ἀπαιτήσατε
1456 1753 1526 1789 ἡμᾶς
1545 1754 1589 1784 τὰς
1608 1751 1763 1785 ὰποδεῖξεις.
1785 1755 1892 1785 Πάντως
1906 1751 1932 1779 δε

1137 1795 1216 1822 παντὶ
1230 1798 1317 1834 τρόπῳ
1340 1795 1509 1824 σπουδάσατε
1523 1799 1559 1834 μὴ
1581 1797 1739 1830 ἀνεξέταστα
1750 1802 1837 1825 ταῦτα
1856 1808 1932 1824 κατα-

1137 1840 1229 1867 λιπεῖν.

1172 1888 1198 1914 6.
1219 1887 1336 1917 Πίστεως
1355 1884 1384 1913 δὲ
1398 1890 1447 1917 τῆς
1470 1888 1592 1924 ἡμετέρας
1603 1888 1645 1917 τίς
1658 1886 1688 1913 ἆν
1705 1889 1749 1913 καὶ
1763 1889 1864 1923 γένοιτο
1878 1888 1932 1922 (68)

1136 1929 1308 1968 ἐναργεστέρα
1345 1929 1480 1962 ἀπόδειξις
1507 1932 1521 1961 ἢ
1552 1932 1592 1958 ὅτι
1624 1934 1759 1968 τραφέντες
1786 1933 1860 1968 ἡμεῖς
1884 1933 1933 1958 ὑπὸ

1135 1975 1211 2011 τίτθῃ
1227 1977 1346 2013 μακαρίᾳ
1363 1977 1481 2011 γυναικὶ,
1509 1975 1571 2013 παρ’
1596 1976 1667 2012 ὑμῶν
1691 1978 1851 2013 ὡρμημένῃ;
1874 1980 1932 2003 Μα-

1135 2021 1224 2056 κρίναν
1238 2019 1304 2055 λέγω
1317 2022 1365 2049 τὴν
1379 2019 1542 2056 περιϐόητον²
1559 2020 1621 2057 παρ’
1643 2021 1676 2052 ἧς
1694 2019 1880 2058 ἐδιδάχθημεν
1901 2023 1933 2047 τὰ

1133 2067 1180 2090 τοῦ
1207 2065 1408 2101 μακαριωτάτου
1440 2067 1585 2102 Γρηγορὶου
1617 2065 1744 2102 ῥήματα,
1782 2066 1834 2093 ὅσα
1870 2068 1933 2103 πρὸς

1168 2260 1225 2296 (66)
1246 2260 1351 2286 Πάντων
1364 2258 1480 2287 δεῖσθαι.
1490 2261 1591 2296 rEditio
1607 2261 1785 2290 Basileensis
1797 2261 1931 2291 secunde

1131 2298 1161 2324 et
1179 2296 1352 2324 Parisiensis
1366 2298 1469 2328 πάντως
1481 2295 1597 2331 δεῖσθαι,
1613 2301 1644 2325 ut
1657 2298 1779 2325 omnino
1793 2299 1930 2332 patronis

1130 2332 1299 2370 indigentis.
1308 2332 1368 2370 Etsi
1379 2332 1825 2370 haecscripturavideturprima
1832 2333 1928 2370 specie

1131 2368 1203 2396 satis
1214 2367 1376 2405 commode
1388 2369 1496 2403 posita,
1507 2367 1624 2405 tamen,
1632 2367 1734 2403 longe’
1742 2367 1928 2405 praeferenda

1129 2405 1175 2431 est
1189 2410 1225 2443 ea
1237 2411 1333 2443 quam
1349 2403 1380 2430 in
1394 2405 1509 2443 teritum
1528 2404 1708 2443 recepimus.
1729 2403 1837 2443 Nititur
1848 2405 1927 2443 enim

1129 2439 1304 2467 auctoritate
1317 2446 1370 2466 sex
1382 2439 1521 2467 codicum
1535 2439 1621 2473 mss},
1633 2439 1723 2474 Harl,
1739 2440 1829 2474 Med.,
1842 2439 1925 2468 Cois].

1128 2475 1284 2511 utriusque
1294 2476 1324 2502 et
1331 2474 1491 2511 utriusque
1497 2475 1624 2510 Regii,et
1633 2475 1801 2503 editionum
1814 2477 1924 2511 Hagen,

1128 2517 1164 2537 ac
1179 2509 1354 2537 Basileensis
1367 2509 1482 2539 primis.
1498 2512 1642 2539 Praeterea
1656 2511 1765 2538 melius
1788 2509 1925 2539 conducit

1149 2518 1164 2537 c
1179 2518 1354 2537 uasueensrs
1367 2518 1482 2573 primae.
1498 2518 1642 2539 Praeterea
1656 2518 1765 2538 melius
1788 2518 1924 2539 conducit

1149 2545 1289 2586 reposito.
1301 2546 1365 2572 Basi
1378 2545 1408 2580 ii,
1425 2546 1478 2586 qui
1491 2550 1634 2586 peracute
1648 2546 1924 2586 declaratabsurde

1140 2583 1259 2618 acturOS
1269 2581 1533 2618 Neocmsariensés,
1544 2582 1569 2610 si
1581 2590 1635 2618 per
1649 2590 1680 2609 se
1693 2581 1803 2618 ipsidij
1809 2583 1922 2611 udicare

1126 2616 1231 2651 nolint,
1238 2616 1326 2654 quasi
1336 2624 1442 2654 omnes
1451 2618 1572 2653 patroni
1582 2616 1610 2646 et
1619 2616 1772 2654 ejusmodi
1778 2616 1922 2653 judicium

1127 2654 1226 2679 essent
1238 2651 1418 2680 advocandi.

1160 2688 1217 2721 (67)
1237 2691 1319 2714 Δοκεῖ.
1338 2688 1384 2716 Sic
1405 2690 1464 2716 tres
1485 2688 1678 2717 vetustissimi
1697 2689 1829 2718 codices.
1852 2686 1923 2717 Editi

1127 2721 1340 2760 dozﬁ,excepta
1351 2726 1453 2752 tamen
1466 2723 1596 2752 editione
1610 2725 1816 2760 Haganoensi.

1161 2758 1216 2795 (68)
1239 2758 1410 2795 Καΐγιινοιτο.
1425 2760 1600 2796 Conjunctio
1612 2758 1718 2791 addita
1731 2769 1769 2790 ex
1785 2768 1840 2790 sex
1849 2767 1919 2790 imis.
