1984 3147
238 137 290 165 759

914 135 943 164 S.
965 135 1089 164 BASILII
1107 134 1218 165 MAGNI
1225 155 1232 163 .
1858 136 1902 163 760

241 199 276 227 Ut
288 198 380 234 igitur
404 200 432 226 et
456 198 520 233 ipse
545 197 727 226 fortitudinis
743 204 778 225 ac
799 204 877 225 verae
892 197 931 226 ob
947 200 1068 233 sperata

1124 203 1173 225 τῶν
1198 199 1334 234 μακαρίων
1359 195 1460 234 ἀνδρῶν
1492 195 1704 233 ὑποδείγμασιν,
1730 196 1763 221 ὧν
1788 198 1815 222 τὸ
1837 206 1904 232 μεγα-

240 243 323 272 bona
334 242 426 271 animi
437 242 602 270 affectionis
613 242 786 278 exemplum
796 242 970 270 hominibus
981 242 1068 270 relin-

239 295 330 324 quas,
351 287 495 314 invictum
524 289 551 314 te
577 295 595 315 a
623 287 726 315 dolore
753 295 788 314 ac
815 287 951 315 molestis
976 287 1068 315 rebus

239 332 433 360 excelsiorem
463 332 582 366 exhibe,
602 332 720 368 patiens
752 332 782 359 in
813 331 984 365 afﬂictione,
1014 339 1066 368 spe

237 377 335 405 laetus.
348 377 461 404 Horum
483 377 585 412 itaque
613 376 687 404 nihil
711 378 865 412 speratum
893 376 982 404 nobis
994 385 1066 405 con-

239 429 376 456 gressum
402 421 556 456 impediat.
580 421 747 449 Infantibus
773 428 907 457 namque
929 421 1001 449 satis
1024 423 1068 449 est

239 467 312 493 tetas
330 467 361 493 ut
376 465 519 501 inculpati
536 465 593 493 sint
609 473 615 492 :
632 473 688 493 nos
710 467 810 493 autem
831 465 978 493 debemus
992 473 1067 502 prin-

239 510 351 546 scripta
372 510 462 537 nobis
482 509 647 538 ministeria
662 509 790 537 Domino
813 509 964 543 exhibere,
977 512 1066 546 atque

239 555 269 582 in
281 554 424 582 omnibus
439 554 536 590 parati
551 556 580 582 et
593 554 724 590 expediti
738 562 804 581 esse
816 554 855 582 ad
870 554 1067 583 Ecclesiarum

240 598 543 632 administrationem,
555 599 641 634 cujus
662 606 775 633 magna
790 599 915 634 prtemia
927 598 1067 626 ﬁdelibus

239 645 269 671 et
281 642 481 679 prudentibus
496 643 680 672 administris
695 643 840 671 Dominus
861 645 964 671 noster
974 651 1067 671 reser-

239 687 331 715 vavit.

1120 243 1212 279 λοφυὲς
1238 247 1286 273 τῆς
1315 240 1432 273 διανοίας
1457 241 1498 268 ἐπὶ
1526 246 1576 267 τῶν
1608 245 1798 278 περιστατικᾱη
1821 246 1904 279 καιρῶν

1122 288 1238 325 μάλιστα
1253 285 1425 314 διεδείκνυτο.
1447 287 1503 313 Ἰνα
1530 286 1574 313 οὖν
1595 289 1640 313 καὶ
1666 286 1743 317 αὐτὸς
1770 284 1907 322 ὑποδειγμα

1121 331 1242 370 ἀνδρείας
1255 334 1298 358 καὶ
1314 336 1358 362 τῆς
1378 331 1419 358 ἐπὶ
1445 335 1498 361 τοῖς
1523 331 1697 367 ἓλπιζομένοις
1720 330 1840 361 ἀληθινῆς
1857 329 1908 357 δια-

1123 378 1216 406 θέσεως
1231 375 1377 412 καταλίπῃς
1401 380 1436 411 τῷ
1457 375 1520 412 βίῳ,
1535 374 1618 407 δεῖξον
1644 376 1739 402 σαυτὸν
1752 377 1787 411 μή
1803 378 1908 411 καμπτό-

1121 431 1194 458 μενον
1212 421 1346 456 τῷπάθει,
1360 420 1412 446 ἀλλ’
1437 420 1595 456 ὑψηλότερον
1624 422 1685 446 ὅντα
1712 423 1762 446 τῶν
1787 419 1907 456 λυπηρῶν,

1121 469 1152 501 τῇ
1173 467 1218 502 μεν
1232 465 1318 500 θλίψει
1341 466 1483 501 ὑπομένων,
1499 469 1529 501 τῇ
1547 463 1576 491 δὲ
1591 463 1678 491 ἐλπίδι
1706 462 1908 500 χαίρων.Μηόει

1121 508 1165 537 οὖν
1192 511 1288 536 τούτων
1313 511 1420 546 γένηται
1446 510 1554 545 κώλυμα
1578 511 1641 546 πρὸς
1673 511 1720 538 τὴν
1753 508 1909 545 ἐλπιζομένην

1121 555 1184 591 ἡμῖν
1217 556 1372 590 συντυχίαν.
1393 558 1455 584 Τοῖς
1489 556 1533 590 μὲν
1567 555 1618 590 γὰρ
1654 555 1757 584 νηπίοις
1791 553 1910 590 αὐτάρκης

1121 600 1136 628 ἡ
1166 598 1256 628 ἡλικία
1278 600 1344 635 πρὸς
1371 600 1399 625 τὸ
1425 598 1588 634 ἀνέγκλητον
1613 599 1688 634 ἡμεῖς
1726 597 1756 624 δὲ
1783 598 1911 624 ὑπεύθυνοί

1121 643 1197 680 ἐσμεν
1212 645 1245 670 τὰ
1270 641 1460 679 διατεταγμένα
1482 645 1544 680 ἡμῖν
1570 645 1706 680 ὑπηρετεῖν
1728 647 1764 678 τῷ
1792 645 1910 679 Aac-12673:,

1120 690 1166 714 καὶ
1188 688 1222 718 εἰς
1237 688 1322 714 πάντα
1338 689 1434 714 εὔθετοι
1460 687 1524 714 εἶναι
1547 692 1577 724 τῇ
1597 688 1732 724 οἰκονομίᾳ
1750 691 1801 714 τῶν
1817 687 1912 716 Ἐκκληο

243 735 317 767 σιῶν,
335 730 365 763 ἧς
381 732 508 768 μεγάλους
521 734 581 763 τοὺς
595 733 708 768 μισθοὺς
721 735 776 764 τοῖς
789 735 892 763 πιστοῖς
905 734 951 758 καὶ
967 734 1098 770 φρονίμοις
1113 733 1257 769 οἰκονόμοις
1273 733 1286 758 ὁ
1299 734 1392 769 Κύριος
1408 734 1478 767 ἡμῶν
1494 732 1675 769 ἐταμιεύσατο.

508 794 678 823 EPISTOLA
691 794 806 823 CCVII'.

1401 796 1569 821 ΕΠΙΣΤΟΛΗ
1590 793 1643 821 ΣΖ’.

245 848 316 876 Cum
332 848 586 876 Neocaesarienses
602 848 707 876 clerici
720 855 820 876 omnes
836 847 876 875 ad
894 855 987 875 unum
1000 848 1031 874 in
1045 847 1112 875 odio
1128 847 1242 875 Basilii
1255 855 1320 875 cum
1337 848 1472 882 episcopo
1485 855 1538 875 suo
1553 848 1778 883 consentirent;
1792 849 1914 876 Basilius

279 884 417 911 admonet
429 892 487 914 eos,
502 888 584 911 utne
598 886 788 912 assententur
808 884 922 910 homini
934 890 1065 910 errorem
1086 883 1215 910 Sabellii
1232 884 1395 917 inducenli,
1419 891 1492 911 neve
1503 885 1664 917 patiantur
1673 884 1823 918 populum
1836 885 1871 912 ab
1888 891 1914 912 eo

278 920 386 954 decipi.
402 921 428 947 Is
443 920 591 948 Basiliam
601 919 750 953 fugiebat,
762 920 852 954 argui
865 922 1018 946 metuens:
1030 919 1145 946 somnia
1159 919 1303 954 ﬁngebat,
1314 922 1348 946 ut
1365 919 1468 946 Basilii
1478 919 1648 947 doctrinam
1655 920 1853 953 persuaderet
1864 927 1917 947 esse

276 956 488 990 perniciosam.
502 956 630 983 Causam
649 955 712 982 odii
722 958 855 989 rogatus.
871 962 931 982 non
948 954 1041 982 aliam
1056 954 1201 988 a/ferebat
1215 957 1326 989 praeter
1345 955 1477 989 psalmos
1493 957 1520 982 ei
1532 956 1652 982 cantum
1671 962 1707 982 ac
1728 956 1917 983 monasticam

277 992 369 1019 vitam
384 999 465 1026 :qua:
476 992 624 1022 instituta,
640 991 774 1018 nondum
793 992 824 1017 in
840 990 1077 1026 Neocaesariensi
1097 989 1234 1018 Ecclesia
1248 994 1376 1024 recepta.
1398 990 1537 1025 vigebant
1553 991 1584 1018 in
1600 990 1789 1018 Caesariensi.
1805 991 1918 1019 Utrum-

298 1034 334 1054 ue
344 1025 424 1054 illud
438 1027 609 1054 institutum
625 1027 759 1054 Basilius
769 1028 795 1053 et
807 1026 863 1053 sibi
874 1025 983 1053 honori
997 1033 1065 1056 esse,
1076 1025 1143 1052 etin
1157 1026 1226 1053 aliis
1237 1026 1378 1053 Ecclesiis
1388 1026 1487 1060 vigere
1497 1025 1691 1054 demonstrat.
1701 1026 1917 1061 Objicienlibus,

298 1035 334 1054 ue
344 1035 423 1054 uiua
438 1035 609 1054 institutum
625 1035 759 1054 uasmus
769 1035 794 1053 ει
807 1035 862 1053 81οι
874 1035 982 1053 ηοηονι
997 1035 1065 1056 ESSE,
1076 1035 1102 1052 Cl
1112 1035 1143 1052 In
1157 1035 1226 1053 αιιιε
1237 1035 1378 1053 Διἐιεειιε
1388 1035 1487 1060 vigere
1497 1035 1691 1054 demonstrat.
1701 1035 1917 1061 υιηῖειεηιιοιις,

277 1035 339 1090 ch
366 1070 425 1089 non
439 1063 535 1096 fuisse
551 1065 682 1095 tempore
703 1062 849 1096 Gregorii,
865 1061 1025 1095 respondet
1039 1068 1094 1088 nec
1118 1061 1242 1089 litanias
1256 1065 1328 1089 tunc
1349 1061 1453 1095 fuisse,
1469 1068 1521 1089 nec
1541 1062 1705 1096 quidquam
1713 1062 1780 1096 fere
1794 1069 1832 1090 ea;
1842 1063 1918 1089 illius

276 1098 423 1125 institutis
436 1098 520 1132 apud
538 1105 586 1124 eos
599 1104 762 1131 superesse.
782 1097 866 1124 Unde
885 1104 932 1124 eos
940 1098 1038 1123 monet
1049 1099 1082 1123 ut
1094 1096 1208 1124 trabem
1225 1104 1263 1125 ea;
1272 1097 1368 1125 oculis
1383 1098 1444 1125 suis
1460 1098 1594 1132 ejiciant,
1607 1104 1643 1125 ac
1660 1097 1797 1126 haeresim
1812 1098 1918 1130 vitent;

276 1134 415 1168 alioquin
431 1136 532 1161 tacere
545 1140 576 1160 se
590 1140 651 1160 non
664 1140 750 1167 posse
767 1133 800 1159 in
813 1134 900 1160 tanta
915 1132 1089 1160 animarum
1102 1133 1245 1166 pernicie.

417 1203 466 1230 Ad
486 1203 611 1231 clericos
626 1202 892 1230 Neocwsarienses.

276 1259 301 1284 t.
318 1257 490 1284 Consensus
512 1256 543 1283 in
567 1255 627 1284 mei
653 1255 733 1288 odio,
747 1257 776 1283 et
795 1255 879 1292 quod
908 1262 1014 1282 omnes
1031 1254 1071 1282 ad

239 1309 336 1328 unum
356 1300 424 1328 belli
448 1300 535 1328 nobis
555 1300 626 1328 illati
641 1300 750 1328 ducem
773 1299 943 1336 sequimini,
958 1299 1069 1327 suade-

238 1345 292 1374 bat
315 1345 401 1377 mihi.
420 1347 452 1373 ut
475 1353 547 1381 erga
571 1353 677 1373 omnes
694 1345 805 1381 pariter
825 1345 1068 1376 conticescerem.

238 1398 338 1426 neque
366 1390 456 1417 amici
483 1390 594 1425 scripti,
611 1392 663 1417 aut
692 1389 780 1417 ullius
805 1389 945 1425 colloquii
969 1396 1068 1416 essem

238 1435 383 1470 inceptor,
400 1435 452 1462 sed
468 1435 498 1462 in
521 1434 638 1462 silentio
657 1442 818 1462 mmrorem
841 1441 944 1461 meum
959 1441 1068 1461 conco-

237 1487 373 1515 querem.
386 1479 443 1507 Sed
464 1479 536 1516 quia
555 1478 715 1506 calumniae
731 1478 847 1506 silentio
869 1485 931 1505 non
945 1480 1067 1513 prseter-

237 1522 401 1556 mittendaa,
416 1530 479 1550 non
492 1525 525 1550 ut
542 1522 777 1550 contradicendo
797 1530 853 1550 nos
866 1522 925 1558 ipsi
940 1522 1066 1550 ulcisca-

236 1574 315 1601 mur,
328 1567 378 1594 sed
392 1575 430 1595 ne
446 1567 640 1595 mendacium
654 1567 795 1602 progredi
809 1567 988 1603 etdeceptos
998 1566 1067 1594 laedi

237 1612 609 1647 patiamur,necessarium
624 1612 724 1640 visum
740 1615 783 1640 est
793 1612 850 1640 hoc
865 1612 957 1640 etiam
972 1612 1067 1640 omni-

235 1655 294 1683 bus
304 1658 515 1691 proponere,et
525 1656 692 1691 prudentiae
703 1659 809 1684 vestris
819 1656 1066 1692 scribere,quam-

236 1700 281 1727 vis
297 1708 366 1727 cum
382 1707 478 1735 nuper
498 1700 550 1728 toti
568 1701 754 1736 presbyterio
782 1701 983 1729 communiter
997 1701 1067 1728 scri-

236 1744 374 1779 psissem,
390 1744 475 1772 nulla
485 1753 532 1772 me
545 1745 742 1781 responsione
762 1745 876 1779 dignati
888 1745 960 1772 sitis.
974 1745 1066 1774 Nolite

237 1789 392 1819 assentari,
407 1789 626 1825 fratres,iis,qui
644 1797 740 1825 prava
751 1790 897 1824 dogmata
907 1790 936 1817 in
949 1791 1067 1818 animos

236 1836 352 1861 vestros
369 1834 535 1861 inducunt:
553 1841 649 1870 neque
675 1834 829 1870 despicite,
846 1833 920 1861 dum
935 1834 1066 1870 populus

237 1877 298 1909 Dei,
312 1877 402 1904 vobis
427 1877 600 1908 scientibus,
617 1877 706 1913 310
734 1885 787 1914 per
810 1878 904 1914 impia
923 1878 1067 1913 dogmata

237 1921 430 1949 subvertitur.
456 1921 603 1949 Sabellius
629 1922 698 1949 Afer
722 1924 750 1950 et
774 1922 926 1950 Marcellus
951 1923 1065 1958 Galate,

238 1965 292 1993 soli
303 1974 339 1993 ex
351 1966 494 1993 omnibus
505 1974 540 1993 ea.
553 1966 618 1993 ausi
635 1968 704 1993 sunt
715 1968 743 1994 et
752 1966 871 2000 docere,
885 1969 913 1995 et
925 1967 1065 2002 scribere,

237 2017 307 2045 quae
326 2017 408 2037 nunc
423 2010 506 2045 apud
519 2018 584 2042 vos,
601 2009 682 2038 velut
706 2018 762 2038 sua.
784 2010 920 2046 ipsorum
934 2011 1065 2047 inventa,

238 2052 370 2089 proferre
382 2053 598 2088 aggrediuntur
607 2054 710 2090 populi
721 2054 932 2090 duces,lingua
943 2059 1067 2092 perstre-

237 2100 355 2134 pentes,
371 2097 424 2125 sed
443 2105 480 2126 ne
502 2098 772 2126 verisimilitudinis
795 2099 919 2136 quidem
935 2100 1067 2129 colorem

237 2141 286 2170 his
315 2142 394 2170 tricis
422 2145 449 2170 et
464 2143 705 2171 cavillationibus
734 2142 847 2172 illinere
874 2145 1017 2173 valentes.
1035 2145 1068 2174 Hi

238 2187 332 2215 fanda
347 2189 437 2223 atque
452 2187 585 2215 nefanda
597 2188 628 2215 in
640 2195 697 2215 nos
711 2189 969 2223 concionantur,et
984 2190 1068 2218 omni

239 2232 332 2259 modo
366 2239 565 2267 congressum
593 2235 730 2260 nostrum
753 2233 914 2262 declinant.
937 2235 1067 2267 Quamo-

239 2275 342 2304 brem?
353 2278 455 2304 Nonne
467 2277 540 2312 quia
549 2277 653 2304 timent
662 2285 699 2305 ne
710 2278 747 2304 de
758 2278 859 2312 pravis
870 2279 932 2306 suis
942 2279 1067 2314 dogma-

239 2320 321 2348 tibus
333 2321 518 2354 arguantur?
527 2321 559 2347 Hi
569 2321 707 2348 videlicet
717 2329 752 2349 eo
763 2330 859 2357 usque
869 2322 1065 2358 impudentiae

241 2367 346 2392 contra
360 2372 415 2392 nos
432 2364 578 2392 devenere
592 2367 625 2393 ut
639 2368 668 2393 et
678 2366 795 2393 somnia
810 2366 952 2402 quaedam
967 2367 998 2394 in
1011 2375 1067 2395 nos

276 2429 286 2438 "
301 2426 381 2454 Alias
397 2427 485 2454 LXIII.
502 2427 617 2462 Scripta
631 2435 711 2455 anno
727 2430 789 2456 375.

278 2463 332 2499 (876)
354 2464 426 2499 Κατᾲ
444 2464 657 2499 Νεοκαισάρειαν.
674 2464 716 2490 Ita
748 2471 822 2499 mss.
845 2465 904 2491 tres
928 2465 1065 2493 vetustis-

241 2498 309 2526 simi
320 2506 388 2525 cum
399 2498 519 2525 duobus
534 2499 632 2532 Regiis
647 2501 675 2525 et.
689 2498 774 2526 Coisl.
792 2499 935 2527 secundo.
953 2501 1024 2528 Male
1035 2502 1065 2529 in

241 2534 328 2571 editis
342 2535 408 2571 καὶἀ
432 2535 644 2569 Namatio-aptius.
661 2535 820 2571 Non_enim
837 2534 878 2562 sic
893 2535 975 2571 loqui
991 2537 1067 2565 solet
1082 2535 1103 2563 Ι)

242 2569 451 2597 Basilius.Post
465 2577 522 2605 ope
534 2572 666 2596 veterum
683 2569 821 2597 codicum
836 2569 1066 2600 emendavimus

240 2605 324 2641 quod
354 2605 458 2641 minus
491 2607 628 2632 accurate
663 2605 806 2640 scriptum
841 2609 904 2634 erat
927 2607 957 2635 in
979 2608 1066 2635 editis

240 2640 335 2676 μέχρις
349 2640 403 2670 ἐνος
419 2643 446 2667 et
469 2644 555 2666 πεσεῖν
579 2642 624 2668 τὴν
651 2641 765 2676 ἐμαυτου
789 2641 881 2670 λύπην.
898 2644 931 2670 ln
946 2643 1065 2671 duobus

240 2679 354 2714 tamen“
365 2676 581 2714 recentioribus
606 2683 679 2714 mss.
694 2679 725 2714 _et
743 2677 772 2703 in
788 2677 970 2706 editionibus
991 2681 1063 2714 Hag.

240 2714 268 2738 et
281 2711 366 2738 Basil.
381 2711 489 2745 legitur
503 2713 618 2738 πέσσειν.
636 2712 730 2740 Paris.
745 2714 761 2738 2
772 2714 884 2740 πέπτειν.

203 2775 205 2782 Α
275 2747 334 2783 (87)
349 2749 423 2783 -Ηρνός
434 2748 483 2783 ντάς
498 2745 620 2776 διαϐολὰς
635 2750 671 2783 μή
688 2748 823 2783 Quinque
856 2749 974 2776 codices
1002 2758 1064 2778 non

239 2781 440 2817 antiquisSimi
459 2785 525 2818 μήτε
548 2781 675 2820 «mw;
697 2781 831 2814 διαϐολάς.
844 2785 890 2813 Ne
904 2786 1064 2814 calumnia:

1213 1206 1273 1234 Τοῖς
1292 1205 1358 1229 κατὰ
1377 1204 1584 1239 Νεοκαισάρειαν
1605 1203 1661 1238 (86)
1680 1203 1829 1240 χληριχοῑς.

1161 1255 1230 1283 1.Ἠ
1258 1258 1303 1293 μὲν
1330 1258 1466 1293 συμφωνία
1495 1260 1542 1283 τοῦ
1570 1257 1628 1283 καθ’
1656 1259 1729 1293 ἡμῶν
1758 1259 1860 1294 μίσους,
1875 1259 1918 1284 καὶ

1123 1301 1152 1327 τὸ
1179 1303 1273 1338 μέχρις
1304 1301 1359 1332 ἑνὸς
1382 1303 1478 1332 πάντας
1506 1301 1685 1331 ἀκολουθῆσαι
1711 1306 1748 1337 τῷ
1777 1306 1919 1339 προεστῶτι

1122 1349 1169 1371 τοῦ
1183 1346 1242 1371 καθ’
1261 1347 1333 1382 ἡμῶν
1360 1345 1484 1382 πολέμου,
1496 1347 1580 1372 ἔπειθέ
1598 1356 1630 1382 με
1645 1347 1741 1382 ὁμοίως
1767 1345 1918 1382 ἁποσιωπᾴν

1122 1391 1186 1426 πρὸς
1218 1389 1352 1423 ἅπαντας,
1378 1393 1422 1416 καὶ
1451 1393 1516 1426 μήτε
1543 1392 1696 1428 γράμματος
1727 1391 1829 1427 φιλικοῦ
1855 1394 1919 1428 μήτε

1122 1436 1192 1465 τινὸς
1220 1435 1322 1471 ὄμιλίας
1336 1436 1490 1472 κατάρχειν,
1505 1434 1559 1461 ἀλλ’
1586 1434 1609 1461 ἐν
1629 1436 1735 1472 ἡσυχίᾳ
1753 1438 1852 1462 πέττειν
1872 1438 1919 1465 τὴν

1122 1477 1235 1515 ἐμαυτοῦ
1259 1479 1352 1508 λύπην·
1379 1477 1470 1508 ἐπειδὴ
1499 1478 1528 1506 δε
1553 1482 1607 1517 χρὴ
1629 1482 1695 1516 πρὸς
1726 1481 1771 1510 τὰς
1799 1478 1920 1510 διαϐολὰς

1121 1523 1157 1559 μῆ
1189 1524 1244 1558 (87)
1280 1523 1445 1559 ἀποσιωπᾴν,
1473 1523 1526 1560 οὐχ
1561 1525 1602 1550 ἶνα
1635 1522 1681 1550 διά
1711 1528 1760 1554 τῆς
1794 1524 1920 1560 ἁντιλγίας

1122 1568 1191 1603 ἡμᾶς
1216 1567 1310 1599 αὐτοὺς
1341 1566 1495 1605 ἐκδιχῶμιν,
1523 1568 1578 1594 ἀλλ’
1604 1569 1646 1594 ἵνα
1668 1571 1704 1605 μὴ
1739 1572 1921 1606 συγωχρησω-

1122 1621 1166 1648 μεν
1197 1610 1360 1641 εὖοδωθῆναι
1386 1616 1422 1647 τῷ
1448 1611 1551 1647 ψεύδει,
1583 1615 1628 1639 καὶ
1651 1615 1710 1643 τοὺς
1742 1613 1920 1650 ἠπατημένους

1122 1659 1157 1693 μὴ
1193 1657 1322 1694 ἐναφῶμεν
1346 1662 1377 1694 τῇ
1402 1657 1499 1694 βλάϐῃ,
1530 1658 1669 1694 ἀναγκαῖον
1694 1657 1772 1694 ἐφάνη
1803 1669 1848 1695 μοι
1877 1662 1920 1685 καὶ

1121 1705 1198 1728 τοῦτο
1218 1703 1352 1739 προθεῖναι
1372 1706 1428 1733 τοῖς
1452 1705 1538 1736 πᾶσι,
1555 1705 1599 1729 καὶ
1626 1702 1769 1729 ἐπιστεῖλαι
1795 1704 1866 1740 ὑμῶν
1890 1707 1917 1739 τῇ

1123 1748 1235 1779 συνέσει,
1258 1747 1280 1773 εὶ
1298 1749 1353 1780 καὶ,
1371 1747 1411 1773 ὁτι
1433 1750 1523 1784 πρώην
1551 1752 1623 1784 κοινῇ
1643 1750 1721 1774 παντὶ
1749 1751 1786 1783 τῷ
1810 1748 1920 1785 πρεσϐυ-

1120 1794 1196 1828 τερὶῳ
1237 1791 1363 1829 γράψας,
1392 1790 1518 1828 οὐδεμιᾶς
1552 1793 1615 1829 παρ’

1121 1835 1316 1872 ἠξιώθηνιὸδ).
1343 1838 1386 1865 Μὴ
1416 1837 1575 1868 κολακεύετε,
1602 1837 1621 1862 ὦ
1645 1835 1771 1873 ἀδελφοὶ,
1798 1839 1859 1868 τοὺς
1891 1838 1922 1863 τὰ

1121 1881 1222 1916 πονηρὰ
1240 1879 1362 1917 δόγματα
1384 1885 1442 1912 ταῖς
1465 1881 1567 1917 ψυχαῖς
1597 1882 1667 1918 ὑμῶν
1683 1881 1835 1917 ἐπάγοντας·
1852 1880 1922 1917 μηδι

1121 1923 1303 1955 χαταδέξησθε
1327 1928 1450 1962 περιορᾷν
1479 1925 1503 1951 ἐν
1532 1928 1627 1960 γνώσει
1653 1926 1766 1963 ὑμετέρᾳ
1792 1927 1835 1951 τὸν
1860 1925 1923 1952 λαόν

1120 1972 1165 1995 τοῦ
1186 1972 1252 1995 Θεοῦ
1278 1967 1325 1995 διὰ
1347 1973 1397 1995 τῶν
1424 1969 1522 1996 amca”
1546 1968 1719 2006 διδαγμάτων
1743 1973 1923 2006 καταστρεφό-

1121 2022 1206 2050 μενον,
1235 2013 1367 2044 Σαϐελλιος
1393 2015 1406 2040 ὁ
1434 2014 1516 2045 Λίϐυς
1541 2016 1586 2040 καὶ
1608 2014 1783 2050 Μάρκελλοςὸ
1806 2014 1924 2044 Γαλάτης

1120 2060 1196 2094 μόνοι
1222 2058 1249 2083 ἐκ
1275 2059 1374 2085 πάντων
1400 2058 1546 2095 ἐτόλμησαν
1569 2060 1612 2085 καὶ
1633 2057 1744 2090 διδάξαι
1763 2064 1848 2086 ταῦτα
1878 2062 1923 2086 καὶ

1120 2101 1233 2139 γράψαι,
1249 2102 1313 2140 ἅπερ
1342 2106 1386 2129 νῦν
1414 2103 1476 2141 παρ’
1502 2104 1574 2140 ὑμῖν,
1599 2104 1635 2134 ὡς
1660 2102 1718 2130 ῐδια
1746 2104 1831 2130 ἰαντῶ
1856 2104 1923 2141 εὗρέ-

1122 2156 1215 2182 ματα,
1244 2146 1411 2183 ἐπιχειροῦσι
1442 2151 1577 2185 προφέρειν
1606 2149 1630 2174 οἱ
1653 2149 1848 2184 καθηγούμενοι
1877 2151 1921 2174 τοῦ

1120 2191 1183 2217 λαοῦ
1197 2211 1204 2223 ,
1226 2191 1414 2228 βαμϐαίνοντες
1435 2193 1488 2226 (89)
1516 2196 1546 2229 τῇ
1578 2192 1687 2229 γλώσσῃ
1701 2214 1708 2227 ,
1730 2195 1776 2218 καὶ
1802 2191 1866 2219 οὔδε
1890 2193 1922 2223 εἰς

1121 2236 1231 2265 πιθανὴν
1250 2239 1416 2266 κατασκευὴν
1442 2238 1513 2273 ἄγειν
1529 2237 1584 2273 (90)
1605 2238 1638 2263 τὰ
1659 2240 1814 2274 σοφίσματα
1840 2242 1921 2264 ταῦτα

1119 2283 1165 2306 καὶ
1181 2282 1239 2310 τοὺς
1253 2280 1468 2317 παραλογισμοὺς
1487 2280 1665 2318 ἐξαρκοῦντες.
1685 2280 1766 2308 Οὗτοι
1784 2283 1855 2319 ῥητα
1876 2284 1920 2308 καὶ

1655 1793 1727 1829 ὑμῶν
1761 1792 1921 1829 ἀποκρίσεως

1120 2324 1223 2362 ἄρρητα
1237 2325 1295 2351 καθ’
1308 2326 1380 2361 ἡμῶν
1399 2324 1596 2362 δημηγοροῦσι,
1609 2328 1655 2352 καὶ
1668 2327 1754 2352 πάντα
1768 2329 1864 2363 τρόπον
1876 2328 1919 2356 τὰς

1122 2372 1267 2405 συντυχίας
1291 2372 1363 2406 ήμῶν
1391 2369 1546 2396 ἐκκλίνουσι.
1570 2373 1644 2401 Τίνος
1665 2370 1767 2405 ἓνεκενς
1788 2372 1861 2407 Οὐχὶ
1875 2374 1917 2398 τὸν

1119 2431 1240 2467 quidem
1254 2432 1372 2460 silentio
1395 2433 1673 2466 praetermittendam
1690 2435 1759 2462 Post
1782 2434 1916 2462 nonnulli

1120 2467 1240 2506 codices
1265 2467 1445 2506 recentiores
1477 2469 1630 2506 προσθεῖναι
1657 2473 1710 2500 τοῖς
1737 2472 1827 2498 πᾶσι.
1855 2471 1916 2498 Ηοι·

1120 2504 1208 2531 etiam
1225 2503 1361 2531 omnibus
1375 2504 1496 2532 addere.

1157 2539 1214 2578 i_8_8)
1233 2538 1371 2578 Γρέψας...
1405 2539 1518 2578 esteem
1536 2541 1609 2578 .tha
1624 2542 1696 2578 rtres
1723 2540 1915 2569 vetustissimi

1120 2574 1256 2612 codicem
1267 2574 1339 2602 Editi
1358 2575 1538 2612 γράψαντες...
1551 2575 1707 2612 ἠξιώθημεν.

1157 2611 1213 2647 (βῼ)
1235 2610 1406 2646 Προφέρεινζ..
1432 2610 1628 2647 βαμϐαἱνοντες.
1646 2610 1688 2640 Ita
1722 2612 1813 2647 Harl.,
1830 2611 1911 2643 Meti.

1120 2644 1208 2673 Coisl.
1225 2644 1349 2684 uterque
1375 2644 1444 2674 cum
1471 2644 1565 2674 tribus
1593 2648 1701 2682 Regiis.
1717 2648 1792 2676 Editi
1806 2644 1912 2684 προσ-φτ-

1118 2689 1206 2716 ρειν...
1224 2680 1418 2716 capsellam;

1154 2716 1327 2754 (90)__"Aysw.
1342 2719 1382 2744 Ita
1394 2720 1452 2754 tres
1468 2718 1662 2754 vetustissimi
1676 2719 1796 2747 codices
1809 2729 1815 2753 ;
1831 2719 1911 2754 quin-

1118 2759 1177 2787 que
1191 2751 1240 2780 alii
1256 2752 1372 2789 ἀγαγεῖν.
1386 2753 1461 2782 Edili
1471 2753 1615 2790 ἐξαγαγεῖν.
