1984 3147
65 141 115 169 761

564 138 804 167 EPISTOLARUM
823 137 963 167 CLASSIS
983 141 1006 168 ll
1026 141 1131 170 EPIST.
1153 143 1251 171 CCVII.

1696 150 1748 176 762

68 203 111 229 ἐπὶ
126 205 182 233 τοῖς
197 204 320 239 πονηροῖς
334 199 464 237 δόγμασιν
478 200 574 227 ἑαυτῶν
586 200 628 231 (91
646 201 753 237 ὒεγχον
769 201 871 236 ὑφορώ-

953 203 1204 238 imminiscantur,
1222 206 1390 235 doctrinam
1412 209 1548 236 nostram
1559 210 1591 237 ut
1604 209 1750 245 pernicio-

67 256 160 284 μενοι;
179 247 212 272 Οῖ
225 256 255 282 γε
275 246 316 272 ἐπὶ
342 249 466 272 τοσοῦτον
494 247 567 282 ἡμῶν
593 247 870 281 κατ-ηναισχύντησαν,

67 293 137 318 ὥστε
151 294 198 317 καὶ
213 291 324 327 ὀνείρους
338 292 419 324 τινὰς,
444 290 480 326 ἐφ’
499 292 568 326 ἡμᾶς
585 290 749 327 συμπλασαι,
765 289 872 316 διαϐαλ-

67 336 153 367 λοντες
181 336 254 372 ἡμῶν
281 334 328 365 τάς
355 333 540 369 διδασκαλίας,
564 334 595 365 ὥς
611 334 756 372 βλαϐεράς·
773 334 808 370 οἳ,
824 335 871 361 κᾶν

67 382 154 407 πάντα
165 381 198 406 τὰ
208 384 257 406 τῶν
269 379 420 416 φνλλοχόων
429 383 516 416 μηνῶν
527 380 698 416 φαντάσματα
708 384 765 410 ταῖς
775 379 872 405 ἑαυτῶν

68 425 190 462 κεφαλαῖς
201 422 389 459 ὑποδέξωνται,
402 422 527 460 οὐδεμίαν
536 425 598 460 ἡμῖν
611 423 781 461 βλασφημίαν
793 423 872 454 δυνή-

69 480 162 497 σονται
189 469 417 507 προστρίψασθαι,
449 469 548 495 πολλῶν
577 471 655 495 ὄντων
683 474 732 495 τῶν
754 471 810 506 (92)
834 470 871 506 ἐφ’

69 514 184 545 ἑκάστης
197 514 353 544 Ἐκκλησίας
368 515 568 551 μαρτυρούντων
580 518 612 550 τῇ
628 513 746 550 ἀληθεία.

104 561 134 588 '2.
156 559 209 586 Κᾶν
229 561 276 588 τὴν
299 559 386 585 αἰτίαν
406 558 558 596 ἓρωτηθῶσι
581 562 626 585 τοῦ
646 558 795 595 ἀκηρύκτου
814 560 872 585 τού-

68 613 116 630 του
133 606 179 630 καὶ
193 601 328 630 ἆσπόνδου
341 602 592 640 πο),ὁμου,ψαλμοὺς
603 603 710 639 λέγουσι
720 606 765 629 καὶ
777 607 871 641 τρόπον

69 647 204 685 μελῳδίας
224 652 274 679 τῆς
291 647 353 684 παρ’
369 648 428 684 ὑμῖν
446 648 500 683 (93)
522 650 712 684 κεκρατηκυίας
736 649 872 679 συνηθείας

68 693 296 731 παρηλλαγμένον,
312 695 357 719 καὶ
371 693 478 718 τοιαῦτα
491 702 559 726 τινα,
580 692 617 728 ἐφ’
633 693 669 722 οἷς
684 693 766 730 ἐχρῆν
778 693 873 724 αὐτοὺς

69 737 289 773 ἐγκαλύπτεσθαι.
307 737 501 773 Ἐγκαλούμεΰα
525 735 563 773 δὲ,
585 738 624 764 ὅτι
651 739 696 763 καὶ
721 736 872 774 ἁνθρωπους

70 784 166 818 ἔχομεν
192 786 241 812 τῆς
275 781 403 812 εὐσεϐείας
432 781 568 813 ἀσκητάς,
599 781 807 818 ἀποταξαμένους
835 785 871 817 τῷ

69 830 172 863 κόσμῳ,
186 828 232 852 καὶ
246 827 347 857 πάσαις
367 829 421 856 ταῖς
437 826 574 862 βιωτικαῖς
589 829 732 863 μερίμναις,
749 825 780 856 ἆς
795 825 871 852 ἀκάν-

71 872 131 902 θαις
144 871 324 907 παρεικάζειό
347 872 452 908 Κύριος,
467 870 503 901 εἰς
522 873 699 908 καρποφορίαν
719 870 798 897 ἐλοεῖν
813 872 869 906 (94)
887 877 907 903 Β

68 918 113 943 τὸν
126 916 202 952 λόγον
216 918 252 952 μὴ
270 917 486 952 συγχωρούσαις.
501 917 534 941 Οἱ
546 919 658 942 τοιοῦτοι
671 918 718 944 τὴν
731 918 872 952 νεκρὸτητα

68 965 115 988 τοῦ
127 960 217 990 Ἰησοῦ
233 960 258 986 ἑν
273 965 310 996 τῷ
326 963 430 1000 σώματι
444 963 611 997 περιφέρουσι
625 970 631 977 ·
647 962 692 986 καὶ
707 961 814 997 ἄραντες
828 962 871 986 τὸν

68 1006 168 1032 ἑαυτῶν
185 1006 309 1042 σταυρὸν,
324 1006 430 1031 ἕπονται
453 1009 488 1040 τῷ
505 1009 570 1040 Θεῷ.
586 1005 651 1040 Ἐγὼ
674 1004 703 1031 δὲ
729 1007 823 1036 παντὸς
841 1005 871 1031 ἂν

69 1052 237 1087 τιμησαίμην
250 1054 296 1076 τοῦ
309 1049 423 1086 ἔμαντοῠ
441 1049 512 1086 βίον,
529 1049 578 1086 ἐμὰ
591 1049 656 1076 εἶναι
670 1051 703 1076 τὰ
717 1048 873 1086 ἀδικήματα

67 1100 162 1127 ταῦτα,
194 1097 239 1121 καὶ
272 1096 342 1131 ἔχειν
373 1093 473 1131 ἄνδρας
503 1095 564 1132 παρ’
593 1094 707 1130 ἐμαυτῷ,
741 1095 785 1120 ὑπ’
815 1094 872 1131 ἐμοὶ

70 1139 239 1176 διδασκάλῳ,
255 1141 301 1168 τὴν
316 1140 432 1168 ἄσκησιν
448 1140 545 1168 ταύτην
556 1139 749 1176 προελομένους.
769 1143 823 1166 Νῦν
844 1138 873 1166 δὲ

70 1185 94 1212 ἐν
109 1185 235 1221 Αἰγύπτῳ
251 1186 296 1221 μὲν
316 1183 402 1210 ἀκούω
422 1185 544 1213 τοιαύτην
569 1184 633 1211 εἶναι
648 1184 749 1222 ἀνδρῶν
762 1184 854 1222 ἀρετήν
866 1195 872 1202 ·

70 1233 115 1256 καὶ
128 1230 204 1266 τάχα
217 1231 344 1260 τινὶςεκαὶ
364 1228 406 1255 ἐπὶ
424 1233 472 1260 τῆς
497 1229 674 1260 Παλαιστίνης
692 1231 739 1258 τὴν
765 1231 832 1256 κατά
844 1231 873 1256 τὸ

72 1274 229 1310 Exim/757.101;
257 1273 388 1300 πολιτείαν
413 1275 597 1310 κατορθοῦσιν.
619 1274 719 1300 ’Δκούω
748 1272 777 1300 δὲ
805 1284 874 1304 τινας

70 1322 116 1345 καὶ
132 1318 175 1345 ἐπὶ
190 1323 238 1349 τῆς
251 1320 340 1349 Μέσης
354 1323 405 1344 τῶν
415 1322 538 1354 ποταμῶν
550 1318 659 1349 τελείους
674 1321 719 1344 καὶ
732 1321 874 1355 μακαρίους

71 1362 184 1400 ἄνδρας.
210 1363 300 1399 Ἡμεῖς
328 1361 358 1389 δὲ
390 1362 485 1394 παῖδές
513 1362 588 1400 ἐσμεν
617 1365 681 1399 πρὸς
706 1373 735 1399 γε
759 1366 806 1392 τὴν
825 1367 874 1389 τῶν

72 1409 173 1435 τελείων
190 1409 339 1444 σύγκρισιν.
356 1407 385 1434 Εἰ
399 1406 428 1434 δὲ
440 1410 485 1434 καὶ
507 1412 626 1444 γυναῖκες
642 1408 813 1443 εὖαγγελικῶς
827 1409 874 1444 ζῇν

72 1452 254 1490 προελόμενοιι,
270 1453 410 1490 παρθενίαν
434 1454 479 1489 μὲν
503 1453 590 1489 γάμου
615 1457 792 1489 προτιμώσαι,
810 1451 875 1479 δου-

72 1498 244 1534 λαγωγοῦσαι
268 1497 324 1532 (95)
346 1495 376 1523 δὲ
400 1499 428 1523 τὸ
453 1499 572 1534 φρόνημα
589 1501 634 1528 τῆς
659 1498 765 1535 σαρκὸς,
787 1500 831 1523 καὶ
851 1497 875 1523 ἐν

72 1543 160 1569 πένθει
175 1542 260 1573 ζῶσαι
275 1545 311 1576 τῷ
326 1542 537 1578 μακαριζομένῳ,
552 1543 681 1579 μακάριαι
692 1545 737 1572 τῆς
751 1543 876 1579 προαιρέ-
893 1551 912 1578 c

74 1596 150 1621 σεως,
167 1587 233 1613 ὅπου
249 1585 280 1612 ἄν
295 1585 345 1612 ὦσι
364 1590 409 1616 τῆς
428 1591 485 1622 γῆς.
503 1588 579 1623 Παρὰ
602 1584 631 1612 δὲ
646 1587 708 1622 ἡμῖν
724 1586 779 1622 (96)
795 1587 878 1623 μικρὰ

74 1635 171 1658 ταῦτα.
189 1632 383 1666 στοιχουμένων
404 1631 442 1656 ἔτι
465 1633 510 1656 καὶ
540 1630 712 1667 εἰσαγομένων
740 1631 805 1666 πρὸς
830 1632 877 1659 τὴν

75 1675 221 1702 εὐσέϐειαν.
238 1675 268 1701 Εἰ
283 1673 313 1701 δέ
332 1684 390 1701 τινα
403 1673 532 1711 ἀκοσμίαν
548 1679 583 1710 τῷ
600 1675 652 1711 βίῳ
674 1679 722 1701 τῶν
749 1679 877 1710 γυναικῶν

75 1720 253 1757 ἐπιφέρουσιν,
279 1719 465 1755 ἀπολογεῖσθαι
486 1721 531 1756 μεν
551 1720 614 1756 ὑπὲρ
639 1718 723 1745 αὐτῶν
749 1718 778 1745 οὐ
793 1728 878 1744 κατα-

76 1763 209 1801 δέχομαιθ
225 1763 305 1790 ἐκεῖνο
326 1762 355 1790 δὲ
378 1765 439 1800 ὑμῖν
464 1762 688 1801 διαμαρτύρομαι,
705 1765 744 1790 ὃτι
765 1763 783 1789 ἆ
797 1766 878 1800 μέχρι

74 1813 120 1835 νῦν
136 1809 149 1834 ὁ
165 1811 278 1838 Σατανᾶς
304 1808 315 1834 ὁ
340 1810 426 1845 πατὴρ
453 1812 499 1834 τοῦ
525 1806 640 1844 ψεύδους
660 1807 737 1834 εἰπεῖν
758 1808 786 1834 οὐ
800 1817 877 1834 κατε-

76 1852 183 1886 δέξατο,
198 1856 282 1879 ταῦτα
305 1854 333 1879 αἱ
347 1852 440 1889 ἄφοϐοι
456 1851 575 1890 καρδίαι,
599 1855 643 1878 καὶ
669 1854 702 1879 τὰ
726 1851 878 1888 ἀχαλίνωτα

77 1896 198 1936 στόματα
215 1897 254 1925 ἀεὶ
274 1899 329 1932 (97)
345 1900 484 1934 φθέγγεται
503 1896 594 1928 ἀδεῶς.
611 1901 748 1924 Γινώσκειν
768 1895 797 1923 δὲ
812 1898 878 1933 ὑμᾶς

76 1945 221 1982 βούλομαι,
237 1945 275 1970 ὅτι
295 1945 367 1980 ἡμεῖς
383 1943 518 1980 εὐχόμεθα
540 1945 585 1969 καὶ
610 1941 710 1979 ἀνδρῶν
725 1945 770 1968 καὶ
783 1952 878 1978 ’γυναι-

75 1994 129 2016 κῶν
146 1989 319 2024 συντάγματα
333 1990 390 2022 (98)
406 1989 477 2023 ἔχειν
489 1997 496 2003 ο
514 1988 547 2013 ὧν
560 1989 589 2013 τὸ
609 1987 751 2023 πολίτευμά
771 1986 840 2013 ἐστιν
854 1985 878 2012 ἐν

75 2034 208 2072 οὐρανοῖς,
237 2037 286 2058 τῶν
314 2034 360 2061 τὴν
391 2033 476 2069 σάρκα
510 2032 716 2069 σταυρωσάντων
746 2032 793 2057 σὺν
825 2034 878 2061 τοῖς

75 2079 221 2114 παθήμασι
243 2079 288 2103 καὶ
312 2080 368 2108 ταῖς
393 2076 542 2113 ἐπιθυμίαις
554 2085 560 2090 ·
578 2076 602 2102 οἳ
617 2076 645 2102 οὗ
660 2079 806 2112 μεριμνῶσι
820 2077 879 2112 περὶ

77 2123 227 2161 βρωμάτων
256 2124 301 2148 καὶ
324 2120 475 2158 ἐνδυμάτων
489 2132 495 2138 -
524 2121 577 2147 ἀλλ’
598 2121 791 2157 ἁπερίσπαστοι
813 2122 879 2151 ὅντες

76 2170 124 2194 καὶ
143 2165 299 2204 εὖπάρεδροι
314 2170 349 2202 τῷ
366 2169 465 2203 Κυρίῳ,
478 2168 570 2197 νυκτὸς
590 2168 635 2192 καὶ
657 2166 754 2202 ἡμέρας
766 2167 880 2202 προσμέ-

76 2222 155 2238 νουσι
170 2215 225 2242 ταῖς
242 2210 375 2240 δεήσεσιν.
391 2211 439 2237 Ὧν
461 2212 490 2237 τὸ
520 2213 606 2247 στόμα
625 2210 654 2236 οὐ
670 2210 740 2236 λαλεῖ
761 2211 794 2235 τὰ
817 2211 881 2246 ἔργα

77 2261 129 2283 τῶν
146 2255 287 2293 ἀνθρώπων
300 2265 306 2272 ·
333 2255 398 2281 ἀλλὰ
416 2255 560 2291 ψάλλουσιν
586 2255 682 2290 ὕμνους
701 2255 758 2289 (99)
773 2257 809 2288 τῷ
824 2258 879 2289 Θεῷ

78 2303 154 2338 ἡμῶν
171 2299 308 2332 διηνεκῶς,
329 2299 497 2337 ἐργαζόμενοι
518 2303 575 2330 ταῖς
599 2299 694 2325 ἑαυτῶν
718 2300 823 2336 χερσὶν,
840 2298 882 2324 ἶνα

79 2348 168 2383 ἔχωσι
183 2343 355 2382 μεταδιδόναι
370 2349 422 2375 τοῖς
441 2347 533 2381 χρείαν
547 2345 653 2380 ἔχουσι.

117 2498 173 2533 (9i)
195 2498 328 2533 Δόγμασιν
352 2495 458 2533 ἑαυτῶν.
486 2495 532 2524 Sic
545 2497 607 2533 tres
623 2494 721 2533 iidem
745 2495 883 2533 vetustis-

79 2528 306 2561 simi'cod'i'ces.
341 2531 415 2559 Editi
444 2531 537 2558 ἑαυτῶν
561 2528 737 2566 διδάγμασιν.
769 2531 882 2560 Ibidem

79 2569 217 2605 quinque
229 2568 349 2595 codices
363 2575 425 2595 non
436 2567 477 2605 ita
492 2566 600 2605 vetusti
614 2568 664 2605 τὸν.
673 2566 696 2592 ἐν
708 2570 775 2605 «τοῖς,

117 2601 175 2640 (92)
191 2604 288 2630 Ὀντων
302 2607 362 2636 τῶν,
377 2604 535 2640 etc._Deest
548 2602 595 2629 hic
611 2601 754 2630 articulus
767 2602 795 2629 in
810 2610 884 2638 qua-

80 2638 148 2668 tubr
164 2648 238 2667 mss.
255 2647 316 2666 non
331 2638 561 2674 antiquissimis.

117 2677 174 2707 (93)
187 2678 239 2705 Τῆς
253 2672 557 2710 παρ’νὺμῖνίΡοειενίοι*
570 2672 659 2700 editio
674 2672 845 2710 Parisiensis
857 2674 885 2710 et

80 2711 163 2745 Regii
178 2711 241 2738 duo
269 2708 388 2737 cedices
414 2717 448 2736 ac
473 2708 559 2736 Coisl.
589 2708 741 2736 secundus
763 2711 790 2735 et
804 2708 883 2737 Harl.

81 2744 221 2785 secunda
233 2753 328 2785 ῳειιιμ
342 2749 389 2776 τῆς
408 2744 470 2785 παρ’
485 2745 557 2780 ἡμῖν·
591 2780 611 2785 ,.
685 2777 690 2785 ,

116 2783 174 2817 (94)
187 2781 295 2817 mea...
309 2781 352 2808 Ita
366 2778 481 2816 septem
501 2778 575 2808 mss.
591 2778 800 2817 Editi_&veMa_Zv.

116 2813 174 2854 ('95;
210 2813 442 2852 Δουλαγωγοῡσῐκι.
470 2817 542 2851 Reg.
571 2815 722 2844 secundus
752 2813 884 2850 δουλαγω-

926 255 992 275 sam
1007 248 1226 277 calumniantes
1245 259 1251 278 :
1268 252 1320 286 qui
1334 253 1453 280 etiamsi
1468 253 1570 281 omnia
1585 254 1747 288 mensium,

925 293 1037 329 quibus
1048 293 1118 322 folia
1131 295 1252 330 cadunt,
1271 297 1391 325 somnia
1406 300 1434 325 et
1446 298 1511 326 visa
1527 299 1676 334 capitibus
1686 299 1748 327 suis

926 337 1076 372 colligant,
1095 339 1211 367 nullum
1232 340 1321 368 nobis
1349 342 1494 377 probrum
1520 345 1659 379 poterunt
1683 343 1748 371 inu—

925 389 1000 415 rere,
1017 390 1086 410 cum
1101 384 1200 419 plures
1215 384 1275 412 sint
1288 385 1318 413 in
1341 394 1525 423 unaquaque
1541 388 1679 424 Ecclesia,
1695 388 1748 425 qui

925 427 1131 456 testimonium
1142 429 1214 457 dent
1228 429 1353 458 veritati.

961 555 987 579 2.
1005 553 1090 585 Quod
1107 554 1131 581 si
1147 561 1272 582 causam
1286 557 1430 589 rogentur
1444 556 1644 592 implacabilis
1669 557 1749 585 illius

925 599 954 624 et
968 597 1156 633 inexpiabilis
1179 598 1258 634 belli,
1284 599 1420 634 psalmos
1445 601 1558 635 dicunt,
1574 601 1750 630 etmelodiaa

927 641 1051 668 modum
1076 649 1094 669 a
1122 643 1350 678 consuetudine,
1366 652 1433 680 qute
1449 645 1532 681 apud
1546 654 1600 673 vos
1614 645 1750 680 invaluit,

925 685 1087 721 diversum,
1103 689 1130 714 et
1145 687 1289 722 qumdam
1305 689 1465 724 ejusmodi,
1482 697 1614 725 quorum
1629 698 1681 718 eos
1697 697 1753 726 par

926 732 989 757 erat
1003 731 1129 765 pudere.
1163 733 1340 760 lucusamur
1367 736 1478 766 autem,
1495 734 1578 770 quod
1592 734 1682 762 etiam
1697 734 1751 762 ho-

926 775 1022 802 mines
1036 775 1204 803 habeamus
1233 777 1351 812 pietatis
1381 778 1521 811 cultores,
1535 779 1588 814 qui
1611 778 1752 807 nuntium

925 819 1102 847 remiserunt
1118 821 1232 848 mundo
1246 824 1273 849 et
1293 822 1435 850 omnibus
1450 823 1552 851 saeculi
1573 824 1662 857 curis,
1678 831 1753 860 quas

927 864 1021 899 spinis
1045 867 1202 901 comparat
1230 867 1383 901 Dominus,
1398 867 1525 896 verbum
1555 869 1594 896 ad
1621 868 1752 897 fructum

927 908 1082 936 ferendum
1107 910 1262 944 pervenire
1293 919 1355 938 non
1385 911 1563 940 sinentibus.
1598 912 1753 948 Ejusmodi

925 953 1064 980 homines
1075 954 1337 982 mortiﬁcationem
1350 957 1418 983 Jesu
1433 956 1463 983 in
1479 965 1604 992 corpore
1624 957 1752 985 circum-

926 997 1033 1031 ferunt,
1050 1001 1077 1025 et
1092 1006 1211 1026 crucem
1232 1008 1317 1027 suam
1334 1002 1497 1035 portantes,
1511 1002 1604 1029 Deum
1619 1009 1752 1038 sequun-

927 1044 984 1070 tur.
1005 1046 1064 1077 Ego
1080 1051 1150 1071 vero
1176 1046 1237 1071 tota
1263 1052 1331 1072 mea
1359 1045 1421 1072 vita
1448 1053 1607 1080 mercarer,
1637 1049 1669 1074 ut
1684 1054 1753 1075 mea

927 1089 1028 1115 essent
1048 1088 1112 1115 haec
1137 1088 1255 1122 delicta,
1273 1089 1477 1126 haberemque
1492 1091 1575 1126 apud
1598 1098 1646 1118 me
1661 1090 1752 1125 viros,

927 1139 975 1159 me
990 1132 1122 1166 doctore,
1133 1132 1213 1160 hanc
1225 1133 1343 1169 pietatis
1358 1135 1601 1162 exercitationem
1612 1135 1756 1171 profiten-

927 1178 981 1204 tes.
997 1178 1080 1204 Nunc
1096 1180 1196 1205 autem
1218 1177 1249 1205 in
1273 1180 1399 1214 Egypto
1417 1179 1540 1215 quidem
1557 1179 1647 1207 audio
1662 1179 1754 1208 talem

928 1228 994 1248 esse
1005 1221 1139 1249 virorum
1153 1222 1293 1250 virtutem
1310 1231 1315 1250 :
1336 1231 1371 1250 ac
1387 1223 1514 1251 fortasse
1529 1223 1666 1252 nonnulli
1681 1226 1710 1252 et
1724 1225 1756 1252 in

928 1265 1085 1293 Palzrstina
1100 1266 1305 1301 evangelicam
1316 1267 1408 1295 vitam
1420 1268 1561 1296 excolunt
1574 1277 1580 1295 :
1591 1268 1683 1297 audio
1693 1276 1757 1296 rur-

929 1318 980 1337 sus
995 1310 1112 1346 aliquos
1128 1313 1155 1338 et
1168 1311 1198 1338 in
1214 1312 1428 1347 Mesopotamia
1438 1312 1585 1348 perfectos
1601 1321 1636 1340 ac
1650 1313 1756 1341 beatos

928 1355 1020 1382 viros.
1033 1356 1091 1382 Nos
1103 1357 1203 1382 autem
1218 1356 1302 1391 pueri
1314 1364 1430 1391 sumus,
1446 1357 1597 1392 siquidem
1613 1365 1683 1385 cum
1692 1365 1756 1394 per—

929 1399 1012 1427 fectis
1027 1407 1249 1435 comparemur.
1261 1401 1344 1432 Quod
1361 1401 1385 1428 si
1400 1403 1428 1429 et
1447 1401 1588 1428 mulieres
1608 1401 1756 1437 evangeli-

930 1451 999 1471 cum
1014 1444 1133 1471 vivendi
1148 1452 1243 1478 genus
1258 1445 1446 1480 proﬁtentur,
1461 1445 1662 1481 virginitatem
1678 1454 1756 1482 prte-
1807 1480 1809 1482 η

930 1487 1057 1516 ferentes
1071 1489 1196 1524 nuptiis,
1212 1489 1408 1525 petulantiam
1424 1490 1522 1517 carnis
1542 1490 1710 1524 redigentes
1725 1490 1757 1518 in
1803 1484 1807 1485 ν

932 1534 1102 1561 servitutem
1125 1536 1152 1561 et
1167 1534 1197 1561 in
1220 1534 1303 1562 luctu
1327 1534 1376 1562 illo
1404 1534 1547 1569 degentes
1573 1535 1624 1571 qui
1648 1534 1756 1563 beatus

931 1579 1122 1615 praedicatur,
1135 1578 1232 1606 beatae
1248 1581 1316 1606 sunt
1331 1579 1370 1606 ob
1381 1579 1571 1615 propositum
1582 1587 1682 1613 suum,
1693 1579 1759 1607 ubi-

932 1631 1051 1659 cunque
1066 1623 1174 1651 fuerint
1203 1626 1359 1651 terrarum.
1384 1624 1471 1659 Apud
1493 1632 1550 1651 nos
1577 1626 1678 1652 autem
1693 1624 1759 1652 haec

931 1676 1027 1705 parva
1038 1671 1065 1696 et
1080 1668 1169 1696 exilia
1184 1670 1263 1702 sunt,
1279 1677 1314 1696 ac
1329 1668 1489 1696 hominum
1500 1669 1599 1696 adhuc
1611 1668 1760 1697 elementa

932 1714 1122 1748 discentium,
1152 1714 1265 1749 quique
1289 1713 1521 1741 introducuntur
1545 1713 1585 1741 ad
1603 1714 1758 1749 pietatem.

932 1759 999 1786 Jam
1016 1758 1127 1794 siquid
1146 1758 1301 1785 dedecoris
1329 1758 1396 1785 vitae
1427 1758 1587 1786 mulierum
1615 1758 1757 1791 inferunt,

933 1812 983 1831 eas
994 1802 1154 1830 defendere
1169 1810 1230 1830 non
1245 1802 1327 1830 libet.
1343 1802 1418 1829 Illud
1437 1805 1537 1830 tamen
1555 1802 1641 1830 vobis
1656 1801 1758 1830 testiﬁ-

932 1856 994 1882 cor,
1005 1855 1072 1883 quze
1088 1848 1232 1874 hactenus
1249 1849 1333 1882 pater
1355 1847 1503 1874 mendacii
1524 1847 1649 1874 Satanas
1659 1846 1759 1874 dicere

931 1901 993 1921 non
1007 1901 1101 1921 ausus
1113 1894 1165 1924 est,
1176 1900 1212 1919 ea
1227 1899 1346 1927 semper
1360 1899 1378 1919 a
1389 1891 1530 1918 cordibus
1540 1893 1638 1918 metus
1653 1897 1758 1926 exper-

934 1938 1013 1965 tibus
1029 1939 1057 1964 et
1072 1936 1224 1964 efl‘renatis
1248 1935 1358 1970 linguis
1382 1935 1523 1963 audacter
1541 1935 1650 1963 efferri.
1679 1934 1758 1963 Scire

933 1985 1032 2010 autem
1050 1989 1103 2008 vos
1120 1981 1197 2013 volo,
1213 1988 1269 2008 nos
1283 1980 1365 2008 laudi
1379 1980 1500 2014 ducere,
1519 1979 1603 2016 quod
1625 1979 1759 2007 virorum

934 2029 963 2053 et
976 2025 1136 2053 mulierum
1153 2028 1248 2052 caelus
1264 2025 1442 2058 habeamus,
1456 2033 1586 2060 quorum
1597 2031 1760 2052 conversa-

934 2071 973 2098 tio
1000 2070 1031 2097 in
1057 2070 1139 2097 caelis
1169 2071 1213 2097 est
1239 2078 1244 2096 :
1267 2069 1319 2105 qui
1350 2078 1438 2097 suam
1465 2077 1587 2097 carnem
1613 2077 1675 2097 una
1689 2075 1760 2096 cum

934 2113 1143 2143 affectionibus
1157 2122 1192 2141 ac
1201 2113 1416 2149 cupiditatibus
1428 2114 1638 2141 cruciﬁxerunt
1650 2121 1656 2140 :
1670 2105 1756 2148 31.1

933 2160 985 2196 qui
999 2167 1054 2187 nec
1067 2160 1104 2186 de
1119 2158 1192 2186 cibis
1207 2165 1262 2185 nec
1277 2158 1314 2185 de
1328 2158 1513 2185 indumentis
1537 2160 1606 2185 sunt
1630 2157 1759 2191 solliciti,

935 2204 988 2232 sed
1022 2203 1145 2231 minime
1171 2202 1315 2235 distracti,
1350 2204 1379 2229 et
1413 2202 1539 2230 Domino
1573 2202 1760 2229 continenter

935 2250 1177 2280 astantes,noctu
1191 2247 1303 2282 diuque
1313 2249 1506 2282 perseverant
1517 2247 1547 2273 in
1559 2245 1758 2274 orationibus.

935 2295 1067 2326 Quorum
1081 2301 1115 2320 os
1141 2299 1202 2320 non
1226 2291 1359 2327 loquitur
1383 2299 1476 2326 opera
1501 2290 1678 2323 hominum;
1706 2290 1761 2318 sed

934 2339 1066 2375 hymnOS
1080 2339 1139 2365 Deo
1156 2339 1260 2364 nostro
1285 2336 1448 2363 concinunt
1474 2335 1671 2370 continenter,
1686 2341 1761 2370 ope-

934 2386 1036 2412 rantes
1052 2382 1195 2411 manibus
1209 2381 1281 2416 suis,
1296 2383 1329 2408 ut
1342 2380 1475 2409 habeant
1490 2379 1571 2408 unde
1591 2379 1762 2416 impertiant

934 2427 1150 2463 indigentibus.

936 2502 1024 2528 γουσι,
1042 2493 1070 2519 et
1081 2490 1172 2528 paulo
1188 2491 1256 2526 p0st
1271 2490 1347 2528 great.
1366 2487 1429 2528 sed}
1442 2487 1553 2515 frustra
1571 2485 1762 2528 librariorum

938 2525 1043 2563 aliquis
1057 2525 1219 2563 emendare
1235 2525 1327 2563 voluit
1340 2525 1521 2563 scripturam
1536 2529 1597 2550 non
1612 2525 1762 2563 vitiosam.

974 2557 1031 2597 (96)
1052 2561 1127 2598 ΙΙαρά
1143 2560 1172 2587 o“:
1196 2562 1268 2598 ἡμῖν.
1286 2557 1518 2598 Emendavimus
1538 2565 1594 2593 ope
1607 2557 1763 2598 ‘Harlieani

938 2591 1049 2626 codicis
1067 2591 1235 2624 et‘Medictéi
1255 2595 1339 2632 quod
1359 2595 1459 2632 minus
1476 2591 1635 2622 commode
1649 2593 1681 2620 in
1696 2591 1763 2620 aliis

938 2637 966 2662 et
979 2634 1008 2660 in
1024 2633 1109 2660 editis
1120 2629 1275 2666 legebatur
1288 2633 1362 2668 Ηαρᾲ
1417 2631 1432 2668 ᾖ
1438 2634 1501 2668 μῷν.

974 2670 1030 2703 (97)
1051 2667 1111 2694 Ἀεί.
1131 2665 1214 2694 Deest
1227 2675 1262 2694 ca
1277 2665 1334 2694 vox"
1355 2667 1386 2694 in
1402 2665 1554 2699 vaticano,
1570 2665 1641 2698 Reg.
1658 2670 1764 2691 secun-

938 2705 977 2732 do
991 2707 1019 2732 et
1030 2703 1116 2731 Cois].
1133 2703 1278 2730 secundo.

974 2742 1029 2774 (98)
1050 2739 1230 2774 Συντάγματα.
1261 2739 1302 2766 lla.
1332 2746 1404 2765 mss.
1439 2738 1515 2765 OClO.
1550 2734 1624 2763 Editi
1658 2736 1762 2764 συστή-

959 2785 1016 2802 ατα.

937 2787 1028 2847 μαξξέ)
1044 2810 1160 2847 ’Υμνους-
1186 2811 1228 2838 lta
1252 2811 1364 2837 veteres
1383 2807 1451 2836 libri
1466 2815 1587 2836 summo
1600 2813 1779 2841 consensu,
