2004 3145
251 133 305 161 1M

937 131 964 159 s.
986 129 1109 159 BASILlI
1128 130 1245 158 mam.
1260 108 1262 110 ’

1879 131 1937 159 792

250 196 305 226 ret.
316 195 372 223 lter
381 195 482 222 autem
493 194 618 222 Romam
629 194 730 222 nescio
744 193 900 230 quomodo
910 201 1001 221 nemo
1011 200 1080 229 pru-

1146 195 1183 228 γίῳ
1200 190 1289 229 δρόμῳ
1306 192 1434 227 ὁδεύοντι,
1485 194 1528 218 καὶ
1549 191 1710 229 ἐνετειλάμην
1737 194 1850 229 πρώτοις
1873 193 1938 228 ὑμῖν

252 239 361 268 dentice
374 241 432 266 tuae
446 238 629 266 nuntiaverit
642 238 741 267 hieme
759 239 883 267 omnino
899 238 1006 266 conﬁci
1019 244 1080 265 non

252 291 362 321 posse;
379 282 614 318 cuminterjecta
632 291 650 312 a
665 283 920 319 Constantinopoli
932 290 1026 319 usque
1042 281 1081 310 ad

251 329 329 357 ﬁnes
345 330 466 356 nostros
480 328 562 362 regio
582 328 720 357 hostibus
743 328 852 357 referta
876 330 922 356 sit.
950 327 1035 361 Quod
1057 327 1082 355 si

253 372 399 401 utendum
413 374 459 400 est
473 372 560 406 mari,
572 373 626 401 erit
642 374 776 409 tempus;
788 373 880 401 modo
891 380 953 400 non
965 373 1082 400 recuset

251 417 477 452 navigationem
492 419 520 445 et
532 417 569 445 de
582 417 733 453 ejusmodi
742 417 833 446 rebus
844 417 1026 453 legationem
1039 424 1083 444 re-

252 462 465 497 ligiosissimus
476 462 638 498 episcopus
646 462 737 490 frater
746 462 916 498 Gregorius.
931 463 992 497 Ego
1003 461 1084 490 enim

252 514 309 535 nec
316 506 370 543 qui
380 514 450 534 cum
461 506 527 542 ipso
541 506 772 543 proﬁciscantur
782 507 880 542 video,
888 507 1024 543 etipsum
1034 514 1084 534 ne-

252 551 405 588 gotiorum
417 551 689 580 ecclesiasticarum
700 559 826 588 prorsus
837 552 1026 588 inexpertum
1037 558 1085 579 co-

254 604 389 631 gnosco;
407 604 442 624 ac
456 595 535 624 illius
554 596 678 628 quidem
694 603 891 632 congressum
904 596 1037 632 benigno
1049 603 1085 623 ac

255 640 320 669 miti
341 639 403 669 viro
425 640 630 668 venerabilem
646 643 674 669 et
697 641 727 669 in
742 641 873 677 plurimo
888 641 984 677 pretio
1003 640 1083 674 fore;

255 685 309 713 sed
319 693 389 713 cum
405 684 483 713 elato
497 687 527 713 et
547 685 668 713 sublimi
681 688 711 714 et
724 686 812 714 altius
830 685 956 717 sedenti,
973 685 1086 721 quique

255 731 414 766 propterea
427 730 583 758 veritatem
594 730 679 758 humi
693 730 892 767 praedicantes
906 730 1011 758 audire
1024 737 1085 758 non

256 774 358 811 possit,
376 774 451 810 quid
463 773 554 802 rebus
570 774 786 803 communibus
799 775 896 811 prosit
908 774 962 802 viri
978 774 1085 809 hujus-

1134 237 1274 273 ἐμφανίσαι
1298 240 1328 264 τὸ
1351 239 1472 275 γράμμα.
1497 239 1550 266 Τήν
1575 236 1605 263 δί
1627 237 1669 263 ἐπὶ
1688 236 1788 274 Ῥώμην
1807 236 1869 264 ὀδό)
1890 237 1939 264 οὐκ

1134 280 1197 308 οἶδα
1211 283 1280 312 ὅπως
1293 281 1380 313 οὐδεὶς
1395 282 1531 318 ἀνήγγειλε
1540 286 1571 318 τῇ
1593 284 1695 309 συνέσει
1709 283 1789 318 ὑμῶν,
1807 283 1848 308 ὅτι
1861 283 1885 308 ἐν
1902 292 1939 319 τῳ

1135 331 1246 363 χειμῶνι
1268 327 1399 358 παντελῶς
1426 327 1497 353 ἑστιν
1521 327 1628 363 ἄπορος,
1648 331 1700 361 ,τῆς
1723 327 1821 363 μεταξὺ
1843 330 1939 365 χώρας

1135 371 1186 398 ἀπὸ
1209 371 1500 402 Κωνσταντινουπόλεως
1528 374 1611 408 μέχρι
1636 375 1686 398 τῶν
1708 371 1766 397 καθ’
1788 372 1857 408 ἡμᾶς
1871 372 1940 409 ὅρων

1134 416 1262 452 πολεμίων
1277 416 1487 454 πεπληρωμένης.
1513 415 1544 443 Εἰ
1568 414 1597 442 δὲ
1613 413 1655 442 δεῖ
1670 415 1788 452 θαλάσσῃ
1810 418 1940 453 χρήσασ-

1138 462 1191 494 θαι,
1221 462 1296 487 ἔσται
1320 464 1420 498 καιρός·
1444 463 1521 497 μόνον
1555 461 1598 487 ἐὰν
1626 459 1805 492 καταδέξηται
1828 463 1873 487 καὶ
1897 463 1941 488 τὸν

1136 505 1226 541 πλοῦν,
1242 508 1288 532 καὶ
1298 508 1346 535 τήν
1356 506 1419 543 ὑπὲρ
1432 509 1482 532 τῶν
1493 506 1617 532 τοιούτων
1627 506 1788 542 πραγμάτων
1798 505 1940 543 πρεσϐείαν

1137 551 1149 577 ὁ
1166 549 1361 586 θεοφιλέστατος
1381 550 1521 582 ἐπίσκοπος
1539 552 1684 588 Γρηγόριος
1698 550 1711 576 ὁ
1724 548 1849 586 ἁδελφός.
1873 550 1940 586 Ἐγὼ

1137 597 1182 631 μὶν
1194 596 1245 632 γὰρ
1270 597 1328 622 οὔτε
1350 597 1410 626 τοὺς
1434 596 1678 632 σνναπερχομένους
1708 595 1778 630 αὐτῷ
1808 596 1870 633 ὁρῶ,
1896 599 1941 622 καὶ

1138 640 1216 666 αὑτὸν
1230 643 1352 676 γινώσκω
1374 640 1505 671 παντελῶς
1524 640 1629 676 ἄπειρον
1653 640 1715 666 ὄντα
1729 644 1779 666 τῶν
1803 641 1872 666 κατὰ
1895 642 1942 668 τὰς

1138 683 1293 715 Ἐκκλησίας
1308 684 1375 720 ('33)-
1402 687 1447 711 καὶ
1469 685 1609 721 εὐγνώμονι
1635 685 1680 720 μὶν
1709 682 1787 721 δινὸρὶ
1802 683 1943 721 αἰδέσιμον

1138 729 1219 755 αὐτοῦ
1237 731 1282 755 καὶ
1302 728 1398 755 πολλοῦ
1418 728 1492 760 ἀξίαν
1507 731 1554 758 τὴν
1568 731 1724 764 συντυχίαν,
1744 728 1837 764 ὑψηλῷ
1853 727 1884 756 di
1899 732 1944 756 xui

1139 776 1267 810 μετεώρῳ,
1285 774 1338 799 ἀνω
1361 783 1408 800 που
1430 775 1577 810 καθημένῳ,
1601 775 1646 800 καὶ
1668 771 1715 799 διὰ
1739 776 1817 800 τοῦτο
1839 774 1944 800 ἀκούειν

255 819 340 847 modi
353 826 546 854 congressus,
563 819 649 855 cujus
662 828 762 848 mores
773 819 812 848 ab
830 819 965 848 illiberali
982 818 1085 847 adula-

1146 822 1189 844 τῶν
1201 819 1322 854 χαμόθεη
1333 818 1403 854 αὐτῷ
1418 820 1464 847 τὴν
1477 818 1600 848 ἀλήθειαν
1615 819 1794 855 φθεγγομένων
1810 820 1847 855 μὴ
1864 817 1946 845 δυνα-

255 864 336 893 tione
349 863 462 892 alieni?

1141 866 1217 900 μένῳ,
1233 867 1260 890 τί
1279 863 1309 890 ἄν
1325 866 1425 900 γένοιτο
1445 864 1530 900 ὄφελος
1545 867 1599 894 τοῖς
1621 867 1714 894 κοινοῖς
1733 864 1807 902 παρὰ
1828 867 1877 895 τῆς
1897 868 1946 891 τοῦ

255 909 375 934 τοιούτου
390 907 484 945 ἀνδρὸς
497 908 611 945 ὁμιλίας,
628 909 653 939 ὃς
669 908 801 945 ἀλλότριον
814 909 871 945 ἔχει
889 909 998 940 θωπείας
1014 907 1178 945 ἀνελευθέρου
1193 909 1221 934 τὸ
1238 906 1299 939 ἦθος
1313 917 1319 943 ;

519 979 680 1009 EPISTOLA
704 980 825 1008 CCXVI‘.

1410 981 1576 1006 ΕΠΙΣΤΟΛΗ
1608 978 1677 1011 Elq‘.

257 1054 374 1084 Narrat
390 1055 523 1084 Basilius
533 1056 795 1091 peregrinationes
808 1063 827 1084 a
838 1063 869 1084 sc
877 1058 1039 1090 susceptas,
1050 1062 1137 1091 seque
1151 1055 1191 1083 ad
1205 1055 1374 1083 Terentium
1389 1056 1489 1083 statim
1503 1057 1572 1090 post
1586 1054 1716 1083 reditum
1726 1054 1896 1090 scripsisse,
1913 1058 1947 1082 ut

276 1098 378 1119 eorum
390 1091 517 1126 fraudes
532 1090 676 1127 edoceret,
687 1092 741 1128 qui
753 1092 834 1120 hunc
848 1092 983 1120 comitem
997 1099 1015 1119 a
1026 1091 1145 1120 Meletio
1156 1091 1380 1125 abstrahere,et
1391 1091 1422 1118 in
1434 1094 1538 1126 partes
1553 1098 1622 1119 suas
1633 1090 1758 1119 allicere
1774 1091 1926 1120 volebant.

433 1166 564 1201 Meletio,
579 1167 747 1196 Antiochia
763 1167 912 1203 episcopo.

297 1234 394 1263 Multae
408 1242 464 1263 nos
477 1236 506 1263 et
521 1235 586 1264 aliae
606 1235 862 1272 peregrinationes
879 1244 897 1264 a
908 1236 1006 1272 patria
1021 1243 1089 1264 avo—

262 1282 379 1308 carunt.
393 1281 466 1308 Nam
477 1279 549 1308 etin
563 1280 704 1309 Pisidiam
718 1288 814 1318 usque
823 1281 1008 1316 venimus,ut
1019 1288 1089 1309 cum

262 1323 400 1360 ejusdem
411 1324 542 1359 regionis
564 1325 714 1361 episcopis
732 1333 800 1361 qum
820 1325 910 1362 324
930 1325 970 1354 ad
985 1325 1090 1353 fratres

262 1368 384 1397 Isaurice
399 1370 546 1405 spectant,
560 1377 822 1406 componeremus.
840 1371 937 1406 Atque
949 1370 1018 1399 inde
1033 1377 1090 1398 nos

262 1413 294 1441 in
307 1414 433 1441 Pontum
446 1413 562 1449 excepit
576 1414 787 1451 peregrinatio,
805 1423 875 1443 cum
899 1415 1090 1443 Dazimonem
1110 1427 1130 1454 ο

263 1458 336 1486 satis
351 1458 556 1494 perturbassct
577 1459 756 1493 Eustathius,
782 1459 952 1496 multosque
969 1459 1028 1487 illic
1041 1459 1091 1487 ad-

263 1502 409 1537 duxisset,
433 1505 466 1531 ut
487 1510 517 1530 se
540 1502 579 1531 ab
595 1503 725 1532 Ecclesia
749 1506 853 1532 nostra
868 1504 1090 1533 abscindereut.

265 1547 323 1575 Sed
337 1550 366 1575 et
377 1555 474 1584 usque
486 1547 526 1575 ad
541 1548 617 1576 Petri
631 1549 690 1576 mei
700 1548 798 1577 fratris
812 1549 893 1577 aedes
908 1557 956 1577 me
967 1548 1089 1577 contuli:

264 1599 334 1628 quae
346 1600 416 1620 cum
432 1593 624 1621 Neocaesarea
639 1600 701 1621 non
716 1592 806 1628 longe
817 1594 937 1629 distent,
953 1593 1091 1630 plurimae

264 1636 500 1673 perturbationis
524 1637 817 1666 Neocmsariensibus
839 1646 964 1666 causam
986 1637 1091 1666 attule-

265 1682 345 1712 runt,
370 1679 445 1708 mihi
469 1688 541 1708 vero
563 1681 699 1717 plurimae
718 1683 905 1711 contumeliae
934 1683 1092 1711 materiam

264 1724 432 1761 praebuere.
448 1724 482 1752 Hi
495 1725 574 1753 enim
587 1725 737 1760 fugerunt,
748 1727 869 1755 nemine
881 1730 1090 1764 persequente:

264 1775 323 1796 nos
337 1771 437 1797 autem
453 1769 634 1798 videbamur
645 1771 806 1806 cupiditate
820 1771 946 1800 laudum
965 1772 1004 1800 ab
1018 1773 1091 1808 ipsis

266 1813 549 1850 consequendarum
571 1815 662 1843 etiam
684 1815 817 1844 invocati
842 1824 898 1845 nos
920 1816 1090 1845 obtrudere.

266 1857 431 1895 Postquam
452 1860 552 1887 autem
567 1859 741 1893 redivimus,
756 1868 792 1888 ex
811 1860 959 1889 imbribus
974 1869 1009 1889 ac
1028 1869 1093 1889 mo-

265 1902 358 1931 lestiis
374 1903 504 1939 plurima
527 1903 698 1932 inﬁrmitate
713 1904 846 1936 collecta,
871 1906 970 1934 statim
983 1914 1038 1934 nos
1054 1906 1093 1934 ab

267 1947 382 1976 Oriente
403 1947 505 1976 litteras
525 1951 708 1984 exceperunt
725 1949 837 1985 quibus
856 1950 1092 1985 signiﬁcabatur,

267 1991 390 2019 Paulino
403 1992 442 2019 ab
456 1992 613 2020 Occidente
631 1992 744 2021 litteras
758 1994 920 2030 quasdam,
934 1995 1024 2023 veluti
1045 2003 1094 2023 cu-

265 2036 387 2071 jusdam
402 2036 587 2072 principatus
602 2039 755 2072 tesseram,
781 2038 887 2067 allatas
909 2039 1011 2075 fuisse,
1033 2040 1094 2068 val—

268 2079 367 2115 deque
382 2079 480 2107 etferri
494 2080 585 2115 hujus
599 2082 692 2117 partis
706 2083 798 2110 duces
814 2085 842 2111 et
857 2083 977 2118 gloriari
994 2084 1031 2111 de
1046 2084 1093 2112 lit-

268 2123 357 2157 teris;
383 2123 492 2152 deinde
512 2124 602 2153 etiam
617 2125 709 2154 ﬁdem
725 2135 904 2163 proponere,
921 2136 956 2156 ac
976 2136 1012 2156 ea
1026 2136 1094 2156 con-

268 2167 379 2197 ditione
392 2171 513 2205 paratos
526 2177 590 2198 esse
601 2178 669 2199 cum
685 2174 788 2200 nostra
799 2173 930 2202 Ecclesia
940 2173 1093 2208 conjungi.

304 2287 313 2323 ἶ
330 2285 411 2314 Alias
424 2286 566 2314 CCLXXII.
584 2286 698 2323 Scripta
713 2294 793 2315 anno
805 2289 866 2316 375.

304 2322 361 2356 (95)
380 2325 435 2359 Τῶν
455 2323 523 2359 κατὰ
541 2323 585 2359 τὰς
601 2322 767 2359 Ἐκαλησίας.
798 2324 838 2350 Ex
862 2325 992 2359 quatuor
1016 2323 1095 2351 codi-

268 2357 364 2395 cibus,
379 2357 536 2395 inquibus
550 2357 615 2385 haec
629 2358 758 2395 epistola
768 2357 880 2395 exstat;
890 2366 998 2395 nempe
1007 2359 1092 2394 Med,

268 2392 362 2420 Coisl.
379 2393 488 2427 primo.
504 2394 573 2427 Reg.
592 2392 726 2421 secundo
740 2396 769 2421 et
784 2393 929 2425 Clarom.,
946 2392 1027 2422 solus
1038 2392 1094 2422 Rei-

268 2428 335 2463 gius
347 2427 459 2463 profuit
470 2427 509 2465 ad
528 2428 751 2465 emendandam
766 2428 925 2457 lectionem
940 2430 1094 2465 vulgatam

268 2468 318 2490 τῶν
332 2464 400 2489 κατὰ
410 2467 457 2493 τῆς
471 2463 634 2494 Ἐκκλησίας.

303 2499 360 2534 (96)
383 2501 432 2525 Καὶ
454 2499 538 2526 ἄλλαι.
556 2499 642 2532 Quod
657 2499 698 2527 ait
722 2499 845 2527 Basilius
875 2508 905 2528 se
930 2500 1041 2528 multas
1067 2503 1094 2528 et

267 2535 346 2563 alias
358 2535 613 2571 peregrinationes
628 2535 805 2571 suscepisse,
819 2535 849 2563 id
860 2538 1038 2570 argumento
1051 2538 1096 2564 est

267 2570 401 2608 aliquam
417 2571 446 2608 ei
456 2572 563 2608 praeter
576 2578 732 2608 eaquuas
742 2570 806 2608 jam
818 2574 971 2608 exegerat,
983 2579 1094 2608 propo-

267 2605 355 2643 sitam
369 2614 386 2634 a
397 2605 508 2643 Meletio
521 2605 622 2643 fuisse.
635 2605 717 2634 Unde
727 2605 894 2643 colligimus
905 2605 1094 2643 episcopum,

268 2642 331 2677 qui,
347 2643 379 2670 ut
402 2644 447 2670 est
460 2641 491 2670 in
510 2641 597 2677 epist.
616 2643 677 2676 213,
702 2642 807 2670 Basilio
823 2641 1045 2675 auctorfuerat,
1062 2646 1095 2671 ut

267 2677 401 2715 celeriter
407 2677 651 2715 Mesopotamiam
660 2679 781 2715 peteret.
789 2678 890 2715 ibique
897 2679 1093 2707 eoactisidem

267 2712 464 2749 sentientibus
487 2712 641 2748 episcopis
668 2712 880 2749 imperatorem
905 2715 1008 2747 adiret,
1032 2721 1093 2742 non

269 2747 361 2775 alium
374 2748 486 2777 Meletio
500 2747 604 2776 fuisse}
618 2747 760 2781 Quamvis
776 2753 876 2778 autem
894 2751 1019 2778 Basilius
1031 2757 1093 2777 non

267 2782 398 2812 declaret
415 2784 446 2813 in
468 2784 525 2813 hac
548 2784 667 2820 epitola,
687 2784 763 2821 quid
785 2785 822 2814 de
843 2785 945 2814 Meletii
967 2785 1092 2815 consilio

1304 1165 1428 1202 Μελετίῳ,
1451 1175 1585 1202 επισκοπῳ
1609 1166 1782 1202 Ἀντιοχείας.

1180 1237 1276 1263 Πολλαὶ
1297 1238 1342 1273 μὲν
1367 1238 1436 1274 ἡμᾶς
1465 1240 1509 1264 καὶ
1535 1237 1612 1264 ἄλλαι
1635 1237 1693 1272 (96)
1719 1235 1872 1274 ἀποδημίαι
1898 1242 1947 1268 τῆς

1143 1280 1272 1319 πατρίδος
1306 1281 1452 1318 ἀπήγαγον.
1485 1284 1535 1309 Καὶ
1558 1283 1609 1320 γὰρ
1638 1284 1721 1320 μέχρι
1749 1286 1798 1314 τῆς
1820 1280 1949 1312 Πισιδίας

1145 1325 1277 1363 διέϐημεν,
1301 1327 1368 1353 ὥστε
1393 1327 1457 1363 μιτὰ
1488 1325 1538 1353 τῶν
1565 1327 1617 1353 ἐκεῖ
1643 1327 1791 1354 ἱπισκόπων
1819 1328 1854 1353 τὰ
1878 1327 1950 1353 κατὰ

1144 1372 1205 1402 τοὺς
1224 1371 1248 1397 ἐν
1272 1375 1303 1407 τῇ
1335 1371 1456 1408 ’Ῑσαυρίᾳ
1473 1369 1601 1407 ἀδελφούς
1623 1376 1755 1400 τυπῶσαι.
1780 1371 1905 1398 Κάκεῖθεν
1930 1372 1947 1400 ἠ

1146 1414 1187 1442 ἐπὶ
1215 1415 1258 1441 τὸν
1283 1417 1377 1441 Πόντον
1406 1416 1474 1451 ἡμᾶς
1508 1413 1644 1447 διεδέξατο
1671 1414 1821 1452 ἀποδημία,
1853 1416 1949 1447 ἱκανῶς

1145 1461 1187 1487 τὸν
1211 1460 1351 1496 Δαζιμῶνα
1368 1460 1527 1497 ταράξαντος
1549 1464 1595 1487 τοῦ
1626 1460 1784 1497 Εὐσταθίον,
1813 1463 1859 1487 xui
1885 1460 1950 1487 πολ-

1144 1504 1202 1535 λοὺς
1227 1503 1412 1536 ἀναπείσαντος
1439 1509 1490 1531 τῶν
1509 1505 1562 1532 ἐκεῖ
1587 1504 1790 1541 ἀποσχισθῆναι
1820 1509 1867 1535 τῆς
1891 1504 1947 1531 Ἐκ-

1146 1549 1259 1580 κλησίας
1278 1550 1361 1585 ἡμῶν.
1379 1549 1533 1586 Ἐγενόμεθα
1547 1548 1577 1576 δὲ
1595 1551 1641 1576 καὶ
1662 1551 1745 1586 μέχρι
1766 1553 1813 1576 τοῦ
1833 1547 1948 1576 οἰχιδίον
1989 1554 1990 1560 ‘

1146 1595 1245 1630 Πέτρου
1261 1597 1307 1619 τοῦ
1321 1591 1432 1629 ἀδελφοῦ
1448 1595 1531 1631 ἡμῶν,
1547 1594 1571 1629 ὃ,
1587 1593 1635 1621 διὰ
1649 1596 1678 1621 τὸ
1693 1595 1750 1630 (97)
1762 1595 1948 1631 προσεγγίζειν

1146 1642 1200 1668 τοῖς
1229 1639 1297 1664 κατὰ
1323 1640 1529 1676 Νεοκαισάρειαν
1563 1642 1663 1671 τόποις,
1693 1638 1791 1670 πολλῆς
1820 1641 1866 1675 μὲν
1894 1642 1948 1670 τοῖς

1147 1682 1199 1709 ἐκεῖ
1225 1687 1348 1719 ταραχῆς
1373 1685 1506 1719 παρέσχεν
1538 1683 1633 1719 αἰτίαν,
1667 1683 1765 1715 πολλῆς
1791 1682 1822 1710 δὲ
1855 1683 1950 1721 ῦϐρευς

1147 1729 1209 1763 ἡμῖν
1242 1728 1366 1754 ὑπόθεσιν
1401 1728 1579 1765 προεξένησεν.
1610 1729 1643 1754 Οἱ
1675 1729 1720 1764 μὶν
1747 1729 1799 1765 γὰρ
1834 1729 1949 1764 ἔφευγον,

1147 1770 1250 1802 οὐδενὸς
1285 1770 1433 1803 διώκοντος
1465 1773 1539 1808 ἡμεῖς
1569 1771 1599 1799 δὲ
1623 1772 1795 1809 ἐνομιζὸμεθα
1824 1773 1951 1809 ἐπιθυμίᾳ

1146 1821 1197 1843 τῶν
1216 1817 1279 1854 παρ’
1308 1817 1395 1847 αὐτοῖς
1422 1817 1532 1843 ἐπαίνων
1558 1820 1603 1844 καὶ
1623 1817 1732 1846 ἄκλητοι
1752 1817 1949 1850 εἰσωθίζεσθαι.

1148 1861 1218 1888 Ἐπεὶ
1239 1859 1268 1887 δὲ
1290 1861 1475 1898 ἐπανήλθομεν,
1499 1862 1526 1888 ἐκ
1551 1866 1599 1888 τῶν
1619 1862 1720 1899 ὄμϐρων
1742 1865 1789 1888 καὶ
1810 1866 1861 1888 τῶν
1885 1861 1951 1889 ἀθυ-

1148 1909 1212 1937 μιῶν
1241 1905 1333 1934 πολλὴν
1363 1905 1510 1942 ὰῤῥωστίαν
1538 1909 1736 1943 συναγαγόντες,
1770 1907 1848 1938 εὐθὺς
1882 1907 1952 1943 ἡμᾶς

1149 1950 1176 1976 ἐκ
1205 1954 1253 1981 τῆς
1281 1949 1420 1981 Ἀνατολῆς
1452 1950 1576 1977 κατέλαϐε
1602 1952 1755 1988 γράμματα,
1790 1953 1953 1988 σημαίνοντα

1148 1998 1203 2025 τοῖς
1213 1997 1271 2032 περὶ
1293 1994 1417 2021 Παυλῖνον
1433 1994 1483 2021 ἀπὸ
1507 1999 1555 2026 τῆς
1583 1997 1681 2026 Δύσεως
1705 1995 1846 2027 ἐπιστολάς
1869 2006 1950 2028 τινας,

1149 2039 1235 2075 ὥσπερ
1256 2041 1325 2069 τινός
1349 2038 1437 2076 ἀρχῆς
1457 2040 1619 2076 συνθήματα,
1635 2041 1803 2076 κεκομίσθαι,
1819 2043 1869 2076 μαὶ
1884 2043 1951 2076 μέγα

1149 2087 1248 2120 φρονεῖν
1278 2084 1338 2113 τούς
1372 2084 1534 2114 στασιαστὰς
1561 2088 1608 2110 τοῦ
1637 2086 1732 2121 μέρους
1763 2084 1872 2116 ἐκείνου,
1908 2087 1949 2110 καὶ

1150 2127 1340 2164 ἐπαγαῖλλεσθαι
1361 2132 1413 2158 τοῖς
1438 2129 1601 2165 γράμμασιν,
1629 2127 1683 2154 εἶτα
1706 2130 1752 2155 καὶ
1773 2131 1867 2155 πίστιν
1887 2139 1949 2166 προς

1149 2174 1288 2207 τείνεσθαι,
1313 2176 1357 2200 καὶ
1391 2173 1432 2200 ἐπὶ
1463 2175 1545 2202 ταύτῃ
1562 2174 1619 2210 (98)
1648 2173 1754 2210 ἑτοίμως
1786 2176 1859 2210 ἔχειν
1893 2184 1949 2201 σνν-

1149 2288 1266 2322 sentiat;
1278 2295 1338 2316 non
1350 2288 1462 2317 idcirco
1472 2289 1576 2317 mutila
1585 2288 1679 2317 videri
1689 2289 1789 2318 debet.
1800 2291 1857 2318 Res
1870 2291 1948 2319 enim

1149 2324 1274 2351 maximi
1284 2325 1427 2352 momenti
1440 2326 1513 2356 erat,
1523 2332 1558 2352 ac
1566 2324 1667 2353 litteris
1678 2333 1739 2353 non
1750 2328 1864 2354 temere
1872 2334 1948 2354 com-

1150 2360 1304 2396 mittenda.
1313 2360 1384 2387 Hinc
1395 2360 1517 2388 Basilius
1524 2361 1555 2388 in
1565 2360 1710 2396 epist.213
1721 2364 1875 2390 auctorem
1882 2370 1947 2390 con-

1149 2395 1205 2422 silii
1220 2403 1280 2423 non
1292 2396 1438 2423 nominat.
1451 2395 1654 2428 Quamobrem
1665 2396 1827 2425 verisimile
1838 2400 1885 2425 est
1898 2399 1945 2425 Ba-

1149 2430 1247 2458 silium
1263 2431 1342 2467 idem
1360 2431 1390 2467 in
1404 2431 1463 2459 hac
1477 2431 1613 2467 epistola,
1630 2439 1665 2460 ac
1683 2432 1714 2460 in
1729 2432 1870 2467 pluribus
1885 2433 1944 2461 aliis

1148 2469 1177 2502 et
1188 2466 1351 2502 praesertim
1367 2466 1398 2494 in
1412 2466 1537 2502 epistola
1548 2469 1581 2494 57
1592 2467 1631 2495 ad
1646 2466 1788 2496 eumdem
1803 2468 1943 2497 Meletium

1149 2501 1265 2535 fecisse,
1278 2504 1310 2529 ut
1323 2510 1390 2564 quae
1403 2501 1466 2530 tuto
1480 2502 1568 2530 scribi
1584 2510 1644 2530 non
1656 2506 1806 2539 poterant,
1817 2512 1855 2532 ea
1865 2505 1894 2532 in
1905 2512 1942 2532 ar-

1149 2537 1233 2564 canis
1249 2545 1320 2564 man
1345 2538 1400 2564 atis
1413 2538 1498 2564 daret
1512 2537 1704 2564 perferenda.

1149 2537 1239 2579 canis
1249 2537 1498 2579 mandatisldaret
1512 2537 1704 2579 perferenda:

1185 2574 1242 2609 (97)
1260 2573 1303 2609 ‘0,
1321 2571 1368 2599 διὰ
1383 2575 1424 2601 τό.
1451 2571 1532 2608 Legit
1546 2573 1744 2602 Combeﬁsius
1765 2574 1791 2605 ὃς
1807 2573 1855 2601 διὰ
1869 2577 1906 2607 τό,
1920 2575 1940 2602 is

1148 2608 1228 2644 quod
1243 2609 1308 2637 loca
1323 2609 1522 2637 Neocaesarem
1539 2610 1639 2637 vicina
1661 2617 1756 2644 prope
1781 2611 1869 2639 adiit.
1890 2609 1938 2639 Sed

1147 2647 1317 2680 repugnant
1332 2652 1404 2672 mss.
1417 2652 1452 2672 ac
1467 2645 1533 2680 ipsa
1542 2644 1676 2673 historia.

1185 2680 1240 2716 (98;
1261 2680 1317 2716 Ἐπὶ
1336 2681 1437 2716 satira.
1450 2679 1497 2708 Ea
1513 2681 1692 2715 conditione,
1719 2680 1751 2708 id
1772 2683 1818 2709 est
1837 2681 1860 2709 si
1874 2679 1938 2709 nihil

1147 2723 1195 2753 am
1201 2715 1330 2753 ptiusab
1340 2715 1382 2753 eis
1393 2715 1538 2750 exigatur.
1550 2717 1623 2753 Nam
1636 2716 1691 2744 etsi
1701 2723 1795 2753 unam
1805 2717 1937 2753 hyposta-

1147 2751 1204 2789 sim
1213 2750 1364 2789 dicebant,
1371 2751 1449 2779 hanc
1458 2753 1559 2779 tamen
1569 2751 1667 2789 legem
1675 2760 1738 2789 non
1748 2750 1936 2789 imponebant

1146 2786 1222 2814 aliis.
1232 2788 1295 2815 Imo
1302 2787 1442 2815 videntur
1450 2787 1632 2824 persuadere
1640 2787 1771 2817 voluisse
1779 2786 1870 2818 totam
1879 2794 1936 2817 rem
