2004 3145
241 127 294 156 823

927 129 954 156 S.
977 127 1103 157 BASlLII
1123 129 1233 158 MAGNI

1868 135 1921 162 824

239 189 375 223 rentem;
393 188 435 217 sic
450 190 483 218 ut
503 189 592 218 nobis
612 197 734 226 quoque
753 189 842 219 liceat
859 190 976 218 dicere:
998 191 1062 218 Tor-

1120 191 1179 218 καθ’
1211 192 1282 228 ἡμων
1312 193 1420 230 ῥυείσης
1448 191 1622 229 ψευδολογίας
1637 194 1789 231 χείμαρρον.
1808 196 1876 221 ὦατε
1891 195 1921 221 ἂν

240 236 354 262 rentem
372 234 574 268 pertransivit
602 235 706 263 anima
734 235 880 264 nostra“.
913 236 946 263 Et
972 234 1064 263 illud:

239 278 308 307 Nisi
326 279 471 306 Dominus
490 279 597 313 fuisse!
621 280 653 308 in
674 280 769 315 nobis,
793 288 860 308 cum
879 280 1067 315 insurgerent

241 322 373 351 homines
395 323 426 351 in
450 331 514 358 nos,
535 324 666 359 forsitan
688 325 769 353 vivos
785 325 979 361 deglulissent
993 331 1067 360 nos;

239 367 369 402 fortasse
381 375 462 404 aqua
476 368 675 398 absorbuisset
689 377 742 398 nos
750 370 786 399 ³⁸.

274 460 302 486 2.
324 459 386 494 Ego
400 465 469 487 cum
484 459 613 488 multum
627 459 772 496 temporis
786 459 1001 496 impendissem
1016 467 1067 489 va-

238 502 335 537 nitati,
353 505 509 540 totamque
523 503 584 532 fere
597 506 786 539 juventutem
800 512 902 533 meam
921 504 1068 541 perdidis-

240 555 307 575 sem
318 547 401 576 inani
415 547 528 582 labore,
542 555 634 584 quem
649 548 680 577 in
703 548 856 577 discendis
877 548 1030 578 infatuatoe
1049 557 1067 577 ιι

239 592 300 620 Deo
316 591 469 628 sapientiae
481 592 649 629 disciplinis
664 594 831 630 occupatus
850 593 1064 630 suscipiebam,

239 636 293 665 ubi
308 637 432 666 tandem
447 637 612 674 aliquando
621 638 704 666 velut
718 645 756 667 ex
771 639 832 667 alto
843 646 951 667 somno
962 646 1066 675 exper-

240 681 387 717 gefactus,
408 683 527 719 respexi
550 682 590 711 ad
612 683 715 712 lumen
736 683 914 712 admirabile
937 683 1067 712 veritatis

240 726 403 762 Evangelii,
425 734 462 755 ac
488 727 549 755 vidi
571 727 761 756 inutilitatem
783 728 938 764 sapientiae
959 728 1068 764 princi-

240 777 315 806 pum
338 771 430 807 hujus
452 771 565 807 saaculi,
587 772 641 808 qui
653 772 848 801 destruuntur
857 773 896 807 ’Ἲς
912 772 1067 801 miserabi-

239 815 300 843 lem
315 823 412 844 meam
421 815 516 844 vitam
531 816 696 852 plurimum
707 816 832 852 deﬂens,
843 817 989 853 optabam
1002 817 1067 845 dari

239 860 315 888 mihi
329 860 533 897 disciplinam,
555 869 624 897 quin
649 869 697 890 me
719 861 759 890 ad
786 862 904 898 pietatis
923 862 1069 897 dogmata
1084 857 1104 884 Β

238 904 451 934 introduceret.
476 906 517 933 Ac
535 905 609 933 mihi
627 906 753 942 quidem
771 907 839 935 ante
866 906 970 935 omnia
989 914 1068 934 curae

239 950 312 984 erat,
330 950 363 976 ut
380 948 624 977 emendationem
638 949 771 986 aliquam
788 958 907 978 morum
923 949 1065 985 facerem,

238 1000 317 1030 quos
330 992 474 1023 diuturna
490 1001 559 1023 cum
584 994 732 1030 improbis
749 994 938 1023 consuetudo
949 1002 1067 1031 perver-

239 1039 324 1066 terat.
353 1039 457 1075 ttaque
485 1046 555 1067 cum
582 1038 724 1074 legissem
742 1039 944 1074 Evangelium,
963 1038 1067 1075 ibique

238 1082 460 1118 perspexissem
478 1082 644 1119 plurimum
664 1083 704 1112 ad
722 1083 936 1119 perfectionem
954 1083 1065 1117 valere,

237 1125 320 1156 bona
334 1134 390 1155 sua
403 1126 577 1161 divendere,
590 1129 701 1155 etcum
716 1127 819 1162 egenis
832 1127 974 1156 fratribus
984 1135 1065 1156 com-

237 1171 405 1206 municare,
421 1179 457 1199 ac
477 1171 562 1200 nulla
575 1179 701 1208 prorsus
721 1171 813 1208 hujus
835 1173 903 1201 vitae
922 1172 1064 1201 sollicitu-

237 1214 308 1243 dine
320 1215 467 1251 distringi,
481 1223 537 1244 nec
557 1216 618 1245 ulla
632 1216 790 1245 affectione
805 1216 846 1246 ad
866 1225 914 1246 res
931 1219 1064 1246 terrenas

236 1259 340 1288 animo
359 1260 508 1295 converti;
532 1261 692 1297 cupiebam
710 1261 845 1290 invenire
869 1261 1000 1298 aliquem
1027 1269 1063 1290 ex

235 1304 376 1333 fratribus
390 1305 444 1341 qui
456 1305 536 1334 hanc
549 1306 618 1334 vitae
627 1306 709 1334 viam
723 1306 910 1342 elegisset,ut
922 1314 984 1335 una
995 1314 1062 1335 cum

234 1349 303 1386 ipso
326 1350 451 1379 brevem
479 1351 571 1387 hujus
594 1351 661 1379 vitae
688 1351 813 1380 ﬂuctum
832 1351 1001 1380 transirem.
1022 1354 1063 1380 Ac

234 1393 346 1423 multos
357 1394 481 1431 quidem
491 1395 593 1424 inveni
603 1395 801 1430 Alexandrina,
808 1396 920 1425 multos
931 1396 1063 1425 etiamin

232 1438 351 1476 reliqua
362 1440 504 1477 Egypto,
518 1442 547 1469 et
560 1440 592 1469 in
607 1440 768 1469 Palestina.
778 1441 853 1469 alios
865 1442 894 1469 et
904 1441 1064 1477 (ltelesyria

233 1491 270 1512 ac
288 1484 504 1521 Mesopotamia
521 1494 528 1513 :
545 1493 677 1521 quorum
695 1485 831 1513 mirabar
849 1485 1062 1514 abstinentiam

1121 235 1198 262 εἰπεῖν
1231 239 1276 263 καὶ
1306 238 1375 274 ἡμᾶς
1406 238 1461 273 ὃτι,
1493 237 1639 275 Χείμαρρον
1673 237 1777 268 διῆλθεν
1805 241 1820 268 ὴ
1841 240 1920 276 ψυχὴ

1120 281 1210 317 ἡμῶν·
1238 284 1283 308 καὶ
1310 283 1350 316 τὸ,
1385 282 1415 309 Εἰ
1441 285 1476 318 μὴ
1505 284 1600 320 Κύριος
1630 281 1660 312 ἦν
1689 282 1714 310 ἐν
1741 284 1812 320 ἡμῖν,
1841 283 1867 310 ἐν
1886 288 1921 319 τῷ

1119 325 1296 356 ἐπαναστῆναι
1333 326 1485 364 ἀνθρώπους
1529 326 1566 363 ἐφ’
1611 328 1691 363 ἡμᾶς,
1730 328 1782 364 ἄρα
1820 328 1921 360 ζῶντας

1119 370 1150 396 ἄν
1182 373 1303 398 κατέπιον
1337 372 1416 407 ἡμᾶς,
1448 371 1499 409 ἄρα
1519 373 1547 398 τό
1577 370 1650 409 ὕδωρ
1679 372 1710 398 ἂν
1738 375 1921 400 κατεπόντισεν

1121 415 1198 450 ἡμᾶς.

1153 461 1180 487 2.
1201 459 1278 496 Ἐγὼ,
1298 460 1376 487 πολὺν
1405 463 1500 498 χρόνον
1527 464 1734 498 προσαναλώσας
1757 466 1789 498 τῇ
1810 464 1920 498 ματαιό-

1118 513 1189 539 τητι,
1218 507 1262 531 καὶ
1291 509 1379 533 πᾶσαν
1409 503 1509 542 σχεδὸν
1536 508 1582 535 τὴν
1610 505 1724 543 ἐμαυτοῦ
1749 509 1862 536 νεότητα
1880 508 1919 534 ἐν·

1119 551 1248 584 αφανίσας
1259 549 1316 585 (80)
1323 554 1354 586 τῇ
1371 553 1557 587 ματαιοπονίᾳ,
1571 552 1601 580 ἦν
1617 549 1689 587 εἶχον
1703 549 1920 588 προσδιατρίϐων

1119 597 1150 629 τῇ
1181 593 1307 630 ἀναλήψει
1338 598 1388 621 τῶν
1419 596 1578 631 μαθημάτων
1608 600 1655 627 τῆς
1681 596 1753 632 παρὰ
1778 599 1825 622 τοῦ
1853 600 1920 623 Θεοῦ

1119 640 1299 675 μωρανθείσης
1327 642 1431 676 σοφίας,
1461 639 1553 669 ἐπειδὴ
1583 649 1656 675 ποτε,
1686 640 1772 678 ὥσπερ
1792 640 1819 673 ἐξ
1839 641 1920 668 ὑπνου

1121 681 1215 719 βαθέος
1239 681 1394 718 διαναστὰς,
1417 683 1549 719 ἀπέϐλεψα
1572 686 1616 721 μὲν
1636 686 1698 722 πρὸς
1718 686 1747 711 τό
1767 686 1921 722 θαυμαστόν

1121 731 1172 763 φῶς
1199 732 1247 759 τῆς
1275 728 1396 760 ἀληθείας
1424 733 1470 755 τοῦ
1499 728 1670 765 Εὗαγγελίου,
1691 728 1811 756 κατεῖδον
1843 728 1874 756 δὲ
1892 732 1921 757 τὸ

1120 772 1259 809 ἄχρηστον
1274 776 1321 805 τῆς
1336 775 1429 808 σοφίας
1443 777 1492 800 τῶν
1510 773 1644 810 ἀρχόντων
1659 777 1704 800 τοῦ
1720 774 1811 805 αἰῶνος
1825 776 1920 801 τούτου

1121 821 1170 843 τῶν
1203 820 1428 854 καταργουμένων,
1455 817 1536 844 πολλὰ
1566 820 1610 848 τὴν
1639 818 1745 848 ἐλεεινὴν
1778 828 1830 854 μου
1852 819 1920 850 ζωὴν

1122 861 1300 896 ἀποκλαύσας,
1323 862 1445 898 ηὐχόμην
1470 861 1581 892 δοθῆναί
1599 871 1644 898 μοι
1659 866 1840 899 χειραγωγίαν
1862 863 1920 899 (Si)

1121 907 1184 942 πρὸς
1209 909 1256 936 τὴν
1284 906 1429 942 εἰσαγωγὴν
1452 911 1502 933 τῶν
1534 905 1674 943 δογμάτων
1699 911 1745 938 τῆς
1776 907 1917 939 εὐσεϐείας.

1122 953 1173 976 Καὶ
1200 953 1250 988 πρὸ
1271 961 1299 987 γε
1322 952 1424 978 πάντων
1447 951 1561 987 ἐπιμελὲς
1584 950 1615 980 ἦν
1633 961 1678 987 μοι
1699 950 1842 989 διόρθωσίν
1863 962 1919 979 τινα

1121 998 1166 1021 τοῦ
1197 996 1276 1026 ἤθους
1300 997 1476 1030 ποιήσασθαι,
1506 995 1585 1022 πολὺν
1618 998 1713 1033 χρόνον
1741 996 1767 1022 ἐκ
1787 1000 1835 1028 τῆς
1854 998 1918 1033 πρὸς

1119 1042 1178 1071 τοὺς
1202 1040 1311 1076 φαύλους
1333 1040 1434 1077 ὁμιλίας
1458 1039 1672 1077 διαστραφέντος,
1689 1042 1739 1068 Καὶ
1753 1043 1841 1068 τοίνυν
1857 1041 1918 1068 ανα-

1119 1086 1195 1120 γνούς
1219 1086 1248 1110 τὸ
1273 1084 1438 1121 Εὐαγγέλιον,
1461 1086 1505 1111 καὶ
1535 1086 1690 1121 ϐιασάμενος
1714 1085 1766 1111 ἐκεῖ
1791 1087 1917 1122 μεγίστην

1119 1128 1239 1166 ἀφορμὴν
1270 1129 1305 1160 εἰς
1334 1129 1463 1156 τελείωσιν
1494 1131 1540 1158 τὴν
1577 1128 1721 1166 διάπρασιν
1754 1134 1805 1156 τῶν
1838 1131 1918 1167 ὑπαρ-

1118 1176 1229 1210 χόντων,
1263 1175 1306 1200 καὶ
1340 1176 1387 1202 τὴν
1417 1175 1480 1210 πρὸς
1510 1175 1569 1204 τοὺς
1600 1172 1691 1205 ἐνδεεῖς
1719 1177 1768 1200 τῶν
1803 1173 1918 1211 ἀδελφῶν

1117 1220 1261 1252 κοινωνίαν,
1277 1220 1321 1244 καὶ
1343 1218 1408 1249 ὑλως
1429 1220 1458 1244 τὸ
1480 1218 1658 1255 ἀφροντίστως
1689 1220 1761 1254 ἔχειν
1782 1222 1829 1245 τοῦ
1859 1219 1918 1255 βίου

1117 1263 1222 1296 τούτου,
1241 1265 1287 1289 καὶ
1309 1263 1359 1289 ὑπὸ
1380 1261 1514 1299 μηδεμιᾶς
1535 1264 1697 1299 συμπαθείας
1717 1265 1782 1300 πρὸς
1807 1265 1841 1290 τὰ
1869 1262 1919 1290 ὧδε

1117 1310 1163 1337 τὴν
1188 1307 1282 1344 ψυχὴν
1310 1307 1520 1344 ἐπιστρέφεσθαι,
1543 1307 1664 1344 ηὐχόμην
1687 1309 1768 1345 εὑρεῖν
1792 1318 1852 1335 τινα
1870 1313 1918 1335 τῶν

1119 1350 1233 1388 ἀδελφῶν
1257 1353 1354 1380 ταύτην
1384 1351 1499 1388 ἑλόμενον
1527 1354 1574 1381 τὴν
1597 1351 1659 1378 ὁδὸν
1684 1356 1728 1379 τοῦ
1751 1353 1824 1389 βίου,
1853 1355 1918 1379 ὥστε

1118 1396 1188 1432 αὑτῷ
1222 1395 1494 1434 συνδιαπεραιωθῆναι
1521 1398 1566 1423 τόν
1606 1397 1713 1433 βραχύν
1743 1398 1800 1433 (82)
1828 1402 1916 1424 τοῦτον

1117 1445 1163 1467 τοῦ
1187 1440 1247 1477 βίον
1269 1439 1399 1469 κλύδωνα,
1425 1443 1474 1467 Καὶ
1495 1439 1528 1470 δὴ
1553 1441 1659 1472 πολλοὺς
1680 1443 1725 1478 μὶν
1750 1442 1822 1479 εὖρον
1851 1444 1915 1469 κατὰ

1117 1487 1163 1514 τήν
1197 1483 1402 1522 Ἀλεξάνδρειαν,
1435 1485 1542 1515 πολλοὺς
1580 1484 1610 1512 δὲ
1642 1487 1709 1512 κατὰ
1744 1489 1791 1516 τήν
1824 1487 1914 1516 λοιπὴν

233 1528 265 1556 in
279 1529 372 1564 victu,
394 1529 530 1558 mirabar
555 1529 743 1558 tolerantiam
763 1530 794 1557 in
812 1529 981 1565 laboribus,
1002 1532 1062 1558 stu-

1119 1531 1258 1564 Αῖγυπτον,
1292 1532 1335 1555 καὶ
1367 1531 1408 1556 ἐπὶ
1441 1533 1488 1560 τῆς
1521 1529 1698 1561 Παλαιστίνης
1725 1531 1839 1567 ἐτέρους,
1872 1535 1914 1557 και

232 1573 345 1609 pebnm
358 1573 398 1602 ad
407 1574 607 1603 constantiam
615 1574 646 1602 in
658 1574 811 1610 precibus,
818 1575 974 1611 quomodo
984 1583 1062 1603 som-

231 1625 308 1646 num
323 1620 509 1655 superarent,
523 1618 653 1647 naturali
668 1618 753 1647 nulla
774 1619 951 1648 necessitate
973 1612 1073 1649 infra:

233 1662 271 1689 cti
299 1671 307 1690 :
332 1662 488 1698 quomodo
505 1662 656 1691 excelsam
675 1670 796 1700 semper
820 1665 849 1691 et
880 1663 1061 1693 indomitam

233 1706 328 1735 animi
356 1707 533 1735 sententiam
566 1710 729 1740 servantes,
764 1708 795 1736 in
827 1708 908 1736 fame
941 1710 969 1736 et
1002 1709 1059 1744 siti,

233 1751 265 1779 in
294 1750 404 1786 frigore
433 1753 462 1780 et
493 1751 630 1780 nuditate
639 1753 674 1786 ³³,
708 1759 862 1788 nusquam
881 1752 922 1780 ad
951 1760 1061 1789 corpus

233 1795 382 1831 conversi,
409 1803 466 1824 nec
494 1795 589 1824 ullam
614 1796 640 1824 ei
667 1803 771 1824 curam
805 1796 980 1832 impendere
1009 1805 1060 1826 vo-

232 1840 338 1876 lentes,
359 1840 414 1869 sed
432 1842 580 1877 tanquam
607 1841 639 1869 in
672 1840 770 1870 aliena
796 1848 888 1870 carne
915 1841 1059 1874 viventes,

233 1886 334 1922 reipsa
356 1885 549 1914 ostenderent
577 1885 652 1922 quid
671 1885 708 1914 sit
727 1885 758 1914 in
776 1886 834 1914 hac
852 1885 914 1914 vita
932 1887 1062 1922 peregri-

233 1931 346 1965 nari”,
368 1933 398 1959 et
419 1930 495 1967 quid
509 1931 660 1959 civitatem
675 1931 708 1958 in
726 1930 802 1959 coelo
821 1931 933 1959 habere
942 1932 976 1960 ³ο.
992 1933 1062 1961 Haec

234 1983 305 2004 cum
318 1976 453 2009 mirarer,
469 1983 505 2004 ac
516 1975 636 2004 beatam
652 1977 792 2012 putarem
805 1976 941 2005 virorum
956 1977 1060 2012 vitam,

234 2019 319 2056 quod
332 2019 418 2048 factis
437 2019 629 2048 ostenderent
652 2028 683 2048 se
705 2020 968 2050 mortiﬁcationem
989 2022 1062 2050 Jesu

234 2065 266 2092 in
281 2071 407 2100 corpore
419 2063 609 2093 circumferre
619 2065 660 2099 8|;
677 2065 823 2101 optabam
839 2068 868 2094 et
881 2066 955 2102 ipse,
967 2074 1062 2102 quan-

236 2111 302 2137 tum
312 2116 436 2146 possem
450 2109 604 2146 attingere,
619 2109 751 2140 imitator
766 2118 831 2139 esse
854 2110 1013 2140 hominum
1027 2111 1061 2140 il-

236 2154 345 2184 lorum.

272 2299 362 2335 338
374 2300 399 2327 3.
408 2298 612 2332 Quamobrem
622 2306 692 2327 cum
702 2298 847 2327 vidissem
858 2298 1020 2327 nonnullos
1031 2299 1062 2327 in

235 2344 335 2380 patria
354 2343 466 2372 imitari
483 2343 604 2372 illorum
618 2343 753 2372 instituta
765 2344 919 2376 conantes,
935 2343 1008 2371 mihi
1022 2344 1062 2370 vi-

237 2396 291 2417 sus
307 2395 376 2416 sum
390 2388 558 2424 adjumenti
570 2387 684 2425 aliquid
693 2387 839 2425 reperisse
848 2387 888 2416 ad
900 2395 1001 2416 meam
1016 2395 1063 2416 sa-

272 2450 296 2469 "
313 2450 390 2480 Psal.
411 2457 507 2485 cxxru,
527 2451 550 2478 5.
596 2450 620 2468 ³⁵
636 2449 709 2478 ibid.
725 2451 778 2478 1-4.
827 2450 848 2467 ’⁷
866 2450 875 2477 I
892 2450 956 2478 Cor.
971 2456 1002 2484 ιι,
1017 2452 1042 2479 6.

237 2487 258 2506 ³1
272 2486 294 2516 ll
311 2487 376 2516 Cor.
387 2494 425 2520 iv,
443 2488 486 2516 t0.

271 2568 332 2604 (80)
351 2569 532 2604 Ἐναφανίσας.
558 2566 633 2596 Med.
661 2569 689 2595 et
721 2566 806 2594 Coisl.
847 2566 962 2603 primus
990 2566 1058 2603 ἀφα-

234 2606 319 2632 νίσας.

347 2640 607 2677 Χειραγωγίανκηδ.
619 2637 704 2672 Med,
719 2637 813 2677 Harl.,_
826 2638 915 2666 Coisl.
931 2639 1057 2675 uterque

233 2677 262 2704 et
274 2673 344 2710 Reg.
361 2673 498 2711 uterque.
513 2674 589 2702 Editi
603 2676 778 2711 χειραγωγὸν,
792 2673 955 2711 duetorem.

270 2709 329 2745 (82f
341 2713 390 2737 Τόν
402 2709 525 2748 βραχύν.
548 2712 594 2748 lla
622 2709 688 2748 tres
702 2709 896 2748 vetustissimi
923 2709 1053 2748 codices,

232 2753 364 2781 quorum
383 2744 616 2774 ab'auctoritate
639 2744 722 2781 nolui
736 2745 899 2781 discedere,
915 2745 1054 2781 quamvis

232 2780 295 2809 non
312 2780 506 2810 incommode
523 2781 554 2810 in
573 2781 657 2809 editis
676 2780 792 2815 legatur
811 2782 852 2807 τὸν
875 2780 970 2816 βαθύν,
984 2788 1052 2816 pro-

1091 2451 1114 2467 "
1131 2451 1152 2478 ll
1169 2450 1234 2478 Cor.
1250 2457 1288 2485 xx,
1305 2451 1348 2476 27.

1115 1577 1163 1604 τῆς
1190 1573 1277 1604 κοίλης
1299 1576 1393 1611 Συρίας
1416 1576 1460 1600 καὶ
1485 1578 1530 1605 τῆς
1551 1577 1766 1611 Μεσοποταμίας·
1785 1575 1820 1600 ὧν
1841 1575 1914 1602 ἐθαύ-

1115 1620 1197 1654 μαζον
1212 1620 1257 1654 μὲν
1271 1620 1301 1645 τό
1315 1621 1374 1656 περὶ
1390 1617 1494 1645 δίαιταν
1513 1618 1642 1656 ἐγκρατὲς,
1666 1619 1813 1655 ἐθαύμαζον
1836 1619 1867 1647 δὲ
1887 1624 1914 1646 τό

1115 1665 1265 1700 καρτερικὸν
1288 1663 1311 1689 ἐν
1336 1665 1433 1699 πόνοις,
1462 1663 1602 1700 ἐξεπλάγην
1628 1667 1675 1693 τὴν
1699 1664 1723 1690 ἐν
1752 1669 1915 1702 προσευχαῖς

1115 1707 1240 1742 εὐτονίαν,
1270 1709 1339 1738 ὅπως
1368 1709 1449 1734 ὕπνου
1480 1709 1535 1743 (83)
1563 1710 1745 1744 κατεκράτουν,
1773 1710 1819 1736 ὑπ’
1838 1708 1913 1736 οὐδε-

1115 1755 1177 1788 μιᾶς
1199 1756 1312 1788 φυσικῆς
1335 1752 1450 1788 ἀνάγκης
1481 1756 1736 1789 κατακαμπτόμενοι,
1757 1754 1859 1789 ὑψηλὸν
1879 1754 1914 1781 ἀεὶ

1115 1799 1159 1822 καὶ
1182 1795 1329 1823 ἀδούλωτον
1349 1801 1397 1828 τῆς
1417 1797 1510 1833 ψυχῆς
1534 1798 1563 1823 τὸ
1586 1799 1706 1834 φρόνημα
1730 1796 1913 1830 διασώζοντες,

1115 1841 1139 1867 ἐν
1159 1841 1225 1877 λιμῷ
1245 1844 1288 1868 καὶ
1313 1839 1385 1877 δίψει
1408 1842 1476 1876 (84),
1498 1841 1523 1867 ἐν
1544 1841 1627 1878 ψύχει
1643 1844 1688 1868 καὶ
1702 1845 1860 1878 γυμνότητι,
1879 1846 1912 1880 μή

1115 1885 1322 1923 ἐπιστρεφόμειοι
1344 1887 1408 1922 πρὸς
1438 1888 1466 1912 τό
1495 1890 1581 1921 σῶμα,
1606 1885 1675 1922 μηδὲ
1709 1885 1914 1924 καταδεχόμενοι

1116 1930 1186 1964 αὐτῷ
1205 1930 1407 1967 προσαναλῶσαί
1426 1940 1485 1957 τινα
1506 1929 1641 1967 φροντίδα,
1663 1930 1717 1957 ἀλλ’
1739 1933 1774 1962 ὡς
1800 1931 1825 1958 ἐν
1844 1931 1914 1958 ἀλλο-

1115 1977 1177 2012 τρίᾳ
1192 1978 1223 2011 τῇ
1241 1977 1320 2012 σαρκὶ
1334 1973 1480 2011 διάγοντες,
1495 1977 1560 2011 ξογῳ
1574 1973 1735 2009 ἐδείκνυσαν,
1756 1978 1782 2002 τί
1802 1978 1832 2002 τό
1847 1987 1912 2013 παρ-

1116 2023 1193 2046 οικεῖν
1219 2023 1272 2050 τοῖς
1298 2018 1360 2052 ὧδε,
1389 2022 1432 2046 καὶ
1461 2023 1486 2045 τί
1517 2021 1546 2046 τό
1571 2019 1714 2056 πολίτευμα
1733 2021 1804 2056 ἔχειν
1824 2020 1849 2046 ἐν
1869 2022 1913 2047 ού-

1116 2069 1196 2101 ρανῷ.
1229 2065 1328 2092 Ἐκεῖνα
1362 2066 1507 2101 θαυμάσας,
1535 2068 1579 2091 καὶ
1607 2068 1759 2103 μακαρίσας
1791 2070 1841 2091 τῶν
1875 2066 1913 2092 αν-

1117 2109 1186 2147 δρῶν
1210 2113 1257 2139 τήν
1281 2111 1362 2143 ζωὴν,
1384 2111 1425 2136 ὅτι
1453 2111 1520 2147 ἔργῳ
1547 2108 1696 2136 δεικνύουσι
1723 2113 1770 2140 τὴν
1790 2113 1912 2147 νέκρωσιν

1117 2159 1162 2181 τοῦ
1186 2155 1274 2183 Ἰησοῦ
1294 2154 1318 2180 ἐν
1340 2159 1375 2190 τῷ
1397 2158 1499 2190 σώματι
1523 2157 1710 2191 περιφέροντες,
1731 2155 1857 2192 ηὐχόμην
1872 2159 1913 2182 καὶ

1118 2199 1207 2234 αὐτὸς,
1226 2200 1338 2226 καθόσον
1355 2199 1409 2235 ἐμοὶ
1433 2199 1545 2235 ἐφικτόν,
1571 2199 1688 2230 ζηλωτὴς
1713 2200 1776 2226 εἷναι
1803 2205 1854 2226 τῶν
1874 2201 1914 2226 ὀα-

1119 2243 1188 2281 δρῶν
1200 2244 1310 2271 ἐκείνων.

1153 2291 1179 2317 3.
1199 2290 1298 2316 Τούτου
1325 2291 1387 2324 γοῦν
1412 2289 1490 2315 ἕνεκεν
1520 2289 1676 2325 θεασάμενός
1709 2299 1781 2320 τινας
1808 2289 1851 2316 ἐπὶ
1871 2294 1915 2320 τῆς

1117 2331 1243 2371 πατρίδος
1273 2333 1364 2364 ξηλοῦν
1388 2334 1420 2359 τὰ
1435 2332 1548 2364 ,ἐκείνων
1577 2333 1786 2370 ἐπιχειροῦντας,
1810 2334 1914 2370 ἐνόμισα

1116 2388 1172 2405 τινα
1207 2378 1331 2414 βοήθειαν
1360 2378 1492 2414 εὑρηκέναι
1525 2379 1590 2413 πρὸς
1617 2381 1664 2407 τὴν
1693 2379 1807 2414 ἐμαυτοῦ
1836 2389 1914 2408 σωτη-

1396 2449 1420 2467 ²⁹
1436 2449 1522 2478 Hebr.
1536 2456 1576 2483 ιιι,
1595 2449 1637 2478 13.
1688 2450 1711 2466 ³ο
1724 2449 1797 2478 Phil.
1814 2458 1855 2486 in,
1871 2452 1910 2478 ΞΟ.

1130 2566 1252 2594 undam.

1111 2566 1252 2600 fundum.
1423 2566 1426 2568 ’

1149 2601 1205 2638 (83)
1224 2601 1313 2631 "Oro;
1328 2601 1417 2638 tinea.
1436 2600 1591 2638 Εάίίίιὸπως
1607 2598 1635 2626 δε
1653 2601 1747 2638 ιῖιῖτνου.Δ
1770 2601 1904 2638 Nonnulli

1111 2635 1269 2667 ms's.'61m;
1284 2647 1319 2663 τε.
1335 2637 1421 2664 Deest
1433 2635 1541 2664 vocula
1554 2636 1585 2664 in
1597 2636 1821 2664 vetustissimis.

1146 2675 1202 2708 (84)
1225 2674 1274 2699 Καὶ
1288 2671 1425 2708 δίψει.)ιᾷ
1435 2673 1493 2708 tres
1503 2671 1693 2708 vetustissimi
1707 2671 1830 2708 codices
1840 2680 1902 2700 cum

1110 2708 1175 2744 aliis
1193 2705 1329 2744 duobus;
1343 2707 1419 2744 Editi
1443 2705 1522 2744 didii.
1536 2708 1615 2744 ‘Mox_
1637 2707 1729 2744 iidem
1748 2707 1820 2735 editi
1843 2710 1902 2744 ξογῳ

1108 2743 1219 2775 ἔδειξαν.
1233 2743 1322 2773 llarl.,
1340 2742 1413 2771 Med.
1428 2744 1456 2770 et
1468 2741 1554 2771 Coisl.
1571 2742 1686 2778 primus
1700 2741 1862 2771 ἐδείκνυσαν.
