2004 3145
255 161 309 188 827

945 155 973 183 S.
993 153 1118 182 BASlLll
1135 153 1246 181 MAGNI

1878 156 1928 183 828

255 221 337 250 idem
365 222 410 249 est
439 220 470 248 in
498 218 674 254 semetipso,
702 225 758 246 nec
788 217 956 246 secundum
987 223 1083 252 genus

1143 217 1206 241 ἐστιν
1232 215 1256 241 ἔν
1273 216 1366 251 ἐαυτῷ,
1382 226 1412 242 ον
1441 217 1508 242 κατὰ
1531 217 1603 251 γένος
1627 215 1856 252 μεταϐαλλόμενον,
1873 216 1936 243 ἀλλὰ

257 266 390 294 mutatur
406 287 413 298 ,
447 263 501 291 sed
533 262 724 291 incrementis
761 262 913 299 perﬁcitur
947 270 953 288 :
983 261 1024 290 ita
1056 261 1084 288 et

257 309 331 338 mihi
344 308 471 336 arbitror
482 307 624 336 eamdem
646 306 815 335 doctrinam
830 306 1016 342 proﬁciendo
1028 313 1082 333 au-

256 356 337 382 ctam
363 352 466 387 fuisse,
488 359 685 388 nequaquam
701 353 802 379 autem
827 351 857 378 in
876 350 956 378 illius
981 350 1082 378 locum

257 405 324 434 quae
339 398 378 426 ab
393 397 477 425 initio
503 396 609 427 fuerat,
623 404 690 424 eam
712 404 779 432 qua:
793 403 875 424 nunc
899 398 943 424 est
968 403 1084 424 succes—

257 443 341 470 sisse.
359 442 447 478 339
467 442 565 474 Quare
591 448 679 469 suam
702 441 837 477 ipsorum
860 443 1084 476 perscrutentur

258 486 484 521 conscientiam,
505 485 607 513 animo
628 485 802 514 intueantur
822 485 927 512 Christi
941 484 1081 518 tribunal,

257 539 298 559 an
325 529 490 567 aliquando
511 529 626 566 aliquid
648 529 731 558 aliud
752 536 790 557 ex
813 528 902 557 nobis
924 529 1081 561 audierint,

257 583 351 612 quam
383 575 468 610 quod
490 581 572 602 nunc
593 573 745 608 dicimus;
775 574 828 609 qui
853 581 934 602 nunc
961 573 1083 601 nomine

257 627 358 656 pravae
377 619 520 647 doctrinae
534 626 591 647 nos
604 618 813 652 decantarunt,
834 620 862 647 et
876 618 1001 646 famosis
1021 618 1082 653 epi-

258 664 355 697 stolis,
369 671 446 699 quas
461 665 566 691 contra.
585 670 642 691 nos
656 663 872 698 conscripsere,
883 662 1020 690 omnium
1033 670 1084 690 au-

258 716 306 736 res
315 707 499 736 obtuderunt
511 716 517 742 ;
533 707 615 735 unde
628 709 657 735 et
669 706 757 735 nobis
767 706 909 744 imposita
922 707 1084 735 necessitas

257 752 350 788 hujus
362 752 557 780 defensionis.

293 799 320 825 4.
336 799 521 825 Accusamur
542 797 623 825 enim
643 797 840 833 blasphemiae
855 797 885 825 in
899 798 1002 828 Deum,
1015 805 1084 824 cum

258 848 358 877 neque
367 848 404 869 ex
417 841 530 877 scripto
542 844 632 870 antea
641 841 678 869 de
693 841 753 869 ﬁde
766 849 785 869 a
799 841 887 869 nobis
906 841 985 869 edito
999 841 1086 876 argui

1136 260 1194 286 κατ’
1217 261 1328 291 αὔξησιν
1353 261 1535 296 τελειούμενον·
1559 261 1626 286 οὕτω
1650 260 1788 297 λογίζομαι
1816 264 1862 287 καὶ
1883 264 1936 297 ἐμοὶ

1136 306 1178 330 τὸν
1197 305 1273 330 αὑτὸν
1289 305 1363 340 λόγον
1380 304 1427 331 διὰ
1441 308 1486 335 τῆς
1501 309 1636 342 προκοπῆς
1669 305 1814 338 ηὐξῆσθαι,
1826 305 1894 340 αὗχὶ
1909 304 1937 331 δὲ

1136 348 1193 374 ἀντὶ
1207 353 1251 375 τοῦ
1268 349 1293 380 ἐξ
1306 349 1394 386 ἀρχῆς
1419 351 1489 380 ὄντος
1505 351 1549 375 τὸν
1564 353 1608 374 νῦν
1623 350 1777 385 ὑπάρχοντα
1790 350 1847 385 (93)
1867 359 1939 385 γεγε-

1136 394 1242 422 νῆσθαι.
1259 394 1337 420 "nats
1367 393 1543 430 ἐρεννατωσαν
1568 395 1613 429 μὲν
1628 396 1658 419 τὸ
1679 393 1774 419 ἑαυτῶν
1806 392 1936 427 συνειδὸς,

1137 437 1347 471 ἐνθυμείσθωσαν
1372 437 1402 464 6:
1427 441 1456 464 τό
1477 439 1536 473 λτοὺ
1563 442 1680 474 Χριστοῦ
1707 437 1894 476 δικαστήριον,
1920 442 1939 464 ίῖ

1136 492 1198 508 ποτε
1225 482 1286 508 ἄλλο
1316 492 1342 508 τι
1379 483 1496 511 ἠκονσαν
1528 483 1589 519 παρ’
1610 484 1693 518 ἡμῶν,
1716 483 1778 520 παρ’
1798 484 1812 508 ὁ
1828 487 1875 508 νῦν
1904 483 1938 508 λέ-

1136 537 1224 563 γομεν,
1245 528 1268 553 οἱ
1287 531 1330 552 νῦν
1359 529 1428 563 ἡμᾶς
1454 526 1690 564 διαορνλλὴσαντις
1716 527 1756 553 ἐπὶ
1783 526 1936 562 κακοδοξίᾳ,

1137 574 1181 598 καὶ
1211 576 1268 602 ταῖς
1299 571 1506 602 στηλιτευτικαῐς
1539 571 1700 604 ἐπιστολαῖς,
1718 572 1746 601 οἷς
1772 572 1938 608 συνέγραψαν

1137 618 1194 642 καθ’
1226 618 1298 652 ἡμῶν
1315 637 1322 649 ,
1353 619 1440 642 πᾶσαν
1473 618 1712 652 περικτυπήσαντες
1746 616 1827 645 ἀκοήν
1843 624 1850 630 ·
1886 617 1938 642 ὅθεν

1138 664 1182 687 καὶ
1207 663 1281 697 ἡμεῖς
1311 663 1377 699 πρὸς
1391 663 1438 690 τὴν
1458 661 1573 697 ἀνάγκην
1602 661 1712 696 ἤλθομεν
1731 664 1778 692 τῆς
1798 659 1938 696 ἀπολογίας

1138 708 1217 735 ταύτῃ
1224 717 1244 737 ς,

1173 798 1201 825 4,
1224 796 1415 831 Ἐγκαλςιύμεθα
1448 797 1497 833 γὰρ
1530 798 1577 824 τὴν
1597 796 1631 826 εἰς
1659 798 1719 822 Θεὸν
1753 795 1936 831 βλασφημίαι,

1140 843 1197 867 οὔτε
1221 840 1271 866 ἀπὸ
1297 844 1462 876 συγγραφῆς,
1479 840 1508 868 ἢν
1528 840 1603 866 αὐτοὶ
1619 841 1675 876 (94)
1691 839 1936 876 προκατεϐαλόμεθα

257 885 419 921 possimus,
435 893 534 922 neque
548 893 584 914 ex
597 885 633 913 iis
648 893 838 922 quaecunque
852 886 917 914 sine
931 886 1040 921 scripto
1054 885 1085 913 in

1143 887 1198 921 περὶ
1230 887 1349 919 πίστεως,
1366 884 1522 920 ἐλεγχθῆναι
1552 883 1701 920 δυνάμενοι,
1718 886 1777 910 οὔτε
1808 883 1861 910 ἀπὸ
1894 885 1938 920 ῥη-

260 929 395 957 Ecclesiis
414 930 464 958 Dei
485 929 554 958 viva
576 937 649 958 voce
675 930 778 966 palam
798 933 826 958 et
841 933 942 966 aperte
967 937 1087 966 semper

258 973 469 1002 disseruimus.
487 975 545 1002 Sed
562 982 619 1003 nec
643 975 724 1003 testis
746 975 896 1006 inventus,
912 975 963 1011 qui
991 983 1022 1003 se
1049 983 1086 1002 ex

258 1018 346 1046 nobis
360 1026 472 1047 arcano
486 1019 681 1055 loquentibus
703 1019 788 1055 impii
814 1019 983 1055 quidquam
1001 1019 1084 1047 audi-

258 1062 340 1091 visse
353 1062 477 1092 diceret.
503 1063 586 1091 Unde
610 1063 700 1098 igitur
727 1063 979 1096 condemnamur,
993 1064 1016 1091 si
1031 1071 1087 1091 nec

259 1106 420 1134 scribimus
435 1107 537 1143 impie,
551 1115 606 1135 nec
629 1108 846 1136 concionamur
862 1108 1019 1141 damnose,
1035 1115 1085 1135 ne-

258 1158 318 1186 que
332 1150 363 1178 in
381 1151 557 1179 domesticis
581 1151 739 1187 colloquiis
755 1159 818 1186 eos,
833 1152 886 1188 qui
906 1159 962 1179 nos
977 1159 1087 1180 conve-

259 1194 356 1229 niunt,
376 1195 572 1230 pervertimus
585 1197 598 1222 ?
614 1196 636 1223 Ο
649 1202 763 1224 novum
782 1196 1007 1224 commentum!
1024 1196 1085 1229 llle,

258 1238 365 1274 inquit,
376 1239 407 1266 in
423 1239 508 1275 Syria
535 1239 680 1268 nonnulla
704 1239 823 1276 scripsit
847 1240 930 1268 haud
953 1240 1019 1276 pie:
1053 1243 1084 1268 tu

259 1290 331 1310 vero
344 1283 487 1319 scripsisti
497 1283 522 1311 ei
534 1285 603 1312 ante
621 1284 728 1319 viginti
740 1292 837 1313 annos
852 1287 881 1313 et
891 1285 1032 1321 amplius.
1045 1286 1087 1313 Tu

258 1327 348 1362 igitur
360 1328 601 1356 communicator
618 1335 649 1356 es
671 1328 812 1365 hominis,
827 1331 855 1358 et
867 1329 946 1357 illius
961 1329 1087 1358 crimina

260 1371 351 1399 etiam
375 1374 428 1400 tua
452 1373 519 1400 sint.
543 1374 619 1406 At,o
635 1373 731 1401 amice
759 1373 891 1402 veritatis
914 1373 1017 1407 homo,
1033 1374 1086 1410 qui

258 1415 452 1444 mendacium
476 1416 569 1445 fetum
593 1425 658 1445 esse
677 1417 790 1446 diaboli
805 1417 931 1446 edoctus
953 1426 994 1452 es,
1009 1426 1086 1454 quo-

259 1460 352 1488 modo
366 1468 546 1496 persuasum
564 1461 660 1489 habes
682 1469 783 1490 meam
795 1470 860 1490 esse
882 1462 964 1490 illam
980 1462 1087 1498 episto-

258 1504 344 1533 lam?
358 1507 423 1533 Non
451 1505 532 1533 enim
560 1506 679 1538 misisti,
705 1513 760 1534 nec
784 1507 985 1542 interrogasti,
996 1514 1051 1534 nec
1068 1515 1086 1534 a

259 1556 318 1582 me,
332 1550 385 1586 qui
400 1549 452 1578 tibi
464 1558 568 1578 verum
592 1550 691 1579 dicere
715 1551 1012 1587 poteram,didicisti.
1029 1551 1086 1580 Sed
1104 1564 1125 1591 ρ

259 1594 376 1622 etiamsi
390 1602 466 1622 meae
485 1597 586 1623 essent
607 1595 720 1627 litterae,
738 1596 818 1624 unde
833 1598 1022 1632 compertum
1035 1596 1086 1624 tibi

260 1639 313 1672 est,
325 1638 468 1666 volumen
490 1637 573 1672 illud,
586 1639 670 1674 quod
685 1647 767 1667 nunc
786 1640 816 1668 in
831 1648 940 1668 manus
956 1642 1024 1668 tuas
1040 1641 1087 1668 in-

260 1681 340 1714 cidit,
357 1681 473 1717 aequale
486 1689 554 1709 esse
575 1682 678 1710 litteris
697 1683 795 1711 meis?
810 1684 877 1719 quis
891 1685 942 1712 tibi
958 1684 1033 1712 dixit
1045 1684 1087 1712 vi-

260 1725 333 1760 ginti
346 1733 412 1753 esse
435 1733 584 1754 annorum
598 1727 628 1755 id
642 1727 784 1756 volumen
795 1729 809 1755 ?
824 1729 907 1756 unde
932 1730 1023 1757 etiam
1039 1737 1087 1756 ex-

259 1769 411 1805 ploratum
424 1773 476 1802 est,
490 1771 570 1799 illius
583 1771 677 1808 ipsius
703 1773 835 1800 hominis
855 1781 921 1800 esse
948 1774 1087 1810 scriptio-

259 1822 341 1849 nem,
354 1814 395 1842 ad
404 1822 497 1851 quem
511 1817 539 1844 et
550 1823 568 1843 a
585 1824 633 1844 me
649 1817 744 1844 missa
758 1816 885 1852 epistola
895 1818 909 1844 ‘?
925 1818 1010 1849 Quod
1021 1818 1045 1846 si
1060 1820 1088 1846 et

259 1858 307 1887 ille
317 1859 443 1895 scriptor
455 1862 510 1893 est,
522 1863 551 1888 et
561 1868 617 1896 ego
627 1861 666 1889 ad
680 1861 765 1889 illum
779 1861 895 1897 scripsi,
908 1865 935 1890 et
947 1870 1041 1890 unum
1053 1871 1088 1890 ac

258 1904 340 1932 idem
354 1906 474 1940 tempus
489 1912 627 1933 mearum
642 1905 809 1934 litterarum
824 1907 854 1934 et
867 1905 958 1941 hujus
973 1907 1085 1942 scripti,

260 1950 426 1985 suscepisse
440 1957 490 1977 me
503 1949 578 1978 illud
592 1950 705 1984 animo,
723 1951 848 1986 ejusque
861 1952 1041 1981 sententiam
1057 1953 1088 1980 in

259 1993 378 2029 meipso
387 1995 498 2027 tenere,
514 2001 575 2029 quo
587 1993 681 2030 liquet
692 1997 870 2030 argumento
879 1997 893 2023 ?

296 2127 321 2152 5.
347 2126 523 2154 Percontare
545 2128 572 2155 te
596 2127 660 2163 ipse
675 2135 680 2154 :
697 2128 814 2164 quoties
835 2137 884 2157 me
907 2129 1035 2157 invisisti
1058 2130 1089 2158 in

259 2171 442 2200 monasterio
457 2171 496 2200 ad
516 2172 624 2201 lridem
648 2173 785 2208 ﬂuvium,
798 2182 867 2202 cum
887 2183 1007 2203 mecum
1027 2182 1089 2204 una

258 2215 380 2244 adesset
405 2215 649 2251 religiosissimus
672 2218 762 2246 frater
777 2219 946 2254 Gregorius,
959 2219 1039 2247 idem
1054 2228 1088 2247 ac

258 2267 315 2294 ego
329 2260 397 2288 vitae
406 2260 575 2289 institutum
591 2269 722 2298 sequens
731 2262 745 2289 ‘I
761 2263 838 2290 Num
852 2263 926 2298 quid
940 2263 1088 2298 ejusmodi

257 2304 422 2332 audivisti?
437 2313 511 2333 num
527 2306 779 2340 signiﬁcationem
805 2307 946 2342 accepisti
962 2315 1088 2344 parvam

258 2352 310 2376 aut
323 2356 469 2382 magnam
479 2349 492 2374 ?
504 2350 582 2382 Quot
594 2352 695 2378 autem
711 2350 775 2378 dies
790 2351 820 2378 in
835 2350 912 2387 vico,
927 2352 979 2387 qui
991 2354 1036 2380 est
1049 2352 1088 2379 ad

258 2392 350 2420 aliam
374 2392 457 2420 ﬂuvii
468 2393 576 2429 ripam,
592 2395 794 2429 transegimus
809 2395 892 2431 apud
903 2404 1005 2424 meam
1020 2405 1088 2425 ma-

258 2437 345 2471 trem,
360 2436 412 2464 ubi
438 2437 516 2465 velut
534 2437 623 2465 amici
648 2438 725 2466 inter
748 2446 804 2467 nos
827 2439 1088 2475 degebamus,no-

293 2518 351 2556 (93)
369 2520 417 2544 Τὸν
443 2522 500 2556 νῦν.
517 2519 690 2556 ὑπάρχοντα.
720 2521 765 2548 Sic
791 2528 849 2556 ope
871 2521 1015 2549 Harleeani
1041 2529 1088 2549 co-

258 2554 334 2581 dicis
343 2553 575 2582 emendavimus‘
588 2553 672 2591 quod
687 2559 750 2584 erat
762 2556 793 2584 in
804 2553 891 2585 editis
906 2559 935 2583 τὸ
948 2562 992 2583 νον
1007 2558 1089 2595 ὑπαρ-

259 2599 320 2625 χον.

293 2624 416 2663 (94)“Ἣν
443 2626 566 2652 αὐτοὶ...
583 2626 808 2663 ῥημάτων.ουοᾱ
835 2627 1010 2655 addidimus
1032 2628 1089 2656 hoc

257 2659 334 2694 loco,
351 2660 545 2696 desumptum
572 2659 623 2689 est
640 2669 676 2689 ex
701 2663 804 2690 codice
829 2663 995 2692 Harlaaano.
1016 2663 1090 2691 Editi

259 2696 290 2726 ἧς
301 2695 514 2733 νπροεϐαλλομξείζα
526 2699 541 2725 ἤ
558 2697 608 2723 ὃσα
625 2697 756 2733 ἀγράφως,

295 2732 350 2766 (95)
372 2731 451 2769 και-ἰν
473 2731 552 2759 οἷκον.
588 2731 682 2769 CoiSI.
697 2731 702 2733 ⁷
722 2733 838 2768 primus
870 2737 1000 2764 κατοίκοις
1035 2735 1090 2769 ὁμι-

260 2765 374 2828 λῖᾳις...
394 2766 623 2804 ἐνδιαστρέφομεν.
643 2765 763 2804 Legitur
787 2769 843 2795 κατ’
873 2772 952 2800 υἰκοις
981 2771 1011 2798 in
1037 2765 1091 2798 Me-

273 2809 370 2828 ’καθα

273 2809 370 2829 ιιοωο.

1140 931 1238 965 μάτων,
1255 929 1304 955 ὃσα
1337 929 1457 965 ἀγράφως
1489 928 1539 955 ἀπο
1573 932 1699 965 στόματος
1722 927 1761 955 ἀεὶ
1793 928 1819 954 ἑν
1839 933 1876 962 τῷ
1896 938 1938 963 φα-

1140 978 1203 1010 νερῷ
1231 977 1287 1004 ταῖς
1302 973 1470 1004 Ἐκκλησίαις
1503 977 1549 1000 τοῦ
1581 977 1648 999 Θιοῦ
1675 971 1860 1009 διελέχθημεν,
1873 972 1936 998 Ἀλλ’

1140 1016 1201 1044 οὑδὶ
1234 1019 1331 1055 μάρτυς
1362 1018 1451 1055 εὑρέθη
1473 1018 1583 1053 ἀλέγων
1616 1018 1678 1054 παρ’
1694 1019 1766 1053 ἡμῶν
1801 1017 1937 1045 ἀκηκοέναι

1141 1073 1166 1089 τι
1194 1068 1244 1088 των
1270 1062 1369 1089 ἀσεϐῶν
1396 1062 1420 1089 ἐν
1446 1062 1607 1100 παραϐύστῳ
1632 1062 1831 1098 γθεγξαμένων.
1861 1062 1938 1087 Ποθιςλ

1141 1105 1184 1132 οὖν
1212 1107 1399 1143 κρινόμεθα,εὶ
1427 1110 1492 1143 μήτε
1517 1108 1701 1144 συγγράφομεν
1735 1105 1848 1139 ἀσεϐῶς,
1877 1109 1939 1141 μήτε

1141 1149 1342 1188 δημηγοροῡμεν
1380 1151 1541 1184 ἐπιϐλαεῶς,
1571 1154 1637 1186 μήτε
1669 1150 1693 1176 ἐν
1720 1154 1777 1180 ταῖς
1814 1150 1874 1176 κατ’
1902 1148 1938 1175 οἶ-

1140 1205 1184 1221 κον
1203 1196 1259 1230 (95)
1277 1196 1391 1232 ὁμιλίαις
1417 1198 1477 1226 τοὺς
1499 1195 1705 1230 ἐντυγχάνοντας
1724 1193 1915 1230 διαστρέφομεν
1931 1202 1937 1226 ;

1140 1240 1176 1266 ’Ὠ
1195 1244 1241 1266 τοῦ
1265 1244 1355 1266 καινοῦ
1385 1239 1534 1277 δραματοςῐ
1552 1239 1581 1265 Ὀ
1608 1237 1690 1274 δεῖνα,
1706 1241 1785 1275 φησὶν
1800 1259 1807 1271 ,
1824 1239 1867 1264 ἐπὶ
1895 1243 1938 1267 τῆς

1141 1286 1232 1320 Συρίας
1251 1284 1348 1321 ἔγραψέ
1371 1294 1429 1310 τινα
1448 1286 1482 1314 ὡς
1510 1284 1557 1310 οὐκ
1581 1283 1702 1314 εὐσεϐῶς·
1720 1286 1752 1310 σν
1774 1282 1804 1310 δὲ
1828 1283 1938 1309 ἐπέστει-

1140 1329 1186 1360 λας
1212 1329 1282 1364 αὑτῲ
1310 1331 1359 1365 πρὸ
1389 1331 1486 1355 εἴκοσιν
1510 1328 1571 1354 ἐτῶν
1599 1331 1644 1354 καὶ
1662 1328 1795 1355 πλειόνων.
1815 1330 1939 1357 Κοινωνός

1141 1373 1192 1409 ἆρα
1220 1375 1252 1399 σὺ
1280 1377 1326 1399 τοῦ
1355 1374 1510 1410 ανθρώπου,
1541 1374 1641 1398 καὶτὰ
1668 1372 1766 1399 ἐκείνου
1799 1376 1939 1408 κατηγορί-

1140 1427 1211 1454 ματα
1230 1420 1274 1443 καί
1304 1419 1338 1443 σὰ
1361 1418 1483 1453 γινέσθω,
1509 1417 1587 1451 Ἀλλ’,
1620 1415 1639 1442 ὧ
1663 1417 1719 1452 φίλι
1748 1420 1798 1447 τῆς
1820 1417 1938 1447 ἀληθείας

1140 1464 1268 1498 ἄνθρωπε,
1293 1463 1305 1488 ὁ
1330 1464 1357 1488 τό
1386 1460 1484 1497 ψεῦδος
1507 1464 1622 1498 γέννημα
1647 1460 1712 1488 εἶναι
1740 1465 1787 1488 τοῦ
1817 1460 1939 1488 διαϐόλου

1142 1505 1341 1543 δεδιδαγμένος,
1357 1511 1409 1536 πῶς
1438 1506 1561 1537 ἐπείσθης
1589 1505 1652 1542 ἐμὴν
1678 1506 1743 1532 εἶναι
1766 1509 1814 1535 τὴν
1835 1506 1938 1532 ἐπιστο-

1140 1551 1185 1580 λὴν
1218 1550 1331 1584 ἑκείνην;
1356 1551 1394 1577 Οὐ
1429 1552 1479 1586 γὰρ
1515 1549 1676 1583 ἀπέστειλας,
1705 1549 1763 1576 οὐδ’
1789 1551 1938 1587 ἠρώτησας,

1140 1594 1221 1629 οὐδὲ,
1251 1595 1311 1632 παρ’
1334 1596 1415 1630 ἐμοῦ,
1442 1599 1489 1620 τοῦ
1523 1593 1666 1630 δυναμένου
1697 1604 1738 1620 σοι
1767 1594 1881 1625 τάληθὲς
1906 1595 1940 1620 εὶ-

1139 1644 1195 1666 πεῐν
1219 1641 1287 1674 (96),
1314 1637 1471 1675 ἐδιδάχθης.
1501 1639 1530 1665 Εἰ
1548 1637 1577 1665 δὲ
1605 1642 1650 1665 καὶ
1675 1639 1734 1675 ἐμὸν
1761 1641 1791 1665 τὸ
1820 1642 1939 1675 γράμμα,

1140 1685 1216 1711 ποθεν
1246 1683 1336 1717 δῆλον,
1357 1686 1397 1710 ὃτι
1417 1687 1493 1709 τοῦτο
1521 1685 1550 1709 τὸ
1580 1687 1624 1709 νῦν
1652 1693 1694 1710 σοι
1719 1684 1831 1719 ἐμπεσόν
1852 1686 1940 1710 σύντα-

1140 1739 1196 1764 γμα
1215 1729 1270 1763 (97)
1285 1731 1430 1765 σύγχρονον
1457 1731 1510 1758 τοίς
1539 1728 1608 1763 ἐμοῖς
1631 1736 1790 1765 γραμμασι;
1810 1731 1849 1758 τίς
1878 1729 1940 1754 cote

1141 1774 1227 1804 εἰπὼν,
1251 1774 1291 1798 ὃτι
1320 1774 1416 1799 εἴκοσίν
1446 1772 1515 1798 ἐστιν
1543 1772 1602 1798 ἑτῶν
1635 1774 1650 1801 ἡ
1680 1775 1819 1809 συγγραφή
1855 1773 1938 1802 cits;

1140 1819 1217 1843 ποθεν
1241 1815 1270 1843 δὲ
1295 1815 1383 1850 δῆλον,
1412 1818 1450 1842 ὃτι
1477 1817 1573 1842 ἐκείνου
1596 1816 1652 1842 ἐστί
1680 1820 1726 1842 τοῦ
1754 1816 1892 1854 ἀνθρώπου
1914 1827 1939 1842 το

1142 1864 1287 1897 σύνταγμα,
1307 1863 1372 1898 πρὸς
1396 1862 1423 1886 ὃν
1447 1863 1491 1886 καὶ
1515 1862 1530 1888 ἡ
1559 1860 1620 1896 παρ’
1651 1860 1712 1896 ἐμοῦ
1741 1861 1865 1890 ἐπιστολή
1891 1859 1939 1887 διι-

1140 1907 1264 1942 πέμφοη;
1285 1906 1316 1932 Εἰ
1346 1904 1375 1931 δὲ
1399 1909 1514 1935 κακεῖνος
1535 1906 1548 1931 ὀ
1572 1907 1746 1942 συγγραφεὺς,
1761 1905 1835 1940 κάγὼ
1858 1906 1939 1939 ἐκείνῳ

1141 1951 1283 1983 ἐπέστειλα,
1299 1953 1344 1976 καὶ
1376 1953 1470 1986 χρόνος
1499 1948 1532 1979 εἷς
1557 1953 1606 1975 τῶν
1635 1950 1657 1974 τ’
1687 1950 1754 1985 ἐμῶν
1782 1951 1939 1986 γραμμάτων

1141 1998 1186 2021 καὶ
1215 1999 1261 2021 τοῦ
1295 1995 1519 2030 συγγράμματος,
1544 1994 1583 2020 ὃτι
1611 1992 1794 2030 παρεδεξάμην
1821 1994 1885 2020 αὐτὸ
1910 1997 1937 2028 τῇ

1142 2038 1256 2075 διανοίᾳ,
1270 2041 1315 2065 καὶ
1332 2040 1388 2074 ἔχω
1415 2039 1439 2064 ἐν
1456 2038 1559 2074 ἐμαυτῷ
1588 2038 1667 2064 ἐκεῖνο
1693 2040 1722 2064 τὸ
1752 2041 1883 2074 φρόνημα,
1904 2041 1940 2067 τίς

1141 2086 1156 2114 ἡ
1173 2083 1308 2115 ἀπόδειξις
1319 2092 1326 2116 ;

1179 2132 1204 2157 5.
1225 2130 1371 2165 Έρώτησον
1406 2130 1532 2154 σεαυτόν⁸
1557 2129 1669 2158 ποσάκις
1701 2129 1769 2164 ἡμᾶς
1809 2128 1939 2163 ἐπεσκέψω

1142 2175 1183 2200 ἐπὶ
1211 2177 1256 2203 τῆς
1280 2177 1359 2209 μονῆς
1388 2176 1435 2202 τῆς
1455 2173 1496 2199 ἐπὶ
1529 2176 1566 2207 τῷ
1595 2170 1677 2209 Ἴριδι
1705 2172 1886 2208 ποταμῷ,ὁτς
1914 2170 1939 2198 δὲ

1143 2222 1283 2255 συμπαρῆν
1310 2227 1355 2253 μοι
1381 2218 1394 2244 ὁ
1421 2217 1614 2253 θεοφιλέστατος
1652 2215 1761 2253 ἀδελφὸς
1789 2220 1939 2254 Γρηγόριος,

1141 2265 1185 2290 τὸν
1209 2263 1287 2289 αὐτὸν
1309 2272 1354 2298 μοι
1380 2264 1425 2288 τοῦ
1448 2261 1509 2297 βίου
1532 2263 1628 2288 σκοπὸν
1655 2259 1787 2296 ὃιανύων,
1805 2262 1836 2288 Εἰ
1863 2263 1939 2291 ἣκου-

1144 2309 1189 2338 σας
1206 2308 1262 2341 (98)
1292 2317 1318 2332 τι
1350 2310 1466 2332 τοιοῦτον
1484 2316 1491 2339 ;
1510 2308 1524 2335 ἤ
1551 2306 1638 2337 ἔλαϐες
1667 2308 1778 2342 ἔμφασιν
1812 2309 1937 2343 μνκρὰνῆ

1143 2353 1270 2389 μείζονα;
1292 2354 1377 2380 non;
1405 2348 1435 2376 δὲ
1469 2351 1564 2386 ἡμέρας
1593 2351 1635 2376 ἐπὶ
1662 2354 1708 2380 τῆς
1732 2349 1872 2387 ἀντιπέραν
1887 2353 1938 2381 (99)

1143 2399 1243 2432 κώμης,
1263 2397 1333 2431 παρά
1358 2398 1389 2430 τῇ
1418 2397 1499 2430 μητρί
1523 2404 1584 2430 μου,
1600 2395 1660 2421 ἔνθα
1687 2396 1720 2425 ὡς
1745 2394 1814 2430 φίλοι
1835 2396 1874 2430 (1)
1889 2404 1932 2430 μετ

1143 2441 1256 2470 ἀλληλοιν
1273 2439 1416 2476 διάγοντες,
1433 2442 1477 2465 καὶ
1493 2439 1516 2466 ἐν
1534 2443 1607 2466 νυκτὶ
1634 2442 1678 2466 καὶ
1703 2440 1726 2466 ἐν
1753 2441 1840 2477 ἡμέρᾳ
1864 2440 1938 2475 λόγων

1178 2521 1234 2555 (96)
1254 2521 1380 2550 Τάληθές.
1396 2520 1468 2548 Med.
1485 2522 1513 2548 et
1527 2520 1613 2548 Coisl.
1630 2520 1747 2556 primus
1759 2520 1873 2549 τάληθῆ.

1180 2558 1236 2592 (97)
1255 2558 1401 2593 Σύνταγμα.
1419 2555 1504 2593 Coisl.
1521 2555 1825 2593 primusigm’ryypauna.

1179 2593 1236 2625 (98)
1255 2592 1284 2618 Εἰ
1298 2595 1422 2621 ἤκουσας.
1444 2591 1486 2619 Ita
1513 2599 1564 2619 sex
1588 2591 1707 2619 codices
1722 2591 1803 2619 ‘mss.
1821 2591 1894 2620 Editi
1908 2592 1936 2616 'H

1145 2630 1270 2657 ἤκουσας.

1181 2664 1235 2698 (97)
1254 2663 1413 2699 Ἀντιπέραν·
1442 2662 1534 2696 Harl.,
1558 2662 1652 2690 Coisl.
1679 2663 1796 2698 primus
1816 2665 1846 2691 et
1872 2664 1933 2697 Reg.

1145 2699 1259 2735 primus
1275 2699 1406 2734 ἀντιπέρα-

1180 2735 1218 2769 (1)
1237 2734 1316 2760 Ἔνθα
1330 2735 1364 2764 ὡς
1389 2734 1466 2768 φίλοι.
1486 2735 1540 2761 Pro
1562 2733 1608 2761 his
1635 2733 1761 2761 vocibus
1785 2733 1889 2768 legitur
1910 2734 1934 2760 in

1146 2770 1225 2798 Harl.
1247 2771 1269 2795 ἐν
1296 2774 1353 2804 Θεῴ
1373 2769 1444 2805 φίλῃ,
1460 2770 1561 2797 chara?
1587 2770 1620 2797 in
1647 2770 1707 2797 Deo
1736 2771 1838 2797 matri.
1855 2769 1935 2797 Paulo

1146 2808 1213 2841 post
1228 2805 1309 2834 idem
1323 2805 1419 2833 codex
1432 2813 1502 2833 cum
1517 2805 1576 2833 alio
1593 2807 1715 2840 συγγενὲς
1727 2807 1833 2832 τούτων,
