2004 3145
84 133 137 161 829

556 130 797 160 EPISTOLARUM
813 128 955 158 CLASSIS
975 130 1006 157 II.
1028 130 1137 158 EPIST.
1158 129 1292 158 CCXXIII.

1709 133 1762 160 830

82 196 239 230 κινουμένων
254 195 316 230 ἡμῖν
333 202 339 227 ;
356 194 385 220 Εἰ
403 194 540 229 εὑρέθημεν
558 203 584 219 τι
607 194 728 229 συγγενὲς
739 195 842 228 ἔχοντες
858 191 882 218 ἐν

942 193 1049 228 ctuque
1064 194 1093 220 et
1104 192 1230 221 interdiu
1241 191 1392 228 colloquia
1399 192 1591 221 habebamus
1601 193 1678 222 inter
1686 194 1761 222 nos?

81 243 114 271 τῇ
125 237 245 274 διανοίας
260 237 321 263 Ὅτε
333 236 363 264 δὲ
374 239 416 263 τὸν
427 239 555 274 μακάριον
566 238 702 264 Σιλουανὸν
713 238 780 262 κατά
790 238 882 262 ταυτὸν

82 283 304 318 ἐπεσκεπτὸμιθα,
320 282 373 317 οὐχ
388 282 402 310 ἠ
420 280 480 312 ὁδὸς
493 283 554 317 ἡμῖν
570 285 630 312 τοὺς
645 284 703 319 περὶ
717 283 812 308 τούτων
827 279 884 316 εἶχε

80 328 174 363 λόγους
186 337 192 361 ;
211 328 268 354 Ἐπὶ
284 325 313 353 δὲ
321 331 368 358 τῆς
380 327 516 361 Εὐσινοης,
528 328 567 354 ὅτε
578 329 642 363 μετὰ
648 326 768 354 πλειόνων
780 325 884 352 ἐπισκο-

80 383 137 399 πων
148 372 278 408 μέλλοντες
289 373 371 408 ὁρμᾲν
382 373 424 398 ἐπὶ
435 372 591 407 Λάμψακον,
603 371 831 409 προσεκαλέσασοέ
841 380 881 407 με,

82 417 112 444 οὐ
124 420 183 454 περὶ
194 419 304 447 πίστεως
319 415 386 445 ἦσαν
399 418 423 442 οὶ
436 416 509 452 λόγοι
520 425 527 450 ;
544 417 616 453 Οὐχὶ
628 415 657 443 δὲ
667 418 750 442 πάντα
764 418 807 442 τὸν
819 418 884 452 χρο-

83 472 125 488 νον
137 463 163 488 οἱ
179 464 221 488 σοὶ
234 463 404 497 ταχυγροὶφοι
428 466 496 499 ποιρὴ
503 471 550 488 σαν
573 462 629 497 ἐμοὶ
650 462 837 498 ὑπαγορεύοντι
852 462 884 486 τὰ

81 509 148 543 πρὸς
162 509 209 536 τὴν
220 507 321 543 αἰρεσιν
334 515 340 539 ;
359 506 389 532 οὐ
404 510 454 532 τῶν
470 510 521 532 σῶν
533 507 656 542 μαθητῶν
670 507 693 532 οἱ
707 508 883 541 γνησιώτατοι

81 552 168 577 πάντα
181 561 227 587 μοι
241 553 285 577 τὸν
304 553 400 588 χρόνον
418 555 542 587 παρῆσαν
555 552 596 586 (2)
614 560 620 584 ς
645 551 683 576 Οὐ
705 551 749 580 τὰς
773 548 884 585 ἀδηλφό-

81 605 165 626 τητας
179 595 411 631 ἐπισκεπτόμενος,
427 597 473 621 καὶ
488 593 741 631 συνδιανυκτιριύων
756 594 845 624 αὐταῖς
860 593 884 619 ἐν

82 644 142 671 ταῖς
153 643 330 676 προσευχαῖς,
347 639 427 675 λέγων
446 642 491 666 καὶ
515 639 614 665 ἀκούων
638 639 677 666 αεὶ
693 641 724 665 τὰ
743 642 802 676 περὶ
818 642 884 665 Θεοῦ

82 683 261 720 ἀφιλονείκως,
275 683 323 710 οὐχ
336 683 451 720 ἀκριϐεῖς
471 688 598 721 παρεῖχον
622 689 670 714 τῆς
688 683 784 713 ἑννοίας
802 683 884 719 ἐμαυ-

82 731 130 754 τοῦ
141 730 189 760 τὰς
203 727 350 760 ἀποδείξεις
362 737 368 762 ;
386 732 444 759 Πῶς
459 726 503 755 οὖν
514 729 528 757 ἠ
545 728 569 753 ὲν
580 729 697 763 τοσουτῳ
711 729 798 764 χρόνῳ
809 731 885 764 πεῖρα

82 773 194 799 ἐλάττων
212 773 292 808 igneis):
312 777 360 803 τῆς
386 773 453 798 οὖτώ
478 774 578 809 σαθρᾶς
604 775 647 798 καὶ
666 770 794 808 ἀδρανοῦς
818 772 884 797 υπο-

84 820 174 850 νοίιιςς
190 819 255 843 Τίνα
270 815 300 843 δὲ
312 815 367 843 ἔδει
381 818 432 854 πρὸ
453 820 501 842 σοῦ
524 818 644 853 μάρτυρα
666 815 729 842 εἶναι
753 819 800 845 τῆς
823 815 885 850 ἐμῆς

939 238 1015 264 Num
1026 237 1185 273 quidpiam
1193 236 1282 265 afﬁne
1298 237 1329 265 in
1340 237 1443 265 animo
1457 236 1569 266 habere
1583 237 1762 273 deprehensi

939 282 1063 309 sumus?
1071 282 1198 315 Quando
1208 289 1281 311 vero
1291 282 1414 310 beatum
1428 281 1579 310 Silvanum
1595 282 1685 311 simul
1695 283 1764 310 visi-

938 326 1091 361 tabamus,
1102 334 1203 355 nonne
1218 327 1273 354 iter
1284 326 1373 354 nobis
1387 326 1425 354 de
1438 326 1485 354 his
1500 326 1592 355 rebus
1607 334 1763 355 sermones

938 370 1062 399 habuit?
1074 371 1200 399 Eusinoe
1208 370 1323 405 itidem,
1335 370 1459 407 quando
1470 378 1533 399 una
1543 379 1613 401 cum
1624 371 1764 407 pluribus

938 415 1087 451 episcopis
1099 416 1301 451 Lampsacum
1311 415 1483 451 profecturi,
1495 423 1543 443 me
1551 415 1763 449 accersivistis,

938 467 1040 488 nonne
1052 460 1090 487 de
1104 460 1164 488 ﬁde
1183 462 1269 488 erant
1282 467 1436 488 sermones
1446 460 1460 488 ?
1474 461 1578 488 Nonne
1591 460 1674 488 omni
1689 463 1765 488 tem-

938 513 1011 540 pore
1026 504 1132 532 notarii
1148 504 1190 532 tui
1217 504 1291 532 mihi
1315 504 1442 532 aderant
1463 504 1609 533 adversus
1624 505 1763 533 haeresim

938 548 1085 576 dictanti?
1099 556 1202 577 nonne
1217 548 1388 577 charissimi
1415 548 1458 576 tui
1483 548 1623 584 discipuli
1641 557 1763 577 mecum

939 592 1022 621 omni
1037 595 1173 629 tempore
1195 593 1340 621 fuerunt?
1357 592 1445 626 Quid,
1472 600 1541 620 cum
1563 593 1765 621 fraternitates

938 637 1110 672 inviserem,
1122 637 1210 673 3&0
1221 645 1343 673 unaque
1354 645 1424 665 cum
1435 636 1491 665 illis
1500 637 1530 665 in
1538 638 1766 674 precationibus

939 682 1320 715 pernoctarem,disserens
1335 683 1365 710 et
1378 681 1505 710 audiens
1521 689 1642 718 semper
1652 682 1689 710 de
1704 683 1764 710 Deo

939 726 1003 753 sine
1018 726 1218 760 contentione,
1230 733 1269 754 an
1283 733 1347 754 non
1357 727 1500 755 accurata
1511 725 1634 754 exhibui
1648 728 1765 754 senten-

939 769 986 797 tiae
1003 777 1078 797 meae
1090 772 1269 805 argumenta
1280 773 1293 797 ?
1307 769 1466 803 Quomodo
1482 777 1552 805 ergo
1567 770 1640 799 tanti
1649 772 1764 806 tempo-

939 815 980 842 ris
991 814 1175 850 experientia
1189 815 1287 842 minor
1297 822 1363 843 esse
1372 815 1439 843 visa
1453 817 1498 844 est
1508 815 1629 851 putrida
1643 814 1719 844 adeo
1729 822 1765 843 ac

84 860 244 894 dumosa-ig;
260 862 299 887 Τὰ
310 860 352 887 ἐπὶ
366 859 532 891 Χαλκηδόνος
543 861 581 892 (3)
591 860 732 889 λαληθέντα
749 861 811 896 ἡμῖν
824 862 884 895 περὶ

942 859 1060 887 inﬁrma
1074 859 1264 894 suspicione?
1279 859 1373 892 Quem
1396 862 1498 888 autem
1514 860 1552 888 de
1577 860 1708 896 priorem
1729 867 1765 888 ac

84 908 206 939 πίστεως,
216 906 249 932 τὰ
262 904 287 931 ἄν
302 904 438 941 Ἡρακλείᾳ
452 905 583 939 πολλάκις,
600 906 632 931 τὰ
648 907 770 941 πρότερον
786 904 826 930 ἐπὶ
837 908 884 934 τῆς

85 952 245 987 Καισαρείας
272 949 298 975 εν
317 953 352 984 τῷ
376 952 536 986 προαστείῳ,
561 949 583 975 εἰ
604 952 639 985 μὴ
660 950 745 975 πάντα
760 950 886 985 σύμφωνα

82 995 147 1030 παρ’
161 995 234 1029 ἡμῶν
248 1003 255 1026 ;
271 994 293 1020 ιὶ
308 997 343 1029 μὴ
359 995 445 1020 πάντα
456 993 576 1025 ἀλλήλοις
597 993 772 1030 συμϐαίνοντα
785 1002 791 1027 ;
812 995 885 1024 ἐκτὸς

80 1043 140 1073 τοῦ,
168 1039 229 1075 ὅπερ
253 1037 334 1074 εἷπον,
359 1038 387 1064 ἐκ
411 1042 546 1075 προκοπῆς
569 1049 626 1064 τινα
648 1039 759 1070 αὔξησιν
779 1038 883 1065 ἐπιθεω-

80 1084 187 1120 ρεῑσᾶαι
201 1087 253 1113 τοῖς
275 1083 430 1119 λεγομένοις,
449 1084 511 1120 ὅπερ
532 1083 596 1118 οὐχὶ
618 1083 747 1118 μεταϐολή
771 1082 841 1109 ἐστιν
857 1082 885 1108 ἐκ

81 1132 128 1154 τοῦ
152 1130 270 1164 χείρονος
284 1129 348 1164 πρὸς
376 1129 405 1153 τὸ
423 1127 537 1163 βελτιον,
558 1127 622 1153 ἀλλά
637 1127 827 1164 συμπλήρωσις
840 1132 885 1154 τοῦ

80 1172 214 1203 λείποντος
235 1174 304 1198 κατὰ
325 1175 372 1201 τήν
391 1173 542 1208 προσθήκην
564 1176 610 1203 τῆς
631 1175 759 1207 γνώσεως.
783 1176 840 1202 Ila};
856 1171 886 1199 δι

82 1219 187 1243 κάκεῖνο
203 1217 250 1244 οὐκ
271 1217 382 1253 ἐνθυμῇ,
406 1218 447 1242 ὅτι
463 1219 549 1253 πατὴρ
574 1217 603 1243 οὐ
629 1217 737 1252 λήψεται
756 1217 885 1254 ἁμαρτίαν

82 1260 190 1296 παιδός,
211 1260 273 1288 οὐδὲ
293 1263 348 1292 υίὸς
367 1261 477 1297 λήψεται
501 1261 630 1298 ἁμαρτίαν
651 1263 760 1297 πατρὸς,
776 1263 884 1292 ἕκαστος

83 1304 115 1332 δὲ
139 1305 163 1331 ἐν
186 1310 216 1341 τῇ
242 1304 300 1341 ἰδίᾳ
318 1305 434 1342 ἁμαρτίᾳ
455 1305 622 1332 ἀποθανεῖται
643 1313 650 1338 ;
680 1305 752 1340 Ἐμοὶ
777 1303 806 1331 δὲ
827 1307 885 1331 οὔτε

82 1352 171 1386 πατὴρ
186 1350 199 1375 ό
214 1351 285 1386 παρὰ
301 1351 343 1376 σοὶ
359 1347 572 1386 διαϐαλλόμενος,
589 1349 643 1376 οὗθ’
659 1350 723 1379 υἱός.
748 1351 815 1375 Οὔτε
835 1351 884 1385 γὰρ

83 1393 250 1425 διδάσκαλος
264 1404 315 1430 μου
330 1396 441 1430 γέγονεν,
463 1397 520 1420 οὔτε
540 1395 669 1430 μαθητής.
697 1394 726 1420 Εἰ
744 1392 773 1420 δὲ
789 1391 830 1420 δεῖ
841 1395 885 1423 τὰς

83 1443 133 1464 τῶν
147 1440 327 1474 γεννησάντων
342 1438 469 1476 ἁμαρτίας
484 1439 634 1475 ἐγκλήματα
647 1442 699 1469 τοῖς
723 1441 820 1469 τέκνοις
841 1441 884 1474 γί-

82 1484 186 1517 νεσθαι,
202 1483 267 1510 πολὺ
283 1481 448 1520 δικαιότερον
463 1485 495 1509 τὰ
509 1484 610 1520 Ἀρείου
625 1484 691 1509 κατὰ
706 1487 755 1509 τῶν
777 1483 816 1518 (4)
832 1493 885 1519 μα-

938 903 1086 939 potiorem
1101 903 1196 931 animi
1207 903 1266 931 mei
1283 905 1388 931 testem
1401 911 1468 932 esse
1494 903 1676 939 oportebat?
1693 905 1763 937 Quae

939 947 1127 976 Chalcedone
1143 947 1180 975 de
1193 947 1252 975 ﬁde
1263 955 1282 976 a
1291 947 1380 976 nobis
1399 947 1480 976 dicta
1493 950 1573 981 sunt,
1590 956 1658 984 quae
1673 955 1766 984 saepe-

938 1000 1066 1021 numero
1081 992 1238 1027 Heracleas,
1250 1000 1319 1028 qua;
1334 992 1418 1028 prius
1436 992 1468 1021 in
1490 993 1632 1021 Caesareae
1659 992 1765 1020 subur-

938 1036 1000 1071 bio,
1016 1045 1056 1065 an
1069 1044 1132 1065 non
1147 1044 1183 1064 ex
1195 1039 1301 1065 nostra
1313 1039 1397 1072 parte
1410 1044 1545 1065 consona
1559 1039 1628 1065 sunt
1638 1037 1742 1065 omnia
1751 1037 1765 1064 ‘I

939 1089 978 1109 an
990 1089 1052 1109 non
1067 1081 1171 1109 omnia
1185 1081 1261 1108 inter
1275 1088 1307 1108 se
1321 1081 1536 1109 consentiunt?
1550 1081 1610 1109 nisi
1623 1081 1707 1117 quod
1721 1081 1763 1109 in-

940 1125 1094 1159 crementi,
1109 1128 1142 1153 ut
1151 1125 1223 1160 dixi,
1236 1124 1351 1161 aliquid
1365 1132 1403 1153 ex
1429 1125 1564 1161 profectu
1583 1125 1767 1162 conspicitur

940 1171 971 1198 in
987 1169 1194 1198 sermonibus:
1209 1168 1293 1205 quod
1312 1169 1482 1198 immutatio
1493 1177 1556 1197 non
1571 1171 1614 1197 est
1628 1177 1664 1197 ex
1683 1169 1765 1198 dete-

939 1215 1017 1242 riore
1031 1214 1061 1242 in
1080 1213 1198 1247 melius,
1213 1213 1266 1242 sed
1281 1221 1386 1242 eorum
1403 1221 1472 1250 quae
1487 1213 1611 1242 deerant
1628 1213 1763 1249 comple-

939 1261 1076 1287 mentum
1089 1266 1124 1286 ex
1139 1258 1269 1287 scientia:
1285 1258 1459 1286 accessione
1483 1258 1517 1285 3’.
1541 1258 1698 1290 Quomodo
1712 1265 1763 1286 au—

940 1305 1000 1331 tem
1016 1303 1089 1331 illud
1099 1303 1190 1331 etiam
1201 1310 1261 1330 non
1277 1302 1401 1337 cogitas,
1416 1305 1534 1338 patrem
1549 1310 1611 1330 non
1623 1304 1764 1338 acceptu-

939 1355 1007 1375 rum
1021 1349 1179 1382 peccatum
1193 1347 1256 1380 ﬁlii,
1268 1354 1368 1382 neque
1383 1345 1478 1374 ﬁlium
1500 1348 1658 1382 peccatum
1672 1346 1765 1383 patris

940 1394 1137 1427 accepturum
1149 1399 1156 1423 ;
1173 1391 1226 1419 sed
1236 1391 1266 1418 in
1279 1398 1334 1419 suo
1348 1393 1631 1427 quemquepeccato
1644 1391 1766 1419 moritu-

940 1444 1007 1464 rum
1018 1436 1032 1463 ‘I
1046 1435 1114 1464 Mihi
1137 1438 1238 1464 autem
1253 1443 1352 1470 neque
1374 1437 1460 1471 pater
1469 1437 1513 1463 est
1535 1435 1560 1463 is
1574 1435 1627 1471 qui
1641 1434 1723 1470 apud
1738 1437 1766 1462 te

940 1480 1019 1508 male
1039 1480 1134 1510 audit.
1155 1487 1254 1516 neque
1278 1478 1366 1507 ﬁlius.
1395 1480 1496 1515 Neque
1525 1479 1605 1507 enim
1625 1479 1767 1514 magister

85 1528 171 1556 οητῶν
185 1527 265 1554 αὐτοῦ
277 1528 396 1563 γίνεσθαι
411 1538 417 1543 ·
434 1529 479 1553 καὶ
498 1529 521 1553 εἲ
539 1537 577 1557 τις
592 1527 689 1554 Ἀέτιον
708 1527 826 1562 ἐγέννησε
840 1529 883 1553 τὸν

942 1533 1026 1553 meus
1040 1525 1104 1558 fuit,
1120 1531 1218 1560 neque
1231 1523 1409 1560 discipulus.
1434 1523 1520 1556 Quod
1536 1524 1560 1551 si
1584 1525 1702 1559 oportet
1715 1531 1766 1559 pa-

83 1573 225 1608 αἱρετικὸν,
241 1571 284 1598 ἐπὶ
298 1574 345 1601 τὴν
360 1572 472 1608 κεφαλὴν
487 1575 532 1598 τοῦ
558 1574 656 1608 πατρὸς
679 1572 824 1598 ἀναϐαίνειν
838 1576 884 1597 τοῦ

83 1614 183 1647 παιδός
207 1617 240 1642 τὰ
266 1616 427 1652 ἐγκλήματα.
458 1616 487 1642 Εἰ
513 1614 537 1641 δ’
553 1616 582 1642 οὐ
607 1614 710 1642 δίκαιον
725 1616 764 1642 ἐπ’
780 1616 886 1646 ἐκείνοις

84 1661 253 1696 ἑγιαλεῑσθαί
268 1671 336 1695 τινα,
356 1661 441 1696 πολλῷ
457 1659 543 1690 δήπου
565 1659 727 1698 δικαιότερον
751 1662 819 1697 ἡμᾶς
844 1660 885 1687 ἐπὶ

84 1709 142 1736 τοῖς
156 1703 240 1741 μηδὲν
255 1706 316 1741 ἡμῖν
332 1708 497 1742 προσήκουσι
521 1707 557 1741 μὴ
583 1706 689 1741 ὑπέχειν
712 1705 818 1736 εὐθύνας
835 1707 885 1738 (5),

85 1751 108 1775 εἰ
122 1759 153 1785 γε
168 1752 212 1776 καὶ
226 1751 342 1785 ἦμαρτον
365 1750 438 1784 ὧιως,
463 1752 484 1776 εἷ
510 1760 535 1775 τι
560 1752 605 1776 καὶ
624 1752 771 1787 γέγραπται
797 1750 886 1780 αὐτοῖς

85 1794 159 1825 ἄιον
174 1796 363 1831 κατακρίσεως,
379 1797 521 1830 Συγγνώμη
538 1795 588 1830 γάρ
605 1804 649 1830 μοι
664 1794 817 1820 ἀπιστοῦντι
832 1797 887 1825 τοῖς

86 1838 146 1864 κατ’
159 1838 241 1864 αὐτῶν
268 1838 427 1874 λεγομένοις,
453 1836 543 1867 ἐπειδὴ
569 1839 583 1867 ἡ
609 1838 666 1864 κατ’
689 1839 751 1875 ἐμοῦ
770 1842 846 1875 πεῖρα
857 1841 886 1865 τὸ

86 1879 153 1919 προς
182 1886 352 1919 συκοφαντίαν
376 1883 477 1909 εὔκολον
506 1886 556 1908 τῶν
590 1885 804 1920 κατηγορούντων
836 1893 886 1910 συ-

85 1931 205 1957 νίστησι.

123 2098 150 2124 ὃ.
182 2098 231 2122 Καὶ
257 2097 306 2133 γὰρ
334 2095 355 2121 εὶ
383 2097 428 2131 μὲν
457 2094 641 2130 ἁπατηθέντες,
664 2098 708 2121 καὶ
735 2098 886 2131 νομίσαντες

87 2141 132 2176 ei:
160 2141 279 2166 κοινωνὸν
307 2138 372 2166 εἶναι
399 2144 446 2170 τῆς
474 2143 577 2176 γνώμης
605 2143 655 2165 τῶν
678 2138 886 2176 συγγραψάντων

939 1572 1059 1598 rentum
1074 1570 1200 1605 peccata
1217 1568 1286 1596 ﬁliis
1305 1568 1432 1597 crimina
1444 1567 1520 1601 ﬁeri,
1534 1567 1628 1595 multo
1650 1567 1766 1603 (nquius

940 1617 972 1642 ut
984 1621 1052 1650 quae
1066 1615 1136 1641 sunt
1151 1613 1221 1647 Arii,
1238 1613 1268 1640 in
1297 1612 1364 1648 ejus
1379 1612 1545 1648 discipulos
1558 1613 1722 1646 vertantur,
1738 1615 1768 1640 et

942 1658 965 1685 si
981 1657 1049 1694 quis
1058 1657 1175 1685 Aetium
1191 1656 1293 1692 genuit
1307 1656 1492 1690 hmreticum,
1507 1656 1538 1684 in
1552 1657 1643 1691 caput
1657 1663 1766 1692 paren-

940 1703 977 1731 tis
989 1702 1120 1730 resiliant
1133 1701 1185 1730 ﬁlii
1196 1700 1433 1729 criminationes.
1442 1700 1491 1729 Sin
1507 1702 1608 1729 autem
1618 1700 1766 1736 injustum

941 1750 987 1775 est
1000 1749 1123 1783 propter
1137 1746 1188 1774 illa
1198 1745 1375 1782 quempiam
1384 1745 1510 1782 culpari,
1524 1745 1618 1773 multo
1631 1745 1765 1781 profecto

938 1793 1048 1829 justius
1060 1794 1115 1827 est,
1130 1794 1163 1820 ut
1185 1791 1225 1819 ob
1244 1798 1296 1819 eos
1317 1791 1370 1826 qui
1384 1790 1424 1818 ad
1450 1799 1507 1818 nos
1529 1798 1590 1818 non
1607 1790 1764 1826 pertinent,

940 1838 971 1865 in
983 1837 1130 1872 judicium
1143 1843 1204 1864 non
1216 1842 1370 1868 vocemur,
1389 1835 1412 1862 si
1440 1837 1543 1863 tamen
1566 1836 1768 1870 peccaverunt

941 1881 1078 1914 omnino,
1090 1881 1115 1908 si
1126 1880 1201 1917 quid
1212 1879 1251 1907 ab
1266 1879 1339 1915 ipsis
1353 1879 1496 1914 scriptum
1512 1881 1556 1906 est
1582 1877 1766 1906 condemna-

941 1926 1021 1954 tione
1037 1925 1173 1960 dignum.
1191 1924 1286 1952 Venia
1305 1923 1386 1951 enim
1409 1922 1483 1950 mihi
1497 1922 1601 1950 danda
1624 1928 1686 1949 non
1707 1928 1768 1948 cre-

941 1969 1023 1998 denti
1035 1976 1103 2004 quze
1117 1968 1263 1996 adversus
1272 1966 1341 1996 illos
1353 1967 1494 1995 dicuntur
1506 1976 1513 2000 ;
1530 1966 1680 2002 siquidem
1698 1972 1768 1992 mea

940 2014 1037 2050 ipsius
1051 2012 1233 2048 experientia
1245 2014 1360 2048 quanta
1382 2011 1419 2040 sit
1440 2011 1481 2039 ad
1500 2009 1685 2039 calumniam
1700 2016 1767 2046 pro-

942 2058 1057 2086 clivitas
1070 2058 1282 2085 accusatorum
1295 2055 1439 2084 declarat.

977 2105 1003 2130 6.
1024 2104 1098 2130 Nam
1124 2100 1242 2130 etiamsi
1271 2094 1399 2136 decepti,
1426 2107 1536 2136 meque
1564 2098 1769 2127 existimantes

941 2148 1113 2175 consortem
1128 2153 1193 2173 esse
1207 2145 1360 2172 sententias
1375 2152 1492 2178 eorum,
1514 2143 1567 2180 qui
1581 2143 1769 2179 conscripse-

86 2185 172 2212 ἐκεῖνα
199 2186 233 2211 τὰ
250 2183 386 2210 Σαϐελλίου
406 2185 523 2221 ῥήματα,
547 2185 612 2221 οἷπερ
636 2184 710 2210 αὐτοὶ
735 2185 885 2221 περιφέρου-

942 2193 1011 2220 runt
1026 2191 1077 2219 illa
1093 2189 1211 2219 Sabellii
1226 2189 1399 2225 verbaque:
1414 2188 1454 2216 ab
1469 2188 1543 2223 ipsis
1553 2186 1767 2232 circumferun-

87 2239 141 2263 σιν,
163 2229 205 2255 ἐπὶ
229 2231 277 2258 τὴν
304 2229 362 2255 κατ’
389 2229 451 2265 ἐμοῦ
479 2227 604 2258 διαϐολὴν
633 2227 722 2264 ἦλθον⁷
741 2226 800 2254 οὐδ’
819 2228 886 2253 οὕτω

84 2276 132 2310 μὲν
152 2272 220 2303 ἦσαν
239 2276 398 2310 συγγνώμης
428 2273 507 2308 ἄξιοι,
527 2275 578 2310 πρὸ
598 2272 710 2309 ἐναργῶν
730 2271 886 2303 ἀποδείξεων

84 2319 161 2348 εὐθὺς
180 2321 239 2349 ταῖς
258 2318 438 2354 βλασφημίαις
462 2317 600 2354 βάλλοντες
627 2320 671 2343 καὶ
699 2320 886 2353 τιτρώσκοντες

121 2372 146 2389 ιι
160 2371 263 2399 Ezech.
277 2379 355 2406 xvni,
370 2372 414 2400 20.

122 2427 161 2460 ('2)
179 2428 314 2460 Παρῆσαν.
327 2426 369 2453 Ita
384 2427 442 2453 tres
453 2424 580 2460 codices.
597 2424 671 2452 Editi
687 2428 813 2452 συνῆσαν.
829 2423 886 2452 Ibi-

84 2458 157 2489 dein
173 2458 271 2488 codex
286 2460 463 2488 Harlaaanns
478 2462 525 2491 τὰς
549 2458 723 2495 ἁδελφὸτητας
739 2459 888 2495 ἐπιπορευό-

108 2506 173 2529 ινος,
188 2504 255 2524 cum
278 2497 487 2530 fraternitate;
500 2494 718 2530 percurrerem.
735 2494 886 2523 Interdum

108 2507 173 2529 ινος,
188 2507 255 2524 cum
278 2507 487 2530 [ruunﬂuuws
500 2507 718 2530 percurreret".
735 2507 886 2523 lultl‘ulllu

84 2507 146 2560 ἔδει
157 2540 232 2560 voce
245 2531 423 2566 designatur
436 2531 583 2562 Ecclesiae,
592 2531 674 2559 velut
684 2531 713 2558 in
725 2531 812 2567 epist.
823 2533 886 2567 226,

86 2567 139 2595 ubi
154 2567 327 2595 Eustathius
341 2567 450 2595 dicitur
462 2575 533 2594 suas
557 2567 703 2594 adversus
719 2566 888 2593 Eudoxium

86 2602 201 2630 litteras
215 2603 255 2630 ad
265 2610 372 2630 omnes
384 2601 583 2631 fraternitates
594 2602 723 2629 misisse.
736 2601 888 2629 Interdum

87 2638 180 2666 etiam
204 2638 421 2666 monasterium
443 2640 568 2665 vocatur
591 2637 772 2670 fraternitas,
802 2639 834 2663 ut
857 2637 888 2664 in

88 2674 175 2710 epist.
196 2676 260 2710 257.
285 2673 472 2710 Monasteria,
496 2673 608 2708 quibus
624 2673 888 2710 prieerat‘Eusta-

87 2707 241 2748 thius,_vel
252 2708 362 2748 saltem
376 2707 888 2748 quibuscum‘amicitia‘conjunctus

88 2747 162 2777 erat,
179 2743 237 2771 hoc
252 2743 319 2771 loco
331 2742 457 2771 indicari
471 2743 659 2771 crediderim.
682 2742 712 2770 Id
728 2751 808 2770 enim
821 2750 889 2778 pro-

87 2780 164 2808 bant
178 2782 208 2807 et
223 2781 326 2807 noctes
341 2779 371 2815 in
382 2778 522 2815 precibus
536 2778 679 2815 traducta:
692 2777 836 2815 etilnutua
850 2777 888 2805 de

88 2815 181 2844 rebus
195 2814 306 2843 divinis
314 2814 474 2850 colloquia.
485 2815 550 2842 Non
560 2814 631 2842 dicit
645 2814 771 2843 Basilius
786 2821 817 2841 se
828 2821 889 2842 una

941 2239 1000 2271 tur,
1016 2235 1055 2265 ad
1070 2233 1279 2264 accusandum
1293 2241 1342 2261 me
1356 2232 1524 2265 venissent;
1540 2239 1579 2259 ne
1592 2231 1634 2259 sic
1642 2231 1767 2267 quidem

940 2281 1029 2309 venia
1038 2279 1122 2315 digni
1137 2280 1247 2312 essent,
1258 2277 1343 2314 quod
1366 2279 1436 2305 ante
1459 2275 1620 2304 manifesta
1642 2275 1767 2303 indicia,

941 2324 1078 2361 protinus
1110 2322 1278 2351 maledictis
1296 2321 1391 2357 ﬁgant
1422 2329 1458 2349 ac
1487 2320 1645 2349 vulnerent
1669 2320 1767 2348 homi-

941 2430 1012 2451 cum
1039 2421 1192 2449 Eustathio
1218 2421 1284 2448 haec
1308 2419 1493 2448 monasteria.
1526 2418 1691 2452 invisisse;
1714 2418 1767 2446 sed

941 2459 1034 2486 ﬁdem
1048 2465 1137 2485 suam
1148 2464 1182 2484 ex
1194 2456 1250 2489 his,
1266 2463 1334 2491 quae
1347 2454 1405 2483 illic
1419 2454 1570 2491 disseruit,
1580 2454 1766 2491 exploratam

943 2493 1094 2522 Eustathio
1109 2500 1174 2519 esse
1183 2490 1343 2519 debuisse:
1359 2490 1442 2525 quod
1455 2492 1634 2525 argumento
1644 2491 1688 2517 est
1702 2497 1766 2525 mo-

942 2529 1057 2557 nachos
1073 2527 1139 2555 illos
1159 2526 1312 2555 Eustathio
1336 2524 1621 2562 subjectos’t‘uisse;
1638 2524 1686 2553 vel
1709 2524 1767 2552 sal-

942 2567 1002 2593 tem
1018 2563 1132 2591 amicos
1145 2566 1174 2590 et
1185 2562 1357 2590 familiares.

978 2601 1016 2632 (3)
1035 2597 1209 2628 Χαλκηδόνος.
1226 2597 1314 2626 Coisl.
1325 2596 1474 2625 secundus
1486 2598 1515 2624 et
1530 2597 1600 2629 Reg.
1616 2594 1767 2623 secundus

944 2632 1126 2670 Καλχηδονος.
1144 2634 1209 2661 Mox
1224 2632 1398 2661 Harlaeanus
1454 2634 1642 2670 ἦτε-προτερον.

978 2664 1103 2703 (ﬁliuni
1117 2673 1176 2696 τῶν.
1196 2670 1237 2696 Ita
1251 2676 1303 2696 sex
1324 2676 1398 2696 mss.
1427 2667 1503 2695 Editi
1527 2664 1558 2692 τὰ
1582 2664 1641 2692 τῶν.
1670 2664 1768 2692 Codex

943 2705 1117 2734 Harlmanus
1130 2705 1198 2730 κατὰ
1210 2708 1269 2731 τῶν,

977 2742 1018 2774 (5)
1030 2740 1148 2775 ’Υπέχειν
1160 2740 1276 2770 εὐθύνας.
1290 2738 1465 2775 Harlmanus
1480 2736 1575 2775 code);
1587 2736 1666 2775 hanc
1680 2734 1768 2775 nobis

943 2771 1146 2812 suppeditavit
1159 2775 1329 2812 lectionem.
1343 2773 1460 2812 Legitur
1471 2772 1549 2812 enim
1565 2772 1596 2799 in
1609 2771 1673 2799 aliis
1688 2771 1768 2799 codi-

943 2807 1030 2840 cibus
1041 2819 1123 2850 mss;
1134 2814 1161 2839 et
1174 2810 1261 2839 editis
1273 2810 1354 2844 λόγων
1369 2811 1439 2845 ἔχειν
1455 2807 1571 2838 εὐθύνας.
