2004 3145
59 129 110 158 849

534 128 775 158 EPISTOLARUM
795 127 934 156 CLASSIS
955 128 986 155 ll.
1007 127 1114 156 EPIST.
1135 128 1270 156 CCXXVI.

1692 128 1744 157 850

57 192 108 228 γὰρ
122 190 298 228 ὁμολογοῦμεν
321 189 334 216 ὁ
353 191 399 217 καὶ
413 189 600 228 παρελάϐομεν,
619 192 686 228 μετὰ
700 191 802 228 Πατρὸς
816 191 856 216 καί

916 189 1035 217 Patrem
1050 191 1078 218 et
1101 189 1205 219 Filium
1228 191 1255 218 et
1271 189 1411 225 Spiritum
1428 189 1566 216 sanetum
1582 188 1744 223 credimus,

56 237 120 262 Υίοῠ
134 235 264 272 τετάχθαι
279 237 322 261 τόν
340 235 520 271 Παράκλητον,
537 235 566 262 οὐ
589 237 654 273 μετὰ
679 239 727 267 τῆς
752 237 861 266 κτίσεως

56 279 239 318 ἀριθμεῖσθαι.
257 279 300 310 Εἰς
312 280 361 316 γὰρ
382 281 485 316 Πατέρα
500 282 544 306 καὶ
560 281 618 306 Υἰόν
637 282 682 307 καὶ
695 280 767 316 ἅγιον
784 282 861 306 Πνεῦ-

54 335 93 361 μα
108 326 318 361 πεπιστεύκαμιν
333 332 339 339 ·
359 326 405 351 καὶ
423 323 608 361 βαπτιζόμεθα
623 324 656 355 εἰς
672 326 699 350 -ὀ
721 327 801 361 asapia
815 327 861 350 τοῦ

55 371 161 407 Πατρός
184 372 290 396 καὶτοῦ
305 370 367 396 Υἱοῦ
386 371 432 396 καὶ
452 373 498 396 τοῦ
525 369 601 405 ἁγίου
627 370 784 405 Πνιύματος.
812 369 861 395 Διά

53 418 132 441 τοῦτο
143 412 268 441 οὐδέποτε
283 417 330 445 τῆς
344 415 410 450 πρὸς
422 415 466 440 τὸν
477 416 580 451 Πατέρα
594 416 639 440 καὶ
649 414 708 441 Υἱὸν
721 415 860 450 συναφείας

52 461 97 485 τὸν
114 458 284 496 Παρακλητον
301 457 468 494 ἁποσπῶμεν,
484 458 513 485 Ὀ
526 459 576 495 γὰρ
591 462 651 490 νοῦς
666 460 738 495 ἡμῶν
752 457 860 494 φωτιζο-

53 513 129 540 μενος
141 504 190 529 ὑπὸ
208 504 354 539 [Ινεὺματος
367 504 430 539 πρὸς
446 504 505 530 Υἰόν
521 502 665 536 ἀναϐλέπει,
684 504 729 529 καὶ
747 501 771 528 ἐν
786 501 856 538 αὖτῷ

52 550 88 578 ὡς
99 547 124 574 ὲν
140 548 220 574 εἰκονι
236 548 325 584 θεωρεῖ
338 549 381 573 τὸν
396 550 508 585 Πατέρα.
526 549 592 574 Οὔτε
608 546 651 574 οὖν
665 547 779 583 ὀνόματα
793 546 857 584 παρ’

52 592 152 619 ἑαυτῶν
171 591 332 629 ἐπινοοῦμεν,
349 591 414 618 ἀλλὰ
428 595 532 628 Πνεῦμα
547 592 620 628 οἷγιον
647 594 692 618 καὶ
717 591 859 628 Παράκλη-

52 647 97 664 τον
112 636 284 673 ὀνομάζομεν,
300 638 358 663 οὔτε
370 638 418 666 τὴν
442 636 604 673 ὀφειλομένην
620 637 689 672 αὐτῷ
706 634 785 668 δόξαν
801 635 858 662 ὰθε‹

54 685 107 708 τεῖν
127 680 341 717 καταδεχόμεοα.
361 682 451 708 Ταῦτά
470 680 526 707 ἔστι
541 682 573 707 τὰ
587 682 700 718 ἡμέτερα
715 681 781 717 μετὰ
805 681 859 706 ποί-

55 736 106 758 σης
123 726 255 756 ἀληθείας.
273 725 331 752 Ἐπὶ
345 727 446 757 τούτοις
466 725 479 752 ὁ
491 729 643 762 κατηγορῶν
658 727 836 761 κατηγορείτω
849 733 856 740 ·

55 773 68 798 ό
85 770 190 798 διώκων
204 772 275 807 ἡμᾶς
290 769 407 797 διωκὲτω
423 779 429 785 ·
451 771 463 797 ὁ
478 773 608 798 πιστεύων
631 774 686 801 ταῖς
704 771 762 797 καθ’
786 771 859 806 ἡμῶν

55 815 194 846 διαϐολαῖς
213 816 391 851 ἓτοιμαζὲσθω
406 817 471 852 πρὸς
485 818 532 845 τὴν
554 813 738 843 διαδικασίαν.
752 814 782 841 Ὀ
810 815 859 841 Κύ-

52 870 110 897 ριος
125 860 204 896 ἕγγύς
219 867 226 874 ·
242 858 311 896 μὶδη
328 864 503 896 μεριμνῶμεν.

90 906 117 933 4.
145 906 176 931 Εἰ
199 914 238 935 τις
261 903 285 930 ἓν
314 907 392 941 Συρίᾳ
421 904 576 942 συγγράφει,
596 907 673 930 τοῦτο
692 900 769 930 οὐδεν
797 905 860 941 πρὸς

52 949 133 985 ἡμᾶς.
155 949 199 976 Ἐκ
223 949 275 986 γὰρ
308 952 358 975 τῶν
385 949 466 984 λόγων
495 958 542 974 σου
569 947 746 984 δικαιωθήσῃ,
782 950 858 984 φησὶ,

51 1003 97 1019 και
143 991 172 1019 ἐκ
215 996 266 1019 τῶν
312 992 395 1028 λόγων
438 1002 485 1019 σου
523 991 746 1029 καταδικασθήσῃ
787 993 855 1028 (68).

51 1038 86 1064 Οἱ
115 1037 172 1074 ἐμοὶ
195 1037 268 1073 λόγοι
294 1036 337 1074 ἐμὲ
368 1039 526 1074 κρινέτωσαν
544 1045 551 1052 ’
581 1038 644 1074 ὑπὲρ
671 1035 700 1063 δὲ
720 1036 860 1074 ἀλλοτρίων

51 1083 121 1118 ἦμᾶς
149 1081 305 1118 σφαλμάτων
333 1079 427 1118 μηδεὶς
461 1079 673 1115 καταδικαζέτω,
710 1080 779 1118 μηδέ
813 1082 861 1112 τὰς

51 1128 102 1162 πρὸ
137 1128 234 1152 εἴκοσιν
265 1125 326 1152 ἇτῶν
358 1128 499 1162 γραφιίσοις
528 1126 590 1164 παρ’
619 1127 691 1162 ἡμῶν
720 1125 860 1156 ἐπιστολὰς

52 1170 90 1202 εἰς
108 1168 243 1202 ἀπόδειξιν
265 1169 450 1208 προϐαλλέσθω
473 1174 519 1196 τοῦ
532 1174 576 1196 νῦν
598 1172 764 1201 κοινωνικούς
790 1170 860 1206 ἡμᾶς

53 1214 120 1241 εἶναι
147 1219 200 1245 τοῖς
228 1216 312 1241 ἐκεῖνα
339 1214 538 1252 συγγράψασιν,
557 1214 645 1251 ’Πμίῖς
670 1216 721 1251 γὰρ
740 1217 791 1251 πρὸ
810 1218 860 1241 τῶν

53 1260 279 1296 συγγραμμάτων,
310 1259 396 1286 λαίκοὶ
423 1261 490 1291 ὄντας
521 1261 583 1296 πρὸς
611 1259 717 1289 λαῐκοὺς
741 1258 860 1285 ἐπεστίλι

50 1303 128 1340 λομεν
143 1304 208 1339 (69),
241 1305 290 1340 πρὸ
315 1307 361 1330 τοῦ
382 1305 441 1330 τινὰ
459 1305 504 1330 καὶ
519 1304 642 1330 ὑπόνοιαν
659 1304 783 1332 τοιαύτην
802 1303 860 1330 κατ’

51 1348 138 1374 αὐτῶν
166 1349 296 1374 κινεῖσθαι
313 1357 320 1364 ⁸
346 1350 390 1374 καὶ
418 1347 598 1384 ὶπεστίλλομεν
630 1345 706 1374 οὐδὲν
734 1350 793 1385 περὶ
817 1350 859 1374 πί-

51 1402 143 1427 στεως,
160 1390 219 1418 οὐδ’
235 1393 278 1418 οἷα
291 1395 334 1418 νῦν
359 1391 401 1418 ἐπὶ
427 1395 458 1428 τῇ
475 1392 534 1418 καθ’
549 1393 623 1428 ἡμῶν
650 1390 759 1428 διαϐολῇ
788 1401 859 1429 περι-

49 1438 173 1472 φέρουσιν
206 1436 288 1469 οὗτοι,
312 1435 377 1462 ἀλλὰ
404 1435 481 1471 ψιλὰς
508 1438 700 1474 προσηγορίας,
729 1435 859 1472 ἀγαπητι-

47 1483 98 1509 κὴν
124 1483 310 1516 προσφώνησιν
328 1479 541 1518 ἁποπληρούσας.
566 1480 655 1517 Ἡμεῖς
682 1481 733 1517 γὰρ
761 1481 857 1516 ὁμοίως

47 1527 94 1550 καὶ
113 1527 175 1555 τοὺς
189 1526 222 1550 τὰ
236 1524 371 1551 Σαϐελλίου
387 1528 537 1558 νοσοῦντας,
553 1527 598 1551 καὶ
624 1526 686 1555 τοὺς
699 1525 733 1550 τὰ
751 1524 855 1561 Ἀρείου

51 1567 176 1605 δόγματα
203 1567 381 1604 ὶκδεκοῦντας,
412 1569 448 1600 ὧς
478 1569 591 1604 ἀσεϐεῖς,
612 1569 790 1606 ἀποφεύγομεν
813 1571 858 1596 καὶ

48 1613 285 1650 ἁναθεματίζομεν.
300 1615 331 1640 Εἴ
358 1624 399 1645 τις
417 1615 461 1641 τὸν
485 1614 563 1641 αὐτὸν
592 1616 696 1652 Πατέρα
717 1613 785 1650 λέγει
813 1616 858 1640 καὶ

53 1659 118 1686 Υἰὸν
134 1660 177 1684 καὶ
205 1659 280 1694 ἅγιον
300 1661 415 1695 Πνεῦμα,
441 1661 486 1685 καὶ
510 1658 535 1685 ἰν
562 1662 674 1697 πρᾶγμα
691 1658 858 1695 πολυώνυμον

47 1704 212 1737 ὑποτίθεται,
243 1705 289 1730 καὶ
322 1706 385 1740 μίαν
417 1704 569 1730 ύπόστασὶν
596 1704 646 1730 ὑπὸ
672 1708 750 1741 τριῶν
776 1713 858 1741 προσ-

48 1752 166 1784 ηγοριῶν
192 1747 396 1784 ἔκρωνουμὶνην,
429 1750 472 1774 τὸν
502 1752 619 1775 τοιοῦτον
652 1749 727 1784 ἡμεῖς
764 1747 789 1774 ἄν
821 1751 854 1784 τῇ

47 1790 142 1829 μερίδι
165 1795 216 1818 τῶν
245 1791 380 1819 Ἰουδαίων
401 1794 544 1829 τάσσομεν.
559 1792 671 1829 Ὀμοίως
696 1795 741 1819 καὶ
765 1793 788 1819 εἴ
815 1802 855 1824 τις

47 1836 171 1872 ἀνόμοιον
190 1836 259 1872 λέγει
277 1839 345 1863 κατὰ
373 1838 421 1866 τὴν
441 1837 533 1863 οὐσίαν
559 1838 602 1863 τὸν
626 1838 685 1864 Υίόν
700 1840 736 1872 τῷ
757 1838 854 1875 Πατρὶ,

47 1881 63 1910 2‘;
91 1881 127 1911 εἰς
142 1883 243 1917 κτίσμα
264 1882 372 1917 κατάγει
396 1883 425 1907 τὸ
445 1884 550 1918 Πνεῦμα
571 1883 600 1907 τὸ
615 1881 702 1917 ἅγιον,
727 1880 856 1918 ἄναθεμα-

46 1925 163 1961 τίζομιν,
193 1928 240 1951 καὶ
271 1925 350 1962 ἐγγὺς
377 1926 443 1952 εἶναι
474 1929 520 1956 τῆς
548 1925 696 1957 Ἑλληνικῆς
730 1926 856 1962 τιθέμεθα

45 1969 156 2000 πλάνης.
174 1969 252 1996 Ἀλλά
279 1971 313 1996 τὰ
338 1971 384 2006 μὶν
413 1972 533 2007 στόματα
557 1974 607 1996 τῶν
635 1971 854 2007 κακηγορούντων

45 2015 117 2050 ἡμᾶς
146 2013 322 2049 ἐπισχεθῆναι
359 2012 407 2040 διὰ
443 2018 495 2041 τῶν
527 2015 660 2051 ἡμετέρων
689 2015 853 2051 γραμμάτων

43 2058 186 2094 ἀμήχανον
203 2069 210 2075 ·
242 2059 337 2095 μᾶλλον
363 2060 408 2095 μὲν
436 2056 480 2085 οὖν
513 2058 580 2089 εἰκός
612 2061 658 2085 καὶ
687 2059 854 2097 ἐρεθίζεσθαι

44 2103 142 2134 αὐτοὺς
163 2102 204 2129 ἰπὶ
233 2107 288 2134 ταῖς
317 2103 473 2139 ἀπολογίαις
501 2104 585 2139 ἡμῶν,
617 2105 662 2129 καὶ
681 2104 790 2140 μείζονα
807 2106 853 2131 καὶ

43 2147 219 2185 χαλεπώτερα
248 2147 306 2174 καθ’
336 2148 409 2184 ἡμῶν
437 2148 644 2178 κατασκευάζειν
661 2158 667 2165 ·
699 2149 745 2179 τὰς
765 2150 853 2184 μέντοι

43 2192 173 2228 ὑμετέρας
199 2190 279 2223 ἀκοὰς
303 2191 471 2228 φυλαχθῆναι
501 2191 531 2218 οὗ
559 2192 685 2228 χαλεπὸν.
714 2192 804 2226 Ὠστε,
839 2193 852 2220 ὃ

874 875 894 904 Β

874 1552 894 1581 C

917 236 1007 270 atque
1022 235 1052 262 in
1067 235 1190 262 nomine
1205 235 1298 263 Patris
1313 236 1341 262 et
1357 233 1419 262 Filii
1445 235 1474 261 et
1494 233 1620 269 Spiritus
1648 233 1745 261 sancti

917 278 1116 314 baptizamur.
1137 279 1489 315 Quapropternunquam
1503 276 1688 306 Paraclctum
1705 277 1744 306 ab

918 323 995 351 illius
1019 331 1088 351 cum
1105 325 1187 351 Patre
1203 325 1231 351 et
1248 323 1318 350 Filio
1338 322 1548 358 conjunctione
1573 321 1742 350 avellimus.

917 369 995 396 Mens
1010 368 1090 395 enim
1106 369 1209 395 uestra
1232 375 1250 395 a
1277 367 1385 403 Spiritu
1410 366 1555 394 illustrata
1572 366 1611 394 ad
1636 366 1741 394 Filium

915 412 1046 448 respicit,
1059 414 1088 440 et
1103 412 1132 440 in
1156 411 1206 440 illo
1226 411 1307 440 velut
1319 412 1348 439 in
1361 411 1492 445 imagine
1515 412 1630 439 Patrem
1648 411 1740 438 videt.

915 458 1016 493 Neque
1028 456 1247 493 igiturnomina
1256 463 1292 483 ex
1298 455 1386 483 nobis
1394 455 1465 491 ipsis
1472 455 1739 489 comminiscimur,

914 501 968 530 sed
993 501 1135 538 Spiritum
1161 503 1301 529 sanctum
1330 500 1516 528 l’aracletum
1536 500 1739 532 nominamus.

914 553 1013 582 neque
1024 545 1158 573 debitam
1173 545 1199 573 ei
1215 544 1342 580 gloriam
1352 544 1504 572 destruere
1513 544 1740 572 volumus.Vero

914 590 1039 618 omnino
1055 590 1120 618 haec
1135 591 1238 617 nostra
1249 591 1327 617 sunt.
1344 589 1457 616 Horum
1472 588 1566 623 gratia
1581 588 1633 624 qui
1653 596 1740 616 ,που⁴

915 637 971 670 sat,
992 636 1116 663 accuset
1131 642 1138 662 :
1159 634 1211 671 qui
1226 642 1282 662 nos
1303 633 1500 670 persequitur,
1517 634 1715 669 persequatur
1731 640 1738 660 :

914 679 966 716 qui
974 679 1066 707 ﬁdem
1076 679 1167 706 habet
1175 678 1336 706 calumniis
1348 677 1459 714 quibus
1467 676 1740 713 impetimur,para-

913 726 962 752 tus
978 723 1016 751 sit
1029 723 1067 751 ad
1079 723 1238 758 judicium.
1256 722 1400 752 Dominus
1414 729 1509 760 prope
1525 723 1578 757 est,
1595 721 1668 749 nihil
1683 720 1740 750 sol-

911 767 983 796 liciti
997 775 1103 796 sumus
1113 767 1146 796 5°.

948 903 974 930 4.
993 901 1021 931 Si
1040 902 1108 938 quis
1120 901 1150 930 in
1167 901 1253 938 Syria
1267 900 1377 932 scribit,
1388 901 1446 930 hoc
1460 900 1534 930 nihil
1549 901 1588 929 nd
1602 909 1669 930 nos.
1688 901 1738 930 Ex

913 948 972 975 tuis
987 948 1075 981 enim,
1087 947 1193 983 inquit,
1206 947 1300 975 verbis
1309 946 1535 982 justiﬁcaberis,
1552 949 1579 974 et
1589 953 1626 974 ex
1641 946 1738 974 verbis

915 992 973 1020 tuis
988 991 1268 1020 condemnaberis“.
1279 992 1340 1019 Mea
1349 998 1397 1019 me
1410 990 1503 1018 verba
1510 990 1655 1025 judicent;
1666 998 1737 1026 pro-

913 1039 979 1072 pter
995 1036 1109 1064 alienos
1124 1044 1194 1064 vero
1214 1043 1330 1063 errores
1354 1043 1446 1063 nemo
1462 1042 1518 1063 nos
1544 1035 1736 1069 condemnet,

913 1088 1012 1117 neque
1025 1082 1094 1109 ante
1105 1080 1209 1116 viginti
1221 1087 1317 1108 annos
1328 1080 1453 1115 scriptas
1468 1087 1487 1107 a
1501 1078 1588 1107 nobis
1596 1079 1737 1115 epistolas

914 1125 1091 1161 proferat,ut
1104 1125 1290 1153 demonstret
1303 1132 1384 1152 nunc
1396 1124 1667 1152 communicatores
1680 1131 1738 1152 nos

913 1177 979 1198 esse
993 1178 1099 1198 eorum
1112 1170 1163 1206 qui
1178 1170 1236 1198 ista
1251 1169 1445 1205 scripserunt.
1466 1169 1524 1196 Nos
1545 1167 1634 1203 enim,
1655 1171 1737 1196 ante-

914 1222 1009 1250 quam
1024 1215 1088 1242 haec
1114 1214 1289 1249 scriberent,
1304 1213 1371 1241 laici
1390 1213 1428 1241 ad
1440 1212 1534 1240 laicos
1551 1212 1739 1248 scripsimus,

915 1261 1079 1295 antequam
1089 1258 1137 1286 vel
1150 1258 1353 1294 suspicionem
1368 1256 1519 1292 ejusmodi
1529 1256 1693 1293 quisquam
1708 1256 1738 1284 in

913 1302 980 1331 illos
1004 1304 1157 1336 moveret;
1172 1310 1228 1330 nec
1243 1301 1280 1330 de
1303 1301 1363 1330 fide
1378 1301 1546 1338 quidquam
1562 1301 1739 1337 scripsimus

913 1354 969 1375 nec
992 1347 1094 1383 qualia
1107 1346 1147 1374 illi
1164 1354 1244 1374 nunc
1259 1345 1299 1374 ad
1314 1345 1459 1373 invidiam
1471 1345 1560 1373 nobis
1572 1345 1738 1373 creandum

913 1390 1193 1426 circumferunt,sed
1207 1390 1402 1418 salutationes
1414 1389 1593 1425 nudas,quze
1608 1389 1738 1417 amicam

912 1435 1175 1472 compellationem
1190 1433 1412 1471 persolvebant.
1421 1433 1510 1469 394
1525 1435 1583 1461 Nos
1593 1433 1673 1461 enim
1684 1441 1737 1469 pa-

912 1481 982 1508 riter
996 1482 1024 1508 ct
1034 1487 1085 1508 eos
1097 1479 1150 1516 qui
1161 1478 1281 1507 Sabellii
1294 1477 1402 1506 morbo
1417 1477 1565 1508 laborant,
1581 1480 1669 1506 eteos
1685 1477 1738 1513 qui

912 1524 972 1553 Arii
985 1524 1130 1559 dogmata
1149 1525 1279 1558 tuentur,
1295 1525 1327 1551 ut
1342 1522 1453 1559 impios
1477 1521 1611 1557 fugimus
1625 1524 1653 1550 et
1664 1530 1738 1550 ana-

912 1569 1150 1597 thematizamus.
1170 1568 1198 1596 Si
1221 1567 1288 1605 quis
1313 1567 1455 1595 eumdem
1479 1568 1595 1594 Patrem
1615 1566 1686 1595 dicit
1703 1574 1738 1595 ac

912 1613 1019 1641 Filium
1031 1614 1060 1641 et
1079 1612 1222 1649 Spiritum
1237 1614 1387 1645 sanctum,
1399 1619 1434 1639 ac
1446 1619 1511 1639 rem
1530 1618 1624 1639 unam
1638 1610 1738 1639 multis

912 1657 1087 1686 nominibus
1101 1657 1290 1692 designatam
1305 1663 1372 1684 esse
1383 1655 1495 1690 statuit,
1515 1656 1739 1692 unamquehy-

911 1702 1057 1738 postasim
1073 1701 1168 1729 tribus
1182 1699 1433 1737 appellationibus
1449 1699 1738 1735 expressam;talcm

910 1754 966 1775 nos
980 1746 1011 1774 in
1024 1745 1199 1774 Judasorum
1211 1747 1295 1781 parte
1310 1751 1519 1772 numeramus.
1530 1743 1576 1772 Sic
1591 1743 1693 1776 etiam,
1713 1743 1738 1771 si

910 1792 979 1828 quis
995 1790 1099 1819 Filium
1110 1790 1188 1818 Patri
1202 1788 1370 1817 secundum
1385 1788 1547 1816 essentiam
1558 1787 1737 1815 dissimilem

910 1835 1046 1871 dicit,aut
1057 1835 1096 1863 ad
1110 1836 1279 1862 creaturam
1287 1833 1417 1861 detrahit
1426 1832 1569 1869 Spiritum
1586 1835 1736 1866 sanctum,

908 1880 1243 1912 anathematizamus,et
1258 1886 1276 1906 ο,
1290 1877 1444 1914 gentilium
1458 1884 1557 1904 errore
1571 1883 1634 1904 non
1647 1875 1736 1910 longe

908 1924 1016 1953 abesse
1031 1924 1180 1952 ducimus.
1199 1923 1256 1952 Sed
1270 1930 1325 1951 ora
1339 1923 1548 1950 accusatorum
1563 1922 1735 1948 nostrorum

908 1968 1068 2005 comprimi
1084 1967 1187 1996 litteris
1202 1967 1312 1996 nostris
1326 1974 1388 1995 non
1404 1967 1532 2002 possunt
1544 1973 1550 1999 ;
1562 1965 1623 1992 imo
1633 1964 1734 1992 verisi-

907 2013 979 2041 mile
992 2013 1114 2044 est.illos
1131 2012 1222 2040 etiam
1244 2010 1469 2039 defensionibus
1482 2009 1594 2038 nostris
1616 2009 1732 2044 irritari,

908 2059 937 2085 et
950 2057 1067 2092 majora
1082 2063 1117 2084 ac
1130 2055 1270 2091 graviora
1281 2055 1312 2083 in
1326 2063 1382 2082 nos
1396 2053 1574 2082 machinari.
1589 2054 1734 2080 Caeterum

908 2109 995 2130 aures
1009 2102 1123 2129 vestras
1144 2099 1289 2128 custodiri
1312 2106 1375 2127 non
1389 2097 1518 2126 difﬁcile.
1535 2098 1632 2131 Quare
1651 2097 1734 2133 quod

907 2146 938 2174 in
962 2145 1047 2173 vobis
1063 2145 1157 2173 situm
1171 2146 1224 2176 est,
1240 2145 1390 2180 praestate.
1411 2142 1565 2170 Sincerum
1591 2141 1680 2170 nobis
1706 2144 1734 2169 et

907 2190 1031 2218 minime
1044 2190 1289 2226 prmoccupatum
1300 2186 1457 2215 calumniis
1465 2194 1516 2214 cor
1525 2188 1656 2214 vestrum
1673 2193 1733 2213 ser-

43 2235 116 2262 ἔστιν
140 2235 178 2272 ἐφ’
204 2236 275 2272 ὑμῖν,
295 2240 373 2262 τοῦτο
395 2239 536 2265 ποιήσατε.
559 2236 694 2273 Ἀκεραίαν
714 2237 777 2273 ἡμῖν
806 2239 851 2264 καὶ

911 2236 972 2262 vate
985 2242 992 2261 :
1009 2236 1099 2269 atque
1114 2232 1300 2267 objectorum
1311 2231 1399 2259 nobis
1409 2230 1570 2258 criminum
1583 2230 1731 2257 rationem

44 2279 214 2317 ἁπρόληπτον
227 2282 286 2311 ταῖς
310 2277 448 2311 διαϐολαῖς
467 2282 515 2309 τήν
538 2278 653 2315 καρδίαν
677 2280 748 2316 ὑμῶν
773 2279 852 2316 φυλά-

44 2324 105 2355 ξατε
119 2331 126 2339 ·
156 2326 202 2350 καὶ
224 2325 289 2360 πρὸς
316 2325 350 2350 τὰ
373 2323 570 2361 προϐαλλόμενα
598 2323 750 2360 ἕγκλήματα
774 2323 851 2351 ἁπαι-

42 2371 110 2394 τείτε
125 2369 195 2404 ἡμᾶς
210 2369 254 2398 τὰς
273 2368 392 2399 εὐθύνας.
417 2370 467 2395 Καὶ
488 2368 510 2395 εἰ
528 2369 574 2404 μεν
594 2368 686 2405 εὕρητε
709 2368 771 2406 παρ’
787 2369 850 2405 ἡμῖν

42 2414 90 2441 τὴν
115 2411 251 2445 ἀλήθειαν,
275 2414 310 2449 μὴ
341 2411 408 2439 δῶτε
435 2415 527 2450 χώραν
552 2416 589 2448 τῷ
615 2411 709 2448 ψεύδει
727 2421 734 2428 '
764 2412 806 2439 ὶὰν
820 2411 850 2440 δι

41 2456 203 2483 «iteratis-rm
222 2457 295 2493 ἡμῶν
310 2458 374 2494 πρὸς
397 2459 446 2486 τὴν
471 2456 614 2493 ἀπολογίαν
631 2458 772 2492 αἴσθησθε,
791 2459 849 2484 τότε

40 2502 204 2527 πιστεύσατε
233 2504 286 2532 τοῖς
319 2503 478 2538 κατηγόροις
503 2501 577 2537 ἡμῶν
601 2502 636 2532 ὡς
664 2500 848 2531 ἀληθεύουσιν.

41 2545 236 2582 ’Δγρυπνοῦσιν
252 2546 343 2571 ὶχείνοι
353 2546 419 2583 πρὸς
433 2546 462 2571 τὸ
478 2546 549 2581 ἡμᾶς
567 2549 756 2575 κακοποιῆσαι·
771 2549 849 2572 τοῦτο

39 2590 103 2627 παρ’
117 2590 189 2625 ὑμῶν
204 2589 252 2616 οὐκ
272 2588 455 2626 ἕπιζητοΰμεν.
470 2588 625 2627 Ἐμπορικὸν
646 2588 704 2626 βίον
726 2599 849 2626 μεταχει-

81 2673 105 2691 ‘°
143 2673 273 2710 Philipp.
284 2681 324 2708 iv,
345 2675 372 2708 5,
388 2675 414 2702 ϐ.
454 2674 476 2692 ⁸¹
495 2673 595 2702 Matth.
611 2681 656 2710 ιιι,
672 2675 719 2702 37.

40 2747 131 2818 “(38.)
149 2744 395 2782 Καταδικασθήσῃ.
411 2747 454 2776 ita
468 2754 546 2775 mss.
579 2755 644 2777 sex.
670 2747 746 2776 Editi
766 2757 847 2775 κατα-

78 2792 86 2808 ι
105 2792 174 2812 nn.

78 2792 174 2812 ιυηση.

905 2286 923 2306 a
931 2278 1020 2306 nobis
1034 2276 1236 2314 postulate.“
1246 2275 1401 2303 veritatem
1414 2274 1538 2311 quidem
1548 2273 1574 2301 si
1584 2274 1665 2310 apud
1675 2281 1732 2301 nos

903 2322 1087 2356 inveneritis,
1102 2329 1140 2349 ne
1154 2321 1230 2349 detis
1251 2319 1352 2348 locum
1376 2318 1546 2347 mendacio.
1564 2318 1614 2347 Sin
1629 2320 1731 2347 autem

903 2374 960 2395 nos
979 2367 1018 2395 ad
1031 2366 1236 2394 defensionem
1255 2364 1391 2392 inﬁrmos
1405 2362 1567 2397 senseritis,
1585 2366 1655 2391 tunc
1670 2371 1730 2392 cre-

903 2411 965 2440 dite
992 2409 1219 2440 accusatoribus
1238 2408 1359 2443 nostris,
1383 2409 1417 2436 ut
1442 2416 1515 2436 vero.
1542 2407 1726 2436 dicentibus.

903 2455 1095 2492 Vigilantilli,
1122 2454 1211 2483 nobis
1229 2455 1262 2482 ut
1275 2455 1406 2482 noceant
1422 2461 1428 2480 :
1446 2452 1504 2481 hoe
1519 2460 1538 2480 a
1556 2453 1642 2481 vobis
1667 2461 1730 2480 non

903 2499 1107 2536 exposcimus.
1122 2500 1144 2527 Ν
1149 2497 1338 2526 undinariam
1349 2497 1441 2525 vitam
1452 2498 1729 2532 agentes,structnm

901 2545 991 2573 nobis
1001 2543 1187 2572 calumniam
1196 2542 1314 2570 adlucri
1323 2541 1527 2569 accessionem
1537 2543 1712 2569 convertunt
1721 2549 1727 2568 :

901 2596 957 2618 vos
976 2589 1078 2617 autem
1102 2587 1310 2622 adhortamur,
1337 2588 1371 2614 ut
1395 2585 1543 2614 maneatis
1569 2585 1663 2620 domi,
1693 2592 1728 2612 ac

903 2784 916 2812 λ
940 2749 995 2784 (69)
1009 2745 1217 2782 Ἐπεστέλλομεν.
1238 2745 1329 2775 Coisl.
1352 2745 1469 2783 primus
1485 2746 1514 2774 et
1527 2744 1600 2773 Med.
1617 2743 1729 2771 ἐπεστεί-

919 2794 991 2812 αμεν.

919 2794 991 2822 αμεν.
