2004 3145
84 109 136 142 853

540 112 784 142 EPISTOLARUM
802 106 946 138 CLASSIS
966 105 1005 142 Π.
1026 112 1139 147 EPIST.‘
1157 113 1302 143 CCXXVII.

1711 119 1767 147 854

80 178 149 203 Θεοῦ
164 176 199 201 τὰ
216 178 275 205 ταῖς
298 174 466 206 Ἐκκλησιαις
488 174 684 212 δια-τυπούμενοι
706 178 737 211 τῇ
758 176 804 201 τοῦ
820 176 880 200 Θεοί

943 182 998 210 pro
1011 178 1103 210 certo,
1120 185 1173 206 eos
1192 177 1245 213 qui
1269 184 1317 206 res
1339 177 1371 205 in
1392 176 1529 205 Ecclesiis
1550 186 1569 207 ο,
1593 179 1644 207 Dei
1667 180 1769 209 electis

81 219 199 256 διαταγῇ
230 218 420 249 ἀνθίστανται.
448 222 492 250 Μὴ
523 219 731 256 δικαιολογεῖσθε
759 220 825 257 πρὸς
839 220 887 247 τὴν

78 267 183 302 μητέρα
206 265 278 297 ὑμῶν
306 266 353 293 τὴν
383 265 524 291 Νικοπόλει
556 265 731 294 Ἐκκλησίαν.
756 266 799 293 Μὴ
825 271 887 299 τρα-

77 310 195 345 χὺνεσθε
222 310 289 346 πρὸς
316 310 378 339 τοὺς
404 313 454 335 τῶν
480 309 575 345 ψυχῶν
604 310 675 346 ὑμῶν
704 306 883 343 ἀναδεδεγμέ-

76 364 137 384 νους
152 353 210 389 (79)
223 355 270 382 τὴν
294 355 430 390 μέριμναν.
453 354 493 380 Ἐν
518 355 569 390 ’γὰρ
595 358 632 390 τῷ
653 355 685 380 τὰ
703 357 749 383 τῆς
771 353 884 379 Νικοπό-

76 398 140 428 λεως
171 398 329 424 συνεστάναι
349 399 494 434 πράγματα
518 401 563 424 καὶ
588 400 618 424 τὸ
641 399 701 425 καθ’
720 399 786 434 ὑμᾶς
810 399 883 433 μέρος

78 441 332 471 συνδιασωθήσεται
358 441 439 478 (80)·
466 442 509 469 ἐὰν
536 441 566 469 δε
593 442 692 474 ἐκείνης
716 442 818 478 ἅψηται
843 451 883 472 τις

78 486 158 518 σάλος
187 487 235 512 κᾶν
261 489 370 524 μυρίους
396 486 476 523 ἔχητε
503 489 562 518 τοὺς
590 487 768 523 φυλάσσοντας
797 487 880 522 ὑμᾶς,

77 531 388 569 συμπαραναλωθήσετὰι
415 535 452 567 τῷ
483 532 614 568 κεφαλαίῳ
644 535 694 558 καὶ
727 533 756 557 τὸ
788 533 881 567 μέρος.

75 575 120 608 Ὠς
150 574 196 602 οὖν
228 577 252 601 οἱ
282 579 335 606 τοῖς
367 580 496 612 ποταμοῖς
527 580 747 613 πααροικοῦντες,
776 574 881 602 ἐπειδὰν

76 618 161 647 idem
195 630 265 650 τινας
306 620 437 657 πόρρωθεν
479 621 643 659 ὀχυρώματα
682 620 881 656 καταϐαλλομέ-

76 674 138 696 seu;
151 665 210 700 (81)
225 668 279 696 τοῖς
302 665 444 702 ῥύμασιν,
470 666 569 701 ῖσασιν,
593 668 634 691 ὅτι
653 665 742 696 αὐτοῖς
762 663 881 702 προδιοι-

78 713 189 736 κοῦ-παι
214 711 259 739 τὴν
285 709 437 746 ἀσφάλειαν,
454 711 498 740 τὰς
518 708 665 746 ἐπιδρομὰς
683 714 734 736 τῶν
745 710 878 747 ῥευμάτων

77 755 296 792 ἀποκρουόμενον
317 754 385 780 οὕτω
401 757 446 780 καὶ
468 755 493 780 οἱ
512 758 556 780 νῦν
576 756 605 780 τὸ
624 754 706 792 βάρος
728 758 776 784 τῆς
800 763 878 790 φρον-

75 796 149 829 τίδος
177 803 227 825 τῶν
248 798 407 827 Ἐκκλησιῶν
426 798 483 833 (82)
508 797 693 835 ἀναδεξάμενοι
719 798 743 824 ἄν
770 802 801 834 τῇ
828 802 877 824 τῶν

943 220 1122 249 constitutas
1136 229 1198 250 non
1212 222 1386 256 admittunt,
1402 221 1453 250 Dei
1473 222 1657 252 ordinationi
1677 225 1768 253 resis-

941 265 1011 292 tere.
1037 266 1144 295 Cavete
1169 267 1292 302 litigatis
1313 275 1384 295 cum
1405 268 1506 295 vestra
1526 270 1623 296 matre
1637 269 1769 299 Ecclesia.

939 309 1163 346 Nicopolitana;
1182 319 1237 340 nec
1252 311 1390 340 animum
1404 311 1437 339 in
1450 319 1512 345 eos,
1526 313 1579 348 qui
1598 315 1768 344 vestrarum

939 354 1110 384 animarum
1133 365 1240 385 curam
1271 364 1448 393 suscepere,
1477 360 1665 394 exasperata.
1687 360 1768 388 Dum

938 400 1018 428 enim
1037 408 1086 429 res
1112 402 1328 438 Nicopolitanm
1350 402 1530 436 consistent,
1550 405 1653 433 vestra
1674 405 1767 433 etiam

936 452 1010 481 pars
1025 446 1115 474 simul
1130 447 1299 475 servabitur
1311 455 1318 480 ;
1333 446 1387 475 sed
1398 446 1424 474 si
1434 447 1518 475 illam
1532 447 1635 484 aliqua
1649 450 1767 486 tempe-

937 492 1000 518 stas
1014 491 1152 526 attigerit,
1167 491 1286 520 etiamsi
1300 491 1401 519 adsint
1412 490 1499 519 vobis
1513 493 1655 521 custodes
1673 494 1767 523 innu-

935 535 1021 569 meri,
1046 543 1117 571 pars
1136 544 1259 572 quoque
1278 543 1341 564 una
1359 544 1432 564 cum
1453 535 1549 571 capite
1575 537 1763 567 absumetur.

935 579 1199 611 Quemadmodum
1216 580 1307 616 igitur
1325 578 1378 616 qui
1392 579 1433 608 ad
1451 580 1560 609 ﬂuvios
1574 581 1724 615 habitant,
1738 583 1765 611 si

934 630 1012 659 quos
1031 624 1138 660 procul
1157 624 1281 653 videant
1299 624 1402 653 valida
1418 624 1561 660 prasidiis
1579 625 1668 661 aquis
1689 626 1764 662 obji-

933 675 1010 703 cere,
1023 669 1193 704 intelligunt
1207 669 1360 698 securitati
1379 677 1442 697 sum
1459 669 1620 705 provideri,
1634 670 1708 698 dum
1720 671 1765 699 in-

932 720 1038 740 cursus
1053 721 1202 749 aquarum
1216 713 1402 750 repelluntur
1416 722 1423 744 :
1443 714 1485 742 ita
1498 714 1589 743 etiam
1606 715 1661 752 qui
1680 723 1763 744 nunc

932 758 1053 793 pondus
1074 758 1280 786 sollicitudinis
1303 758 1504 787 Ecclesiarum
1531 760 1680 788 sustinent
1693 757 1716 796 ,’
1730 762 1761 789 in

932 801 1059 829 aliorum
1075 803 1212 830 custodia
1223 803 1373 830 securitati
1384 804 1490 831 vestrae
1504 804 1674 840 provident,
1690 807 1761 833 tuti-

75 843 158 869 ἄλλων
187 843 287 879 φυλακῃ
320 845 368 872 τὴν
394 843 453 869 καθ’
481 844 549 880 ὑμᾶς
577 842 669 870 ἄδειαν
696 842 876 870 διοικοῦνται-

931 854 990 882 que
1010 847 1089 874 eritis
1106 847 1145 875 ab
1169 848 1252 875 omni
1269 847 1408 882 tumultu,
1435 847 1501 875 aliis
1524 849 1595 876 belli
1609 849 1758 885 impetum

73 890 119 913 καὶ
152 888 178 913 ἐν
208 889 291 923 σκέπῃ
332 888 473 923 γενήσεσθε
500 889 590 919 πάσης
617 892 757 926 ταραχῇς,
786 887 877 925 ἐτέρων

73 930 278 968 ὑποδεχομένων
301 935 348 958 τοῦ
372 932 484 968 πολέμου
509 933 554 963 τὰς
579 932 735 970 προσεθλοές.
756 934 825 970 Πρὸς
847 931 877 958 δὲ

71 976 177 1003 κάκεῖνο
199 977 255 1012 (83)
284 976 452 1013 ἰνθυμείσθαι
482 977 551 1013 ὑμᾶς
580 982 728 1015 προσῆκεν,
752 976 794 1003 ὁτι
823 976 876 1012 οὐχ

71 1021 141 1057 ὑμᾶς
165 1020 301 1055 ἀπέϐαλεν,
327 1020 379 1047 ἀλλ’
411 1021 511 1057 ἐτέρους
536 1021 704 1059 προσέλαϐεν,
731 1022 769 1048 Οὐ
791 1020 875 1051 δήπου

70 1066 125 1102 γὰρ
146 1064 279 1101 βάσκανοι
303 1068 369 1096 τινές
397 1065 473 1102 ἔσμεν
498 1067 584 1102 ἡμεῖς,
606 1066 673 1092 ὥστε
695 1068 741 1092 τοὺ
766 1064 876 1102 δυνάμε-

75 1119 118 1135 νον
144 1113 189 1136 καὶ
208 1109 293 1140 ἄλλοις
311 1114 362 1136 τῶν
386 1112 477 1136 ἑαυτοῦ
505 1112 680 1147 χαρισμάτων
703 1109 876 1147 μεταδιδόναι

71 1153 231 1190 ἀναγκάζειν
255 1155 316 1191 ὑμῖν
331 1155 388 1190 (84)
404 1155 574 1182 ἕναποκλείειν
590 1157 637 1185 τὴν
660 1157 752 1193 χάριν,
773 1158 819 1181 καὶ
845 1157 874 1181 τό

69 1198 131 1225 καθ’
145 1199 212 1235 ὑμᾶς
242 1201 312 1235 μόνῳ
337 1201 430 1237 χωρίῳ
463 1203 655 1237 στενοχωρῶν,
687 1201 753 1225 Οὔτε
778 1201 829 1236 ’γάρ
861 1199 875 1225 ὁ

69 1246 160 1280 πηγὴν
181 1245 385 1282 περιφράσσων,
409 1247 454 1271 καὶ
481 1242 580 1275 ὕδατος
603 1243 693 1276 ἔξοδον
722 1244 875 1280 λυμαινόμε-

69 1298 121 1322 νος,
147 1290 206 1315 οὔτε
235 1289 248 1315 ὁ
275 1287 453 1315 διδασκαλίαν
477 1288 574 1325 διαρκῆ
601 1289 706 1315 κωλύων
725 1289 767 1316 ἐπὶ
790 1289 875 1316 πλεῖον

79 1337 179 1370 χωρεῖν
200 1333 247 1364 ἔξω
267 1337 314 1359 τοῦ
333 1334 434 1364 πιὲθους
450 1337 497 1364 τῆς
512 1333 660 1370 βασκανίας
674 1333 755 1360 ὶστίν.
775 1334 875 1370 Ἐχέτω

67 1380 156 1403 τοίνυν
184 1380 230 1404 καὶ
251 1380 299 1407 τὴν
323 1377 489 1409 Νικοπόλεως
508 1380 644 1415 μέριμναν,
669 1380 714 1405 καὶ
735 1379 765 1404 τὸ
789 1380 875 1414 ὑμέτε.

66 1432 113 1459 ρον
138 1423 279 1458 προσθήκη
305 1424 374 1448 ἔστω
395 1427 444 1448 τῶν
469 1422 521 1449 ἐκεῖ
544 1424 757 1459 φρουτισμάτων.
773 1427 815 1459 Τῷ
830 1424 875 1459 μεν

65 1468 118 1504 γὰρ
146 1465 224 1503 ἀνδρὶ
248 1467 341 1493 πλείων
365 1467 510 1504 προσῆλθεν
531 1468 587 1503 (85)
614 1468 627 1493 ὁ
655 1470 745 1502 κόπος,
765 1469 816 1494 ὑῶν
845 1466 875 1494 δί

65 1509 145 1537 οὐδὲν
171 1509 323 1537 ἐλαττοῦται
349 1511 363 1540 ἡ
393 1510 534 1548 ἐπιμέλεια,
558 1510 656 1538 Ἐκεῖνο
691 1510 721 1538 δέ
749 1522 781 1548 με
807 1513 874 1539 πάνυ

68 1555 195 1590 ἱλύπησε,
219 1558 264 1582 καὶ
294 1555 341 1587 ἕξω
374 1555 451 1592 ἐφάνη
474 1560 521 1582 τοῦ
549 1558 656 1593 μέτρου,
680 1558 711 1582 τὸ
741 1558 874 1597 ειρῆσθαι,

65 1601 119 1633 ὅτι,
149 1598 326 1635 ἀποτυχόντες
348 1604 398 1626 τῶν
426 1599 656 1636 ἐπιζητουμένων,
684 1603 717 1627 τὰ
747 1599 877 1631 δικαστὴ-

65 1653 115 1680 ρια
136 1643 366 1680 καταληψόνμεθα,
386 1646 431 1670 καὶ
452 1644 629 1681 ὶπιστήσομιν
644 1646 704 1680 (86)
723 1646 876 1682 ἀνθρώπους

65 1692 124 1719 τοῖς
148 1690 312 1726 πράγμασιν,
340 1687 378 1720 οἷς
408 1690 423 1718 ἡ
453 1692 622 1727 καταστρορὴ
636 1694 686 1716 τῶν
714 1690 875 1719 Ἐκιλησιῶν

65 1733 151 1768 εὐχῆς
171 1732 227 1759 ἐστι
247 1735 277 1759 τὸ
303 1733 450 1770 κεφάλαιον.
468 1736 510 1763 Μή
541 1743 604 1760 ποτε
632 1732 676 1760 οὖν
706 1735 799 1771 ἄφρονι
827 1736 874 1761 θυ-

65 1782 108 1813 μῷ
135 1779 267 1814 φερόμενοί
282 1778 340 1814 (87)
363 1787 434 1808 τινες
458 1780 659 1815 παραπεὶσωσιν
677 1779 744 1815 ὑμᾶς
765 1779 873 1815 φθέγξα-

102 1858 158 1892 (79)
178 1856 424 1895 ’Δναδᾳῖεγμὲνουᾳ
446 1858 546 1895 ,βοὶει
582 1859 700 1895 primus
738 1858 872 1886 ἁναδεδει-

64 1895 184 1929 γμένους.
200 1893 292 1922 Paulo
302 1893 371 1930 post
392 1894 550 1922 Medicmus
574 1893 669 1922 codex
685 1894 792 1921 ἑστάναι
806 1897 872 1932 προί-

64 1939 166 1956 ’[ιιατα.

68 1941 435 2001 κμῶδΐΣυνδιαο-ωοήπται.
461 1964 547 1993 Coisl.
577 1965 693 2001 primus
722 1965 872 1992 συνδιασώ-

64 2000 149 2030 Cum.
168 2000 247 2028 Intra
256 2000 585 2035 Vat.,Reg.secundus;
600 2001 688 2028 Coisl.
705 2002 869 2035 secundus,

64 2036 159 2073 Paris,
174 2039 202 2064 et
216 2035 256 2064 ad
268 2036 445 2073 marginem
471 2036 599 2064 Claram.
616 2035 653 2072 τῷ
675 2037 806 2073 κεφαλαίῳ
826 2040 871 2064 καὶ

67 2073 97 2098 τὸ
114 2072 249 2109 ὔμρτερον.
268 2071 380 2109 ξΩέςλοῦν.

174 2106 448 2146 ’Καταϐαλλομένουμ
482 2107 564 2136 Med.
600 2108 696 2136 codex
734 2118 869 2146 προκατα-

65 2142 223 2178 ϐαλλομένου
228 2154 248 2174 ς.

99 2180 157 2214 (82;
175 2182 230 2205 Τῶν
254 2178 411 2216 iniungit.
425 2179 595 2216 itarCoisl.
618 2181 759 2216 uterque,
781 2181 867 2214 Med.,

63 2215 136 2247 Reg.
155 2214 308 2250 secundus
324 2217 353 2250 et
367 2214 457 2242 Paris.
477 2214 553 2242 Editi
568 2219 619 2250 τῷν
632 2214 866 2244 ἐχκλὴσιασ-τικών.

99 2249 156 2287 (85)
176 2252 243 2287 Τρὸς
260 2248 295 2287 9“:
321 2249 433 2287 κάκεῖνο,
462 2252 523 2287 etc,
554 2248 733 2279 Dubitarunt
760 2252 868 2280 eruditi

62 2285 131 2317 viri,
145 2285 246 2313 utrum
258 2285 460 2320 Euphronius,
470 2285 573 2314 relicta
587 2287 755 2314 Coloniensi
770 2287 867 2315 Eccle-

63 2320 119 2352 sia,
132 2320 171 2348 ad
186 2320 425 2356 Nicopolitanam
433 2321 595 2349 translatus
606 2321 746 2356 fuerit,an
755 2325 867 2351 utram-

63 2364 123 2392 que
134 2356 223 2384 simul
232 2356 396 2390 regendam
407 2356 578 2392 susceperit.
591 2358 741 2385 Utrumvis
753 2359 866 2387 factum

62 2391 162 2425 fuerit,
170 2400 240 2419 cum
250 2392 288 2419 ad
297 2400 448 2419 summam
456 2391 592 2420 Ecclesiae
602 2392 756 2421 utilitatem
764 2401 865 2421 neces~

62 2427 144 2463 sario
157 2430 292 2463 tempore
307 2427 418 2455 factum
430 2428 477 2462 sit,
488 2428 623 2456 maxima
636 2428 726 2457 laude
736 2429 863 2463 dignum

62 2462 168 2501 videri,
183 2462 346 2501 et§piritui
357 2465 461 2501 sancto
476 2463 597 2491 attribui
611 2464 710 2501 debet.
728 2462 784 2501 Sed
796 2473 862 2501 per-

62 2498 178 2529 spicere
188 2498 261 2526 mihi
276 2498 390 2529 videor.
403 2498 445 2526 ita
453 2506 515 2526 rem
528 2500 722 2527 constitutam
731 2498 823 2528 fuisse
831 2502 863 2529 ut

61 2534 147 2571 alius
163 2534 304 2566 Colonies,
327 2537 435 2571 praeter
457 2534 680 2571 Euphronium,
704 2536 863 2571 episcopus

61 2577 123 2597 non
130 2569 496 2597 daretur.Promittiteuim
504 2569 731 2598 Coloniensibus
737 2569 863 2599 Basilius

62 2607 159 2641 eosret
174 2612 368 2632 communem
379 2613 448 2632 cum
467 2605 533 2632 aliis
549 2606 710 2641 provinciae
725 2607 863 2635 Ecclesiis

62 2640 219 2678 utilitatem
228 2642 432 2678 percepturos,
440 2643 468 2667 et
475 2641 677 2678 Euphronium
686 2642 786 2669 abillis
797 2650 865 2678 pro-

61 2676 125 2713 prie
132 2676 281 2713 regendis
289 2684 350 2713 non
361 2675 533 2713 discessuri.
540 2677 623 2713 m.]n
635 2678 764 2705 aliorum
770 2675 865 2706 στλεεο-

61 2712 123 2745 dia,
130 2711 400 2748 inquit,securz'lati
407 2711 863 2748 vestrmproziident,tutiqueeri—

63 2749 98 2775 tis
105 2747 144 2775 ab
150 2747 234 2775 omni
239 2748 380 2780 tumultu,
387 2747 455 2774 aliis
467 2747 539 2775 belli
544 2748 685 2782 impetum
694 2747 864 2777 sustinenti-

65 2783 125 2810 bus.
148 2783 217 2810 Haec
236 2782 410 2810 communia
429 2782 656 2811 Coloniensibus
665 2787 750 2812 erant
765 2784 865 2813 futura

65 2825 132 2846 cum
147 2818 214 2846 aliis
235 2818 396 2854 provinciae
411 2817 558 2846 Ecclesiis.
573 2818 650 2852 Quid
665 2821 766 2857 autem
782 2820 865 2850 Colo-

932 891 1155 918 sustinentibus.
1175 891 1219 919 Ad
1234 892 1299 919 hzec
1325 892 1397 919 illud
1415 892 1505 919 etiam
1521 892 1607 920 vobis
1622 894 1759 922 conside-

930 935 1061 962 randum
1077 938 1129 969 est,
1144 943 1206 963 non
1226 944 1280 963 vos
1296 936 1334 964 ab
1358 944 1393 964 eo
1408 937 1592 971 repudiatos,
1609 938 1662 965 sed
1682 939 1757 967 alios

931 982 1114 1015 assumptos.
1133 982 1197 1008 Non
1217 981 1298 1008 enim
1321 981 1415 1008 invidi
1434 981 1561 1017 quidam
1581 990 1704 1016 sumus,
1723 985 1756 1011 ut

930 1024 982 1060 qui
998 1033 1054 1052 sua
1069 1025 1149 1053 dona
1164 1026 1254 1053 etiam
1277 1034 1346 1053 cum
1366 1025 1432 1053 aliis
1450 1026 1672 1054 communicare
1688 1035 1756 1063 pos-

931 1069 978 1103 sit,
994 1077 1063 1096 cum
1078 1077 1225 1104 cogamus
1250 1071 1378 1104 gratiam
1397 1071 1473 1097 inter
1489 1078 1541 1098 vos
1564 1071 1754 1105 concludere,

930 1115 958 1140 et
979 1113 1049 1140 solis
1074 1113 1129 1141 loci
1147 1115 1237 1142 vestri
1253 1115 1365 1142 ﬁnibus
1385 1123 1587 1143 coerceamus.
1608 1117 1684 1143 Nam
1698 1124 1754 1145 nec

929 1158 980 1193 qui
993 1158 1105 1186 tontem
1121 1159 1323 1195 circumsepit,
1340 1161 1368 1187 et
1385 1153 1534 1195 aquarum
1550 1160 1662 1187 exitum
1674 1160 1755 1189 labe-

928 1202 1029 1234 factat,
1041 1210 1096 1230 nec
1111 1203 1163 1239 qui
1181 1203 1350 1231 doctrinam
1368 1204 1493 1231 uberem
1513 1204 1652 1239 prohibet
1665 1205 1754 1233 latius

929 1247 1031 1278 ﬂuere,
1054 1250 1137 1275 extra
1152 1248 1273 1275 invidiae
1288 1249 1401 1276 crimen
1417 1251 1471 1277 est.
1486 1249 1635 1285 Suscipiat
1653 1250 1754 1286 itaque

929 1293 956 1318 et
976 1292 1124 1327 Nicopolis
1140 1301 1253 1327 curam,
1267 1295 1295 1320 et
1309 1293 1348 1320 ad
1367 1293 1484 1321 futuras
1504 1293 1562 1321 illic
1578 1294 1755 1323 sollicitudi-

930 1343 983 1362 nes
1000 1336 1089 1363 vestri
1115 1345 1188 1364 cura
1216 1337 1349 1364 accedat.
1371 1337 1413 1364 Illi
1438 1337 1518 1365 enim
1537 1338 1606 1373 plus
1631 1340 1756 1368 accessit

931 1381 1016 1416 351
1032 1381 1154 1415 laboris,
1176 1382 1229 1409 sed
1252 1381 1289 1409 de
1312 1381 1404 1409 vestri
1424 1390 1498 1409 cura.
1518 1382 1592 1410 nihil
1616 1383 1753 1412 decessit.

930 1426 990 1452 Hoc
1002 1427 1101 1452 autem
1117 1426 1190 1453 mihi
1204 1428 1231 1453 et
1243 1426 1374 1453 maxime
1384 1425 1489 1459 doluit,
1501 1428 1530 1453 et
1544 1427 1671 1454 modum
1682 1428 1755 1457 mihi

929 1470 1026 1497 visum
1042 1472 1086 1497 est
1101 1470 1255 1502 excedere,
1267 1471 1351 1506 quod
1365 1470 1504 1498 videlicet
1516 1470 1633 1499 dixistis
1646 1480 1652 1499 :
1669 1474 1754 1501 voto-

929 1522 994 1541 rum
1012 1517 1165 1550 compotes
1181 1515 1277 1543 sinon
1292 1522 1409 1547 sumus,
1425 1514 1613 1550 adjudicum
1624 1516 1756 1546 tribuna-

928 1558 969 1586 lia
989 1559 1163 1592 abibimus,
1186 1568 1221 1587 ac
1245 1568 1294 1587 res
1315 1559 1490 1587 hominibus
1517 1560 1753 1598 committemus,

928 1603 1040 1638 quibus
1062 1604 1262 1632 Ecclesiarum
1287 1604 1401 1631 eversio
1426 1605 1516 1640 caput
1538 1607 1582 1632 est
1605 1607 1755 1636 votorum.

929 1648 1032 1676 Cavete
1051 1648 1141 1683 igitur
1166 1657 1203 1676 ne
1226 1649 1279 1685 qui
1303 1656 1440 1684 unquam
1459 1648 1568 1677 insano
1581 1649 1681 1678 furore
1696 1651 1756 1679 acti

928 1692 1012 1720 vobis
1018 1693 1229 1728 persuadeant,
1242 1696 1273 1721 ut
1282 1693 1452 1729 quidquam
1459 1693 1542 1729 apud
1552 1694 1674 1730 publica
1683 1695 1755 1724 sub-

928 1737 1010 1764 sellia
1020 1737 1190 1773 proferatis,
1205 1741 1293 1773 atque
1306 1737 1375 1765 inde
1387 1737 1489 1773 aliqua
1503 1738 1619 1767 accidat
1629 1740 1754 1774 eversio,

926 1782 1013 1817 cujus
1020 1782 1139 1818 pondus
1146 1782 1176 1810 in
1187 1791 1292 1810 eorum
1302 1782 1410 1819 capita,
1419 1783 1472 1818 qui
1480 1791 1605 1811 causam
1615 1784 1754 1819 praebue-

925 1862 1080 1899 niensibus
1094 1863 1215 1898 proprie
1230 1865 1375 1893 servatur,
1393 1862 1526 1899 indicant
1540 1871 1606 1898 quae
1618 1871 1753 1899 sequun-

926 1900 988 1925 tur:
1004 1899 1053 1925 Ad
1066 1898 1125 1925 Ιιειί·
1136 1899 1216 1926 illud
1228 1899 1316 1926 etiam
1329 1899 1407 1926 vobis
1424 1898 1675 1926 considerandum
1696 1904 1748 1933 est,

925 1942 984 1960 non
1001 1942 1051 1960 vos
1065 1934 1101 1960 ab
1117 1942 1148 1960 co
1163 1934 1343 1968 repudiat/)3,
1365 1935 1416 1962 sed
1434 1934 1510 1961 alios
1532 1937 1745 1968 assumptos....

925 1970 1072 2001 Susczpiat
1086 1970 1187 2004 itaque
1200 1974 1225 1996 et
1238 1970 1390 2003 Nicopolis
1405 1977 1519 2002 curam,
1534 1972 1560 1997 et
1575 1970 1616 1997 ad
1627 1970 1749 2004 futuras

924 2005 989 2032 illic
1004 2005 1219 2032 sollicitudines
1228 2006 1319 2032 vestri
1332 2013 1405 2033 cura
1421 2005 1554 2037 accedat.
1566 2008 1620 2032 etc.
1632 2005 1747 2034 Similia

924 2040 1063 2079 leguntur
1071 2041 1100 2067 iu
1116 2040 1241 2081 epistola
1251 2041 1443 2081 sequentium
1458 2049 1520 2081 qua
1530 2041 1657 2081 Basilius
1667 2042 1748 2070 Colo-

924 2076 1043 2102 nienses
1053 2075 1246 2106 magistratus
1257 2075 1353 2109 rogat,
1361 2079 1393 2103 ut
1402 2075 1559 2103 bonivasis
1570 2084 1659 2104 usum
1667 2085 1747 2105 com-

886 2113 909 2141 D
924 2119 1046 2138 munem
1062 2111 1172 2138 habere
1187 2120 1256 2138 cum
1271 2111 1376 2138 vicinis
1395 2119 1456 2139 non
1471 2114 1609 2139 recusent
1622 2121 1628 2145 ;
1642 2120 1677 2139 ac
1693 2114 1747 2140 Eu-

923 2147 1084 2181 phronium
1094 2147 1223 2174 Colonia:
1233 2149 1259 2173 et
1268 2147 1416 2182 Nicopolis
1425 2155 1618 2174 communem
1627 2150 1743 2182 patrem

922 2182 1056 2209 futurum
1073 2182 1236 2217 pollicetur.
1250 2182 1383 2209 Ridicula
1398 2190 1471 2209 sane
1482 2184 1510 2210 et
1529 2182 1661 2210 absurda
1674 2191 1746 2218 pro-

922 2218 1024 2251 missa,
1040 2218 1063 2245 si
1080 2217 1282 2253 Euphronium
1296 2217 1418 2245 Colonia
1435 2225 1497 2245 non
1510 2225 1580 2245 cum
1599 2217 1743 2253 Nicopoli,

921 2253 973 2280 sed
985 2262 1053 2280 cum
1070 2253 1134 2281 aliis
1149 2252 1282 2280 Ecclesiis
1294 2253 1517 2289 episcopalibus
1525 2252 1658 2289 Nicopoli
1670 2252 1742 2282 sub-

917 2289 1002 2324 jectis
1016 2297 1209 2316 communcm
1225 2291 1341 2323 patrem
1357 2291 1421 2316 erat
1434 2288 1584 2316 habitura.

956 2324 1011 2359 (8i)
1032 2325 1113 2360 Ὑμῖν.
1135 2326 1176 2352 Ita
1198 2333 1269 2351 mss.
1294 2332 1415 2361 summo
1435 2332 1594 2357 consensu,
1609 2327 1638 2352 et
1649 2326 1742 2361 paulo

917 2362 987 2397 post
1019 2365 1054 2395 τῷ
1086 2361 1143 2386 καθ’
1176 2361 1251 2395 ὑμᾶς.
1279 2359 1354 2387 Edlti
1373 2361 1435 2395 ἡμῖν
1461 2362 1491 2388 et
1519 2359 1741 2397 rt‘Zi_xu0’_n[.l.dg.

917 2393 1008 2423 l’aulo
1038 2393 1104 2432 post
1131 2393 1313 2432 λυμαινόμενος
1342 2393 1487 2432 ἐπαινετὸς,
1507 2393 1564 2432 sed
1589 2393 1743 2432 postrema.

917 2439 975 2458 vox
1002 2431 1097 2459 multo
1120 2432 1227 2459 melius
1256 2431 1342 2458 deest
1364 2431 1395 2459 in
1422 2431 1683 2462 codicibus’Med.
1714 2435 1744 2461 et

917 2467 1123 2502 Coisl.primo.
1145 2467 1258 2495 ibidem
1272 2466 1360 2494 Coisl.
1376 2467 1493 2503 primus
1516 2467 1621 2493 κωλύων
1642 2471 1677 2503 μὴ
1698 2469 1741 2494 ἐπὶ

915 2502 1010 2529 πλεῖον.

951 2538 1005 2575 (85)
1029 2538 1129 2575 ,Ἠλείων
1157 2538 1314 2575 προσῆλθεν.
1337 2538 1429 2575 γοοῑεΙ.
1461 2539 1577 2575 primus
1602 2538 1739 2575 προῆλθεν.

916 2574 989 2601 Med.
1010 2574 1094 2599 πλεῖον
1114 2573 1252 2609 προῆλθεν.
1276 2574 1365 2601 Paulo
1380 2576 1450 2610 post
1461 2573 1551 2610 deest
1566 2575 1594 2599 τὸ
1605 2573 1640 2610 in
1654 2574 1741 2608 quin-

916 2617 975 2644 que
992 2617 1063 2636 mss.
1081 2612 1149 2636 ante
1166 2610 1296 2645 εἰρῆσθαι,
1313 2609 1490 2638 nontamen
1506 2609 1589 2636 deest
1603 2609 1634 2636 in
1654 2609 1739 2638 Coisl.

916 2644 1014 2680 primo
1031 2647 1058 2671 et
1074 2645 1150 2671 Meti.

953 2682 1009 2713 (Sed)
1040 2680 1242 2716 lima-naccam.
1273 2680 1367 2708 Coisl.
1398 2681 1515 2716 primus
1548 2680 1740 2716 ἐπεισεὶσομεν,

918 2716 990 2744 Vat.
1009 2715 1110 2748 Paris,
1127 2716 1213 2743 Coisl.
1229 2717 1380 2744 secundus
1395 2715 1423 2744 et
1438 2718 1508 2751 Reg.
1521 2715 1743 2744 secundus'ém-

919 2760 1047 2777 GEL’TOuSV.

955 2778 1011 2824 (87')
1049 2789 1203 2824 Φερὸμενοι.
1245 2787 1340 2815 Coisl.
1379 2787 1495 2824 primus
1534 2790 1746 2824 περιφερόμενοι.

922 2822 1012 2850 Paulo
1024 2822 1092 2859 post
1113 2822 1196 2852 deest
1211 2824 1240 2852 in
1257 2823 1363 2851 eodem
1380 2822 1485 2851 codice
1511 2826 1538 2851 et
1557 2822 1589 2850 in
1608 2822 1746 2852 Medicina
