  <div class='ocr_page' id='page_1' title='image "/cluster/home/n/w/nwhite01/storage/ocr_20150623/32/njp.32101077772539/454.png"; bbox 0 0 2004 3145; ppageno 0'>
   <div class='ocr_carea' id='block_1_1' title="bbox 96 131 150 164">
    <p class='ocr_par' dir='ltr' id='par_1_1' title="bbox 96 131 150 164">
     <span class='ocr_line' id='line_1_1' title="bbox 96 131 150 164; baseline 0.019 -1"><span class='ocrx_word' id='word_1_1' title='bbox 96 131 150 164; x_wconf 69' lang='grc'>863</span> 
     </span>
    </p>
   </div>
   <div class='ocr_carea' id='block_1_2' title="bbox 555 123 1314 162">
    <p class='ocr_par' dir='ltr' id='par_1_2' title="bbox 555 123 1314 162">
     <span class='ocr_line' id='line_1_2' title="bbox 555 123 1314 162; baseline -0.003 0"><span class='ocrx_word' id='word_1_2' title='bbox 555 132 798 162; x_wconf 72' lang='lat' dir='ltr'>EPISTOLARUM</span> <span class='ocrx_word' id='word_1_3' title='bbox 818 123 958 161; x_wconf 77' lang='lat' dir='ltr'>CLASSIS</span> <span class='ocrx_word' id='word_1_4' title='bbox 977 131 1010 161; x_wconf 84' lang='grc' dir='ltr'>ιι.</span> <span class='ocrx_word' id='word_1_5' title='bbox 1030 123 1138 161; x_wconf 78' lang='lat' dir='ltr'>Eplsr.</span> <span class='ocrx_word' id='word_1_6' title='bbox 1158 131 1314 161; x_wconf 86' lang='lat' dir='ltr'>ccxxxm.</span> 
     </span>
    </p>
   </div>
   <div class='ocr_carea' id='block_1_3' title="bbox 1721 128 1775 162">
    <p class='ocr_par' dir='ltr' id='par_1_3' title="bbox 1721 128 1775 162">
     <span class='ocr_line' id='line_1_3' title="bbox 1721 128 1775 162; baseline 0 -1"><span class='ocrx_word' id='word_1_7' title='bbox 1721 128 1775 162; x_wconf 74' lang='lat'>866</span> 
     </span>
    </p>
   </div>
   <div class='ocr_carea' id='block_1_4' title="bbox 97 193 912 234">
    <p class='ocr_par' dir='ltr' id='par_1_4' title="bbox 97 195 912 234">
     <span class='ocr_line' id='line_1_4' title="bbox 97 195 912 234; baseline -0.002 -11"><span class='ocrx_word' id='word_1_8' title='bbox 97 207 140 228; x_wconf 83' lang='grc' dir='ltr'>κις</span> <span class='ocrx_word' id='word_1_9' title='bbox 154 197 200 234; x_wconf 65' lang='grc' dir='ltr'>μὶν</span> <span class='ocrx_word' id='word_1_10' title='bbox 227 198 416 233; x_wconf 72' lang='grc' dir='ltr'>φαντασιοῠται</span> <span class='ocrx_word' id='word_1_11' title='bbox 443 197 503 232; x_wconf 84' lang='grc' dir='ltr'>περὶ</span> <span class='ocrx_word' id='word_1_12' title='bbox 516 199 567 222; x_wconf 82' lang='grc' dir='ltr'>τῶν</span> <span class='ocrx_word' id='word_1_13' title='bbox 581 195 629 222; x_wconf 79' lang='grc' dir='ltr'>οὐκ</span> <span class='ocrx_word' id='word_1_14' title='bbox 653 197 730 222; x_wconf 80' lang='grc' dir='ltr'>ὄντων</span> <span class='ocrx_word' id='word_1_15' title='bbox 756 195 788 224; x_wconf 84' lang='grc' dir='ltr'>ὡς</span> <span class='ocrx_word' id='word_1_16' title='bbox 807 196 912 229; x_wconf 45' lang='grc' dir='ltr'>ὅντωνν</span> 
     </span>
    </p>
   </div>
   <div class='ocr_carea' id='block_1_5' title="bbox 960 193 1776 234">
    <p class='ocr_par' dir='ltr' id='par_1_5' title="bbox 960 193 1776 230">
     <span class='ocr_line' id='line_1_5' title="bbox 960 193 1776 230; baseline 0.001 -8"><span class='ocrx_word' id='word_1_17' title='bbox 960 201 1019 222; x_wconf 58' lang='lat' dir='ltr'>tum</span> <span class='ocrx_word' id='word_1_18' title='bbox 1051 193 1082 222; x_wconf 91' lang='lat' dir='ltr'>in</span> <span class='ocrx_word' id='word_1_19' title='bbox 1105 195 1251 230; x_wconf 88' lang='lat' dir='ltr'>perpetuo</span> <span class='ocrx_word' id='word_1_20' title='bbox 1282 193 1368 221; x_wconf 84' lang='lat' dir='ltr'>motu</span> <span class='ocrx_word' id='word_1_21' title='bbox 1400 193 1544 228; x_wconf 80' lang='lat' dir='ltr'>versetur,</span> <span class='ocrx_word' id='word_1_22' title='bbox 1576 200 1655 229; x_wconf 74' lang='lat' dir='ltr'>stepe</span> <span class='ocrx_word' id='word_1_23' title='bbox 1678 201 1776 224; x_wconf 69' lang='lat' dir='ltr'>vanas</span> 
     </span>
    </p>
   </div>
   <div class='ocr_carea' id='block_1_6' title="bbox 97 238 895 277">
    <p class='ocr_par' dir='ltr' id='par_1_6' title="bbox 97 238 895 277">
     <span class='ocr_line' id='line_1_6' title="bbox 97 238 895 277; baseline -0.004 -9"><span class='ocrx_word' id='word_1_24' title='bbox 97 241 225 272; x_wconf 75' lang='grc' dir='ltr'>πολλάκις</span> <span class='ocrx_word' id='word_1_25' title='bbox 240 239 269 268; x_wconf 64' lang='grc' dir='ltr'>δὲ</span> <span class='ocrx_word' id='word_1_26' title='bbox 282 239 426 270; x_wconf 76' lang='grc' dir='ltr'>εύθυϐόλως</span> <span class='ocrx_word' id='word_1_27' title='bbox 441 239 482 267; x_wconf 72' lang='grc' dir='ltr'>ἰπὶ</span> <span class='ocrx_word' id='word_1_28' title='bbox 494 242 541 269; x_wconf 80' lang='grc' dir='ltr'>τὴν</span> <span class='ocrx_word' id='word_1_29' title='bbox 561 240 683 270; x_wconf 78' lang='grc' dir='ltr'>ἀλήθειαν</span> <span class='ocrx_word' id='word_1_30' title='bbox 699 242 810 277; x_wconf 76' lang='grc' dir='ltr'>φέρεται.</span> <span class='ocrx_word' id='word_1_31' title='bbox 827 238 895 265; x_wconf 79' lang='grc' dir='ltr'>Ἀλλ’</span> 
     </span>
    </p>
   </div>
   <div class='ocr_carea' id='block_1_7' title="bbox 97 282 898 321">
    <p class='ocr_par' dir='ltr' id='par_1_7' title="bbox 97 282 898 321">
     <span class='ocr_line' id='line_1_7' title="bbox 97 282 898 321; baseline -0.002 -10"><span class='ocrx_word' id='word_1_32' title='bbox 97 282 191 314; x_wconf 78' lang='grc' dir='ltr'>ὶπιιδή</span> <span class='ocrx_word' id='word_1_33' title='bbox 202 285 285 320; x_wconf 78' lang='grc' dir='ltr'>τούτῳ</span> <span class='ocrx_word' id='word_1_34' title='bbox 296 282 385 311; x_wconf 81' lang='grc' dir='ltr'>διτται</span> <span class='ocrx_word' id='word_1_35' title='bbox 400 282 525 320; x_wconf 76' lang='grc' dir='ltr'>δυνάμεις</span> <span class='ocrx_word' id='word_1_36' title='bbox 535 286 739 321; x_wconf 78' lang='grc' dir='ltr'>παραπεφύκασι</span> <span class='ocrx_word' id='word_1_37' title='bbox 754 285 819 319; x_wconf 71' lang='grc'>(24),</span> <span class='ocrx_word' id='word_1_38' title='bbox 829 283 898 309; x_wconf 78' lang='grc' dir='ltr'>κατὰ</span> 
     </span>
    </p>
   </div>
   <div class='ocr_carea' id='block_1_8' title="bbox 96 327 895 367">
    <p class='ocr_par' dir='ltr' id='par_1_8' title="bbox 96 327 895 367">
     <span class='ocr_line' id='line_1_8' title="bbox 96 327 895 367; baseline -0.004 -11"><span class='ocrx_word' id='word_1_39' title='bbox 96 331 146 358; x_wconf 81' lang='grc' dir='ltr'>τὴν</span> <span class='ocrx_word' id='word_1_40' title='bbox 164 330 288 367; x_wconf 74' lang='grc' dir='ltr'>ἡμετέραν</span> <span class='ocrx_word' id='word_1_41' title='bbox 306 333 356 355; x_wconf 86' lang='grc' dir='ltr'>τῶν</span> <span class='ocrx_word' id='word_1_42' title='bbox 368 329 404 360; x_wconf 71' lang='grc' dir='ltr'>εἰς</span> <span class='ocrx_word' id='word_1_43' title='bbox 419 330 484 356; x_wconf 84' lang='grc' dir='ltr'>Θεὸν</span> <span class='ocrx_word' id='word_1_44' title='bbox 499 331 709 356; x_wconf 74' lang='grc' dir='ltr'>πεπιστευκότων</span> <span class='ocrx_word' id='word_1_45' title='bbox 724 327 866 363; x_wconf 72' lang='grc' dir='ltr'>ὑπόληψιν,</span> <span class='ocrx_word' id='word_1_46' title='bbox 881 328 895 356; x_wconf 72' lang='grc' dir='ltr'><strong>ἦ</strong></span> 
     </span>
    </p>
   </div>
   <div class='ocr_carea' id='block_1_9' title="bbox 94 371 898 411">
    <p class='ocr_par' dir='ltr' id='par_1_9' title="bbox 94 371 898 411">
     <span class='ocr_line' id='line_1_9' title="bbox 94 371 898 411; baseline -0.002 -11"><span class='ocrx_word' id='word_1_47' title='bbox 94 375 141 410; x_wconf 72' lang='grc' dir='ltr'>μὶν</span> <span class='ocrx_word' id='word_1_48' title='bbox 157 375 270 411; x_wconf 80' lang='grc' dir='ltr'>πονηρὰ,</span> <span class='ocrx_word' id='word_1_49' title='bbox 285 374 299 402; x_wconf 80' lang='grc' dir='ltr'>ἡ</span> <span class='ocrx_word' id='word_1_50' title='bbox 314 377 364 399; x_wconf 88' lang='grc' dir='ltr'>τῶν</span> <span class='ocrx_word' id='word_1_51' title='bbox 380 371 524 410; x_wconf 47' lang='grc' dir='ltr'>ὁλοιιμόνων⁷</span> <span class='ocrx_word' id='word_1_52' title='bbox 543 375 608 411; x_wconf 86' lang='grc' dir='ltr'>πρὸς</span> <span class='ocrx_word' id='word_1_53' title='bbox 623 376 669 402; x_wconf 79' lang='grc' dir='ltr'>τὴν</span> <span class='ocrx_word' id='word_1_54' title='bbox 686 371 756 399; x_wconf 79' lang='grc' dir='ltr'>ἰδίαν</span> <span class='ocrx_word' id='word_1_55' title='bbox 778 372 898 399; x_wconf 73' lang='grc' dir='ltr'>ἀποστα-</span> 
     </span>
    </p>
   </div>
   <div class='ocr_carea' id='block_1_10' title="bbox 97 416 898 455">
    <p class='ocr_par' dir='ltr' id='par_1_10' title="bbox 97 416 898 455">
     <span class='ocr_line' id='line_1_10' title="bbox 97 416 898 455; baseline -0.002 -10"><span class='ocrx_word' id='word_1_56' title='bbox 97 420 156 445; x_wconf 81' lang='grc' dir='ltr'>σίαν</span> <span class='ocrx_word' id='word_1_57' title='bbox 182 419 252 454; x_wconf 76' lang='grc' dir='ltr'>ἡμᾶς</span> <span class='ocrx_word' id='word_1_58' title='bbox 279 417 494 454; x_wconf 77' lang='grc' dir='ltr'>συνεφελκομένη,</span> <span class='ocrx_word' id='word_1_59' title='bbox 518 418 533 447; x_wconf 82' lang='grc' dir='ltr'><strong>ἠ</strong></span> <span class='ocrx_word' id='word_1_60' title='bbox 564 417 594 445; x_wconf 57' lang='grc' dir='ltr'>δι</span> <span class='ocrx_word' id='word_1_61' title='bbox 622 419 737 455; x_wconf 78' lang='grc' dir='ltr'>θειοτέρα</span> <span class='ocrx_word' id='word_1_62' title='bbox 755 420 800 444; x_wconf 76' lang='grc' dir='ltr'>καὶ</span> <span class='ocrx_word' id='word_1_63' title='bbox 815 416 898 453; x_wconf 74' lang='grc' dir='ltr'>ἀγαθὴ</span> 
     </span>
    </p>
   </div>
   <div class='ocr_carea' id='block_1_11' title="bbox 94 462 898 500">
    <p class='ocr_par' dir='ltr' id='par_1_11' title="bbox 94 462 898 500">
     <span class='ocr_line' id='line_1_11' title="bbox 94 462 898 500; baseline -0.002 -11"><span class='ocrx_word' id='word_1_64' title='bbox 94 464 161 500; x_wconf 82' lang='grc' dir='ltr'>πρὸς</span> <span class='ocrx_word' id='word_1_65' title='bbox 171 464 219 492; x_wconf 77' lang='grc' dir='ltr'>τὴν</span> <span class='ocrx_word' id='word_1_66' title='bbox 233 466 280 489; x_wconf 84' lang='grc' dir='ltr'>τοῦ</span> <span class='ocrx_word' id='word_1_67' title='bbox 296 466 362 489; x_wconf 84' lang='grc' dir='ltr'>Θεοῦ</span> <span class='ocrx_word' id='word_1_68' title='bbox 388 463 512 499; x_wconf 83' lang='grc' dir='ltr'>ὁμοίωσιν</span> <span class='ocrx_word' id='word_1_69' title='bbox 532 463 603 499; x_wconf 85' lang='grc' dir='ltr'>ἡμᾶς</span> <span class='ocrx_word' id='word_1_70' title='bbox 617 462 752 499; x_wconf 69' lang='grc' dir='ltr'>ἀνάγουσαι</span> <span class='ocrx_word' id='word_1_71' title='bbox 763 470 769 477; x_wconf 83' lang='grc'><em>’</em></span> <span class='ocrx_word' id='word_1_72' title='bbox 782 462 840 488; x_wconf 84' lang='grc' dir='ltr'>ὅταν</span> <span class='ocrx_word' id='word_1_73' title='bbox 853 463 898 498; x_wconf 64' lang='grc' dir='ltr'>μὲν</span> 
     </span>
    </p>
   </div>
   <div class='ocr_carea' id='block_1_12' title="bbox 93 503 898 545">
    <p class='ocr_par' dir='ltr' id='par_1_12' title="bbox 93 503 898 545">
     <span class='ocr_line' id='line_1_12' title="bbox 93 503 898 545; baseline 0.001 -12"><span class='ocrx_word' id='word_1_74' title='bbox 93 507 131 544; x_wconf 57' lang='grc' dir='ltr'>ἄρ’</span> <span class='ocrx_word' id='word_1_75' title='bbox 145 507 238 534; x_wconf 74' lang='grc' dir='ltr'>ἑαυτοῦ</span> <span class='ocrx_word' id='word_1_76' title='bbox 248 509 311 544; x_wconf 75' lang='grc' dir='ltr'>μένῃ</span> <span class='ocrx_word' id='word_1_77' title='bbox 326 508 338 533; x_wconf 83' lang='grc' dir='ltr'><strong>ὀ</strong></span> <span class='ocrx_word' id='word_1_78' title='bbox 353 511 422 539; x_wconf 80' lang='grc' dir='ltr'>νοῦς,</span> <span class='ocrx_word' id='word_1_79' title='bbox 434 509 516 544; x_wconf 78' lang='grc' dir='ltr'>μικρὰ</span> <span class='ocrx_word' id='word_1_80' title='bbox 531 508 632 545; x_wconf 84' lang='grc' dir='ltr'>καθορᾲ</span> <span class='ocrx_word' id='word_1_81' title='bbox 645 510 690 534; x_wconf 83' lang='grc' dir='ltr'>καὶ</span> <span class='ocrx_word' id='word_1_82' title='bbox 705 509 737 533; x_wconf 79' lang='grc' dir='ltr'>τὰ</span> <span class='ocrx_word' id='word_1_83' title='bbox 750 507 832 542; x_wconf 83' lang='grc' dir='ltr'>ἑαυτῷ</span> <span class='ocrx_word' id='word_1_84' title='bbox 842 503 898 541; x_wconf 80' lang='grc'>(25)</span> 
     </span>
    </p>
   </div>
   <div class='ocr_carea' id='block_1_13' title="bbox 94 549 900 589">
    <p class='ocr_par' dir='ltr' id='par_1_13' title="bbox 94 549 900 589">
     <span class='ocr_line' id='line_1_13' title="bbox 94 549 900 589; baseline -0.002 -11"><span class='ocrx_word' id='word_1_85' title='bbox 94 553 235 589; x_wconf 81' lang='grc' dir='ltr'>σύμμετρα</span> <span class='ocrx_word' id='word_1_86' title='bbox 244 560 250 566; x_wconf 93' lang='grc'><strong>·</strong></span> <span class='ocrx_word' id='word_1_87' title='bbox 269 552 330 578; x_wconf 81' lang='grc' dir='ltr'>ὅταν</span> <span class='ocrx_word' id='word_1_88' title='bbox 346 550 376 578; x_wconf 68' lang='grc' dir='ltr'>δὲ</span> <span class='ocrx_word' id='word_1_89' title='bbox 386 555 441 582; x_wconf 87' lang='grc' dir='ltr'>τοῖς</span> <span class='ocrx_word' id='word_1_90' title='bbox 454 551 589 578; x_wconf 73' lang='grc' dir='ltr'>ἀπατῶσιν</span> <span class='ocrx_word' id='word_1_91' title='bbox 603 552 693 578; x_wconf 83' lang='grc' dir='ltr'>ἑαυτὸν</span> <span class='ocrx_word' id='word_1_92' title='bbox 705 549 798 587; x_wconf 77' lang='grc' dir='ltr'>ἐπιδῷ,</span> <span class='ocrx_word' id='word_1_93' title='bbox 810 550 900 587; x_wconf 76' lang='grc' dir='ltr'>ἀφανί-</span> 
     </span>
    </p>
   </div>
   <div class='ocr_carea' id='block_1_14' title="bbox 95 595 899 633">
    <p class='ocr_par' dir='ltr' id='par_1_14' title="bbox 95 595 899 633">
     <span class='ocr_line' id='line_1_14' title="bbox 95 595 899 633; baseline -0.002 -10"><span class='ocrx_word' id='word_1_94' title='bbox 95 606 146 627; x_wconf 86' lang='grc' dir='ltr'>σας</span> <span class='ocrx_word' id='word_1_95' title='bbox 160 598 190 622; x_wconf 82' lang='grc' dir='ltr'>τὸ</span> <span class='ocrx_word' id='word_1_96' title='bbox 213 596 305 622; x_wconf 84' lang='grc' dir='ltr'>οἰκεῖον</span> <span class='ocrx_word' id='word_1_97' title='bbox 320 599 465 633; x_wconf 78' lang='grc' dir='ltr'>κριτήριον,</span> <span class='ocrx_word' id='word_1_98' title='bbox 482 599 636 632; x_wconf 78' lang='grc' dir='ltr'>φαντασίαις</span> <span class='ocrx_word' id='word_1_99' title='bbox 657 598 775 622; x_wconf 75' lang='grc' dir='ltr'>σύνεστιν</span> <span class='ocrx_word' id='word_1_100' title='bbox 791 595 899 622; x_wconf 74' lang='grc' dir='ltr'>ἀλλοκό-</span> 
     </span>
    </p>
   </div>
   <div class='ocr_carea' id='block_1_15' title="bbox 93 639 901 676">
    <p class='ocr_par' dir='ltr' id='par_1_15' title="bbox 93 639 901 676">
     <span class='ocr_line' id='line_1_15' title="bbox 93 639 901 676; baseline -0.002 -9"><span class='ocrx_word' id='word_1_101' title='bbox 93 651 159 672; x_wconf 83' lang='grc' dir='ltr'>τοις.</span> <span class='ocrx_word' id='word_1_102' title='bbox 175 643 240 667; x_wconf 84' lang='grc' dir='ltr'>Τότε</span> <span class='ocrx_word' id='word_1_103' title='bbox 254 643 299 667; x_wconf 81' lang='grc' dir='ltr'>καὶ</span> <span class='ocrx_word' id='word_1_104' title='bbox 313 642 342 666; x_wconf 91' lang='grc' dir='ltr'><strong>τό</strong></span> <span class='ocrx_word' id='word_1_105' title='bbox 364 640 437 672; x_wconf 82' lang='grc' dir='ltr'>ξύλον</span> <span class='ocrx_word' id='word_1_106' title='bbox 459 640 522 676; x_wconf 78' lang='grc' dir='ltr'>οὐχὶ</span> <span class='ocrx_word' id='word_1_107' title='bbox 543 641 616 672; x_wconf 86' lang='grc' dir='ltr'>ξύλον</span> <span class='ocrx_word' id='word_1_108' title='bbox 632 639 697 667; x_wconf 81' lang='grc' dir='ltr'>εἶναι</span> <span class='ocrx_word' id='word_1_109' title='bbox 710 640 821 676; x_wconf 78' lang='grc' dir='ltr'>νομίζει,</span> <span class='ocrx_word' id='word_1_110' title='bbox 836 639 901 665; x_wconf 72' lang='grc' dir='ltr'>ἀλλὰ</span> 
     </span>
    </p>
   </div>
   <div class='ocr_carea' id='block_1_16' title="bbox 97 683 900 723">
    <p class='ocr_par' dir='ltr' id='par_1_16' title="bbox 97 683 900 723">
     <span class='ocr_line' id='line_1_16' title="bbox 97 683 900 723; baseline -0.002 -11"><span class='ocrx_word' id='word_1_111' title='bbox 97 688 164 712; x_wconf 81' lang='grc' dir='ltr'>Θεὸν</span> <span class='ocrx_word' id='word_1_112' title='bbox 178 695 184 702; x_wconf 91' lang='grc'><strong>·</strong></span> <span class='ocrx_word' id='word_1_113' title='bbox 214 687 259 711; x_wconf 82' lang='grc' dir='ltr'>καὶ</span> <span class='ocrx_word' id='word_1_114' title='bbox 287 686 391 722; x_wconf 81' lang='grc' dir='ltr'>χρυσὸν</span> <span class='ocrx_word' id='word_1_115' title='bbox 419 685 483 721; x_wconf 81' lang='grc' dir='ltr'>οὐχὶ</span> <span class='ocrx_word' id='word_1_116' title='bbox 502 688 631 723; x_wconf 77' lang='grc' dir='ltr'>χρήματα</span> <span class='ocrx_word' id='word_1_117' title='bbox 653 683 718 711; x_wconf 82' lang='grc' dir='ltr'>εἶναι</span> <span class='ocrx_word' id='word_1_118' title='bbox 732 687 823 721; x_wconf 75' lang='grc' dir='ltr'>κρίνει,</span> <span class='ocrx_word' id='word_1_119' title='bbox 836 683 900 710; x_wconf 74' lang='grc' dir='ltr'>ἀλλὰ</span> 
     </span>
    </p>
   </div>
   <div class='ocr_carea' id='block_1_17' title="bbox 98 728 898 767">
    <p class='ocr_par' dir='ltr' id='par_1_17' title="bbox 98 728 898 767">
     <span class='ocr_line' id='line_1_17' title="bbox 98 728 898 767; baseline -0.003 -11"><span class='ocrx_word' id='word_1_120' title='bbox 98 729 266 767; x_wconf 76' lang='grc' dir='ltr'>σεϐάσματα.</span> <span class='ocrx_word' id='word_1_121' title='bbox 296 729 354 756; x_wconf 76' lang='grc' dir='ltr'>Ἐὰν</span> <span class='ocrx_word' id='word_1_122' title='bbox 384 728 413 755; x_wconf 69' lang='grc' dir='ltr'>δὲ</span> <span class='ocrx_word' id='word_1_123' title='bbox 439 731 504 766; x_wconf 89' lang='grc' dir='ltr'>πρὸς</span> <span class='ocrx_word' id='word_1_124' title='bbox 536 732 584 759; x_wconf 86' lang='grc' dir='ltr'>τὴν</span> <span class='ocrx_word' id='word_1_125' title='bbox 614 730 743 765; x_wconf 76' lang='grc' dir='ltr'>θειοτέραν</span> <span class='ocrx_word' id='word_1_126' title='bbox 769 728 898 765; x_wconf 76' lang='grc' dir='ltr'>ἀπονεύσῃ</span> 
     </span>
    </p>
   </div>
   <div class='ocr_carea' id='block_1_18' title="bbox 98 772 899 811">
    <p class='ocr_par' dir='ltr' id='par_1_18' title="bbox 98 772 899 811">
     <span class='ocr_line' id='line_1_18' title="bbox 98 772 899 811; baseline -0.002 -11"><span class='ocrx_word' id='word_1_127' title='bbox 98 772 207 811; x_wconf 70' lang='grc' dir='ltr'>μερίδα,</span> <span class='ocrx_word' id='word_1_128' title='bbox 220 776 265 800; x_wconf 80' lang='grc' dir='ltr'>καὶ</span> <span class='ocrx_word' id='word_1_129' title='bbox 280 775 327 804; x_wconf 88' lang='grc' dir='ltr'>τὰς</span> <span class='ocrx_word' id='word_1_130' title='bbox 351 777 396 801; x_wconf 82' lang='grc' dir='ltr'>τοῦ</span> <span class='ocrx_word' id='word_1_131' title='bbox 421 775 568 810; x_wconf 83' lang='grc' dir='ltr'>Πνεύματος</span> <span class='ocrx_word' id='word_1_132' title='bbox 593 772 752 805; x_wconf 78' lang='grc' dir='ltr'>ὑποδέξηται</span> <span class='ocrx_word' id='word_1_133' title='bbox 774 774 899 810; x_wconf 80' lang='grc' dir='ltr'>χάριτας,</span> 
     </span>
    </p>
   </div>
   <div class='ocr_carea' id='block_1_19' title="bbox 98 818 901 856">
    <p class='ocr_par' dir='ltr' id='par_1_19' title="bbox 98 818 901 856">
     <span class='ocr_line' id='line_1_19' title="bbox 98 818 901 856; baseline -0.002 -10"><span class='ocrx_word' id='word_1_134' title='bbox 98 822 159 846; x_wconf 78' lang='grc' dir='ltr'>τότε</span> <span class='ocrx_word' id='word_1_135' title='bbox 172 822 272 855; x_wconf 79' lang='grc' dir='ltr'>γίνεται</span> <span class='ocrx_word' id='word_1_136' title='bbox 298 823 348 845; x_wconf 85' lang='grc' dir='ltr'>τῶν</span> <span class='ocrx_word' id='word_1_137' title='bbox 369 820 501 856; x_wconf 81' lang='grc' dir='ltr'>θειοτέρων</span> <span class='ocrx_word' id='word_1_138' title='bbox 526 819 731 853; x_wconf 78' lang='grc' dir='ltr'>καταληπτικός,</span> <span class='ocrx_word' id='word_1_139' title='bbox 747 818 807 844; x_wconf 84' lang='grc' dir='ltr'>ὅσον</span> <span class='ocrx_word' id='word_1_140' title='bbox 821 818 901 844; x_wconf 71' lang='grc' dir='ltr'>αὐτοῦ</span> 
     </span>
    </p>
   </div>
   <div class='ocr_carea' id='block_1_20' title="bbox 98 861 936 901">
    <p class='ocr_par' dir='ltr' id='par_1_20' title="bbox 98 861 936 901">
     <span class='ocr_line' id='line_1_20' title="bbox 98 861 936 901; baseline -0.002 -11"><span class='ocrx_word' id='word_1_141' title='bbox 98 868 131 901; x_wconf 80' lang='grc' dir='ltr'>τῇ</span> <span class='ocrx_word' id='word_1_142' title='bbox 168 865 245 900; x_wconf 73' lang='grc' dir='ltr'>φύσει</span> <span class='ocrx_word' id='word_1_143' title='bbox 274 865 436 901; x_wconf 80' lang='grc' dir='ltr'>σύμμετρον.</span> <span class='ocrx_word' id='word_1_144' title='bbox 470 867 546 900; x_wconf 83' lang='grc' dir='ltr'>Τρεῖς</span> <span class='ocrx_word' id='word_1_145' title='bbox 574 861 617 890; x_wconf 81' lang='grc' dir='ltr'>οὖν</span> <span class='ocrx_word' id='word_1_146' title='bbox 647 863 712 890; x_wconf 78' lang='grc' dir='ltr'>εἰσιν</span> <span class='ocrx_word' id='word_1_147' title='bbox 735 864 811 889; x_wconf 83' lang='grc' dir='ltr'>οἱονεὶ</span> <span class='ocrx_word' id='word_1_148' title='bbox 836 861 900 898; x_wconf 85' lang='grc' dir='ltr'>βίων</span> <span class='ocrx_word' id='word_1_149' title='bbox 917 871 936 898; x_wconf 77' lang='grc' dir='ltr'>Β</span> 
     </span>
    </p>
   </div>
   <div class='ocr_carea' id='block_1_21' title="bbox 99 908 901 945">
    <p class='ocr_par' dir='ltr' id='par_1_21' title="bbox 99 908 901 945">
     <span class='ocr_line' id='line_1_21' title="bbox 99 908 901 945; baseline -0.002 -11"><span class='ocrx_word' id='word_1_150' title='bbox 99 908 278 939; x_wconf 74' lang='grc' dir='ltr'>καταστάσεις</span> <span class='ocrx_word' id='word_1_151' title='bbox 292 918 298 925; x_wconf 93' lang='grc'><strong>·</strong></span> <span class='ocrx_word' id='word_1_152' title='bbox 327 910 372 934; x_wconf 81' lang='grc' dir='ltr'>καὶ</span> <span class='ocrx_word' id='word_1_153' title='bbox 400 908 537 945; x_wconf 82' lang='grc' dir='ltr'>ὶσάριθμοι</span> <span class='ocrx_word' id='word_1_154' title='bbox 551 909 654 938; x_wconf 75' lang='grc' dir='ltr'>τούτοις</span> <span class='ocrx_word' id='word_1_155' title='bbox 669 908 696 934; x_wconf 84' lang='grc' dir='ltr'>αἱ</span> <span class='ocrx_word' id='word_1_156' title='bbox 710 911 756 933; x_wconf 87' lang='grc' dir='ltr'>τοῦ</span> <span class='ocrx_word' id='word_1_157' title='bbox 771 910 815 933; x_wconf 80' lang='grc' dir='ltr'>νοῦ</span> <span class='ocrx_word' id='word_1_158' title='bbox 829 908 901 943; x_wconf 81' lang='grc' dir='ltr'>ἡμῶν</span> 
     </span>
    </p>
   </div>
   <div class='ocr_carea' id='block_1_22' title="bbox 99 951 902 991">
    <p class='ocr_par' dir='ltr' id='par_1_22' title="bbox 99 951 902 991">
     <span class='ocr_line' id='line_1_22' title="bbox 99 951 902 991; baseline -0.004 -11"><span class='ocrx_word' id='word_1_159' title='bbox 99 953 236 990; x_wconf 54' lang='grc' dir='ltr'>ἐνέργειαι.</span> <span class='ocrx_word' id='word_1_160' title='bbox 251 953 283 979; x_wconf 85' lang='grc' dir='ltr'><strong>Ἦ</strong></span> <span class='ocrx_word' id='word_1_161' title='bbox 299 953 350 991; x_wconf 70' lang='grc' dir='ltr'>γὰρ</span> <span class='ocrx_word' id='word_1_162' title='bbox 373 954 474 989; x_wconf 84' lang='grc' dir='ltr'>πονηρὰ</span> <span class='ocrx_word' id='word_1_163' title='bbox 501 954 571 989; x_wconf 75' lang='grc' dir='ltr'>ἡμῶν</span> <span class='ocrx_word' id='word_1_164' title='bbox 590 954 623 978; x_wconf 86' lang='grc' dir='ltr'>τὰ</span> <span class='ocrx_word' id='word_1_165' title='bbox 637 951 844 988; x_wconf 72' lang='grc' dir='ltr'>ἐπιτηδεύματα,</span> <span class='ocrx_word' id='word_1_166' title='bbox 858 953 902 977; x_wconf 78' lang='grc' dir='ltr'>καὶ</span> 
     </span>
    </p>
   </div>
   <div class='ocr_carea' id='block_1_23' title="bbox 99 996 902 1038">
    <p class='ocr_par' dir='ltr' id='par_1_23' title="bbox 99 996 902 1038">
     <span class='ocr_line' id='line_1_23' title="bbox 99 996 902 1038; baseline -0.002 -14"><span class='ocrx_word' id='word_1_167' title='bbox 99 999 204 1034; x_wconf 84' lang='grc' dir='ltr'>πονηρὰ</span> <span class='ocrx_word' id='word_1_168' title='bbox 228 999 301 1034; x_wconf 78' lang='grc' dir='ltr'>ἡμῶν</span> <span class='ocrx_word' id='word_1_169' title='bbox 328 996 449 1038; x_wconf 65' lang='grc' dir='ltr'>δηλονότι</span> <span class='ocrx_word' id='word_1_170' title='bbox 476 999 509 1023; x_wconf 80' lang='grc' dir='ltr'>τὰ</span> <span class='ocrx_word' id='word_1_171' title='bbox 536 1001 582 1023; x_wconf 88' lang='grc' dir='ltr'>τοῦ</span> <span class='ocrx_word' id='word_1_172' title='bbox 603 1001 647 1023; x_wconf 82' lang='grc' dir='ltr'>νοῦ</span> <span class='ocrx_word' id='word_1_173' title='bbox 673 999 822 1033; x_wconf 77' lang='grc' dir='ltr'>κινήματα·</span> <span class='ocrx_word' id='word_1_174' title='bbox 850 997 902 1022; x_wconf 86' lang='grc' dir='ltr'>οἷον</span> 
     </span>
    </p>
   </div>
   <div class='ocr_carea' id='block_1_24' title="bbox 98 1039 901 1079">
    <p class='ocr_par' dir='ltr' id='par_1_24' title="bbox 98 1039 901 1079">
     <span class='ocr_line' id='line_1_24' title="bbox 98 1039 901 1079; baseline -0.001 -11"><span class='ocrx_word' id='word_1_175' title='bbox 98 1045 233 1079; x_wconf 81' lang='grc' dir='ltr'>μοιχεῖαι,</span> <span class='ocrx_word' id='word_1_176' title='bbox 248 1042 353 1076; x_wconf 80' lang='grc' dir='ltr'>κλοπαὶ,</span> <span class='ocrx_word' id='word_1_177' title='bbox 370 1040 590 1079; x_wconf 77' lang='grc' dir='ltr'>εἰδωλολατρείαι,</span> <span class='ocrx_word' id='word_1_178' title='bbox 608 1043 789 1078; x_wconf 76' lang='grc' dir='ltr'>συκοφαντίαι,</span> <span class='ocrx_word' id='word_1_179' title='bbox 806 1039 901 1078; x_wconf 77' lang='grc' dir='ltr'>ἔριδες,</span> 
     </span>
    </p>
   </div>
   <div class='ocr_carea' id='block_1_25' title="bbox 99 1085 903 1124">
    <p class='ocr_par' dir='ltr' id='par_1_25' title="bbox 99 1085 903 1124">
     <span class='ocr_line' id='line_1_25' title="bbox 99 1085 903 1124; baseline -0.001 -12"><span class='ocrx_word' id='word_1_180' title='bbox 99 1088 192 1123; x_wconf 83' lang='grc' dir='ltr'>θυμοὶ,</span> <span class='ocrx_word' id='word_1_181' title='bbox 205 1085 323 1124; x_wconf 72' lang='grc' dir='ltr'>ἂριθεῖαι,</span> <span class='ocrx_word' id='word_1_182' title='bbox 340 1088 494 1122; x_wconf 73' lang='grc' dir='ltr'>φυσιώσεις,</span> <span class='ocrx_word' id='word_1_183' title='bbox 518 1088 564 1112; x_wconf 80' lang='grc' dir='ltr'>καὶ</span> <span class='ocrx_word' id='word_1_184' title='bbox 588 1086 640 1112; x_wconf 86' lang='grc' dir='ltr'>ὅσα</span> <span class='ocrx_word' id='word_1_185' title='bbox 653 1085 678 1113; x_wconf 73' lang='grc' dir='ltr'>ἐν</span> <span class='ocrx_word' id='word_1_186' title='bbox 692 1089 746 1116; x_wconf 81' lang='grc' dir='ltr'>τοῖς</span> <span class='ocrx_word' id='word_1_187' title='bbox 761 1086 844 1122; x_wconf 77' lang='grc' dir='ltr'>ἔργοις</span> <span class='ocrx_word' id='word_1_188' title='bbox 857 1088 903 1114; x_wconf 85' lang='grc' dir='ltr'>τῆς</span> 
     </span>
    </p>
   </div>
   <div class='ocr_carea' id='block_1_26' title="bbox 100 1129 904 1168">
    <p class='ocr_par' dir='ltr' id='par_1_26' title="bbox 100 1129 904 1168">
     <span class='ocr_line' id='line_1_26' title="bbox 100 1129 904 1168; baseline -0.002 -11"><span class='ocrx_word' id='word_1_189' title='bbox 100 1133 201 1168; x_wconf 83' lang='grc' dir='ltr'>σαρκὸς</span> <span class='ocrx_word' id='word_1_190' title='bbox 210 1131 223 1156; x_wconf 81' lang='grc' dir='ltr'><strong><em>ὁ</em></strong></span> <span class='ocrx_word' id='word_1_191' title='bbox 236 1129 382 1162; x_wconf 72' lang='grc' dir='ltr'>ἀπόστολος</span> <span class='ocrx_word' id='word_1_192' title='bbox 398 1130 497 1161; x_wconf 84' lang='grc' dir='ltr'>Παῦλος</span> <span class='ocrx_word' id='word_1_193' title='bbox 508 1129 714 1168; x_wconf 83' lang='grc' dir='ltr'>ἆπηριθμήσατο</span> <span class='ocrx_word' id='word_1_194' title='bbox 726 1138 733 1145; x_wconf 86' lang='grc'><strong>’</strong></span> <span class='ocrx_word' id='word_1_195' title='bbox 745 1130 760 1159; x_wconf 77' lang='grc' dir='ltr'>ἡ</span> <span class='ocrx_word' id='word_1_196' title='bbox 777 1132 844 1166; x_wconf 80' lang='grc' dir='ltr'>μέση</span> <span class='ocrx_word' id='word_1_197' title='bbox 861 1132 904 1160; x_wconf 83' lang='grc' dir='ltr'>τίς</span> 
     </span>
    </p>
   </div>
   <div class='ocr_carea' id='block_1_27' title="bbox 99 1175 903 1212">
    <p class='ocr_par' dir='ltr' id='par_1_27' title="bbox 99 1175 903 1212">
     <span class='ocr_line' id='line_1_27' title="bbox 99 1175 903 1212; baseline -0.004 -9"><span class='ocrx_word' id='word_1_198' title='bbox 99 1175 160 1203; x_wconf 69' lang='grc' dir='ltr'>ἔστι</span> <span class='ocrx_word' id='word_1_199' title='bbox 187 1180 232 1206; x_wconf 83' lang='grc' dir='ltr'>τῆς</span> <span class='ocrx_word' id='word_1_200' title='bbox 257 1175 352 1212; x_wconf 79' lang='grc' dir='ltr'>ψυχῆς</span> <span class='ocrx_word' id='word_1_201' title='bbox 377 1176 392 1205; x_wconf 80' lang='grc' dir='ltr'><strong>ἠ</strong></span> <span class='ocrx_word' id='word_1_202' title='bbox 422 1175 546 1212; x_wconf 69' lang='grc' dir='ltr'>ἐνέργεια,</span> <span class='ocrx_word' id='word_1_203' title='bbox 571 1176 630 1201; x_wconf 74' lang='grc' dir='ltr'>οὔτε</span> <span class='ocrx_word' id='word_1_204' title='bbox 643 1175 851 1211; x_wconf 70' lang='grc' dir='ltr'>κατεγνωσμένον</span> <span class='ocrx_word' id='word_1_205' title='bbox 877 1185 903 1202; x_wconf 87' lang='grc' dir='ltr'>τι</span> 
     </span>
    </p>
   </div>
   <div class='ocr_carea' id='block_1_28' title="bbox 100 1218 903 1256">
    <p class='ocr_par' dir='ltr' id='par_1_28' title="bbox 100 1218 903 1256">
     <span class='ocr_line' id='line_1_28' title="bbox 100 1218 903 1256; baseline 0 -10"><span class='ocrx_word' id='word_1_206' title='bbox 100 1222 217 1256; x_wconf 72' lang='grc' dir='ltr'>ἔχουσα,</span> <span class='ocrx_word' id='word_1_207' title='bbox 232 1221 289 1246; x_wconf 79' lang='grc' dir='ltr'>οὗτε</span> <span class='ocrx_word' id='word_1_208' title='bbox 301 1219 442 1246; x_wconf 71' lang='grc' dir='ltr'>ἕπαινετόν·</span> <span class='ocrx_word' id='word_1_209' title='bbox 457 1221 490 1250; x_wconf 81' lang='grc' dir='ltr'>ὡς</span> <span class='ocrx_word' id='word_1_210' title='bbox 502 1219 516 1249; x_wconf 86' lang='grc' dir='ltr'><strong>ἡ</strong></span> <span class='ocrx_word' id='word_1_211' title='bbox 530 1223 579 1245; x_wconf 87' lang='grc' dir='ltr'>τῶν</span> <span class='ocrx_word' id='word_1_212' title='bbox 591 1218 730 1256; x_wconf 82' lang='grc' dir='ltr'>βαναύσων</span> <span class='ocrx_word' id='word_1_213' title='bbox 740 1220 836 1245; x_wconf 82' lang='grc' dir='ltr'>τούτων</span> <span class='ocrx_word' id='word_1_214' title='bbox 847 1219 903 1255; x_wconf 81' lang='lat'>(26)</span> 
     </span>
    </p>
   </div>
   <div class='ocr_carea' id='block_1_29' title="bbox 100 1263 902 1301">
    <p class='ocr_par' dir='ltr' id='par_1_29' title="bbox 100 1263 902 1301">
     <span class='ocr_line' id='line_1_29' title="bbox 100 1263 902 1301; baseline -0.001 -10"><span class='ocrx_word' id='word_1_215' title='bbox 100 1269 203 1301; x_wconf 83' lang='grc' dir='ltr'>τεχνῶν</span> <span class='ocrx_word' id='word_1_216' title='bbox 218 1264 358 1300; x_wconf 75' lang='grc' dir='ltr'>ἀνάληψις,</span> <span class='ocrx_word' id='word_1_217' title='bbox 382 1265 414 1296; x_wconf 82' lang='grc' dir='ltr'>ἃς</span> <span class='ocrx_word' id='word_1_218' title='bbox 438 1263 472 1294; x_wconf 75' lang='grc' dir='ltr'>δὴ</span> <span class='ocrx_word' id='word_1_219' title='bbox 495 1267 541 1291; x_wconf 82' lang='grc' dir='ltr'>καὶ</span> <span class='ocrx_word' id='word_1_220' title='bbox 564 1266 647 1301; x_wconf 74' lang='grc' dir='ltr'>μέσας</span> <span class='ocrx_word' id='word_1_221' title='bbox 666 1266 902 1301; x_wconf 65' lang='grc' dir='ltr'>προσαγορεύομεν,</span> 
     </span>
    </p>
   </div>
   <div class='ocr_carea' id='block_1_30' title="bbox 100 1307 906 1346">
    <p class='ocr_par' dir='ltr' id='par_1_30' title="bbox 100 1307 906 1346">
     <span class='ocr_line' id='line_1_30' title="bbox 100 1307 906 1346; baseline -0.001 -11"><span class='ocrx_word' id='word_1_222' title='bbox 100 1307 181 1336; x_wconf 68' lang='grc' dir='ltr'>οὐδὲν</span> <span class='ocrx_word' id='word_1_223' title='bbox 194 1313 230 1345; x_wconf 80' lang='grc' dir='ltr'>τῷ</span> <span class='ocrx_word' id='word_1_224' title='bbox 246 1309 343 1336; x_wconf 74' lang='grc' dir='ltr'>ἑαυτῶν</span> <span class='ocrx_word' id='word_1_225' title='bbox 367 1308 436 1345; x_wconf 79' lang='grc' dir='ltr'>λόγῳ</span> <span class='ocrx_word' id='word_1_226' title='bbox 457 1310 520 1346; x_wconf 86' lang='grc' dir='ltr'>πρὸς</span> <span class='ocrx_word' id='word_1_227' title='bbox 542 1308 635 1346; x_wconf 78' lang='grc' dir='ltr'>ἀρετὴν</span> <span class='ocrx_word' id='word_1_228' title='bbox 653 1309 667 1338; x_wconf 78' lang='grc' dir='ltr'><em>ἡ</em></span> <span class='ocrx_word' id='word_1_229' title='bbox 691 1311 784 1335; x_wconf 79' lang='grc' dir='ltr'>κακίαν</span> <span class='ocrx_word' id='word_1_230' title='bbox 800 1308 906 1335; x_wconf 77' lang='grc' dir='ltr'>ἀποκλι-</span> 
     </span>
    </p>
   </div>
   <div class='ocr_carea' id='block_1_31' title="bbox 101 1353 904 1391">
    <p class='ocr_par' dir='ltr' id='par_1_31' title="bbox 101 1353 904 1391">
     <span class='ocr_line' id='line_1_31' title="bbox 101 1353 904 1391; baseline -0.001 -11"><span class='ocrx_word' id='word_1_231' title='bbox 101 1355 211 1384; x_wconf 82' lang='grc' dir='ltr'>νούσας.</span> <span class='ocrx_word' id='word_1_232' title='bbox 229 1355 296 1380; x_wconf 88' lang='grc' dir='ltr'>Ποία</span> <span class='ocrx_word' id='word_1_233' title='bbox 309 1355 360 1391; x_wconf 75' lang='grc' dir='ltr'>γὰρ</span> <span class='ocrx_word' id='word_1_234' title='bbox 377 1356 458 1380; x_wconf 78' lang='grc' dir='ltr'>κακία</span> <span class='ocrx_word' id='word_1_235' title='bbox 471 1353 657 1390; x_wconf 72' lang='grc' dir='ltr'>κυϐερνητικῆς</span> <span class='ocrx_word' id='word_1_236' title='bbox 676 1354 690 1383; x_wconf 77' lang='grc' dir='ltr'>ἡ</span> <span class='ocrx_word' id='word_1_237' title='bbox 709 1353 842 1390; x_wconf 75' lang='grc' dir='ltr'>ἰατρικῆςς</span> <span class='ocrx_word' id='word_1_238' title='bbox 867 1353 904 1380; x_wconf 82' lang='grc' dir='ltr'>Ού</span> 
     </span>
    </p>
   </div>
   <div class='ocr_carea' id='block_1_32' title="bbox 102 1396 904 1435">
    <p class='ocr_par' dir='ltr' id='par_1_32' title="bbox 102 1396 904 1435">
     <span class='ocr_line' id='line_1_32' title="bbox 102 1396 904 1435; baseline -0.001 -10"><span class='ocrx_word' id='word_1_239' title='bbox 102 1400 223 1434; x_wconf 77' lang='grc' dir='ltr'>μέντοιγε</span> <span class='ocrx_word' id='word_1_240' title='bbox 247 1396 309 1425; x_wconf 54' lang='lat' dir='ltr'>add”:</span> <span class='ocrx_word' id='word_1_241' title='bbox 333 1397 424 1435; x_wconf 74' lang='grc' dir='ltr'>ἀρεταὶ</span> <span class='ocrx_word' id='word_1_242' title='bbox 449 1398 527 1425; x_wconf 77' lang='grc' dir='ltr'>αὑταὶ</span> <span class='ocrx_word' id='word_1_243' title='bbox 551 1398 610 1425; x_wconf 83' lang='grc' dir='ltr'>καθ’</span> <span class='ocrx_word' id='word_1_244' title='bbox 625 1398 727 1431; x_wconf 77' lang='grc' dir='ltr'>ἑαυτὰς,</span> <span class='ocrx_word' id='word_1_245' title='bbox 741 1397 794 1424; x_wconf 79' lang='grc' dir='ltr'>ἁλλ’</span> <span class='ocrx_word' id='word_1_246' title='bbox 809 1399 836 1425; x_wconf 74' lang='grc' dir='ltr'>ἐκ</span> <span class='ocrx_word' id='word_1_247' title='bbox 857 1402 904 1429; x_wconf 85' lang='grc' dir='ltr'>τῆς</span> 
     </span>
    </p>
   </div>
   <div class='ocr_carea' id='block_1_33' title="bbox 102 1442 905 1480">
    <p class='ocr_par' dir='ltr' id='par_1_33' title="bbox 102 1442 905 1480">
     <span class='ocr_line' id='line_1_33' title="bbox 102 1442 905 1480; baseline -0.001 -11"><span class='ocrx_word' id='word_1_248' title='bbox 102 1447 157 1469; x_wconf 82' lang='grc' dir='ltr'>τῶν</span> <span class='ocrx_word' id='word_1_249' title='bbox 169 1444 338 1480; x_wconf 72' lang='grc' dir='ltr'>κεχρημένων</span> <span class='ocrx_word' id='word_1_250' title='bbox 348 1443 404 1477; x_wconf 83' lang='grc'>(27)</span> <span class='ocrx_word' id='word_1_251' title='bbox 418 1445 594 1480; x_wconf 76' lang='grc' dir='ltr'>προαιρέσεως</span> <span class='ocrx_word' id='word_1_252' title='bbox 608 1444 672 1480; x_wconf 88' lang='grc' dir='ltr'>πρὸς</span> <span class='ocrx_word' id='word_1_253' title='bbox 686 1444 732 1472; x_wconf 76' lang='grc' dir='ltr'>τὴν</span> <span class='ocrx_word' id='word_1_254' title='bbox 751 1446 797 1469; x_wconf 83' lang='grc' dir='ltr'>τοῦ</span> <span class='ocrx_word' id='word_1_255' title='bbox 819 1442 905 1480; x_wconf 74' lang='grc' dir='ltr'>ἑτέρου</span> 
     </span>
    </p>
   </div>
   <div class='ocr_carea' id='block_1_34' title="bbox 101 1486 903 1524">
    <p class='ocr_par' dir='ltr' id='par_1_34' title="bbox 101 1486 903 1524">
     <span class='ocr_line' id='line_1_34' title="bbox 101 1486 903 1524; baseline -0.001 -10"><span class='ocrx_word' id='word_1_256' title='bbox 101 1491 156 1515; x_wconf 82' lang='grc' dir='ltr'>τῶν</span> <span class='ocrx_word' id='word_1_257' title='bbox 179 1486 358 1524; x_wconf 69' lang='grc' dir='ltr'>ἀντικειμένων</span> <span class='ocrx_word' id='word_1_258' title='bbox 383 1486 554 1514; x_wconf 80' lang='grc' dir='ltr'>ἀποκλίνουσι</span> <span class='ocrx_word' id='word_1_259' title='bbox 579 1491 685 1524; x_wconf 88' lang='grc' dir='ltr'>μοῖραν.</span> <span class='ocrx_word' id='word_1_260' title='bbox 712 1487 741 1513; x_wconf 88' lang='grc'>’0</span> <span class='ocrx_word' id='word_1_261' title='bbox 767 1489 854 1523; x_wconf 78' lang='grc' dir='ltr'>μέντοι</span> <span class='ocrx_word' id='word_1_262' title='bbox 872 1491 903 1523; x_wconf 82' lang='grc' dir='ltr'>τῇ</span> 
     </span>
    </p>
   </div>
   <div class='ocr_carea' id='block_1_35' title="bbox 103 1529 904 1569">
    <p class='ocr_par' dir='ltr' id='par_1_35' title="bbox 103 1529 904 1569">
     <span class='ocr_line' id='line_1_35' title="bbox 103 1529 904 1569; baseline -0.001 -11"><span class='ocrx_word' id='word_1_263' title='bbox 103 1533 211 1561; x_wconf 78' lang='grc' dir='ltr'>θεότητι</span> <span class='ocrx_word' id='word_1_264' title='bbox 222 1535 269 1558; x_wconf 82' lang='grc' dir='ltr'>τοῦ</span> <span class='ocrx_word' id='word_1_265' title='bbox 282 1532 429 1568; x_wconf 79' lang='grc' dir='ltr'>Πνιύματος</span> <span class='ocrx_word' id='word_1_266' title='bbox 444 1531 596 1569; x_wconf 75' lang='grc' dir='ltr'>ἀνακραθεὶς</span> <span class='ocrx_word' id='word_1_267' title='bbox 610 1535 679 1565; x_wconf 75' lang='grc' dir='ltr'>νοῦς,</span> <span class='ocrx_word' id='word_1_268' title='bbox 696 1529 771 1563; x_wconf 80' lang='grc' dir='ltr'>οὗτος</span> <span class='ocrx_word' id='word_1_269' title='bbox 785 1529 839 1561; x_wconf 79' lang='grc' dir='ltr'>ἤδη</span> <span class='ocrx_word' id='word_1_270' title='bbox 855 1535 904 1558; x_wconf 80' lang='grc' dir='ltr'>τῶν</span> 
     </span>
    </p>
   </div>
   <div class='ocr_carea' id='block_1_36' title="bbox 101 1575 906 1613">
    <p class='ocr_par' dir='ltr' id='par_1_36' title="bbox 101 1575 906 1613">
     <span class='ocr_line' id='line_1_36' title="bbox 101 1575 906 1613; baseline -0.001 -11"><span class='ocrx_word' id='word_1_271' title='bbox 101 1576 224 1612; x_wconf 72' lang='grc' dir='ltr'>μεγάλων</span> <span class='ocrx_word' id='word_1_272' title='bbox 247 1575 304 1602; x_wconf 70' lang='grc' dir='ltr'>ἔστι</span> <span class='ocrx_word' id='word_1_273' title='bbox 330 1576 501 1613; x_wconf 82' lang='grc' dir='ltr'>θεωρημάτων</span> <span class='ocrx_word' id='word_1_274' title='bbox 526 1575 674 1608; x_wconf 78' lang='grc' dir='ltr'>ἔποπτικός,</span> <span class='ocrx_word' id='word_1_275' title='bbox 689 1578 733 1601; x_wconf 79' lang='grc' dir='ltr'>καὶ</span> <span class='ocrx_word' id='word_1_276' title='bbox 761 1577 862 1612; x_wconf 84' lang='grc' dir='ltr'>καθορᾲ</span> <span class='ocrx_word' id='word_1_277' title='bbox 873 1576 906 1602; x_wconf 85' lang='grc' dir='ltr'>τὰ</span> 
     </span>
    </p>
   </div>
   <div class='ocr_carea' id='block_1_37' title="bbox 103 1618 905 1656">
    <p class='ocr_par' dir='ltr' id='par_1_37' title="bbox 103 1618 905 1656">
     <span class='ocr_line' id='line_1_37' title="bbox 103 1618 905 1656; baseline -0.001 -9"><span class='ocrx_word' id='word_1_278' title='bbox 103 1621 164 1647; x_wconf 85' lang='grc' dir='ltr'>Θεῑα</span> <span class='ocrx_word' id='word_1_279' title='bbox 195 1619 287 1654; x_wconf 79' lang='grc' dir='ltr'>κάλλη,</span> <span class='ocrx_word' id='word_1_280' title='bbox 319 1624 443 1646; x_wconf 80' lang='grc' dir='ltr'>τοσοῦτον</span> <span class='ocrx_word' id='word_1_281' title='bbox 476 1621 573 1656; x_wconf 82' lang='grc' dir='ltr'>μέντοι,</span> <span class='ocrx_word' id='word_1_282' title='bbox 603 1620 664 1646; x_wconf 80' lang='grc' dir='ltr'>ὅσον</span> <span class='ocrx_word' id='word_1_283' title='bbox 691 1620 706 1649; x_wconf 83' lang='grc' dir='ltr'>ἡ</span> <span class='ocrx_word' id='word_1_284' title='bbox 739 1621 819 1656; x_wconf 76' lang='grc' dir='ltr'>χάρις</span> <span class='ocrx_word' id='word_1_285' title='bbox 838 1618 905 1646; x_wconf 70' lang='grc' dir='ltr'>ἐνδί-</span> 
     </span>
    </p>
   </div>
   <div class='ocr_carea' id='block_1_38' title="bbox 103 1662 790 1700">
    <p class='ocr_par' dir='ltr' id='par_1_38' title="bbox 103 1662 790 1700">
     <span class='ocr_line' id='line_1_38' title="bbox 103 1662 790 1700; baseline 0 -10"><span class='ocrx_word' id='word_1_286' title='bbox 103 1663 177 1691; x_wconf 81' lang='grc' dir='ltr'>δωσι</span> <span class='ocrx_word' id='word_1_287' title='bbox 190 1664 256 1700; x_wconf 74' lang='grc' dir='ltr'>(ῗὸ),</span> <span class='ocrx_word' id='word_1_288' title='bbox 271 1666 316 1690; x_wconf 81' lang='grc' dir='ltr'>καὶ</span> <span class='ocrx_word' id='word_1_289' title='bbox 328 1665 344 1693; x_wconf 82' lang='grc' dir='ltr'>ἡ</span> <span class='ocrx_word' id='word_1_290' title='bbox 358 1667 505 1694; x_wconf 80' lang='grc' dir='ltr'>κατασκευὴ</span> <span class='ocrx_word' id='word_1_291' title='bbox 523 1664 603 1691; x_wconf 75' lang='grc' dir='ltr'>αὑτοῦ</span> <span class='ocrx_word' id='word_1_292' title='bbox 618 1662 790 1700; x_wconf 79' lang='grc' dir='ltr'>ὑποδέχεται.</span> 
     </span>
    </p>
   </div>
   <div class='ocr_carea' id='block_1_39' title="bbox 141 1707 906 1746">
    <p class='ocr_par' dir='ltr' id='par_1_39' title="bbox 141 1707 906 1746">
     <span class='ocr_line' id='line_1_39' title="bbox 141 1707 906 1746; baseline -0.001 -10"><span class='ocrx_word' id='word_1_293' title='bbox 141 1712 170 1737; x_wconf 83' lang='lat'>2.</span> <span class='ocrx_word' id='word_1_294' title='bbox 189 1709 280 1743; x_wconf 69' lang='grc' dir='ltr'>Ὥστε,</span> <span class='ocrx_word' id='word_1_295' title='bbox 305 1709 409 1745; x_wconf 69' lang='grc' dir='ltr'>ἀφέντες</span> <span class='ocrx_word' id='word_1_296' title='bbox 430 1708 529 1740; x_wconf 75' lang='grc' dir='ltr'>ἐκείνας</span> <span class='ocrx_word' id='word_1_297' title='bbox 551 1710 595 1739; x_wconf 77' lang='grc' dir='ltr'>τας</span> <span class='ocrx_word' id='word_1_298' title='bbox 624 1707 790 1740; x_wconf 72' lang='grc' dir='ltr'>διαλεκτικὰς</span> <span class='ocrx_word' id='word_1_299' title='bbox 812 1708 906 1746; x_wconf 69' lang='grc' dir='ltr'>ἐρωτή-</span> 
     </span>
    </p>
   </div>
   <div class='ocr_carea' id='block_1_40' title="bbox 105 1753 907 1790">
    <p class='ocr_par' dir='ltr' id='par_1_40' title="bbox 105 1753 907 1790">
     <span class='ocr_line' id='line_1_40' title="bbox 105 1753 907 1790; baseline -0.004 -9"><span class='ocrx_word' id='word_1_300' title='bbox 105 1763 172 1788; x_wconf 85' lang='grc' dir='ltr'>σεις,</span> <span class='ocrx_word' id='word_1_301' title='bbox 187 1756 223 1790; x_wconf 84' lang='grc' dir='ltr'>μὴ</span> <span class='ocrx_word' id='word_1_302' title='bbox 244 1758 431 1790; x_wconf 76' lang='grc' dir='ltr'>κακεντρεχῶς,</span> <span class='ocrx_word' id='word_1_303' title='bbox 448 1753 501 1779; x_wconf 79' lang='grc' dir='ltr'>ἀλλ’</span> <span class='ocrx_word' id='word_1_304' title='bbox 521 1753 631 1783; x_wconf 71' lang='grc' dir='ltr'>εὐλαϐῶς</span> <span class='ocrx_word' id='word_1_305' title='bbox 657 1753 847 1785; x_wconf 76' lang='grc' dir='ltr'>ἐξεταζέτωσαν</span> <span class='ocrx_word' id='word_1_306' title='bbox 859 1755 907 1782; x_wconf 80' lang='grc' dir='ltr'>τὴν</span> 
     </span>
    </p>
   </div>
   <div class='ocr_carea' id='block_1_41' title="bbox 106 1796 906 1834">
    <p class='ocr_par' dir='ltr' id='par_1_41' title="bbox 106 1796 906 1834">
     <span class='ocr_line' id='line_1_41' title="bbox 106 1796 906 1834; baseline -0.001 -10"><span class='ocrx_word' id='word_1_307' title='bbox 106 1798 242 1827; x_wconf 81' lang='grc' dir='ltr'>ἀλήθειαν.</span> <span class='ocrx_word' id='word_1_308' title='bbox 259 1796 369 1824; x_wconf 76' lang='grc' dir='ltr'>Δέδοται</span> <span class='ocrx_word' id='word_1_309' title='bbox 384 1799 445 1834; x_wconf 78' lang='grc' dir='ltr'>ἡμῖν</span> <span class='ocrx_word' id='word_1_310' title='bbox 472 1800 501 1824; x_wconf 80' lang='grc' dir='ltr'>τὸ</span> <span class='ocrx_word' id='word_1_311' title='bbox 523 1801 567 1824; x_wconf 83' lang='grc' dir='ltr'>τοῦ</span> <span class='ocrx_word' id='word_1_312' title='bbox 591 1802 635 1823; x_wconf 88' lang='grc' dir='ltr'>νοῦ</span> <span class='ocrx_word' id='word_1_313' title='bbox 661 1801 794 1834; x_wconf 80' lang='grc' dir='ltr'>κριτήριον</span> <span class='ocrx_word' id='word_1_314' title='bbox 814 1797 848 1828; x_wconf 85' lang='grc' dir='ltr'>εἰς</span> <span class='ocrx_word' id='word_1_315' title='bbox 861 1800 906 1826; x_wconf 77' lang='grc' dir='ltr'>τὴν</span> 
     </span>
    </p>
   </div>
   <div class='ocr_carea' id='block_1_42' title="bbox 104 1841 908 1874">
    <p class='ocr_par' dir='ltr' id='par_1_42' title="bbox 104 1841 908 1874">
     <span class='ocr_line' id='line_1_42' title="bbox 104 1841 908 1874; baseline 0 -6"><span class='ocrx_word' id='word_1_316' title='bbox 104 1847 156 1873; x_wconf 78' lang='grc' dir='ltr'>τῆς</span> <span class='ocrx_word' id='word_1_317' title='bbox 179 1841 300 1874; x_wconf 75' lang='grc' dir='ltr'>ἀληθείας</span> <span class='ocrx_word' id='word_1_318' title='bbox 325 1844 438 1870; x_wconf 86' lang='grc' dir='ltr'>σύνεσιν.</span> <span class='ocrx_word' id='word_1_319' title='bbox 455 1842 532 1868; x_wconf 78' lang='grc' dir='ltr'>Ἔστι</span> <span class='ocrx_word' id='word_1_320' title='bbox 548 1841 578 1868; x_wconf 74' lang='grc' dir='ltr'>δὲ</span> <span class='ocrx_word' id='word_1_321' title='bbox 596 1843 611 1871; x_wconf 85' lang='grc' dir='ltr'>ἡ</span> <span class='ocrx_word' id='word_1_322' title='bbox 629 1842 800 1871; x_wconf 78' lang='grc' dir='ltr'>αύτοαλὴθεια</span> <span class='ocrx_word' id='word_1_323' title='bbox 817 1843 830 1868; x_wconf 85' lang='grc' dir='ltr'><strong><em>ὁ</em></strong></span> <span class='ocrx_word' id='word_1_324' title='bbox 844 1843 908 1872; x_wconf 83' lang='grc' dir='ltr'>Θεὸς</span> 
     </span>
    </p>
   </div>
   <div class='ocr_carea' id='block_1_43' title="bbox 106 1881 907 1924">
    <p class='ocr_par' dir='ltr' id='par_1_43' title="bbox 106 1881 907 1924">
     <span class='ocr_line' id='line_1_43' title="bbox 106 1881 907 1924; baseline -0.001 -11"><span class='ocrx_word' id='word_1_325' title='bbox 106 1881 193 1923; x_wconf 79' lang='grc' dir='ltr'>ἡμῶν.</span> <span class='ocrx_word' id='word_1_326' title='bbox 209 1886 290 1913; x_wconf 84' lang='grc' dir='ltr'>Ὠστε</span> <span class='ocrx_word' id='word_1_327' title='bbox 300 1888 494 1924; x_wconf 70' lang='grc' dir='ltr'>προηγούμενόν</span> <span class='ocrx_word' id='word_1_328' title='bbox 515 1886 584 1914; x_wconf 80' lang='grc' dir='ltr'>ἐστιν</span> <span class='ocrx_word' id='word_1_329' title='bbox 599 1891 635 1923; x_wconf 81' lang='grc' dir='ltr'>τῷ</span> <span class='ocrx_word' id='word_1_330' title='bbox 649 1891 684 1922; x_wconf 84' lang='grc' dir='ltr'>νῷ</span> <span class='ocrx_word' id='word_1_331' title='bbox 698 1888 742 1913; x_wconf 86' lang='grc' dir='ltr'>τὸν</span> <span class='ocrx_word' id='word_1_332' title='bbox 758 1888 821 1914; x_wconf 82' lang='grc' dir='ltr'>Θεὸν</span> <span class='ocrx_word' id='word_1_333' title='bbox 834 1887 907 1923; x_wconf 77' lang='grc' dir='ltr'>ήμῶν</span> 
     </span>
    </p>
   </div>
   <div class='ocr_carea' id='block_1_44' title="bbox 106 1929 908 1968">
    <p class='ocr_par' dir='ltr' id='par_1_44' title="bbox 106 1929 908 1968">
     <span class='ocr_line' id='line_1_44' title="bbox 106 1929 908 1968; baseline 0 -11"><span class='ocrx_word' id='word_1_334' title='bbox 106 1931 290 1968; x_wconf 75' lang='grc' dir='ltr'>ὶπιγινώσκειν</span> <span class='ocrx_word' id='word_1_335' title='bbox 303 1942 309 1948; x_wconf 90' lang='grc'><strong><em>-</em></strong></span> <span class='ocrx_word' id='word_1_336' title='bbox 326 1931 507 1968; x_wconf 73' lang='grc' dir='ltr'>ἐπιγινώσκειν</span> <span class='ocrx_word' id='word_1_337' title='bbox 527 1929 556 1958; x_wconf 74' lang='grc' dir='ltr'>δὲ</span> <span class='ocrx_word' id='word_1_338' title='bbox 568 1931 647 1961; x_wconf 80' lang='grc' dir='ltr'>οὕτως</span> <span class='ocrx_word' id='word_1_339' title='bbox 668 1932 703 1962; x_wconf 84' lang='grc' dir='ltr'>ὡς</span> <span class='ocrx_word' id='word_1_340' title='bbox 719 1929 829 1958; x_wconf 79' lang='grc' dir='ltr'>δυνατὸν</span> <span class='ocrx_word' id='word_1_341' title='bbox 843 1941 908 1966; x_wconf 80' lang='grc' dir='ltr'>γνω-</span> 
     </span>
    </p>
   </div>
   <div class='ocr_carea' id='block_1_45' title="bbox 921 1546 941 1574">
    <p class='ocr_par' dir='ltr' id='par_1_45' title="bbox 921 1546 941 1574">
     <span class='ocr_line' id='line_1_45' title="bbox 921 1546 941 1574; baseline 0 0"><span class='ocrx_word' id='word_1_342' title='bbox 921 1546 941 1574; x_wconf 91' lang='lat' dir='ltr'>C</span> 
     </span>
    </p>
   </div>
   <div class='ocr_carea' id='block_1_46' title="bbox 144 2046 374 2082">
    <p class='ocr_par' dir='ltr' id='par_1_46' title="bbox 144 2046 374 2082">
     <span class='ocr_line' id='line_1_46' title="bbox 144 2046 374 2082; baseline 0.004 -7"><span class='ocrx_word' id='word_1_343' title='bbox 144 2047 169 2065; x_wconf 77' lang='grc' dir='ltr'>ιι</span> <span class='ocrx_word' id='word_1_344' title='bbox 183 2046 277 2075; x_wconf 83' lang='lat' dir='ltr'>Galat.</span> <span class='ocrx_word' id='word_1_345' title='bbox 289 2055 316 2082; x_wconf 86' lang='lat' dir='ltr'>v,</span> <span class='ocrx_word' id='word_1_346' title='bbox 330 2048 374 2076; x_wconf 71' lang='lat'>49.</span> 
     </span>
    </p>
   </div>
   <div class='ocr_carea' id='block_1_47' title="bbox 145 2144 909 2181">
    <p class='ocr_par' dir='ltr' id='par_1_47' title="bbox 145 2144 909 2181">
     <span class='ocr_line' id='line_1_47' title="bbox 145 2144 909 2181; baseline -0.001 -10"><span class='ocrx_word' id='word_1_347' title='bbox 145 2145 204 2180; x_wconf 70' lang='grc'>(⁵24)</span> <span class='ocrx_word' id='word_1_348' title='bbox 220 2145 437 2181; x_wconf 79' lang='grc' dir='ltr'>Παραπεφύκασι.</span> <span class='ocrx_word' id='word_1_349' title='bbox 451 2144 494 2173; x_wconf 84' lang='lat' dir='ltr'>Ita</span> <span class='ocrx_word' id='word_1_350' title='bbox 517 2146 585 2173; x_wconf 79' lang='lat' dir='ltr'>octo</span> <span class='ocrx_word' id='word_1_351' title='bbox 608 2152 683 2173; x_wconf 84' lang='lat' dir='ltr'>mss.</span> <span class='ocrx_word' id='word_1_352' title='bbox 703 2144 778 2173; x_wconf 75' lang='grc' dir='ltr'>Εάίῐὶ</span> <span class='ocrx_word' id='word_1_353' title='bbox 797 2146 909 2181; x_wconf 73' lang='grc' dir='ltr'>πεφύκα-</span> 
     </span>
    </p>
   </div>
   <div class='ocr_carea' id='block_1_48' title="bbox 109 2180 909 2218">
    <p class='ocr_par' dir='ltr' id='par_1_48' title="bbox 109 2180 909 2218">
     <span class='ocr_line' id='line_1_48' title="bbox 109 2180 909 2218; baseline 0.001 -10"><span class='ocrx_word' id='word_1_354' title='bbox 109 2191 164 2208; x_wconf 85' lang='grc' dir='ltr'>σιν.</span> <span class='ocrx_word' id='word_1_355' title='bbox 184 2181 259 2218; x_wconf 81' lang='lat' dir='ltr'>Illud</span> <span class='ocrx_word' id='word_1_356' title='bbox 272 2184 372 2208; x_wconf 84' lang='lat' dir='ltr'>autem</span> <span class='ocrx_word' id='word_1_357' title='bbox 392 2182 594 2218; x_wconf 58' lang='lat' dir='ltr'>ﬁupdrapﬁzam</span> <span class='ocrx_word' id='word_1_358' title='bbox 612 2180 691 2218; x_wconf 88' lang='lat' dir='ltr'>idem</span> <span class='ocrx_word' id='word_1_359' title='bbox 707 2183 796 2218; x_wconf 84' lang='lat' dir='ltr'>sonat</span> <span class='ocrx_word' id='word_1_360' title='bbox 808 2180 842 2208; x_wconf 82' lang='lat' dir='ltr'>ac</span> <span class='ocrx_word' id='word_1_361' title='bbox 857 2181 909 2218; x_wconf 75' lang='lat' dir='ltr'>ad-</span> 
     </span>
    </p>
   </div>
   <div class='ocr_carea' id='block_1_49' title="bbox 951 237 1776 275">
    <p class='ocr_par' dir='ltr' id='par_1_49' title="bbox 951 237 1776 275">
     <span class='ocr_line' id='line_1_49' title="bbox 951 237 1776 275; baseline 0.001 -9"><span class='ocrx_word' id='word_1_362' title='bbox 951 238 1065 275; x_wconf 87' lang='lat' dir='ltr'>species</span> <span class='ocrx_word' id='word_1_363' title='bbox 1081 238 1139 267; x_wconf 85' lang='lat' dir='ltr'>sibi</span> <span class='ocrx_word' id='word_1_364' title='bbox 1154 238 1270 274; x_wconf 79' lang='lat' dir='ltr'>efﬁngit</span> <span class='ocrx_word' id='word_1_365' title='bbox 1295 237 1333 266; x_wconf 89' lang='lat' dir='ltr'>de</span> <span class='ocrx_word' id='word_1_366' title='bbox 1361 237 1397 265; x_wconf 91' lang='lat' dir='ltr'>iis</span> <span class='ocrx_word' id='word_1_367' title='bbox 1412 245 1480 274; x_wconf 60' lang='lat' dir='ltr'>quin</span> <span class='ocrx_word' id='word_1_368' title='bbox 1504 245 1566 265; x_wconf 88' lang='lat' dir='ltr'>non</span> <span class='ocrx_word' id='word_1_369' title='bbox 1587 239 1667 273; x_wconf 84' lang='lat' dir='ltr'>sunt,</span> <span class='ocrx_word' id='word_1_370' title='bbox 1689 238 1776 275; x_wconf 86' lang='lat' dir='ltr'>quasi</span> 
     </span>
    </p>
   </div>
   <div class='ocr_carea' id='block_1_50' title="bbox 951 282 1778 320">
    <p class='ocr_par' dir='ltr' id='par_1_50' title="bbox 951 282 1778 320">
     <span class='ocr_line' id='line_1_50' title="bbox 951 282 1778 320; baseline 0.002 -9"><span class='ocrx_word' id='word_1_371' title='bbox 951 284 1023 318; x_wconf 89' lang='lat' dir='ltr'>sint;</span> <span class='ocrx_word' id='word_1_372' title='bbox 1040 291 1120 320; x_wconf 67' lang='lat' dir='ltr'>saepe</span> <span class='ocrx_word' id='word_1_373' title='bbox 1142 283 1234 312; x_wconf 88' lang='lat' dir='ltr'>etiam</span> <span class='ocrx_word' id='word_1_374' title='bbox 1254 285 1336 311; x_wconf 89' lang='lat' dir='ltr'>recta</span> <span class='ocrx_word' id='word_1_375' title='bbox 1358 282 1397 311; x_wconf 89' lang='lat' dir='ltr'>ad</span> <span class='ocrx_word' id='word_1_376' title='bbox 1420 282 1575 311; x_wconf 77' lang='lat' dir='ltr'>veritatem</span> <span class='ocrx_word' id='word_1_377' title='bbox 1598 282 1701 312; x_wconf 77' lang='lat' dir='ltr'>fertur.</span> <span class='ocrx_word' id='word_1_378' title='bbox 1719 283 1778 313; x_wconf 88' lang='lat' dir='ltr'>Sed</span> 
     </span>
    </p>
   </div>
   <div class='ocr_carea' id='block_1_51' title="bbox 950 326 1775 364">
    <p class='ocr_par' dir='ltr' id='par_1_51' title="bbox 950 326 1775 364">
     <span class='ocr_line' id='line_1_51' title="bbox 950 326 1775 364; baseline 0.001 -9"><span class='ocrx_word' id='word_1_379' title='bbox 950 328 1023 364; x_wconf 83' lang='lat' dir='ltr'>quia.</span> <span class='ocrx_word' id='word_1_380' title='bbox 1037 327 1105 356; x_wconf 71' lang='lat' dir='ltr'>dum</span> <span class='ocrx_word' id='word_1_381' title='bbox 1120 327 1161 355; x_wconf 91' lang='lat' dir='ltr'>illi</span> <span class='ocrx_word' id='word_1_382' title='bbox 1176 327 1287 355; x_wconf 81' lang='lat' dir='ltr'>adsunt</span> <span class='ocrx_word' id='word_1_383' title='bbox 1299 326 1433 361; x_wconf 74' lang='lat' dir='ltr'>virtutes,</span> <span class='ocrx_word' id='word_1_384' title='bbox 1445 326 1612 355; x_wconf 90' lang='lat' dir='ltr'>secundum</span> <span class='ocrx_word' id='word_1_385' title='bbox 1627 330 1775 363; x_wconf 81' lang='lat' dir='ltr'>nostram,</span> 
     </span>
    </p>
   </div>
   <div class='ocr_carea' id='block_1_52' title="bbox 951 371 1778 409">
    <p class='ocr_par' dir='ltr' id='par_1_52' title="bbox 951 371 1778 409">
     <span class='ocr_line' id='line_1_52' title="bbox 951 371 1778 409; baseline 0.001 -9"><span class='ocrx_word' id='word_1_386' title='bbox 951 373 1004 409; x_wconf 90' lang='lat' dir='ltr'>qui</span> <span class='ocrx_word' id='word_1_387' title='bbox 1020 373 1108 409; x_wconf 81' lang='lat'>356</span> <span class='ocrx_word' id='word_1_388' title='bbox 1124 372 1154 400; x_wconf 92' lang='lat' dir='ltr'>in</span> <span class='ocrx_word' id='word_1_389' title='bbox 1180 372 1274 400; x_wconf 85' lang='lat' dir='ltr'>Deum</span> <span class='ocrx_word' id='word_1_390' title='bbox 1299 371 1461 406; x_wconf 80' lang='lat' dir='ltr'>credimus,</span> <span class='ocrx_word' id='word_1_391' title='bbox 1481 371 1669 406; x_wconf 87' lang='lat' dir='ltr'>sententiam,</span> <span class='ocrx_word' id='word_1_392' title='bbox 1682 380 1778 408; x_wconf 81' lang='lat' dir='ltr'>prava</span> 
     </span>
    </p>
   </div>
   <div class='ocr_carea' id='block_1_53' title="bbox 951 416 1777 453">
    <p class='ocr_par' dir='ltr' id='par_1_53' title="bbox 951 416 1777 453">
     <span class='ocr_line' id='line_1_53' title="bbox 951 416 1777 453; baseline 0.001 -9"><span class='ocrx_word' id='word_1_393' title='bbox 951 424 1022 452; x_wconf 88' lang='lat' dir='ltr'>una,</span> <span class='ocrx_word' id='word_1_394' title='bbox 1035 425 1103 453; x_wconf 64' lang='lat' dir='ltr'>quae</span> <span class='ocrx_word' id='word_1_395' title='bbox 1113 417 1289 445; x_wconf 68' lang='lat' dir='ltr'>daemonum</span> <span class='ocrx_word' id='word_1_396' title='bbox 1300 416 1399 450; x_wconf 81' lang='lat' dir='ltr'>est,ud</span> <span class='ocrx_word' id='word_1_397' title='bbox 1412 416 1566 452; x_wconf 75' lang='lat' dir='ltr'>propriam</span> <span class='ocrx_word' id='word_1_398' title='bbox 1579 416 1777 445; x_wconf 84' lang='lat' dir='ltr'>defectionem</span> 
     </span>
    </p>
   </div>
   <div class='ocr_carea' id='block_1_54' title="bbox 952 460 1776 498">
    <p class='ocr_par' dir='ltr' id='par_1_54' title="bbox 952 460 1776 498">
     <span class='ocr_line' id='line_1_54' title="bbox 952 460 1776 498; baseline -0.001 -9"><span class='ocrx_word' id='word_1_399' title='bbox 952 469 1008 489; x_wconf 88' lang='lat' dir='ltr'>nos</span> <span class='ocrx_word' id='word_1_400' title='bbox 1024 461 1196 495; x_wconf 88' lang='lat' dir='ltr'>attrahens;</span> <span class='ocrx_word' id='word_1_401' title='bbox 1225 460 1354 488; x_wconf 84' lang='lat' dir='ltr'>divinior</span> <span class='ocrx_word' id='word_1_402' title='bbox 1377 460 1469 488; x_wconf 79' lang='lat' dir='ltr'>altera</span> <span class='ocrx_word' id='word_1_403' title='bbox 1484 462 1512 488; x_wconf 87' lang='lat' dir='ltr'>et</span> <span class='ocrx_word' id='word_1_404' title='bbox 1536 460 1630 495; x_wconf 85' lang='lat' dir='ltr'>bona,</span> <span class='ocrx_word' id='word_1_405' title='bbox 1641 469 1709 498; x_wconf 67' lang='lat' dir='ltr'>quae</span> <span class='ocrx_word' id='word_1_406' title='bbox 1720 469 1776 490; x_wconf 84' lang='lat' dir='ltr'>nos</span> 
     </span>
    </p>
   </div>
   <div class='ocr_carea' id='block_1_55' title="bbox 953 504 1777 538">
    <p class='ocr_par' dir='ltr' id='par_1_55' title="bbox 953 504 1777 538">
     <span class='ocr_line' id='line_1_55' title="bbox 953 504 1777 538; baseline -0.001 -4"><span class='ocrx_word' id='word_1_407' title='bbox 953 505 993 534; x_wconf 81' lang='lat' dir='ltr'>ad</span> <span class='ocrx_word' id='word_1_408' title='bbox 1008 505 1059 533; x_wconf 85' lang='lat' dir='ltr'>Dei</span> <span class='ocrx_word' id='word_1_409' title='bbox 1072 505 1300 533; x_wconf 76' lang='lat' dir='ltr'>similitudinem</span> <span class='ocrx_word' id='word_1_410' title='bbox 1314 504 1453 538; x_wconf 81' lang='lat' dir='ltr'>deducit;</span> <span class='ocrx_word' id='word_1_411' title='bbox 1476 512 1561 532; x_wconf 88' lang='lat' dir='ltr'>mens</span> <span class='ocrx_word' id='word_1_412' title='bbox 1576 504 1654 533; x_wconf 87' lang='lat' dir='ltr'>intra</span> <span class='ocrx_word' id='word_1_413' title='bbox 1664 513 1695 533; x_wconf 87' lang='lat' dir='ltr'>se</span> <span class='ocrx_word' id='word_1_414' title='bbox 1707 513 1777 533; x_wconf 87' lang='lat' dir='ltr'>cum</span> 
     </span>
    </p>
   </div>
   <div class='ocr_carea' id='block_1_56' title="bbox 953 548 1776 585">
    <p class='ocr_par' dir='ltr' id='par_1_56' title="bbox 953 548 1776 585">
     <span class='ocr_line' id='line_1_56' title="bbox 953 548 1776 585; baseline -0.001 -7"><span class='ocrx_word' id='word_1_415' title='bbox 953 549 1108 583; x_wconf 81' lang='lat' dir='ltr'>manserit,</span> <span class='ocrx_word' id='word_1_416' title='bbox 1127 557 1222 585; x_wconf 88' lang='lat' dir='ltr'>parva</span> <span class='ocrx_word' id='word_1_417' title='bbox 1236 549 1368 576; x_wconf 87' lang='lat' dir='ltr'>intuetur</span> <span class='ocrx_word' id='word_1_418' title='bbox 1380 556 1415 576; x_wconf 87' lang='lat' dir='ltr'>ac</span> <span class='ocrx_word' id='word_1_419' title='bbox 1425 556 1480 576; x_wconf 91' lang='lat' dir='ltr'>suo</span> <span class='ocrx_word' id='word_1_420' title='bbox 1493 548 1618 576; x_wconf 91' lang='lat' dir='ltr'>modulo</span> <span class='ocrx_word' id='word_1_421' title='bbox 1625 550 1755 585; x_wconf 68' lang='lat' dir='ltr'>aequalia</span> <span class='ocrx_word' id='word_1_422' title='bbox 1770 558 1776 577; x_wconf 90' lang='lat'><strong>:</strong></span> 
     </span>
    </p>
   </div>
   <div class='ocr_carea' id='block_1_57' title="bbox 953 593 1779 630">
    <p class='ocr_par' dir='ltr' id='par_1_57' title="bbox 953 593 1779 630">
     <span class='ocr_line' id='line_1_57' title="bbox 953 593 1779 630; baseline 0 -8"><span class='ocrx_word' id='word_1_423' title='bbox 953 603 1024 622; x_wconf 87' lang='lat' dir='ltr'>cum</span> <span class='ocrx_word' id='word_1_424' title='bbox 1039 602 1109 622; x_wconf 90' lang='lat' dir='ltr'>vero</span> <span class='ocrx_word' id='word_1_425' title='bbox 1135 593 1356 630; x_wconf 77' lang='lat' dir='ltr'>decipientibus</span> <span class='ocrx_word' id='word_1_426' title='bbox 1386 601 1417 620; x_wconf 89' lang='lat' dir='ltr'>se</span> <span class='ocrx_word' id='word_1_427' title='bbox 1443 593 1606 626; x_wconf 80' lang='lat' dir='ltr'>tradiderit,</span> <span class='ocrx_word' id='word_1_428' title='bbox 1622 594 1779 630; x_wconf 84' lang='lat' dir='ltr'>proprium</span> 
     </span>
    </p>
   </div>
   <div class='ocr_carea' id='block_1_58' title="bbox 951 637 1779 675">
    <p class='ocr_par' dir='ltr' id='par_1_58' title="bbox 951 637 1779 675">
     <span class='ocr_line' id='line_1_58' title="bbox 951 637 1779 675; baseline 0 -9"><span class='ocrx_word' id='word_1_429' title='bbox 951 639 1101 675; x_wconf 86' lang='lat' dir='ltr'>judicium</span> <span class='ocrx_word' id='word_1_430' title='bbox 1125 638 1311 672; x_wconf 86' lang='lat' dir='ltr'>oblitterans,</span> <span class='ocrx_word' id='word_1_431' title='bbox 1332 638 1364 666; x_wconf 89' lang='lat' dir='ltr'>in</span> <span class='ocrx_word' id='word_1_432' title='bbox 1389 637 1460 666; x_wconf 89' lang='lat' dir='ltr'>visis</span> <span class='ocrx_word' id='word_1_433' title='bbox 1479 640 1615 666; x_wconf 76' lang='lat' dir='ltr'>versatur</span> <span class='ocrx_word' id='word_1_434' title='bbox 1629 638 1779 667; x_wconf 86' lang='lat' dir='ltr'>absurdis.</span> 
     </span>
    </p>
   </div>
   <div class='ocr_carea' id='block_1_59' title="bbox 954 682 1781 718">
    <p class='ocr_par' dir='ltr' id='par_1_59' title="bbox 954 682 1781 718">
     <span class='ocr_line' id='line_1_59' title="bbox 954 682 1781 718; baseline -0.001 -6"><span class='ocrx_word' id='word_1_435' title='bbox 954 685 1036 712; x_wconf 93' lang='lat' dir='ltr'>Tunc</span> <span class='ocrx_word' id='word_1_436' title='bbox 1060 683 1176 718; x_wconf 79' lang='lat' dir='ltr'>lignum</span> <span class='ocrx_word' id='word_1_437' title='bbox 1208 690 1271 710; x_wconf 87' lang='lat' dir='ltr'>non</span> <span class='ocrx_word' id='word_1_438' title='bbox 1295 682 1411 717; x_wconf 80' lang='lat' dir='ltr'>lignum</span> <span class='ocrx_word' id='word_1_439' title='bbox 1441 690 1508 710; x_wconf 88' lang='lat' dir='ltr'>esse</span> <span class='ocrx_word' id='word_1_440' title='bbox 1537 682 1696 716; x_wconf 83' lang='lat' dir='ltr'>existimat,</span> <span class='ocrx_word' id='word_1_441' title='bbox 1728 683 1781 711; x_wconf 87' lang='lat' dir='ltr'>sed</span> 
     </span>
    </p>
   </div>
   <div class='ocr_carea' id='block_1_60' title="bbox 955 726 1781 763">
    <p class='ocr_par' dir='ltr' id='par_1_60' title="bbox 955 726 1781 763">
     <span class='ocr_line' id='line_1_60' title="bbox 955 726 1781 763; baseline 0 -8"><span class='ocrx_word' id='word_1_442' title='bbox 955 728 1049 755; x_wconf 87' lang='lat' dir='ltr'>Deum</span> <span class='ocrx_word' id='word_1_443' title='bbox 1066 736 1072 755; x_wconf 92' lang='lat'><strong>:</strong></span> <span class='ocrx_word' id='word_1_444' title='bbox 1090 730 1119 755; x_wconf 86' lang='lat' dir='ltr'>et</span> <span class='ocrx_word' id='word_1_445' title='bbox 1134 735 1243 755; x_wconf 87' lang='lat' dir='ltr'>aurum</span> <span class='ocrx_word' id='word_1_446' title='bbox 1254 734 1314 755; x_wconf 79' lang='lat' dir='ltr'>non</span> <span class='ocrx_word' id='word_1_447' title='bbox 1331 726 1494 762; x_wconf 88' lang='lat' dir='ltr'>pecuniam</span> <span class='ocrx_word' id='word_1_448' title='bbox 1508 734 1574 755; x_wconf 86' lang='lat' dir='ltr'>esse</span> <span class='ocrx_word' id='word_1_449' title='bbox 1586 727 1711 763; x_wconf 81' lang='lat' dir='ltr'>judicat,</span> <span class='ocrx_word' id='word_1_450' title='bbox 1728 727 1781 756; x_wconf 84' lang='lat' dir='ltr'>sed</span> 
     </span>
    </p>
   </div>
   <div class='ocr_carea' id='block_1_61' title="bbox 955 770 1782 800">
    <p class='ocr_par' dir='ltr' id='par_1_61' title="bbox 955 770 1782 800">
     <span class='ocr_line' id='line_1_61' title="bbox 955 770 1782 800; baseline 0 0"><span class='ocrx_word' id='word_1_451' title='bbox 955 780 1078 800; x_wconf 91' lang='lat' dir='ltr'>numen.</span> <span class='ocrx_word' id='word_1_452' title='bbox 1107 771 1135 799; x_wconf 89' lang='lat' dir='ltr'>Si</span> <span class='ocrx_word' id='word_1_453' title='bbox 1163 779 1234 799; x_wconf 85' lang='lat' dir='ltr'>vero</span> <span class='ocrx_word' id='word_1_454' title='bbox 1250 771 1289 799; x_wconf 84' lang='lat' dir='ltr'>ad</span> <span class='ocrx_word' id='word_1_455' title='bbox 1310 770 1490 799; x_wconf 84' lang='lat' dir='ltr'>diviniorem</span> <span class='ocrx_word' id='word_1_456' title='bbox 1515 779 1580 799; x_wconf 86' lang='lat' dir='ltr'>sese</span> <span class='ocrx_word' id='word_1_457' title='bbox 1606 771 1782 800; x_wconf 85' lang='lat' dir='ltr'>converterit</span> 
     </span>
    </p>
   </div>
   <div class='ocr_carea' id='block_1_62' title="bbox 955 815 1782 853">
    <p class='ocr_par' dir='ltr' id='par_1_62' title="bbox 955 815 1782 853">
     <span class='ocr_line' id='line_1_62' title="bbox 955 815 1782 853; baseline 0 -9"><span class='ocrx_word' id='word_1_458' title='bbox 955 819 1084 852; x_wconf 85' lang='lat' dir='ltr'>partem,</span> <span class='ocrx_word' id='word_1_459' title='bbox 1099 824 1134 844; x_wconf 87' lang='lat' dir='ltr'>ac</span> <span class='ocrx_word' id='word_1_460' title='bbox 1146 815 1272 852; x_wconf 81' lang='lat' dir='ltr'>Spiritus</span> <span class='ocrx_word' id='word_1_461' title='bbox 1288 815 1454 852; x_wconf 81' lang='lat' dir='ltr'>susceperit</span> <span class='ocrx_word' id='word_1_462' title='bbox 1468 816 1589 851; x_wconf 80' lang='lat' dir='ltr'>gratias,</span> <span class='ocrx_word' id='word_1_463' title='bbox 1604 818 1676 844; x_wconf 90' lang='lat' dir='ltr'>tunc</span> <span class='ocrx_word' id='word_1_464' title='bbox 1689 815 1782 853; x_wconf 87' lang='lat' dir='ltr'>perci-</span> 
     </span>
    </p>
   </div>
   <div class='ocr_carea' id='block_1_63' title="bbox 955 861 1782 898">
    <p class='ocr_par' dir='ltr' id='par_1_63' title="bbox 955 861 1782 898">
     <span class='ocr_line' id='line_1_63' title="bbox 955 861 1782 898; baseline 0 -8"><span class='ocrx_word' id='word_1_465' title='bbox 955 862 999 898; x_wconf 86' lang='lat' dir='ltr'>pit</span> <span class='ocrx_word' id='word_1_466' title='bbox 1014 861 1172 896; x_wconf 81' lang='lat' dir='ltr'>diviniora,</span> <span class='ocrx_word' id='word_1_467' title='bbox 1188 863 1336 897; x_wconf 86' lang='lat' dir='ltr'>quantum</span> <span class='ocrx_word' id='word_1_468' title='bbox 1348 861 1445 897; x_wconf 87' lang='lat' dir='ltr'>ipsius</span> <span class='ocrx_word' id='word_1_469' title='bbox 1460 863 1569 889; x_wconf 87' lang='lat' dir='ltr'>natura</span> <span class='ocrx_word' id='word_1_470' title='bbox 1586 864 1685 898; x_wconf 85' lang='lat' dir='ltr'>potest</span> <span class='ocrx_word' id='word_1_471' title='bbox 1695 862 1782 890; x_wconf 86' lang='lat' dir='ltr'>attin-</span> 
     </span>
    </p>
   </div>
   <div class='ocr_carea' id='block_1_64' title="bbox 957 905 1782 941">
    <p class='ocr_par' dir='ltr' id='par_1_64' title="bbox 957 905 1782 941">
     <span class='ocr_line' id='line_1_64' title="bbox 957 905 1782 941; baseline -0.001 -7"><span class='ocrx_word' id='word_1_472' title='bbox 957 914 1035 941; x_wconf 83' lang='lat' dir='ltr'>gere.</span> <span class='ocrx_word' id='word_1_473' title='bbox 1052 907 1120 934; x_wconf 86' lang='lat' dir='ltr'>Tres</span> <span class='ocrx_word' id='word_1_474' title='bbox 1152 905 1241 941; x_wconf 83' lang='lat' dir='ltr'>igitur</span> <span class='ocrx_word' id='word_1_475' title='bbox 1267 907 1338 933; x_wconf 89' lang='lat' dir='ltr'>sunt</span> <span class='ocrx_word' id='word_1_476' title='bbox 1364 905 1456 934; x_wconf 82' lang='lat' dir='ltr'>vetuli</span> <span class='ocrx_word' id='word_1_477' title='bbox 1485 906 1553 934; x_wconf 66' lang='lat' dir='ltr'>vita:</span> <span class='ocrx_word' id='word_1_478' title='bbox 1584 906 1782 940; x_wconf 83' lang='lat' dir='ltr'>conditiones,</span> 
     </span>
    </p>
   </div>
   <div class='ocr_carea' id='block_1_65' title="bbox 956 949 1782 986">
    <p class='ocr_par' dir='ltr' id='par_1_65' title="bbox 956 949 1782 986">
     <span class='ocr_line' id='line_1_65' title="bbox 956 949 1782 986; baseline 0 -7"><span class='ocrx_word' id='word_1_479' title='bbox 956 950 1142 986; x_wconf 86' lang='lat' dir='ltr'>totidemque</span> <span class='ocrx_word' id='word_1_480' title='bbox 1162 949 1270 978; x_wconf 86' lang='lat' dir='ltr'>mentis</span> <span class='ocrx_word' id='word_1_481' title='bbox 1294 951 1403 977; x_wconf 66' lang='lat' dir='ltr'>nostrae</span> <span class='ocrx_word' id='word_1_482' title='bbox 1419 950 1617 986; x_wconf 84' lang='lat' dir='ltr'>operationes.</span> <span class='ocrx_word' id='word_1_483' title='bbox 1636 950 1685 978; x_wconf 87' lang='lat' dir='ltr'>Vel</span> <span class='ocrx_word' id='word_1_484' title='bbox 1701 950 1782 979; x_wconf 85' lang='lat' dir='ltr'>enim</span> 
     </span>
    </p>
   </div>
   <div class='ocr_carea' id='block_1_66' title="bbox 956 994 1783 1033">
    <p class='ocr_par' dir='ltr' id='par_1_66' title="bbox 956 994 1783 1033">
     <span class='ocr_line' id='line_1_66' title="bbox 956 994 1783 1033; baseline -0.001 -9"><span class='ocrx_word' id='word_1_485' title='bbox 956 1003 1051 1033; x_wconf 82' lang='lat' dir='ltr'>prava</span> <span class='ocrx_word' id='word_1_486' title='bbox 1065 996 1134 1023; x_wconf 92' lang='lat' dir='ltr'>sunt</span> <span class='ocrx_word' id='word_1_487' title='bbox 1149 994 1249 1022; x_wconf 84' lang='lat' dir='ltr'>studia</span> <span class='ocrx_word' id='word_1_488' title='bbox 1263 996 1417 1028; x_wconf 85' lang='lat' dir='ltr'>nostra,ac</span> <span class='ocrx_word' id='word_1_489' title='bbox 1428 995 1513 1030; x_wconf 83' lang='lat' dir='ltr'>pravi</span> <span class='ocrx_word' id='word_1_490' title='bbox 1524 997 1634 1022; x_wconf 74' lang='lat' dir='ltr'>ucstraa</span> <span class='ocrx_word' id='word_1_491' title='bbox 1644 995 1783 1024; x_wconf 83' lang='lat' dir='ltr'>videlicet</span> 
     </span>
    </p>
   </div>
   <div class='ocr_carea' id='block_1_67' title="bbox 956 1037 1783 1073">
    <p class='ocr_par' dir='ltr' id='par_1_67' title="bbox 956 1037 1783 1073">
     <span class='ocr_line' id='line_1_67' title="bbox 956 1037 1783 1073; baseline -0.001 -6"><span class='ocrx_word' id='word_1_492' title='bbox 956 1038 1064 1067; x_wconf 86' lang='lat' dir='ltr'>mentis</span> <span class='ocrx_word' id='word_1_493' title='bbox 1077 1041 1195 1072; x_wconf 81' lang='lat' dir='ltr'>motus;</span> <span class='ocrx_word' id='word_1_494' title='bbox 1211 1040 1244 1066; x_wconf 91' lang='lat' dir='ltr'>ut</span> <span class='ocrx_word' id='word_1_495' title='bbox 1263 1037 1420 1072; x_wconf 82' lang='lat' dir='ltr'>adulteria,</span> <span class='ocrx_word' id='word_1_496' title='bbox 1434 1038 1523 1073; x_wconf 84' lang='lat' dir='ltr'>furta,</span> <span class='ocrx_word' id='word_1_497' title='bbox 1543 1037 1723 1072; x_wconf 81' lang='lat' dir='ltr'>idololatria,</span> <span class='ocrx_word' id='word_1_498' title='bbox 1735 1046 1783 1066; x_wconf 82' lang='lat' dir='ltr'>ea-</span> 
     </span>
    </p>
   </div>
   <div class='ocr_carea' id='block_1_68' title="bbox 956 1082 1784 1117">
    <p class='ocr_par' dir='ltr' id='par_1_68' title="bbox 956 1082 1784 1117">
     <span class='ocr_line' id='line_1_68' title="bbox 956 1082 1784 1117; baseline 0 -6"><span class='ocrx_word' id='word_1_499' title='bbox 956 1083 1090 1117; x_wconf 79' lang='lat' dir='ltr'>lumniee,</span> <span class='ocrx_word' id='word_1_500' title='bbox 1106 1082 1189 1117; x_wconf 80' lang='lat' dir='ltr'>rixae,</span> <span class='ocrx_word' id='word_1_501' title='bbox 1203 1082 1264 1117; x_wconf 73' lang='lat' dir='ltr'>irae,</span> <span class='ocrx_word' id='word_1_502' title='bbox 1285 1082 1500 1115; x_wconf 86' lang='lat' dir='ltr'>contentiones,</span> <span class='ocrx_word' id='word_1_503' title='bbox 1517 1082 1610 1110; x_wconf 84' lang='lat' dir='ltr'>animi</span> <span class='ocrx_word' id='word_1_504' title='bbox 1629 1084 1739 1117; x_wconf 88' lang='lat' dir='ltr'>tumor,</span> <span class='ocrx_word' id='word_1_505' title='bbox 1755 1084 1784 1111; x_wconf 88' lang='lat' dir='ltr'>et</span> 
     </span>
    </p>
   </div>
   <div class='ocr_carea' id='block_1_69' title="bbox 957 1127 1782 1166">
    <p class='ocr_par' dir='ltr' id='par_1_69' title="bbox 957 1127 1782 1166">
     <span class='ocr_line' id='line_1_69' title="bbox 957 1127 1782 1166; baseline -0.001 -10"><span class='ocrx_word' id='word_1_506' title='bbox 957 1135 1147 1166; x_wconf 70' lang='lat' dir='ltr'>quzrcunque</span> <span class='ocrx_word' id='word_1_507' title='bbox 1162 1127 1238 1155; x_wconf 86' lang='lat' dir='ltr'>inter</span> <span class='ocrx_word' id='word_1_508' title='bbox 1257 1134 1350 1163; x_wconf 87' lang='lat' dir='ltr'>opera</span> <span class='ocrx_word' id='word_1_509' title='bbox 1374 1128 1473 1155; x_wconf 85' lang='lat' dir='ltr'>carnis</span> <span class='ocrx_word' id='word_1_510' title='bbox 1501 1127 1655 1163; x_wconf 85' lang='lat' dir='ltr'>apostolus</span> <span class='ocrx_word' id='word_1_511' title='bbox 1673 1127 1782 1156; x_wconf 83' lang='lat' dir='ltr'>Paulus</span> 
     </span>
    </p>
   </div>
   <div class='ocr_carea' id='block_1_70' title="bbox 957 1171 1784 1208">
    <p class='ocr_par' dir='ltr' id='par_1_70' title="bbox 957 1171 1784 1208">
     <span class='ocr_line' id='line_1_70' title="bbox 957 1171 1784 1208; baseline -0.001 -7"><span class='ocrx_word' id='word_1_512' title='bbox 957 1172 1145 1201; x_wconf 77' lang='lat' dir='ltr'>recensuit“.</span> <span class='ocrx_word' id='word_1_513' title='bbox 1161 1171 1211 1200; x_wconf 88' lang='lat' dir='ltr'>Vel</span> <span class='ocrx_word' id='word_1_514' title='bbox 1226 1171 1327 1199; x_wconf 86' lang='lat' dir='ltr'>media</span> <span class='ocrx_word' id='word_1_515' title='bbox 1341 1171 1483 1207; x_wconf 84' lang='lat' dir='ltr'>quaedam</span> <span class='ocrx_word' id='word_1_516' title='bbox 1499 1174 1543 1199; x_wconf 85' lang='lat' dir='ltr'>est</span> <span class='ocrx_word' id='word_1_517' title='bbox 1556 1171 1665 1200; x_wconf 89' lang='lat' dir='ltr'>mentis</span> <span class='ocrx_word' id='word_1_518' title='bbox 1679 1179 1784 1208; x_wconf 84' lang='lat' dir='ltr'>opera-</span> 
     </span>
    </p>
   </div>
   <div class='ocr_carea' id='block_1_71' title="bbox 958 1215 1784 1252">
    <p class='ocr_par' dir='ltr' id='par_1_71' title="bbox 958 1215 1784 1252">
     <span class='ocr_line' id='line_1_71' title="bbox 958 1215 1784 1252; baseline -0.002 -7"><span class='ocrx_word' id='word_1_519' title='bbox 958 1217 1011 1252; x_wconf 85' lang='lat' dir='ltr'>tio,</span> <span class='ocrx_word' id='word_1_520' title='bbox 1027 1225 1082 1244; x_wconf 88' lang='lat' dir='ltr'>uec</span> <span class='ocrx_word' id='word_1_521' title='bbox 1096 1215 1308 1244; x_wconf 83' lang='lat' dir='ltr'>damnandum</span> <span class='ocrx_word' id='word_1_522' title='bbox 1333 1215 1500 1252; x_wconf 85' lang='lat' dir='ltr'>quidquam</span> <span class='ocrx_word' id='word_1_523' title='bbox 1514 1215 1631 1243; x_wconf 87' lang='lat' dir='ltr'>habens</span> <span class='ocrx_word' id='word_1_524' title='bbox 1646 1224 1701 1244; x_wconf 89' lang='lat' dir='ltr'>nec</span> <span class='ocrx_word' id='word_1_525' title='bbox 1719 1215 1784 1244; x_wconf 84' lang='lat' dir='ltr'>lau-</span> 
     </span>
    </p>
   </div>
   <div class='ocr_carea' id='block_1_72' title="bbox 958 1259 1784 1296">
    <p class='ocr_par' dir='ltr' id='par_1_72' title="bbox 958 1259 1784 1296">
     <span class='ocr_line' id='line_1_72' title="bbox 958 1259 1784 1296; baseline 0.001 -9"><span class='ocrx_word' id='word_1_526' title='bbox 958 1259 1070 1293; x_wconf 82' lang='lat' dir='ltr'>dabile,</span> <span class='ocrx_word' id='word_1_527' title='bbox 1094 1260 1175 1288; x_wconf 88' lang='lat' dir='ltr'>velut</span> <span class='ocrx_word' id='word_1_528' title='bbox 1196 1260 1306 1288; x_wconf 86' lang='lat' dir='ltr'>artium</span> <span class='ocrx_word' id='word_1_529' title='bbox 1328 1260 1459 1295; x_wconf 85' lang='lat' dir='ltr'>cognitio</span> <span class='ocrx_word' id='word_1_530' title='bbox 1483 1262 1511 1288; x_wconf 87' lang='lat' dir='ltr'>et</span> <span class='ocrx_word' id='word_1_531' title='bbox 1530 1260 1692 1296; x_wconf 81' lang='lat' dir='ltr'>perceptio,</span> <span class='ocrx_word' id='word_1_532' title='bbox 1706 1268 1784 1296; x_wconf 85' lang='lat' dir='ltr'>quas</span> 
     </span>
    </p>
   </div>
   <div class='ocr_carea' id='block_1_73' title="bbox 958 1304 1785 1339">
    <p class='ocr_par' dir='ltr' id='par_1_73' title="bbox 958 1304 1785 1339">
     <span class='ocr_line' id='line_1_73' title="bbox 958 1304 1785 1339; baseline 0.001 -7"><span class='ocrx_word' id='word_1_533' title='bbox 958 1304 1096 1332; x_wconf 80' lang='lat' dir='ltr'>videlicet</span> <span class='ocrx_word' id='word_1_534' title='bbox 1110 1304 1226 1332; x_wconf 87' lang='lat' dir='ltr'>medias</span> <span class='ocrx_word' id='word_1_535' title='bbox 1240 1306 1268 1333; x_wconf 94' lang='lat' dir='ltr'>et</span> <span class='ocrx_word' id='word_1_536' title='bbox 1283 1304 1489 1333; x_wconf 80' lang='lat' dir='ltr'>inditferentes</span> <span class='ocrx_word' id='word_1_537' title='bbox 1503 1313 1660 1339; x_wconf 83' lang='lat' dir='ltr'>vocamus,</span> <span class='ocrx_word' id='word_1_538' title='bbox 1675 1313 1732 1333; x_wconf 87' lang='lat' dir='ltr'>nec</span> <span class='ocrx_word' id='word_1_539' title='bbox 1745 1305 1785 1333; x_wconf 89' lang='lat' dir='ltr'>ad</span> 
     </span>
    </p>
   </div>
   <div class='ocr_carea' id='block_1_74' title="bbox 961 1348 1784 1385">
    <p class='ocr_par' dir='ltr' id='par_1_74' title="bbox 961 1348 1784 1385">
     <span class='ocr_line' id='line_1_74' title="bbox 961 1348 1784 1385; baseline 0.001 -9"><span class='ocrx_word' id='word_1_540' title='bbox 961 1348 1098 1376; x_wconf 70' lang='lat' dir='ltr'>virtutem</span> <span class='ocrx_word' id='word_1_541' title='bbox 1122 1356 1178 1376; x_wconf 89' lang='lat' dir='ltr'>nec</span> <span class='ocrx_word' id='word_1_542' title='bbox 1194 1348 1232 1376; x_wconf 87' lang='lat' dir='ltr'>ad</span> <span class='ocrx_word' id='word_1_543' title='bbox 1248 1348 1353 1376; x_wconf 86' lang='lat' dir='ltr'>vitium</span> <span class='ocrx_word' id='word_1_544' title='bbox 1379 1357 1414 1376; x_wconf 81' lang='lat' dir='ltr'>ex</span> <span class='ocrx_word' id='word_1_545' title='bbox 1430 1348 1536 1384; x_wconf 89' lang='lat' dir='ltr'>scipsis</span> <span class='ocrx_word' id='word_1_546' title='bbox 1549 1349 1784 1385; x_wconf 87' lang='lat' dir='ltr'>propendentes.</span> 
     </span>
    </p>
   </div>
   <div class='ocr_carea' id='block_1_75' title="bbox 960 1393 1785 1429">
    <p class='ocr_par' dir='ltr' id='par_1_75' title="bbox 960 1393 1785 1429">
     <span class='ocr_line' id='line_1_75' title="bbox 960 1393 1785 1429; baseline 0.001 -8"><span class='ocrx_word' id='word_1_547' title='bbox 960 1393 1073 1429; x_wconf 88' lang='lat' dir='ltr'>Ecquid</span> <span class='ocrx_word' id='word_1_548' title='bbox 1085 1393 1164 1421; x_wconf 88' lang='lat' dir='ltr'>enim</span> <span class='ocrx_word' id='word_1_549' title='bbox 1186 1393 1258 1421; x_wconf 85' lang='lat' dir='ltr'>mali</span> <span class='ocrx_word' id='word_1_550' title='bbox 1278 1393 1368 1421; x_wconf 82' lang='lat' dir='ltr'>habet</span> <span class='ocrx_word' id='word_1_551' title='bbox 1387 1401 1436 1421; x_wconf 84' lang='lat' dir='ltr'>ars</span> <span class='ocrx_word' id='word_1_552' title='bbox 1458 1393 1647 1429; x_wconf 86' lang='lat' dir='ltr'>gubernandi</span> <span class='ocrx_word' id='word_1_553' title='bbox 1659 1396 1711 1422; x_wconf 89' lang='lat' dir='ltr'>aut</span> <span class='ocrx_word' id='word_1_554' title='bbox 1725 1402 1785 1422; x_wconf 79' lang='grc' dir='ltr'>ωε-</span> 
     </span>
    </p>
   </div>
   <div class='ocr_carea' id='block_1_76' title="bbox 959 1437 1784 1474">
    <p class='ocr_par' dir='ltr' id='par_1_76' title="bbox 959 1437 1784 1474">
     <span class='ocr_line' id='line_1_76' title="bbox 959 1437 1784 1474; baseline 0.001 -8"><span class='ocrx_word' id='word_1_555' title='bbox 959 1438 1050 1466; x_wconf 86' lang='lat' dir='ltr'>dendi</span> <span class='ocrx_word' id='word_1_556' title='bbox 1060 1439 1074 1466; x_wconf 85' lang='lat'><strong>?</strong></span> <span class='ocrx_word' id='word_1_557' title='bbox 1086 1439 1188 1474; x_wconf 86' lang='lat' dir='ltr'>Neque</span> <span class='ocrx_word' id='word_1_558' title='bbox 1203 1437 1294 1466; x_wconf 83' lang='lat' dir='ltr'>etiam</span> <span class='ocrx_word' id='word_1_559' title='bbox 1308 1438 1381 1474; x_wconf 78' lang='lat' dir='ltr'>ipsae</span> <span class='ocrx_word' id='word_1_560' title='bbox 1392 1446 1446 1474; x_wconf 90' lang='lat' dir='ltr'>per</span> <span class='ocrx_word' id='word_1_561' title='bbox 1461 1446 1492 1466; x_wconf 89' lang='lat' dir='ltr'>se</span> <span class='ocrx_word' id='word_1_562' title='bbox 1505 1441 1576 1466; x_wconf 84' lang='lat' dir='ltr'>sunt</span> <span class='ocrx_word' id='word_1_563' title='bbox 1587 1438 1719 1474; x_wconf 80' lang='lat' dir='ltr'>virtutes,</span> <span class='ocrx_word' id='word_1_564' title='bbox 1731 1438 1784 1467; x_wconf 90' lang='lat' dir='ltr'>sed</span> 
     </span>
    </p>
   </div>
   <div class='ocr_carea' id='block_1_77' title="bbox 959 1482 1784 1520">
    <p class='ocr_par' dir='ltr' id='par_1_77' title="bbox 959 1482 1784 1520">
     <span class='ocr_line' id='line_1_77' title="bbox 959 1482 1784 1520; baseline 0.001 -10"><span class='ocrx_word' id='word_1_565' title='bbox 959 1490 994 1511; x_wconf 83' lang='lat' dir='ltr'>ex</span> <span class='ocrx_word' id='word_1_566' title='bbox 1010 1483 1157 1511; x_wconf 86' lang='lat' dir='ltr'>utentium</span> <span class='ocrx_word' id='word_1_567' title='bbox 1177 1482 1333 1519; x_wconf 91' lang='lat' dir='ltr'>proposito</span> <span class='ocrx_word' id='word_1_568' title='bbox 1352 1483 1391 1510; x_wconf 89' lang='lat' dir='ltr'>ad</span> <span class='ocrx_word' id='word_1_569' title='bbox 1416 1482 1561 1511; x_wconf 88' lang='lat' dir='ltr'>utramvis</span> <span class='ocrx_word' id='word_1_570' title='bbox 1573 1483 1784 1520; x_wconf 87' lang='lat' dir='ltr'>opposilorum</span> 
     </span>
    </p>
   </div>
   <div class='ocr_carea' id='block_1_78' title="bbox 960 1527 1785 1564">
    <p class='ocr_par' dir='ltr' id='par_1_78' title="bbox 960 1527 1785 1564">
     <span class='ocr_line' id='line_1_78' title="bbox 960 1527 1785 1564; baseline 0 -9"><span class='ocrx_word' id='word_1_571' title='bbox 960 1530 1078 1564; x_wconf 88' lang='lat' dir='ltr'>partem</span> <span class='ocrx_word' id='word_1_572' title='bbox 1094 1527 1265 1555; x_wconf 87' lang='lat' dir='ltr'>deﬂectunt.</span> <span class='ocrx_word' id='word_1_573' title='bbox 1282 1527 1353 1560; x_wconf 77' lang='lat' dir='ltr'>Quae</span> <span class='ocrx_word' id='word_1_574' title='bbox 1373 1529 1475 1555; x_wconf 86' lang='lat' dir='ltr'>autem</span> <span class='ocrx_word' id='word_1_575' title='bbox 1490 1527 1616 1563; x_wconf 89' lang='lat' dir='ltr'>Spiritus</span> <span class='ocrx_word' id='word_1_576' title='bbox 1637 1527 1785 1556; x_wconf 86' lang='lat' dir='ltr'>divinitati</span> 
     </span>
    </p>
   </div>
   <div class='ocr_carea' id='block_1_79' title="bbox 959 1571 1783 1607">
    <p class='ocr_par' dir='ltr' id='par_1_79' title="bbox 959 1571 1783 1607">
     <span class='ocr_line' id='line_1_79' title="bbox 959 1571 1783 1607; baseline 0 -7"><span class='ocrx_word' id='word_1_577' title='bbox 959 1579 1046 1600; x_wconf 89' lang='lat' dir='ltr'>mens</span> <span class='ocrx_word' id='word_1_578' title='bbox 1060 1572 1255 1606; x_wconf 90' lang='lat' dir='ltr'>immiscetur,</span> <span class='ocrx_word' id='word_1_579' title='bbox 1272 1579 1308 1599; x_wconf 86' lang='lat' dir='ltr'>ea</span> <span class='ocrx_word' id='word_1_580' title='bbox 1327 1571 1392 1606; x_wconf 87' lang='lat' dir='ltr'>jam</span> <span class='ocrx_word' id='word_1_581' title='bbox 1412 1571 1584 1607; x_wconf 86' lang='lat' dir='ltr'>speculatur</span> <span class='ocrx_word' id='word_1_582' title='bbox 1597 1580 1719 1607; x_wconf 83' lang='lat' dir='ltr'>magna,</span> <span class='ocrx_word' id='word_1_583' title='bbox 1735 1571 1783 1600; x_wconf 88' lang='lat' dir='ltr'>di-</span> 
     </span>
    </p>
   </div>
   <div class='ocr_carea' id='block_1_80' title="bbox 960 1615 1785 1653">
    <p class='ocr_par' dir='ltr' id='par_1_80' title="bbox 960 1615 1785 1653">
     <span class='ocr_line' id='line_1_80' title="bbox 960 1615 1785 1653; baseline 0 -9"><span class='ocrx_word' id='word_1_584' title='bbox 960 1616 1107 1652; x_wconf 88' lang='lat' dir='ltr'>vinasque</span> <span class='ocrx_word' id='word_1_585' title='bbox 1130 1616 1261 1644; x_wconf 87' lang='lat' dir='ltr'>intuetur</span> <span class='ocrx_word' id='word_1_586' title='bbox 1285 1615 1534 1652; x_wconf 85' lang='lat' dir='ltr'>pulchritudines,</span> <span class='ocrx_word' id='word_1_587' title='bbox 1548 1618 1697 1652; x_wconf 85' lang='lat' dir='ltr'>quantum</span> <span class='ocrx_word' id='word_1_588' title='bbox 1717 1616 1785 1653; x_wconf 90' lang='lat' dir='ltr'>qui-</span> 
     </span>
    </p>
   </div>
   <div class='ocr_carea' id='block_1_81' title="bbox 960 1660 1747 1696">
    <p class='ocr_par' dir='ltr' id='par_1_81' title="bbox 960 1660 1747 1696">
     <span class='ocr_line' id='line_1_81' title="bbox 960 1660 1747 1696; baseline 0 -7"><span class='ocrx_word' id='word_1_589' title='bbox 960 1660 1031 1689; x_wconf 91' lang='lat' dir='ltr'>dem</span> <span class='ocrx_word' id='word_1_590' title='bbox 1046 1660 1142 1695; x_wconf 83' lang='lat' dir='ltr'>gralia</span> <span class='ocrx_word' id='word_1_591' title='bbox 1152 1660 1293 1696; x_wconf 85' lang='lat' dir='ltr'>impertit,</span> <span class='ocrx_word' id='word_1_592' title='bbox 1309 1660 1463 1696; x_wconf 88' lang='lat' dir='ltr'>ipsiusque</span> <span class='ocrx_word' id='word_1_593' title='bbox 1474 1661 1554 1696; x_wconf 83' lang='lat' dir='ltr'>capit</span> <span class='ocrx_word' id='word_1_594' title='bbox 1565 1661 1747 1689; x_wconf 88' lang='lat' dir='ltr'>constitutio.</span> 
     </span>
    </p>
   </div>
   <div class='ocr_carea' id='block_1_82' title="bbox 996 1705 1783 1742">
    <p class='ocr_par' dir='ltr' id='par_1_82' title="bbox 996 1705 1783 1742">
     <span class='ocr_line' id='line_1_82' title="bbox 996 1705 1783 1742; baseline 0 -8"><span class='ocrx_word' id='word_1_595' title='bbox 996 1709 1022 1734; x_wconf 86' lang='lat'>2.</span> <span class='ocrx_word' id='word_1_596' title='bbox 1037 1707 1143 1739; x_wconf 82' lang='lat' dir='ltr'>Quare,</span> <span class='ocrx_word' id='word_1_597' title='bbox 1160 1705 1283 1734; x_wconf 90' lang='lat' dir='ltr'>omissis</span> <span class='ocrx_word' id='word_1_598' title='bbox 1304 1705 1360 1733; x_wconf 84' lang='lat' dir='ltr'>illis</span> <span class='ocrx_word' id='word_1_599' title='bbox 1381 1705 1542 1734; x_wconf 85' lang='lat' dir='ltr'>dialecticis</span> <span class='ocrx_word' id='word_1_600' title='bbox 1555 1706 1783 1742; x_wconf 62' lang='lat' dir='ltr'>quwstionibus,</span> 
     </span>
    </p>
   </div>
   <div class='ocr_carea' id='block_1_83' title="bbox 960 1750 1785 1786">
    <p class='ocr_par' dir='ltr' id='par_1_83' title="bbox 960 1750 1785 1786">
     <span class='ocr_line' id='line_1_83' title="bbox 960 1750 1785 1786; baseline 0.001 -8"><span class='ocrx_word' id='word_1_601' title='bbox 960 1758 1023 1779; x_wconf 91' lang='lat' dir='ltr'>non</span> <span class='ocrx_word' id='word_1_602' title='bbox 1038 1750 1175 1783; x_wconf 85' lang='lat' dir='ltr'>subdole,</span> <span class='ocrx_word' id='word_1_603' title='bbox 1187 1750 1240 1778; x_wconf 89' lang='lat' dir='ltr'>sed</span> <span class='ocrx_word' id='word_1_604' title='bbox 1255 1750 1302 1786; x_wconf 88' lang='lat' dir='ltr'>pie</span> <span class='ocrx_word' id='word_1_605' title='bbox 1317 1750 1490 1786; x_wconf 76' lang='lat' dir='ltr'>expendunt</span> <span class='ocrx_word' id='word_1_606' title='bbox 1503 1750 1668 1778; x_wconf 86' lang='lat' dir='ltr'>veritatem.</span> <span class='ocrx_word' id='word_1_607' title='bbox 1678 1752 1785 1779; x_wconf 86' lang='lat' dir='ltr'>Datum</span> 
     </span>
    </p>
   </div>
   <div class='ocr_carea' id='block_1_84' title="bbox 961 1794 1786 1830">
    <p class='ocr_par' dir='ltr' id='par_1_84' title="bbox 961 1794 1786 1830">
     <span class='ocr_line' id='line_1_84' title="bbox 961 1794 1786 1830; baseline 0 -8"><span class='ocrx_word' id='word_1_608' title='bbox 961 1794 1050 1822; x_wconf 86' lang='lat' dir='ltr'>nobis</span> <span class='ocrx_word' id='word_1_609' title='bbox 1066 1797 1112 1822; x_wconf 88' lang='lat' dir='ltr'>est</span> <span class='ocrx_word' id='word_1_610' title='bbox 1134 1794 1242 1822; x_wconf 85' lang='lat' dir='ltr'>mentis</span> <span class='ocrx_word' id='word_1_611' title='bbox 1263 1794 1411 1829; x_wconf 85' lang='lat' dir='ltr'>judicium</span> <span class='ocrx_word' id='word_1_612' title='bbox 1426 1794 1465 1822; x_wconf 89' lang='lat' dir='ltr'>ad</span> <span class='ocrx_word' id='word_1_613' title='bbox 1481 1795 1609 1823; x_wconf 80' lang='lat' dir='ltr'>veritatis</span> <span class='ocrx_word' id='word_1_614' title='bbox 1622 1795 1786 1830; x_wconf 86' lang='lat' dir='ltr'>intelligen-</span> 
     </span>
    </p>
   </div>
   <div class='ocr_carea' id='block_1_85' title="bbox 962 1838 1786 1874">
    <p class='ocr_par' dir='ltr' id='par_1_85' title="bbox 962 1838 1786 1874">
     <span class='ocr_line' id='line_1_85' title="bbox 962 1838 1786 1874; baseline 0 -8"><span class='ocrx_word' id='word_1_615' title='bbox 962 1839 1043 1867; x_wconf 84' lang='lat' dir='ltr'>tiam.</span> <span class='ocrx_word' id='word_1_616' title='bbox 1060 1840 1109 1867; x_wconf 79' lang='lat' dir='ltr'>Est</span> <span class='ocrx_word' id='word_1_617' title='bbox 1123 1841 1223 1867; x_wconf 89' lang='lat' dir='ltr'>autem</span> <span class='ocrx_word' id='word_1_618' title='bbox 1249 1838 1317 1874; x_wconf 87' lang='lat' dir='ltr'>ipsa</span> <span class='ocrx_word' id='word_1_619' title='bbox 1343 1839 1451 1866; x_wconf 84' lang='lat' dir='ltr'>veritas</span> <span class='ocrx_word' id='word_1_620' title='bbox 1471 1839 1548 1866; x_wconf 88' lang='lat' dir='ltr'>Deus</span> <span class='ocrx_word' id='word_1_621' title='bbox 1572 1841 1682 1867; x_wconf 89' lang='lat' dir='ltr'>noster.</span> <span class='ocrx_word' id='word_1_622' title='bbox 1699 1839 1786 1867; x_wconf 79' lang='lat' dir='ltr'>Menti</span> 
     </span>
    </p>
   </div>
   <div class='ocr_carea' id='block_1_86' title="bbox 960 1883 1786 1920">
    <p class='ocr_par' dir='ltr' id='par_1_86' title="bbox 960 1883 1786 1920">
     <span class='ocr_line' id='line_1_86' title="bbox 960 1883 1786 1920; baseline 0 -8"><span class='ocrx_word' id='word_1_623' title='bbox 960 1884 1062 1920; x_wconf 85' lang='lat' dir='ltr'>itaque</span> <span class='ocrx_word' id='word_1_624' title='bbox 1070 1883 1255 1920; x_wconf 67' lang='lat' dir='ltr'>preecipuum</span> <span class='ocrx_word' id='word_1_625' title='bbox 1264 1891 1299 1912; x_wconf 88' lang='lat' dir='ltr'>ac</span> <span class='ocrx_word' id='word_1_626' title='bbox 1307 1884 1485 1920; x_wconf 87' lang='lat' dir='ltr'>primarium</span> <span class='ocrx_word' id='word_1_627' title='bbox 1496 1885 1540 1912; x_wconf 89' lang='lat' dir='ltr'>est</span> <span class='ocrx_word' id='word_1_628' title='bbox 1547 1883 1640 1911; x_wconf 90' lang='lat' dir='ltr'>Deum</span> <span class='ocrx_word' id='word_1_629' title='bbox 1648 1886 1786 1912; x_wconf 89' lang='lat' dir='ltr'>nostrum</span> 
     </span>
    </p>
   </div>
   <div class='ocr_carea' id='block_1_87' title="bbox 962 1928 1786 1965">
    <p class='ocr_par' dir='ltr' id='par_1_87' title="bbox 962 1928 1786 1965">
     <span class='ocr_line' id='line_1_87' title="bbox 962 1928 1786 1965; baseline 0.001 -9"><span class='ocrx_word' id='word_1_630' title='bbox 962 1936 1144 1964; x_wconf 79' lang='lat' dir='ltr'>cognoscere</span> <span class='ocrx_word' id='word_1_631' title='bbox 1155 1937 1162 1962; x_wconf 85' lang='lat'><strong>;</strong></span> <span class='ocrx_word' id='word_1_632' title='bbox 1178 1936 1361 1964; x_wconf 83' lang='lat' dir='ltr'>cognoscere</span> <span class='ocrx_word' id='word_1_633' title='bbox 1369 1930 1471 1957; x_wconf 85' lang='lat' dir='ltr'>autem</span> <span class='ocrx_word' id='word_1_634' title='bbox 1479 1930 1628 1965; x_wconf 86' lang='lat' dir='ltr'>quantum</span> <span class='ocrx_word' id='word_1_635' title='bbox 1641 1928 1786 1964; x_wconf 83' lang='lat' dir='ltr'>cognosci</span> 
     </span>
    </p>
   </div>
   <div class='ocr_carea' id='block_1_88' title="bbox 962 2141 1788 2178">
    <p class='ocr_par' dir='ltr' id='par_1_88' title="bbox 962 2141 1788 2178">
     <span class='ocr_line' id='line_1_88' title="bbox 962 2141 1788 2178; baseline 0.001 -8"><span class='ocrx_word' id='word_1_636' title='bbox 962 2141 1088 2178; x_wconf 74' lang='lat' dir='ltr'>illarum</span> <span class='ocrx_word' id='word_1_637' title='bbox 1103 2141 1224 2170; x_wconf 74' lang='lat' dir='ltr'>artium.</span> <span class='ocrx_word' id='word_1_638' title='bbox 1235 2141 1264 2170; x_wconf 91' lang='lat' dir='ltr'>Si</span> <span class='ocrx_word' id='word_1_639' title='bbox 1274 2141 1342 2178; x_wconf 87' lang='lat' dir='ltr'>quis</span> <span class='ocrx_word' id='word_1_640' title='bbox 1357 2141 1471 2171; x_wconf 81' lang='lat' dir='ltr'>faveret</span> <span class='ocrx_word' id='word_1_641' title='bbox 1483 2151 1539 2170; x_wconf 87' lang='lat' dir='ltr'>ms.</span> <span class='ocrx_word' id='word_1_642' title='bbox 1550 2142 1788 2173; x_wconf 79' lang='lat' dir='ltr'>codex.libenter</span> 
     </span>
    </p>
   </div>
   <div class='ocr_carea' id='block_1_89' title="bbox 964 2177 1787 2214">
    <p class='ocr_par' dir='ltr' id='par_1_89' title="bbox 964 2177 1787 2214">
     <span class='ocr_line' id='line_1_89' title="bbox 964 2177 1787 2214; baseline 0.001 -9"><span class='ocrx_word' id='word_1_643' title='bbox 964 2177 1166 2214; x_wconf 17' lang='lat' dir='ltr'>eliinrinassem</span> <span class='ocrx_word' id='word_1_644' title='bbox 1187 2178 1251 2214; x_wconf 66' lang='lat' dir='ltr'>haec</span> <span class='ocrx_word' id='word_1_645' title='bbox 1266 2177 1368 2211; x_wconf 82' lang='lat' dir='ltr'>verba,</span> <span class='ocrx_word' id='word_1_646' title='bbox 1385 2186 1453 2214; x_wconf 64' lang='lat' dir='ltr'>quae</span> <span class='ocrx_word' id='word_1_647' title='bbox 1477 2179 1579 2214; x_wconf 87' lang='lat' dir='ltr'>spuria</span> <span class='ocrx_word' id='word_1_648' title='bbox 1601 2187 1665 2206; x_wconf 88' lang='lat' dir='ltr'>esse</span> <span class='ocrx_word' id='word_1_649' title='bbox 1686 2179 1787 2206; x_wconf 88' lang='lat' dir='ltr'>nullus</span> 
     </span>
    </p>
   </div>
   <div class='ocr_carea' id='block_1_90' title="bbox 108 2213 1787 2251">
    <p class='ocr_par' dir='ltr' id='par_1_90' title="bbox 108 2213 1787 2251">
     <span class='ocr_line' id='line_1_90' title="bbox 108 2213 1787 2251; baseline -0.002 -7"><span class='ocrx_word' id='word_1_650' title='bbox 108 2217 263 2249; x_wconf 73' lang='lat' dir='ltr'>sunt,sive</span> <span class='ocrx_word' id='word_1_651' title='bbox 278 2213 478 2244; x_wconf 58' lang='lat' dir='ltr'>assectanl‘ur.</span> <span class='ocrx_word' id='word_1_652' title='bbox 490 2213 574 2244; x_wconf 83' lang='lat' dir='ltr'>Sicin</span> <span class='ocrx_word' id='word_1_653' title='bbox 585 2216 729 2251; x_wconf 79' lang='lat' dir='ltr'>epist.272</span> <span class='ocrx_word' id='word_1_654' title='bbox 740 2217 780 2244; x_wconf 86' lang='lat' dir='ltr'>ait</span> <span class='ocrx_word' id='word_1_655' title='bbox 791 2217 909 2250; x_wconf 81' lang='lat' dir='ltr'>magnis</span> <span class='ocrx_word' id='word_1_656' title='bbox 927 2223 948 2250; x_wconf 70' lang='grc' dir='ltr'><strong>Β</strong></span> <span class='ocrx_word' id='word_1_657' title='bbox 964 2213 1080 2251; x_wconf 64' lang='lat' dir='ltr'>dubito,</span> <span class='ocrx_word' id='word_1_658' title='bbox 1096 2215 1125 2240; x_wconf 87' lang='lat' dir='ltr'>et</span> <span class='ocrx_word' id='word_1_659' title='bbox 1138 2213 1299 2251; x_wconf 17' lang='lat' dir='ltr'>idcireorin</span> <span class='ocrx_word' id='word_1_660' title='bbox 1325 2213 1684 2251; x_wconf 9' lang='lat' dir='ltr'>Latinaqinterpretatione</span> <span class='ocrx_word' id='word_1_661' title='bbox 1699 2215 1787 2251; x_wconf 82' lang='lat' dir='ltr'>omit-</span> 
     </span>
    </p>
   </div>
   <div class='ocr_carea' id='block_1_91' title="bbox 110 2251 910 2288">
    <p class='ocr_par' dir='ltr' id='par_1_91' title="bbox 110 2251 910 2288">
     <span class='ocr_line' id='line_1_91' title="bbox 110 2251 910 2288; baseline -0.001 -9"><span class='ocrx_word' id='word_1_662' title='bbox 110 2252 311 2288; x_wconf 83' lang='lat' dir='ltr'>potestatibus</span> <span class='ocrx_word' id='word_1_663' title='bbox 322 2251 479 2279; x_wconf 84' lang='lat' dir='ltr'>illiberales</span> <span class='ocrx_word' id='word_1_664' title='bbox 489 2252 708 2280; x_wconf 86' lang='lat' dir='ltr'>assentationes</span> <span class='ocrx_word' id='word_1_665' title='bbox 723 2252 817 2288; x_wconf 81' lang='lat' dir='ltr'>solere</span> <span class='ocrx_word' id='word_1_666' title='bbox 827 2262 910 2288; x_wconf 80' lang='grc' dir='ltr'>παρα-</span> 
     </span>
    </p>
   </div>
   <div class='ocr_carea' id='block_1_92' title="bbox 112 2287 910 2324">
    <p class='ocr_par' dir='ltr' id='par_1_92' title="bbox 112 2287 910 2324">
     <span class='ocr_line' id='line_1_92' title="bbox 112 2287 910 2324; baseline 0.001 -11"><span class='ocrx_word' id='word_1_667' title='bbox 112 2287 234 2324; x_wconf 51' lang='grc' dir='ltr'>φύεσθαι.</span> <span class='ocrx_word' id='word_1_668' title='bbox 248 2287 433 2324; x_wconf 72' lang='lat' dir='ltr'>multiautem</span> <span class='ocrx_word' id='word_1_669' title='bbox 441 2295 477 2324; x_wconf 72' lang='lat' dir='ltr'>ex</span> <span class='ocrx_word' id='word_1_670' title='bbox 488 2288 620 2323; x_wconf 85' lang='lat' dir='ltr'>antiquis</span> <span class='ocrx_word' id='word_1_671' title='bbox 631 2287 826 2324; x_wconf 80' lang='lat' dir='ltr'>scriptoribus</span> <span class='ocrx_word' id='word_1_672' title='bbox 833 2287 910 2324; x_wconf 85' lang='lat' dir='ltr'>duos</span> 
     </span>
    </p>
   </div>
   <div class='ocr_carea' id='block_1_93' title="bbox 112 2322 911 2358">
    <p class='ocr_par' dir='ltr' id='par_1_93' title="bbox 112 2322 911 2358">
     <span class='ocr_line' id='line_1_93' title="bbox 112 2322 911 2358; baseline 0 -8"><span class='ocrx_word' id='word_1_673' title='bbox 112 2322 219 2358; x_wconf 62' lang='lat' dir='ltr'>genios</span> <span class='ocrx_word' id='word_1_674' title='bbox 232 2322 319 2350; x_wconf 87' lang='lat' dir='ltr'>nobis</span> <span class='ocrx_word' id='word_1_675' title='bbox 326 2323 432 2350; x_wconf 88' lang='lat' dir='ltr'>adesse</span> <span class='ocrx_word' id='word_1_676' title='bbox 443 2322 579 2350; x_wconf 80' lang='lat' dir='ltr'>dixerunt</span> <span class='ocrx_word' id='word_1_677' title='bbox 594 2325 624 2350; x_wconf 91' lang='lat' dir='ltr'>ut</span> <span class='ocrx_word' id='word_1_678' title='bbox 634 2322 770 2358; x_wconf 83' lang='lat' dir='ltr'>pluribus</span> <span class='ocrx_word' id='word_1_679' title='bbox 781 2323 911 2350; x_wconf 82' lang='lat' dir='ltr'>testimo-</span> 
     </span>
    </p>
   </div>
   <div class='ocr_carea' id='block_1_94' title="bbox 111 2358 908 2394">
    <p class='ocr_par' dir='ltr' id='par_1_94' title="bbox 111 2358 908 2394">
     <span class='ocr_line' id='line_1_94' title="bbox 111 2358 908 2394; baseline 0 -8"><span class='ocrx_word' id='word_1_680' title='bbox 111 2359 172 2386; x_wconf 88' lang='lat' dir='ltr'>niis</span> <span class='ocrx_word' id='word_1_681' title='bbox 183 2358 458 2394; x_wconf 81' lang='lat' dir='ltr'>probatCotelerius</span> <span class='ocrx_word' id='word_1_682' title='bbox 465 2358 493 2385; x_wconf 93' lang='lat' dir='ltr'>in</span> <span class='ocrx_word' id='word_1_683' title='bbox 502 2358 580 2386; x_wconf 86' lang='lat' dir='ltr'>Nolis</span> <span class='ocrx_word' id='word_1_684' title='bbox 587 2358 626 2385; x_wconf 88' lang='lat' dir='ltr'>ad</span> <span class='ocrx_word' id='word_1_685' title='bbox 635 2358 744 2386; x_wconf 86' lang='lat' dir='ltr'>librum</span> <span class='ocrx_word' id='word_1_686' title='bbox 753 2366 771 2385; x_wconf 92' lang='lat' dir='ltr'>n</span> <span class='ocrx_word' id='word_1_687' title='bbox 781 2359 908 2386; x_wconf 62' lang='lat' dir='ltr'>Harmar.</span> 
     </span>
    </p>
   </div>
   <div class='ocr_carea' id='block_1_95' title="bbox 114 2393 910 2429">
    <p class='ocr_par' dir='ltr' id='par_1_95' title="bbox 114 2393 910 2429">
     <span class='ocr_line' id='line_1_95' title="bbox 114 2393 910 2429; baseline 0 -7"><span class='ocrx_word' id='word_1_688' title='bbox 114 2395 166 2422; x_wconf 86' lang='lat' dir='ltr'>Hic</span> <span class='ocrx_word' id='word_1_689' title='bbox 173 2393 273 2421; x_wconf 77' lang='lat' dir='ltr'>autem</span> <span class='ocrx_word' id='word_1_690' title='bbox 282 2393 405 2421; x_wconf 83' lang='lat' dir='ltr'>Basilius</span> <span class='ocrx_word' id='word_1_691' title='bbox 411 2393 499 2421; x_wconf 66' lang='lat' dir='ltr'>bonae</span> <span class='ocrx_word' id='word_1_692' title='bbox 506 2395 659 2429; x_wconf 84' lang='lat' dir='ltr'>potestatis</span> <span class='ocrx_word' id='word_1_693' title='bbox 666 2401 853 2421; x_wconf 87' lang='lat' dir='ltr'>nommenon</span> <span class='ocrx_word' id='word_1_694' title='bbox 859 2401 910 2422; x_wconf 88' lang='lat' dir='ltr'>an-</span> 
     </span>
    </p>
   </div>
   <div class='ocr_carea' id='block_1_96' title="bbox 113 2429 912 2465">
    <p class='ocr_par' dir='ltr' id='par_1_96' title="bbox 113 2429 912 2465">
     <span class='ocr_line' id='line_1_96' title="bbox 113 2429 912 2465; baseline 0 -8"><span class='ocrx_word' id='word_1_695' title='bbox 113 2429 217 2465; x_wconf 83' lang='lat' dir='ltr'>gelum</span> <span class='ocrx_word' id='word_1_696' title='bbox 231 2429 378 2463; x_wconf 82' lang='lat' dir='ltr'>intelligit,</span> <span class='ocrx_word' id='word_1_697' title='bbox 391 2429 442 2456; x_wconf 87' lang='lat' dir='ltr'>sed</span> <span class='ocrx_word' id='word_1_698' title='bbox 454 2430 629 2457; x_wconf 76' lang='lat' dir='ltr'>diviniorem</span> <span class='ocrx_word' id='word_1_699' title='bbox 645 2432 831 2464; x_wconf 78' lang='lat' dir='ltr'>potestatem,</span> <span class='ocrx_word' id='word_1_700' title='bbox 846 2437 912 2465; x_wconf 68' lang='lat' dir='ltr'>quae</span> 
     </span>
    </p>
   </div>
   <div class='ocr_carea' id='block_1_97' title="bbox 113 2465 911 2497">
    <p class='ocr_par' dir='ltr' id='par_1_97' title="bbox 113 2465 911 2497">
     <span class='ocr_line' id='line_1_97' title="bbox 113 2465 911 2497; baseline 0 -4"><span class='ocrx_word' id='word_1_701' title='bbox 113 2473 169 2493; x_wconf 75' lang='lat' dir='ltr'>nos</span> <span class='ocrx_word' id='word_1_702' title='bbox 190 2465 232 2492; x_wconf 83' lang='lat' dir='ltr'>ad</span> <span class='ocrx_word' id='word_1_703' title='bbox 254 2465 308 2492; x_wconf 82' lang='lat' dir='ltr'>Dei</span> <span class='ocrx_word' id='word_1_704' title='bbox 332 2465 558 2492; x_wconf 71' lang='lat' dir='ltr'>similitudinem</span> <span class='ocrx_word' id='word_1_705' title='bbox 580 2465 711 2497; x_wconf 72' lang='lat' dir='ltr'>deducit,</span> <span class='ocrx_word' id='word_1_706' title='bbox 733 2465 911 2493; x_wconf 70' lang='lat' dir='ltr'>diviniorem</span> 
     </span>
    </p>
   </div>
   <div class='ocr_carea' id='block_1_98' title="bbox 110 2500 911 2542">
    <p class='ocr_par' dir='ltr' id='par_1_98' title="bbox 110 2500 911 2542">
     <span class='ocr_line' id='line_1_98' title="bbox 110 2500 911 2542; baseline -0.001 -13"><span class='ocrx_word' id='word_1_707' title='bbox 110 2503 242 2542; x_wconf 58' lang='lat' dir='ltr'>pagani,</span> <span class='ocrx_word' id='word_1_708' title='bbox 251 2500 385 2542; x_wconf 62' lang='lat' dir='ltr'>Spiritus</span> <span class='ocrx_word' id='word_1_709' title='bbox 392 2500 626 2542; x_wconf 26' lang='lat' dir='ltr'>sanctiograliass:</span> <span class='ocrx_word' id='word_1_710' title='bbox 639 2500 753 2542; x_wconf 66' lang='lat' dir='ltr'>Similia</span> <span class='ocrx_word' id='word_1_711' title='bbox 763 2500 911 2542; x_wconf 75' lang='lat' dir='ltr'>habemus</span> 
     </span>
    </p>
   </div>
   <div class='ocr_carea' id='block_1_99' title="bbox 113 2535 912 2575">
    <p class='ocr_par' dir='ltr' id='par_1_99' title="bbox 113 2535 912 2575">
     <span class='ocr_line' id='line_1_99' title="bbox 113 2535 912 2575; baseline 0 -12"><span class='ocrx_word' id='word_1_712' title='bbox 113 2535 145 2575; x_wconf 84' lang='lat' dir='ltr'>i_n</span> <span class='ocrx_word' id='word_1_713' title='bbox 155 2535 380 2575; x_wconf 69' lang='lat' dir='ltr'>commentario</span> <span class='ocrx_word' id='word_1_714' title='bbox 391 2535 422 2563; x_wconf 75' lang='lat' dir='ltr'>in</span> <span class='ocrx_word' id='word_1_715' title='bbox 434 2536 545 2575; x_wconf 62' lang='lat' dir='ltr'>Isaiam</span> <span class='ocrx_word' id='word_1_716' title='bbox 555 2542 589 2575; x_wconf 89' lang='lat' dir='ltr'>n._</span> <span class='ocrx_word' id='word_1_717' title='bbox 597 2537 626 2563; x_wconf 78' lang='lat'>‘21</span> <span class='ocrx_word' id='word_1_718' title='bbox 635 2543 678 2575; x_wconf 81' lang='lat' dir='ltr'>,p.</span> <span class='ocrx_word' id='word_1_719' title='bbox 692 2536 753 2575; x_wconf 54' lang='lat'>39:5,</span> <span class='ocrx_word' id='word_1_720' title='bbox 761 2535 816 2575; x_wconf 71' lang='lat' dir='ltr'>ubi</span> <span class='ocrx_word' id='word_1_721' title='bbox 825 2536 912 2575; x_wconf 83' lang='lat' dir='ltr'>docet</span> 
     </span>
    </p>
   </div>
   <div class='ocr_carea' id='block_1_100' title="bbox 113 2570 912 2606">
    <p class='ocr_par' dir='ltr' id='par_1_100' title="bbox 113 2570 912 2606">
     <span class='ocr_line' id='line_1_100' title="bbox 113 2570 912 2606; baseline 0.001 -8"><span class='ocrx_word' id='word_1_722' title='bbox 113 2571 243 2599; x_wconf 84' lang='lat' dir='ltr'>Basilius</span> <span class='ocrx_word' id='word_1_723' title='bbox 259 2570 399 2606; x_wconf 90' lang='lat' dir='ltr'>Spiritum</span> <span class='ocrx_word' id='word_1_724' title='bbox 410 2573 548 2598; x_wconf 88' lang='lat' dir='ltr'>sanctum</span> <span class='ocrx_word' id='word_1_725' title='bbox 562 2571 602 2599; x_wconf 90' lang='lat' dir='ltr'>ab</span> <span class='ocrx_word' id='word_1_726' title='bbox 613 2570 716 2598; x_wconf 87' lang='lat' dir='ltr'>anima</span> <span class='ocrx_word' id='word_1_727' title='bbox 726 2571 912 2600; x_wconf 81' lang='lat' dir='ltr'>infructuosa</span> 
     </span>
    </p>
   </div>
   <div class='ocr_carea' id='block_1_101' title="bbox 113 2606 910 2642">
    <p class='ocr_par' dir='ltr' id='par_1_101' title="bbox 113 2606 910 2642">
     <span class='ocr_line' id='line_1_101' title="bbox 113 2606 910 2642; baseline -0.001 -7"><span class='ocrx_word' id='word_1_728' title='bbox 113 2607 264 2641; x_wconf 84' lang='lat' dir='ltr'>recedere,</span> <span class='ocrx_word' id='word_1_729' title='bbox 274 2609 397 2642; x_wconf 88' lang='lat' dir='ltr'>tumque</span> <span class='ocrx_word' id='word_1_730' title='bbox 407 2606 515 2642; x_wconf 85' lang='lat' dir='ltr'>cadere</span> <span class='ocrx_word' id='word_1_731' title='bbox 521 2614 617 2642; x_wconf 84' lang='lat' dir='ltr'>sepes,</span> <span class='ocrx_word' id='word_1_732' title='bbox 626 2607 803 2641; x_wconf 81' lang='lat' dir='ltr'>angelorum</span> <span class='ocrx_word' id='word_1_733' title='bbox 813 2609 910 2634; x_wconf 85' lang='lat' dir='ltr'>custo-</span> 
     </span>
    </p>
   </div>
   <div class='ocr_carea' id='block_1_102' title="bbox 113 2641 911 2677">
    <p class='ocr_par' dir='ltr' id='par_1_102' title="bbox 113 2641 911 2677">
     <span class='ocr_line' id='line_1_102' title="bbox 113 2641 911 2677; baseline 0 -7"><span class='ocrx_word' id='word_1_734' title='bbox 113 2643 213 2675; x_wconf 85' lang='lat' dir='ltr'>diam;</span> <span class='ocrx_word' id='word_1_735' title='bbox 226 2644 254 2670; x_wconf 88' lang='lat' dir='ltr'>ct</span> <span class='ocrx_word' id='word_1_736' title='bbox 262 2641 550 2677; x_wconf 74' lang='lat' dir='ltr'>peregrinosirruere</span> <span class='ocrx_word' id='word_1_737' title='bbox 555 2641 674 2677; x_wconf 65' lang='lat' dir='ltr'>,nempe</span> <span class='ocrx_word' id='word_1_738' title='bbox 679 2644 836 2676; x_wconf 72' lang='lat' dir='ltr'>potestates</span> <span class='ocrx_word' id='word_1_739' title='bbox 841 2650 911 2677; x_wconf 77' lang='lat' dir='ltr'>pec-</span> 
     </span>
    </p>
   </div>
   <div class='ocr_carea' id='block_1_103' title="bbox 114 2677 911 2712">
    <p class='ocr_par' dir='ltr' id='par_1_103' title="bbox 114 2677 911 2712">
     <span class='ocr_line' id='line_1_103' title="bbox 114 2677 911 2712; baseline -0.004 -5"><span class='ocrx_word' id='word_1_740' title='bbox 114 2682 252 2707; x_wconf 71' lang='lat' dir='ltr'>calorum</span> <span class='ocrx_word' id='word_1_741' title='bbox 262 2678 344 2705; x_wconf 79' lang='lat' dir='ltr'>circa</span> <span class='ocrx_word' id='word_1_742' title='bbox 355 2678 508 2705; x_wconf 79' lang='lat' dir='ltr'>scientiam</span> <span class='ocrx_word' id='word_1_743' title='bbox 519 2678 689 2712; x_wconf 76' lang='lat' dir='ltr'>e/fectrices.</span> <span class='ocrx_word' id='word_1_744' title='bbox 704 2677 817 2705; x_wconf 88' lang='lat' dir='ltr'>Ibidem</span> <span class='ocrx_word' id='word_1_745' title='bbox 834 2686 911 2705; x_wconf 85' lang='lat' dir='ltr'>unus</span> 
     </span>
    </p>
   </div>
   <div class='ocr_carea' id='block_1_104' title="bbox 114 2713 909 2747">
    <p class='ocr_par' dir='ltr' id='par_1_104' title="bbox 114 2713 909 2747">
     <span class='ocr_line' id='line_1_104' title="bbox 114 2713 909 2747; baseline -0.003 -6"><span class='ocrx_word' id='word_1_746' title='bbox 114 2715 210 2743; x_wconf 82' lang='lat' dir='ltr'>codex</span> <span class='ocrx_word' id='word_1_747' title='bbox 226 2713 294 2739; x_wconf 78' lang='grc' dir='ltr'>κατά</span> <span class='ocrx_word' id='word_1_748' title='bbox 307 2722 345 2747; x_wconf 74' lang='grc' dir='ltr'>γε.</span> <span class='ocrx_word' id='word_1_749' title='bbox 360 2714 429 2740; x_wconf 85' lang='lat' dir='ltr'>Tres</span> <span class='ocrx_word' id='word_1_750' title='bbox 445 2713 503 2744; x_wconf 87' lang='lat' dir='ltr'>alii,</span> <span class='ocrx_word' id='word_1_751' title='bbox 516 2714 545 2740; x_wconf 91' lang='lat' dir='ltr'>in</span> <span class='ocrx_word' id='word_1_752' title='bbox 559 2713 605 2741; x_wconf 78' lang='lat' dir='ltr'>liis</span> <span class='ocrx_word' id='word_1_753' title='bbox 619 2713 785 2745; x_wconf 64' lang='lat' dir='ltr'>Medicuaus,</span> <span class='ocrx_word' id='word_1_754' title='bbox 795 2714 862 2739; x_wconf 69' lang='grc' dir='ltr'>κατα</span> <span class='ocrx_word' id='word_1_755' title='bbox 875 2723 909 2740; x_wconf 81' lang='grc' dir='ltr'>τε.</span> 
     </span>
    </p>
   </div>
   <div class='ocr_carea' id='block_1_105' title="bbox 149 2748 783 2784">
    <p class='ocr_par' dir='ltr' id='par_1_105' title="bbox 149 2748 783 2784">
     <span class='ocr_line' id='line_1_105' title="bbox 149 2748 783 2784; baseline 0.002 -9"><span class='ocrx_word' id='word_1_756' title='bbox 149 2752 207 2782; x_wconf 69' lang='grc'>(25)</span> <span class='ocrx_word' id='word_1_757' title='bbox 221 2750 259 2775; x_wconf 72' lang='grc' dir='ltr'>Τὰ</span> <span class='ocrx_word' id='word_1_758' title='bbox 272 2748 364 2783; x_wconf 74' lang='grc' dir='ltr'>ἐαυτῷ.</span> <span class='ocrx_word' id='word_1_759' title='bbox 375 2748 462 2776; x_wconf 87' lang='lat' dir='ltr'>Coisl.</span> <span class='ocrx_word' id='word_1_760' title='bbox 477 2749 593 2784; x_wconf 81' lang='lat' dir='ltr'>primus</span> <span class='ocrx_word' id='word_1_761' title='bbox 607 2750 638 2774; x_wconf 79' lang='grc' dir='ltr'>τὰ</span> <span class='ocrx_word' id='word_1_762' title='bbox 654 2749 676 2775; x_wconf 79' lang='grc' dir='ltr'>ἐν</span> <span class='ocrx_word' id='word_1_763' title='bbox 690 2753 783 2783; x_wconf 77' lang='grc' dir='ltr'>εαυτῴ.</span> 
     </span>
    </p>
   </div>
   <div class='ocr_carea' id='block_1_106' title="bbox 150 2783 913 2822">
    <p class='ocr_par' dir='ltr' id='par_1_106' title="bbox 150 2783 913 2822">
     <span class='ocr_line' id='line_1_106' title="bbox 150 2783 913 2822; baseline 0.001 -9"><span class='ocrx_word' id='word_1_764' title='bbox 150 2786 210 2822; x_wconf 72' lang='grc'>(26)</span> <span class='ocrx_word' id='word_1_765' title='bbox 225 2789 282 2813; x_wconf 74' lang='grc' dir='ltr'>Τῶν</span> <span class='ocrx_word' id='word_1_766' title='bbox 306 2783 445 2820; x_wconf 68' lang='grc' dir='ltr'>βαναύσων</span> <span class='ocrx_word' id='word_1_767' title='bbox 464 2783 569 2812; x_wconf 76' lang='grc' dir='ltr'>τούτων,</span> <span class='ocrx_word' id='word_1_768' title='bbox 593 2784 625 2813; x_wconf 74' lang='lat' dir='ltr'>id</span> <span class='ocrx_word' id='word_1_769' title='bbox 642 2786 696 2820; x_wconf 86' lang='lat' dir='ltr'>est,</span> <span class='ocrx_word' id='word_1_770' title='bbox 718 2784 913 2814; x_wconf 74' lang='lat' dir='ltr'>ittiberalz’um</span> 
     </span>
    </p>
   </div>
   <div class='ocr_carea' id='block_1_107' title="bbox 964 2248 1788 2277">
    <p class='ocr_par' dir='ltr' id='par_1_107' title="bbox 964 2248 1788 2277">
     <span class='ocr_line' id='line_1_107' title="bbox 964 2248 1788 2277; baseline 0 -1"><span class='ocrx_word' id='word_1_771' title='bbox 964 2248 1056 2277; x_wconf 89' lang='lat' dir='ltr'>tenda</span> <span class='ocrx_word' id='word_1_772' title='bbox 1071 2256 1135 2276; x_wconf 88' lang='lat' dir='ltr'>esse</span> <span class='ocrx_word' id='word_1_773' title='bbox 1158 2248 1241 2276; x_wconf 82' lang='lat' dir='ltr'>duxi.</span> <span class='ocrx_word' id='word_1_774' title='bbox 1257 2250 1360 2276; x_wconf 85' lang='lat' dir='ltr'>Totam</span> <span class='ocrx_word' id='word_1_775' title='bbox 1389 2249 1469 2276; x_wconf 87' lang='lat' dir='ltr'>enim</span> <span class='ocrx_word' id='word_1_776' title='bbox 1496 2248 1595 2276; x_wconf 81' lang='lat' dir='ltr'>Basilii</span> <span class='ocrx_word' id='word_1_777' title='bbox 1610 2249 1788 2277; x_wconf 82' lang='lat' dir='ltr'>sententiam</span> 
     </span>
    </p>
   </div>
   <div class='ocr_carea' id='block_1_108' title="bbox 965 2283 1787 2321">
    <p class='ocr_par' dir='ltr' id='par_1_108' title="bbox 965 2283 1787 2321">
     <span class='ocr_line' id='line_1_108' title="bbox 965 2283 1787 2321; baseline 0.001 -10"><span class='ocrx_word' id='word_1_778' title='bbox 965 2284 1084 2321; x_wconf 82' lang='lat' dir='ltr'>penitus</span> <span class='ocrx_word' id='word_1_779' title='bbox 1116 2283 1296 2321; x_wconf 82' lang='lat' dir='ltr'>deformant,</span> <span class='ocrx_word' id='word_1_780' title='bbox 1317 2292 1487 2321; x_wconf 30' lang='lat' dir='ltr'>qua-idcum</span> <span class='ocrx_word' id='word_1_781' title='bbox 1501 2288 1598 2321; x_wconf 88' lang='lat' dir='ltr'>__artes</span> <span class='ocrx_word' id='word_1_782' title='bbox 1622 2285 1787 2319; x_wconf 83' lang='lat' dir='ltr'>generatim</span> 
     </span>
    </p>
   </div>
   <div class='ocr_carea' id='block_1_109' title="bbox 965 2319 1789 2355">
    <p class='ocr_par' dir='ltr' id='par_1_109' title="bbox 965 2319 1789 2355">
     <span class='ocr_line' id='line_1_109' title="bbox 965 2319 1789 2355; baseline 0 -7"><span class='ocrx_word' id='word_1_783' title='bbox 965 2319 1181 2355; x_wconf 77' lang='lat' dir='ltr'>complectitur,</span> <span class='ocrx_word' id='word_1_784' title='bbox 1206 2319 1357 2347; x_wconf 77' lang='lat' dir='ltr'>immerito</span> <span class='ocrx_word' id='word_1_785' title='bbox 1384 2319 1574 2348; x_wconf 82' lang='lat' dir='ltr'>illiberalium</span> <span class='ocrx_word' id='word_1_786' title='bbox 1604 2321 1712 2348; x_wconf 86' lang='lat' dir='ltr'>artium</span> <span class='ocrx_word' id='word_1_787' title='bbox 1737 2328 1789 2348; x_wconf 86' lang='lat' dir='ltr'>an-</span> 
     </span>
    </p>
   </div>
   <div class='ocr_carea' id='block_1_110' title="bbox 965 2355 1789 2392">
    <p class='ocr_par' dir='ltr' id='par_1_110' title="bbox 965 2355 1789 2392">
     <span class='ocr_line' id='line_1_110' title="bbox 965 2355 1789 2392; baseline 0.001 -10"><span class='ocrx_word' id='word_1_788' title='bbox 965 2355 1071 2392; x_wconf 78' lang='lat' dir='ltr'>gustiis</span> <span class='ocrx_word' id='word_1_789' title='bbox 1079 2357 1274 2383; x_wconf 86' lang='lat' dir='ltr'>coerceretur.</span> <span class='ocrx_word' id='word_1_790' title='bbox 1282 2357 1425 2392; x_wconf 74' lang='lat' dir='ltr'>Praeterea</span> <span class='ocrx_word' id='word_1_791' title='bbox 1435 2355 1547 2392; x_wconf 82' lang='lat' dir='ltr'>profert</span> <span class='ocrx_word' id='word_1_792' title='bbox 1559 2355 1683 2392; x_wconf 81' lang='lat' dir='ltr'>Basilius</span> <span class='ocrx_word' id='word_1_793' title='bbox 1691 2364 1789 2383; x_wconf 82' lang='lat' dir='ltr'>exem-</span> 
     </span>
    </p>
   </div>
   <div class='ocr_carea' id='block_1_111' title="bbox 965 2390 1790 2427">
    <p class='ocr_par' dir='ltr' id='par_1_111' title="bbox 965 2390 1790 2427">
     <span class='ocr_line' id='line_1_111' title="bbox 965 2390 1790 2427; baseline 0.001 -9"><span class='ocrx_word' id='word_1_794' title='bbox 965 2390 1006 2427; x_wconf 73' lang='lat' dir='ltr'>pii</span> <span class='ocrx_word' id='word_1_795' title='bbox 1019 2390 1087 2419; x_wconf 87' lang='lat' dir='ltr'>loco</span> <span class='ocrx_word' id='word_1_796' title='bbox 1116 2394 1209 2418; x_wconf 86' lang='lat' dir='ltr'>artem</span> <span class='ocrx_word' id='word_1_797' title='bbox 1240 2390 1486 2427; x_wconf 17' lang='lat' dir='ltr'>gubernandir‘et</span> <span class='ocrx_word' id='word_1_798' title='bbox 1506 2391 1697 2425; x_wconf 85' lang='lat' dir='ltr'>medicinam,</span> <span class='ocrx_word' id='word_1_799' title='bbox 1714 2399 1790 2427; x_wconf 86' lang='lat' dir='ltr'>quas</span> 
     </span>
    </p>
   </div>
   <div class='ocr_carea' id='block_1_112' title="bbox 965 2426 1788 2461">
    <p class='ocr_par' dir='ltr' id='par_1_112' title="bbox 965 2426 1788 2461">
     <span class='ocr_line' id='line_1_112' title="bbox 965 2426 1788 2461; baseline -0.001 -6"><span class='ocrx_word' id='word_1_800' title='bbox 965 2426 1133 2455; x_wconf 78' lang='lat' dir='ltr'>absurdum</span> <span class='ocrx_word' id='word_1_801' title='bbox 1161 2427 1198 2454; x_wconf 87' lang='lat' dir='ltr'>sit</span> <span class='ocrx_word' id='word_1_802' title='bbox 1223 2426 1299 2454; x_wconf 90' lang='lat' dir='ltr'>inter</span> <span class='ocrx_word' id='word_1_803' title='bbox 1324 2429 1402 2454; x_wconf 83' lang='lat' dir='ltr'>artes</span> <span class='ocrx_word' id='word_1_804' title='bbox 1430 2426 1592 2455; x_wconf 85' lang='lat' dir='ltr'>illiberales</span> <span class='ocrx_word' id='word_1_805' title='bbox 1619 2426 1788 2461; x_wconf 72' lang='lat' dir='ltr'>numerare,</span> 
     </span>
    </p>
   </div>
   <div class='ocr_carea' id='block_1_113' title="bbox 965 2462 1789 2499">
    <p class='ocr_par' dir='ltr' id='par_1_113' title="bbox 965 2462 1789 2499">
     <span class='ocr_line' id='line_1_113' title="bbox 965 2462 1789 2499; baseline 0.001 -10"><span class='ocrx_word' id='word_1_806' title='bbox 965 2462 1133 2498; x_wconf 63' lang='lat' dir='ltr'>praesertim</span> <span class='ocrx_word' id='word_1_807' title='bbox 1157 2462 1349 2499; x_wconf 79' lang='lat' dir='ltr'>medicinam.</span> <span class='ocrx_word' id='word_1_808' title='bbox 1367 2463 1447 2489; x_wconf 80' lang='lat' dir='ltr'>Hunc</span> <span class='ocrx_word' id='word_1_809' title='bbox 1467 2466 1561 2490; x_wconf 86' lang='lat' dir='ltr'>artem</span> <span class='ocrx_word' id='word_1_810' title='bbox 1585 2463 1650 2499; x_wconf 90' lang='lat' dir='ltr'>ipse</span> <span class='ocrx_word' id='word_1_811' title='bbox 1663 2462 1789 2490; x_wconf 85' lang='lat' dir='ltr'>Basilius</span> 
     </span>
    </p>
   </div>
   <div class='ocr_carea' id='block_1_114' title="bbox 966 2497 1789 2533">
    <p class='ocr_par' dir='ltr' id='par_1_114' title="bbox 966 2497 1789 2533">
     <span class='ocr_line' id='line_1_114' title="bbox 966 2497 1789 2533; baseline -0.001 -8"><span class='ocrx_word' id='word_1_812' title='bbox 966 2497 1103 2533; x_wconf 77' lang='lat' dir='ltr'>apprime</span> <span class='ocrx_word' id='word_1_813' title='bbox 1131 2497 1267 2530; x_wconf 87' lang='lat' dir='ltr'>callebat,</span> <span class='ocrx_word' id='word_1_814' title='bbox 1293 2499 1367 2525; x_wconf 88' lang='lat' dir='ltr'>teste</span> <span class='ocrx_word' id='word_1_815' title='bbox 1391 2498 1531 2533; x_wconf 86' lang='lat' dir='ltr'>Gregorio</span> <span class='ocrx_word' id='word_1_816' title='bbox 1559 2497 1638 2533; x_wconf 64' lang='lat' dir='ltr'>Na&#39;z.,</span> <span class='ocrx_word' id='word_1_817' title='bbox 1653 2501 1726 2526; x_wconf 86' lang='lat' dir='ltr'>orat.</span> <span class='ocrx_word' id='word_1_818' title='bbox 1741 2506 1789 2530; x_wconf 75' lang='lat' dir='ltr'>xx,</span> 
     </span>
    </p>
   </div>
   <div class='ocr_carea' id='block_1_115' title="bbox 966 2532 1791 2569">
    <p class='ocr_par' dir='ltr' id='par_1_115' title="bbox 966 2532 1791 2569">
     <span class='ocr_line' id='line_1_115' title="bbox 966 2532 1791 2569; baseline -0.002 -8"><span class='ocrx_word' id='word_1_819' title='bbox 966 2532 1037 2569; x_wconf 64' lang='lat' dir='ltr'>pag.</span> <span class='ocrx_word' id='word_1_820' title='bbox 1053 2535 1115 2561; x_wconf 79' lang='lat'>333.</span> <span class='ocrx_word' id='word_1_821' title='bbox 1129 2532 1237 2565; x_wconf 85' lang='lat' dir='ltr'>Quanti</span> <span class='ocrx_word' id='word_1_822' title='bbox 1261 2533 1393 2560; x_wconf 89' lang='lat' dir='ltr'>medicos</span> <span class='ocrx_word' id='word_1_823' title='bbox 1403 2533 1530 2569; x_wconf 66' lang='lat' dir='ltr'>taceret,</span> <span class='ocrx_word' id='word_1_824' title='bbox 1551 2533 1677 2569; x_wconf 86' lang='lat' dir='ltr'>perspici</span> <span class='ocrx_word' id='word_1_825' title='bbox 1694 2535 1791 2569; x_wconf 78' lang='lat' dir='ltr'>potest</span> 
     </span>
    </p>
   </div>
   <div class='ocr_carea' id='block_1_116' title="bbox 966 2568 1790 2604">
    <p class='ocr_par' dir='ltr' id='par_1_116' title="bbox 966 2568 1790 2604">
     <span class='ocr_line' id='line_1_116' title="bbox 966 2568 1790 2604; baseline -0.001 -9"><span class='ocrx_word' id='word_1_826' title='bbox 966 2568 1003 2596; x_wconf 82' lang='lat' dir='ltr'>cx</span> <span class='ocrx_word' id='word_1_827' title='bbox 1030 2569 1116 2604; x_wconf 86' lang='lat' dir='ltr'>epist.</span> <span class='ocrx_word' id='word_1_828' title='bbox 1147 2570 1196 2596; x_wconf 82' lang='grc'>189</span> <span class='ocrx_word' id='word_1_829' title='bbox 1222 2569 1263 2596; x_wconf 91' lang='lat' dir='ltr'>ad</span> <span class='ocrx_word' id='word_1_830' title='bbox 1286 2568 1476 2596; x_wconf 64' lang='lat' dir='ltr'>Eustathium</span> <span class='ocrx_word' id='word_1_831' title='bbox 1505 2568 1704 2602; x_wconf 75' lang='lat' dir='ltr'>aré/u&#39;alrmn,</span> <span class='ocrx_word' id='word_1_832' title='bbox 1739 2568 1790 2595; x_wconf 82' lang='lat' dir='ltr'>ubi</span> 
     </span>
    </p>
   </div>
   <div class='ocr_carea' id='block_1_117' title="bbox 967 2604 1790 2639">
    <p class='ocr_par' dir='ltr' id='par_1_117' title="bbox 967 2604 1790 2639">
     <span class='ocr_line' id='line_1_117' title="bbox 967 2604 1790 2639; baseline -0.001 -8"><span class='ocrx_word' id='word_1_833' title='bbox 967 2604 1103 2632; x_wconf 83' lang='lat' dir='ltr'>assentiri</span> <span class='ocrx_word' id='word_1_834' title='bbox 1119 2611 1151 2631; x_wconf 87' lang='lat' dir='ltr'>se</span> <span class='ocrx_word' id='word_1_835' title='bbox 1166 2604 1321 2639; x_wconf 89' lang='lat' dir='ltr'>protitetur</span> <span class='ocrx_word' id='word_1_836' title='bbox 1336 2604 1381 2636; x_wconf 86' lang='lat' dir='ltr'>iis,</span> <span class='ocrx_word' id='word_1_837' title='bbox 1395 2605 1446 2639; x_wconf 74' lang='lat' dir='ltr'>qui</span> <span class='ocrx_word' id='word_1_838' title='bbox 1462 2604 1604 2631; x_wconf 81' lang='lat' dir='ltr'>omnibus</span> <span class='ocrx_word' id='word_1_839' title='bbox 1615 2604 1790 2638; x_wconf 75' lang='lat' dir='ltr'>rebus,qu</span> 
     </span>
    </p>
   </div>
   <div class='ocr_carea' id='block_1_118' title="bbox 967 2636 1790 2675">
    <p class='ocr_par' dir='ltr' id='par_1_118' title="bbox 967 2636 1790 2675">
     <span class='ocr_line' id='line_1_118' title="bbox 967 2636 1790 2675; baseline 0 -9"><span class='ocrx_word' id='word_1_840' title='bbox 967 2639 1091 2675; x_wconf 85' lang='lat' dir='ltr'>quidem</span> <span class='ocrx_word' id='word_1_841' title='bbox 1122 2636 1244 2666; x_wconf 59' lang='lat' dir='ltr'>in&#39;vita</span> <span class='ocrx_word' id='word_1_842' title='bbox 1273 2639 1373 2666; x_wconf 86' lang='lat' dir='ltr'>studio</span> <span class='ocrx_word' id='word_1_843' title='bbox 1405 2636 1567 2672; x_wconf 57' lang='lat' dir='ltr'>Habentur,</span> <span class='ocrx_word' id='word_1_844' title='bbox 1602 2636 1790 2666; x_wconf 54' lang='lat' dir='ltr'>medicor—um</span> 
     </span>
    </p>
   </div>
   <div class='ocr_carea' id='block_1_119' title="bbox 968 2674 1716 2710">
    <p class='ocr_par' dir='ltr' id='par_1_119' title="bbox 968 2674 1716 2710">
     <span class='ocr_line' id='line_1_119' title="bbox 968 2674 1716 2710; baseline -0.001 -8"><span class='ocrx_word' id='word_1_845' title='bbox 968 2674 1122 2702; x_wconf 76' lang='lat' dir='ltr'>scientiam</span> <span class='ocrx_word' id='word_1_846' title='bbox 1138 2676 1335 2709; x_wconf 83' lang='lat' dir='ltr'>anteponunt.</span> <span class='ocrx_word' id='word_1_847' title='bbox 1354 2674 1422 2701; x_wconf 59' lang='lat' dir='ltr'>Vide</span> <span class='ocrx_word' id='word_1_848' title='bbox 1438 2675 1522 2710; x_wconf 79' lang='lat' dir='ltr'>epist.</span> <span class='ocrx_word' id='word_1_849' title='bbox 1535 2676 1578 2708; x_wconf 66' lang='lat' dir='ltr'>Si,</span> <span class='ocrx_word' id='word_1_850' title='bbox 1590 2683 1674 2710; x_wconf 83' lang='lat' dir='ltr'>num.</span> <span class='ocrx_word' id='word_1_851' title='bbox 1696 2677 1716 2701; x_wconf 94' lang='lat' dir='ltr'>l.</span> 
     </span>
    </p>
   </div>
   <div class='ocr_carea' id='block_1_120' title="bbox 1003 2709 1790 2747">
    <p class='ocr_par' dir='ltr' id='par_1_120' title="bbox 1003 2709 1790 2747">
     <span class='ocr_line' id='line_1_120' title="bbox 1003 2709 1790 2747; baseline -0.001 -8"><span class='ocrx_word' id='word_1_852' title='bbox 1003 2711 1061 2744; x_wconf 74' lang='lat'>(&#39;27)</span> <span class='ocrx_word' id='word_1_853' title='bbox 1091 2712 1273 2747; x_wconf 76' lang='grc' dir='ltr'>Κεχρημένων.</span> <span class='ocrx_word' id='word_1_854' title='bbox 1302 2713 1343 2738; x_wconf 84' lang='lat' dir='ltr'>tta</span> <span class='ocrx_word' id='word_1_855' title='bbox 1371 2709 1476 2737; x_wconf 52' lang='lat' dir='ltr'>decem</span> <span class='ocrx_word' id='word_1_856' title='bbox 1504 2718 1575 2737; x_wconf 85' lang='lat' dir='ltr'>mss.</span> <span class='ocrx_word' id='word_1_857' title='bbox 1600 2709 1676 2738; x_wconf 86' lang='lat' dir='ltr'>Editi</span> <span class='ocrx_word' id='word_1_858' title='bbox 1700 2719 1790 2738; x_wconf 74' lang='grc' dir='ltr'>κεκτη-</span> 
     </span>
    </p>
   </div>
   <div class='ocr_carea' id='block_1_121' title="bbox 990 2756 1058 2772">
    <p class='ocr_par' dir='ltr' id='par_1_121' title="bbox 990 2756 1058 2772">
     <span class='ocr_line' id='line_1_121' title="bbox 990 2756 1058 2772; baseline 0 0"><span class='ocrx_word' id='word_1_859' title='bbox 990 2756 1058 2772; x_wconf 81' lang='grc' dir='ltr'>ενων.</span> 
     </span>
    </p>
   </div>
   <div class='ocr_carea' id='block_1_122' title="bbox 1004 2778 1632 2818">
    <p class='ocr_par' dir='ltr' id='par_1_122' title="bbox 1004 2778 1632 2818">
     <span class='ocr_line' id='line_1_122' title="bbox 1004 2778 1632 2818; baseline -0.002 -8"><span class='ocrx_word' id='word_1_860' title='bbox 1004 2782 1061 2818; x_wconf 81' lang='grc'>(28)</span> <span class='ocrx_word' id='word_1_861' title='bbox 1078 2779 1229 2810; x_wconf 70' lang='grc' dir='ltr'>Ἐνδίδωσι.</span> <span class='ocrx_word' id='word_1_862' title='bbox 1241 2781 1401 2814; x_wconf 67' lang='lat' dir='ltr'>Mediczeuu</span> <span class='ocrx_word' id='word_1_863' title='bbox 1411 2780 1508 2811; x_wconf 62' lang='lat' dir='ltr'>codex</span> <span class='ocrx_word' id='word_1_864' title='bbox 1523 2778 1632 2809; x_wconf 71' lang='grc' dir='ltr'>δίδωσι.</span> 
     </span>
    </p>
   </div>
  </div>
