2004 3145
68 120 131 149 869

538 120 781 149 EPISTOLARUM
800 117 941 149 CLASSIS
960 118 994 151 Π.
1015 118 1124 149 EPIST.
1147 120 1303 149 CCXXXIV.

1707 123 1760 152 870

69 180 203 211 ἀλλήλοις
221 181 250 207 τὸ
271 179 378 216 γοϐιρον
396 179 478 208 αὐτοῦ
498 183 544 208 καὶ
570 184 600 209 τὸ
624 182 819 219 φιλανθρωπον,
849 184 879 210 τό

935 180 997 210 lent
1008 183 1101 210 terror
1114 178 1193 211 illius
1207 185 1236 212 et
1251 182 1434 219 benignitas,
1445 182 1564 220 justitia
1577 184 1607 213 et
1619 184 1665 212 vis
1679 191 1761 214 crea-

72 224 188 253 δίκαιον
211 227 256 251 καὶ
279 225 309 251 τό
335 222 538 261 δημιουργικὸν,
565 228 595 254 τὸ
618 229 814 264 προγνωστικὸν
834 229 880 254 καὶ

69 273 105 298 τὸ
122 268 344 302 ἅντιποδοτικόν,
360 272 390 296 τό
414 271 550 306 μεγαλεῖον
573 274 618 299 καὶ
639 274 668 298 τὸ
686 274 879 309 προνοητικὸνς

71 316 88 344 ἦ
121 318 171 342 καὶ
197 314 259 351 ὁκιρ
286 315 317 340 οἶν
341 315 439 340 τούτων
458 317 579 352 εἴπωμεν,
600 319 647 346 τὴν
669 317 761 343 οὐσίαν
783 315 880 345 δηλοῦ-

69 369 121 396 μεν
143 367 150 393 ς
173 360 250 395 Εἴπερ
274 360 325 395 γὰρ
349 363 424 386 τοῦτο
446 359 564 395 λέγουσι,
591 363 628 397 μὴ
662 360 843 398 ὶρωτάτωσαν,
857 371 880 388 u

69 407 123 433 τὴν
156 403 246 430 οὐσίαν
274 401 382 439 οἴδαμεν
405 407 451 429 τοῦ
474 408 552 438 Θεοῦ,
575 404 639 431 ἀλλὰ
659 406 879 432 πυνθανέσοωσαν

70 448 201 485 ἡμῶν,εἰ
226 447 333 484 φοϐερὸν
361 446 470 484 οἴδαμεν
496 450 540 474 τὸν
562 451 637 484 Θεὸν,
669 451 682 478 ἤ
715 449 737 476 εἰ
764 448 878 485 δίκαιον,

68 494 85 523 ἢ
107 493 131 519 si
157 493 214 529 (37)
235 491 435 529 φιλάνθρωποη
455 495 545 519 Ταῦτα
573 493 746 530 ὁμολογοῦμεν
771 492 877 522 εἰδέναι.

68 539 103 563 Ei
118 535 150 564 δὲ
166 537 227 562 ἄλλο
241 546 267 562 τι
281 536 388 572 Μγουσι
404 539 451 566 τὴν
471 537 572 573 οὐσίαν,
592 541 629 576 μὴ
645 538 878 575 παραλογιζέσοω-

69 591 124 608 σαν
139 582 212 618 ἡμᾶς
227 579 274 606 διὰ
295 585 343 612 τῆς
362 580 518 613 ἁπλότητος.
534 582 614 609 Αὐτοὶ
633 584 684 621 γὰρ
706 583 879 620 ὡμολόγησαν

69 626 138 652 ἄλλο
152 628 168 654 ἦ
183 625 244 652 ἄλλο
256 623 322 651 εἶναι
337 627 384 654 τήν
410 635 438 651 τι
462 626 554 652 οὐσίαν
582 629 628 653 καί
651 631 701 653 τῶν
726 626 879 664 ἀπηριθμη-

69 673 158 706 μὲνων
187 669 305 697 ἕκαστον.
337 669 404 696 Ἀλλ’
430 671 457 696 αἱ
485 672 531 706 μὲν
559 670 684 708 ὶνέργιιαι
707 672 835 705 ποικίλαι,
861 673 875 702 ἡ

69 713 103 741 δί
133 715 214 742 οὐσία
243 713 329 743 ἁπλῆ.
357 713 447 750 Ἡμεῖς
479 713 510 741 δὲ
537 713 565 741 ἔκ
596 717 641 752 μὲν
669 719 720 742 τῶν
745 716 877 753 ἐνεργειῶν

68 759 212 796 γνωρίζιιν
226 758 332 795 λίγομιν
353 760 401 784 τὸυ
421 760 486 785 Θεὸν
507 759 590 795 ἡμῶν,
607 763 638 796 τῇ
665 758 695 786 δῖ
714 760 792 796 οὐσίᾳ
810 761 876 797 αὖτῇ

67 804 261 840 προσεγγίζειν
285 802 339 838 οὐχ
363 803 577 839 ὑπισχνούμεθα.
603 805 635 830 Ai
666 806 711 840 μὲν
736 806 786 841 γὰρ
811 804 878 841 ἐνέρ-

936 225 1001 261 trix,
1017 227 1164 262 prmnotio
1177 229 1206 255 et
1217 227 1431 256 remunerandi
1440 227 1761 264 ratio,magniticentia

935 273 963 298 et
976 271 1164 306 providentia
1176 281 1184 305 ς
1195 279 1233 301 an
1245 272 1450 309 quodcunque
1465 271 1574 300 horum
1583 273 1760 309 dixerimus,

935 315 1096 343 essentiam
1119 315 1310 344 declaramus
1326 316 1340 344 ?
1361 318 1436 344 Nam
1464 316 1489 344 si
1503 316 1578 345 illud
1593 317 1708 351 dicunt,
1723 326 1760 347 ne

933 359 1117 395 interrogent
1130 368 1169 388 an
1185 361 1347 388 essentiam
1357 360 1529 388 noverimus
1545 361 1607 396 Dei,
1628 361 1680 389 sed
1695 370 1760 397 per.

933 406 1091 431 contentur
1110 411 1149 432 an
1173 405 1369 433 metuendum
1389 405 1562 433 noverimus
1591 407 1695 441 Deum,
1719 414 1759 434 an

931 447 1058 483 justum,
1074 456 1113 477 an
1140 449 1388 477 misericordem?
1403 451 1470 477 Haec
1493 449 1580 477 nobis
1603 452 1676 478 nota
1691 458 1758 479 esse

933 492 1121 522 conﬁtemur.
1141 493 1228 525 Quod
1249 493 1274 521 si
1284 493 1356 529 quid
1371 493 1453 521 aliud
1465 493 1570 522 dicunt
1584 495 1756 530 essentiam,

933 544 970 565 ne
983 545 1039 564 nos
1052 537 1245 566 ludiﬁcentur
1265 546 1320 574 per
1342 537 1421 566 illius
1441 538 1674 575 simplicitatem.
1699 539 1758 576 Ipsi

933 581 1082 616 siquidem
1097 581 1227 610 confessi
1240 584 1311 610 sunt
1326 582 1407 610 aliud
1420 584 1511 618 atque
1528 582 1611 610 aliud
1626 591 1691 611 esse
1713 592 1758 612 es-

933 626 1061 654 sentiam
1072 628 1100 655 et
1113 627 1354 663 unumquodque
1370 634 1475 654 eorum
1488 634 1555 662 qua:
1566 628 1757 655 enumeravi-

932 679 1010 698 mus.
1027 671 1086 699 Sed
1095 671 1184 699 varia:
1195 671 1319 708 quidem
1330 671 1535 707 operationes,
1544 671 1674 700 essentia
1687 679 1759 701 vero

933 714 1070 751 simplex.
1083 717 1141 743 Nos
1155 718 1257 744 autem
1278 723 1315 743 ex
1337 715 1566 751 operationibus
1579 717 1721 750 cognosci
1741 725 1761 745 a

931 759 1020 787 nobis
1035 759 1165 787 dicimus
1175 760 1270 788 Deum
1279 763 1428 794 nostrum,
1438 759 1491 788 sed
1502 759 1542 787 ad
1554 759 1653 796 ipsam
1663 768 1761 789 essen-

932 802 1005 831 tiam
1017 811 1195 831 accessuros
1210 812 1272 832 non
1287 804 1476 840 pollicemur.
1494 803 1593 840 Ipsius
1608 804 1760 840 siquidem

67 857 142 883 γειαι
171 847 253 873 αὑτοῦ
275 848 340 885 πρὸς
368 847 439 883 ἡμᾶς
464 847 679 883 καταϐαίνουσιν,
704 849 719 878 ἡ
746 847 777 875 δί
797 849 878 875 οὐσία

933 848 1125 883 operationes
1139 848 1179 875 ad
1195 856 1252 876 nos
1276 848 1476 882 descendunt,
1500 849 1635 877 essentia
1657 851 1759 878 autem

69 891 157 918 αὐτοῦ
173 893 243 927 μένει
262 890 412 928 ἀπρόσιτος.

106 938 136 964 2.
163 935 232 962 Ἀλλ’
256 935 278 962 εἰ
303 937 351 964 τὴν
380 936 490 972 οὐσίαν³
519 939 620 972 φησὶν,
655 937 772 973 ἀγνοεῖς,
799 938 876 964 αὐτὸν

69 980 184 1017 ἀγνοεῖς.
206 982 240 1007 Σὺ
266 979 297 1007 (Γπ
319 980 501 1017 ἀντία-τρῖψον,
528 982 568 1008 ὃτι
591 981 622 1008 Εἰ
645 984 693 1011 τὴν
719 982 811 1009 οὐσίαν
839 983 877 1009 λέ-

69 1035 127 1061 γεις
147 1024 255 1058 εἰδέναι,
275 1025 353 1051 αὑτὸν
379 1025 427 1051 οὐκ
449 1025 604 1054 ἐπίστασαι.
629 1026 695 1052 Οῢτι
713 1028 763 1062 γὰρ
778 1028 791 1053 ὁ
809 1027 876 1054 λυσ-

70 1068 218 1104 σόδηκτος,
242 1069 344 1106 βλέπων
368 1071 411 1096 τόν
438 1070 503 1095 κύνα
518 1069 542 1095 ἓν
563 1074 595 1106 τῇ
617 1070 708 1107 φιάλῃ,
727 1071 813 1098 πλεῖον
827 1073 877 1109 ὁρᾷ

67 1119 124 1140 τῶν
139 1115 308 1150 ὑγιαινόντων
322 1124 329 1131 ·
352 1113 417 1140 ἀλλὰ
436 1112 483 1140 διὰ
502 1118 579 1140 τοῦτο
598 1113 712 1149 ἐλιιινὸς,
733 1116 774 1141 ὅτι
794 1116 876 1142 cierat

70 1158 181 1194 βλέπειν
209 1157 227 1184 ἄ
258 1161 293 1194 μὴ
318 1158 377 1195 ὁρᾷ.
402 1160 445 1187 Μὴ
471 1158 516 1184 οὖν
545 1160 686 1196 Θαυμάσῃς
709 1163 800 1186 τοῦτον
830 1164 876 1191 τῆς

70 1202 249 1238 ἐπαγγελίας,
292 1201 357 1228 ἀλλὰ
389 1206 437 1233 τῆς
475 1206 616 1239 παρανοίας
655 1204 733 1230 αὐτὸν
771 1204 876 1231 ἐλεεινὸν

69 1251 171 1284 κρῖνον.
188 1249 303 1273 Γίνυσιε
320 1249 418 1281 τοίνυν,
433 1247 474 1273 ὅτι
494 1248 639 1278 παιζόντων
655 1247 725 1274 ἔστιν
746 1250 761 1277 ἡ
785 1252 854 1284 φωνή
867 1260 874 1266 ·

70 1292 104 1318 Εἰ
127 1293 175 1319 τὴν
202 1291 294 1317 οὐσίαν
321 1295 368 1318 τοῦ
400 1295 466 1318 Θεοῦ
491 1291 601 1328 ἀγνοεῖςν
627 1295 643 1318 ὅ
664 1295 700 1328 μὴ
728 1296 876 1328 γινώσκεις,

71 1335 168 1366 σέϐεις.
183 1336 248 1371 Ἐγὼ
264 1334 304 1370 δὲ,
330 1336 370 1361 ὅτι
396 1337 440 1372 μὶν
459 1337 541 1368 ἔστιν,
566 1335 628 1362 οῖδα
640 1347 646 1353 ·
664 1347 689 1362 τι
712 1335 741 1363 δὲ
756 1338 770 1365 ἠ
788 1337 875 1370 οὐσία,

70 1382 138 1417 ὑπὲρ
161 1378 280 1406 διάνοιαν
299 1381 414 1416 τίθεμαι.
436 1384 495 1411 Πῶς
521 1379 565 1406 οὖν
588 1381 730 1417 adtendi;
754 1383 801 1407 Διὰ
828 1386 877 1413 τῆς

70 1428 205 1455 πίστειως.
231 1427 326 1456 Πίστις
344 1423 373 1450 δί
392 1425 525 1462 αὐτάρκης
540 1423 646 1461 εἰδέναι,
668 1426 708 1452 ὃτι
732 1427 789 1452 ἔστι
804 1428 875 1462 Suis,

70 1468 139 1504 οὐχὶ
158 1470 184 1494 τί
204 1467 260 1494 ἐστι
275 1478 281 1485 ·
299 1471 344 1494 καὶ
363 1472 418 1499 τοῖς
440 1468 596 1499 ἱκζητοῦσιν
612 1469 689 1495 αὐτόν
704 1469 873 1506 μισθαποδό-

71 1523 122 1544 της
148 1515 259 1548 γὶνεται.
279 1511 391 1543 Εἷδησις
411 1513 464 1549 ἄρα
485 1517 533 1544 τῆς
550 1514 617 1544 Otia;
638 1514 729 1544 οὐσίας
742 1515 757 1543 ἡ
781 1516 876 1544 αἴσθη-

74 1567 117 1588 σις
131 1557 211 1584 αὐτοῦ
225 1561 273 1588 τῆς
287 1557 487 1593 ἀκαταληψίας·
509 1560 555 1584 καὶ
579 1560 672 1584 σεπτὸν
693 1559 722 1585 οὐ
743 1561 771 1585 τὸ
793 1569 876 1586 κατα-

70 1602 170 1638 ληφθὲν
193 1604 236 1632 τίς
257 1603 272 1631 ἠ
289 1602 378 1636 οὐσία,
401 1601 454 1628 ἀλλ’
476 1603 515 1628 ὅτι
536 1603 607 1628 ἰστιν
628 1604 643 1632 ἡ
669 1603 759 1632 οὐσία,

932 891 1011 920 illius
1026 894 1129 920 manet
1143 893 1311 921 inaccessa.

967 939 995 964 2.
1016 937 1073 965 Sed
1082 937 1106 965 si
1117 937 1287 970 essentiam,
1299 937 1407 973 inquit,
1417 937 1550 972 ignoras,
1560 937 1662 974 ipsum
1675 937 1759 974 igno-

930 989 990 1010 ras.
1004 983 1047 1009 Tu
1060 989 1132 1009 vero
1142 984 1299 1010 converte:
1316 981 1482 1010 Essentism
1492 982 1516 1010 si
1528 982 1602 1010 dicis
1613 984 1640 1010 te
1656 990 1756 1015 nosse,

931 1026 1032 1062 ipsum
1044 1033 1105 1054 non
1118 1026 1286 1061 cognoscis.
1308 1027 1410 1062 Neque
1420 1026 1513 1060 enim,
1528 1026 1582 1063 qui
1600 1034 1722 1055 morsus
1739 1034 1759 1055 a

931 1078 1006 1098 cane
1022 1070 1130 1099 rabido
1150 1071 1232 1099 videt
1258 1078 1365 1098 canem
1389 1070 1419 1098 in
1445 1070 1559 1106 phiala,
1583 1071 1654 1107 plus
1675 1071 1760 1100 videt

930 1123 1025 1151 quam
1039 1115 1064 1142 si
1077 1115 1142 1143 sani
1155 1118 1244 1148 sunt;
1259 1115 1309 1142 sed
1319 1114 1433 1143 idcirco
1445 1115 1558 1150 dignus
1567 1115 1759 1144 commisera-

930 1160 1010 1188 tione
1021 1162 1076 1191 est,
1091 1159 1174 1196 quod
1190 1162 1274 1196 putet
1290 1167 1322 1187 se
1338 1159 1428 1195 358
1442 1159 1545 1187 videre
1561 1167 1628 1196 quae
1641 1167 1702 1187 non
1716 1159 1758 1188 vi-

931 1204 992 1233 det.
1008 1204 1095 1232 lllum
1111 1212 1182 1239 ergo
1202 1212 1240 1232 ne
1255 1204 1378 1232 mineris
1391 1204 1431 1232 ob
1448 1204 1693 1240 promissionem,
1706 1204 1759 1232 sed

931 1248 971 1276 ob
985 1248 1169 1276 dementiam
1188 1248 1334 1276 miserum
1358 1247 1474 1283 judica.
1490 1249 1685 1284 Perspectum
1706 1249 1760 1277 ita-

930 1300 989 1329 que
1000 1292 1052 1320 tibi
1064 1292 1102 1320 sit
1112 1300 1217 1320 vocem
1227 1300 1291 1320 esse
1302 1292 1524 1320 ludiﬁcantium
1537 1300 1543 1320 :
1560 1293 1588 1320 Si
1599 1292 1761 1321 essentiam

931 1337 982 1365 Dei
993 1337 1126 1372 ignoras,
1141 1337 1225 1373 quod
1250 1338 1372 1371 ignoras
1394 1337 1478 1365 colis.
1502 1338 1563 1372 Ego
1585 1345 1654 1364 vero
1674 1337 1759 1366 illum

930 1389 995 1409 esse
1007 1381 1094 1409 novi:
1111 1380 1185 1417 quid
1200 1383 1302 1409 autem
1317 1381 1458 1415 essentia,
1479 1389 1573 1417 supra
1594 1381 1760 1416 intelligen-

931 1426 1002 1454 tiam
1013 1434 1079 1453 esse
1094 1426 1183 1453 duco.
1194 1426 1449 1461 Quomodoigitur
1459 1426 1581 1453 salvor?
1591 1428 1643 1454 Per
1652 1425 1757 1454 ﬁdem.

891 1462 911 1489 (ἶ
931 1470 1017 1498 Fides
1032 1478 1123 1506 porro
1137 1471 1210 1498 satis
1220 1470 1330 1498 idonea
1343 1473 1397 1502 est,
1415 1471 1508 1498 Deum
1521 1477 1586 1497 esse
1602 1470 1756 1505 scirc,non

929 1515 1004 1550 quid
1020 1515 1074 1549 sit;
1087 1523 1218 1550 eumque
1231 1517 1490 1542 remuneratorem
1504 1522 1570 1542 esse
1584 1522 1690 1542 eorum
1703 1515 1757 1550 qui

929 1559 1031 1595 ipsum
1056 1561 1206 1595 quaerunt.
1223 1559 1357 1594 Cognitio
1379 1558 1469 1594 igitur
1489 1558 1630 1586 essentia;
1645 1558 1677 1586 in
1698 1558 1758 1587 hoc

931 1603 1041 1639 posita,
1057 1605 1090 1631 ut
1111 1604 1214 1640 ipsum
1232 1611 1294 1631 non
1310 1610 1399 1639 posse
1414 1602 1630 1640 comprehendi
1642 1603 1759 1639 perspi-

70 1647 191 1675 ciamus
208 1655 215 1674 :
237 1646 373 1683 illudque
392 1646 531 1681 colimus,
545 1646 584 1675 de
612 1655 674 1683 quo
698 1649 908 1684 cognovimus,
922 1655 985 1676 non
1005 1647 1081 1684 quid
1095 1648 1132 1675 sit
1147 1648 1213 1690 ejus
1228 1647 1368 1681 essentia,
1388 1648 1442 1676 sed
1456 1648 1537 1676 hanc
1555 1647 1700 1676 exsistere
1712 1655 1758 1676 es-

71 1691 213 1720 sentiam.

111 1738 137 1765 3.
159 1738 210 1763 Kat
237 1735 475 1774 ἂντιρωτάσθωσαν
505 1737 591 1763 οὕτω.
619 1736 685 1764 Θιόν
717 1735 803 1768 οὐδεὶς
832 1738 876 1763 ἰώ-

71 1790 138 1819 ρακι
162 1783 288 1807 πώποτε*
320 1781 334 1806 ὁ
362 1783 504 1817 πονογινής
541 1783 625 1814 Υίός,
661 1782 674 1806 ὁ
704 1783 738 1807 ὤν
767 1782 800 1812 εἰς
831 1784 875 1808 τὸν

73 1825 169 1852 κόλπον
207 1829 254 1852 τοῦ
293 1827 417 1862 Πατρός,
457 1823 534 1856 οὗτος
564 1825 731 1860 ἐξηγήσατο,
768 1829 800 1853 Τί
838 1826 876 1858 ἰξ-

74 1873 197 1906 ηγήσατο
210 1874 256 1896 τοῦ
273 1872 376 1906 Πατρός
391 1870 404 1896 ό
426 1872 573 1906 Μονογςνής
589 1878 595 1902 ;
611 1872 664 1899 Τὴν
679 1870 780 1904 οὐσίαν,
797 1871 811 1900 ἦ
828 1873 875 1900 τὴν

76 1913 188 1951 δύναμιν
211 1923 218 1948 ;
247 1915 278 1941 Εἰ
305 1917 352 1944 τὴν
379 1913 491 1951 δύναμιν
518 1915 596 1949 (38),
633 1915 694 1948 ὅσον
727 1914 876 1951 ἐξηγήσατο

75 1960 151 1996 ἡμῖν,
179 1962 303 1985 τοσοῦτον
333 1959 506 1996 γνωρίζομεν.
527 1958 558 1985 Εἰ
589 1961 638 1988 τήν
669 1959 778 1994 οὐσίαν,
803 1961 874 1993 sint,

75 2007 128 2030 ποῦ
160 2004 227 2030 ιῖπιν
255 2003 336 2030 αὐτοῦ
366 2006 413 2033 τὴν
440 2003 596 2040 ὰγεννησὶαν
622 2003 736 2040 oderim;
758 2003 877 2041 Ἀϐραάμ

76 2051 140 2075 πότι
170 2049 386 2086 προσεκύνησενς
419 2048 481 2084 Οὐχ
509 2049 551 2074 ὅτε
576 2048 732 2082 Ertio-nun;
762 2051 828 2075 Πότε
847 2047 877 2075 δι

78 2093 250 2127 internae-sv;
271 2093 333 2129 Οὐχ
360 2094 402 2119 ὅτε
426 2092 541 2126 tamen;
572 2095 626 2119 Ποῦ
653 2091 698 2119 οὖν
723 2093 835 2119 ἐνταῦθα
859 2094 875 2122 ἠ

77 2137 225 2172 κατάληψις
253 2137 324 2172 αὐτῷ
353 2137 542 2174 ἐμαρτυρήθη;
571 2137 644 2174 παρὰ
673 2141 720 2168 τῆς
749 2140 876 2175 Γραφῆς;

78 2182 112 2208 Οἱ
135 2183 252 2218 μαθηταὶ
279 2180 309 2208 δὲ
333 2182 412 2208 αὐτὸν
435 2184 498 2208 πότι
512 2183 733 2218 προσεκύνησανς
754 2182 815 2218 οὐχ
837 2183 878 2208 ὅτε

78 2229 125 2256 τήν
150 2229 237 2253 κτίσιν
267 2226 338 2262 αὐτῷ
365 2224 434 2252 ιῖδον
461 2227 693 2262 ﬂuctuare/pinv;
725 2225 798 2253 ’Δπὸ
826 2227 877 2264 γὰρ

79 2270 212 2302 Θαλάσσης
240 2273 286 2298 καὶ
312 2269 410 2306 ἆνίμων
439 2271 646 2296 ὑπακουσάντων
674 2270 745 2305 αὐτῷ
769 2270 875 2307 ἕγνώρι-

81 2325 127 2342 σαν
153 2315 233 2342 αὑτοῦ
255 2317 303 2344 τὴν
330 2316 449 2344 ϐιότητα.
471 2315 573 2341 Οὐκοῦν
594 2313 646 2340 ἀπὸ
669 2316 714 2350 μιν
737 2319 788 2340 τῶν
811 2314 878 2352 ἆνερ-

79 2365 153 2396 γιιῶν
168 2361 183 2389 ἧ
203 2363 309 2396 γνῶσις,
327 2359 378 2385 ἀπὸ
394 2357 424 2386 δὲ
442 2363 491 2390 τῆς
512 2361 631 2395 γνώσὴδς
645 2359 661 2388 ἠ
679 2360 873 2396 προσκύνησις.

81 2406 234 2438 Πισττύιις,
264 2405 304 2431 ὅτι
329 2402 445 2440 δύναμαι
471 2407 550 2430 τοῦτο
568 2407 704 2436 ποιῆσαις
737 2405 877 2438 Πιστεύω,

81 2451 175 2487 Κύριε*
207 2452 254 2476 καὶ
291 2449 485 2486 προσεκύνησεν
518 2449 588 2484 αὐτῷ
603 2469 610 2476 .
654 2440 742 2479 οὑξ-ως
776 2449 792 2478 ἡ
832 2449 878 2484 μὶν

80 2496 256 2532 προσκύνησις
281 2498 312 2530 τῇ
341 2496 430 2520 πίστει
453 2493 607 2520 άκολουθιῖσ
631 2493 647 2522 ἡ
664 2491 694 2520 δι
711 2494 801 2523 πίστις
827 2491 877 2519 ἀπὸ

82 2538 213 2576 δυνάμεως
238 2538 404 2575 βεϐαιοῦται.
428 2538 458 2564 Ei
487 2535 516 2564 δὲ
541 2537 624 2574 λέγεις
649 2539 694 2564 τὸν
722 2538 878 2564 πιστεύοντα

115 2620 138 2638 ⁵⁸
156 2621 241 2649 Joan.
263 2627 282 2655 ι,
303 2620 348 2648 18.
368 2618 389 2636 ⁵⁷
412 2617 516 2647 Matth.
536 2626 571 2654 υς,
593 2619 637 2646 28.

116 2693 170 2728 (37)
191 2693 226 2718 Ἥ
245 2690 277 2719 it.
297 2691 456 2720 Postrema
468 2689 579 2719 vocula
598 2687 704 2719 addita
718 2697 754 2719 ex
767 2696 878 2720 novem

83 2737 173 2801 “1:35)
189 2764 220 2792 Εἰ
235 2765 283 2794 τὴν
298 2761 420 2801 δύναμιν.
434 2763 502 2792 Haec
518 2761 601 2793 adita
614 2771 650 2792 ex
659 2770 736 2792 mss.
751 2762 877 2801 decem;

967 1738 994 1764 3.
1015 1736 1073 1764 Sed
1089 1736 1132 1764 sic
1155 1736 1289 1764 vicissim
1312 1736 1543 1771 interrogentur.
1558 1736 1653 1764 Deum
1673 1743 1759 1764 nemo

930 1781 1006 1809 vidit
1026 1789 1158 1817 unquam
1172 1789 1179 1808 :
1196 1781 1370 1816 unigenitus
1389 1781 1496 1814 Filius,
1515 1781 1569 1816 qui
1582 1783 1625 1809 est
1641 1789 1673 1809 ιη
1690 1781 1763 1820 32'an

929 1825 1043 1860 Patris,
1064 1826 1116 1854 ille
1136 1828 1292 1854 enarravit
1304 1826 1337 1853 ⁸⁸.
1356 1825 1434 1858 Quid
1447 1825 1600 1853 enarravit
1620 1825 1658 1853 de
1674 1826 1759 1853 Patre

931 1870 1106 1905 Unigenitus
1113 1871 1127 1898 ?
1141 1871 1317 1905 Essentiam,
1325 1878 1364 1898 an
1373 1872 1553 1906 potestatem
1563 1869 1577 1896 τ
1589 1870 1617 1897 Si
1630 1871 1759 1905 potesta-

930 1916 1001 1948 tem,
1017 1916 1165 1950 quantum
1186 1914 1337 1942 nuntiavit
1357 1914 1457 1948 nobis,
1472 1915 1588 1941 tantum
1604 1913 1759 1948 cognosci-

931 1966 1008 1986 mus.
1018 1959 1046 1987 Si
1056 1959 1288 1993 essentiam,die
1301 1958 1428 1987 ubinam
1441 1957 1550 1986 dixerit
1560 1957 1758 1993 ingeneratio-

931 2011 1002 2031 nem
1014 2010 1079 2031 esse
1091 2003 1188 2039 ipsius
1199 2002 1507 2035 essentiam.Quaudo
1517 2002 1670 2030 Abraham
1685 2002 1758 2031 ado-

931 2047 1149 2075 ravit?.Nonne
1175 2047 1300 2083 quando
1327 2047 1479 2075 credidit?
1503 2046 1631 2080 Quando
1656 2048 1758 2075 autem

932 2091 1080 2120 credidit?
1106 2092 1209 2119 Nonne
1237 2091 1364 2127 quando
1389 2093 1515 2119 vocatus
1539 2091 1607 2119 est?
1629 2090 1759 2119 Ubinam

932 2136 1056 2164 tandem
1067 2135 1151 2163 illum
1168 2135 1320 2171 Scriptura
1333 2137 1457 2163 testatur
1469 2135 1735 2170 comprehendisse
1745 2135 1760 2162 ‘I

896 2173 918 2200 Ῑ)
933 2180 1060 2213 Quando
1074 2179 1177 2208 itidem
1193 2179 1331 2215 discipuli
1343 2180 1444 2215 ipsum
1454 2179 1620 2207 adoravere
1629 2180 1643 2206 ‘I
1655 2181 1759 2208 Nonne

933 2232 1003 2252 cum
1016 2226 1184 2252 creaturam
1197 2224 1224 2251 ei
1240 2223 1378 2251 viderent
1392 2231 1457 2250 esse
1474 2222 1642 2257 subjectam
1655 2223 1670 2250 ‘2
1683 2224 1759 2251 Nam

932 2277 969 2297 ex
984 2268 1061 2297 mari
1083 2270 1112 2296 et
1134 2268 1231 2296 ventis
1255 2267 1282 2295 ei
1305 2266 1586 2303 obtemperantibus
1606 2273 1759 2301 agnovere

931 2313 1029 2349 ipsius
1043 2312 1238 2340 divinitatem.
1256 2311 1347 2347 Igitur
1362 2319 1398 2339 ex
1413 2310 1641 2347 operationibus
1655 2311 1758 2347 cogni-

932 2358 983 2391 tio,
999 2365 1036 2385 ex
1050 2356 1220 2392 cognitione
1237 2359 1338 2385 autem
1357 2355 1504 2384 adoratio.
1519 2356 1625 2384 Credis
1643 2363 1690 2384 me
1703 2355 1758 2385 hoc

929 2402 1033 2437 facere
1040 2401 1254 2436 posse!Credo,
1261 2401 1387 2429 Domine
1395 2409 1401 2427 :
1409 2403 1435 2428 et
1446 2400 1586 2428 adoravit
1596 2408 1662 2428 eum
1669 2401 1690 2418 ⁸⁷
1697 2422 1704 2429 .
1711 2401 1759 2429 Sic

931 2446 1024 2474 ﬁdem
1037 2446 1172 2482 sequitur
1186 2445 1334 2478 adoratio.
1345 2445 1423 2474 ﬁdes
1436 2453 1508 2473 vero
1523 2452 1578 2481 per
1590 2445 1758 2480 potentiam

931 2490 1155 2519 corroboratur.
1166 2489 1253 2523 Quod
1264 2490 1289 2517 si
1299 2489 1375 2518 dicis
1385 2489 1555 2518 credentem
1569 2489 1634 2524 jam
1646 2496 1759 2523 cogno-

932 2542 1032 2570 scere;
1048 2542 1102 2571 per
1120 2542 1189 2570 quae
1204 2533 1306 2569 credit,
1321 2541 1376 2570 per
1388 2534 1454 2562 haec
1472 2535 1502 2561 et
1515 2533 1690 2568 cognOscit:
1706 2534 1759 2562 aut

932 2697 968 2756 ire
982 2694 1106 2755 pirorsus
1119 2690 1293 2720 necesSaria
1307 2691 1378 2719 sunt
1391 2687 1431 2719 ad
1453 2683 1672 2718 absolvendum
1691 2691 1759 2714 seni

945 2734 982 2756 en
1006 2735 1066 2756 am.

945 2734 1066 2756 enuam.
