2004 3145
56 148 116 177 881

530 148 772 178 EPISTOLARUM
792 149 933 179 CLASSIS
956 151 990 179 Il.
1010 152 1115 180 EPIST.
1137 151 1295 180 CCXXXVI.

1699 154 1752 183 882

57 208 233 245 ἀναμιγῆναι
258 209 306 238 τὴν
326 209 457 246 ἱιρατικὴν
484 211 530 237 καὶ
553 212 600 239 τὴν
625 209 767 247 βασιλικὴν
779 210 872 247 φυλήν,

930 213 959 240 et
973 211 1106 249 pontifex
1118 212 1148 242 in
1160 213 1196 241 iis
1211 221 1280 249 quae
1296 215 1366 242 sunt
1386 213 1425 242 ad
1446 214 1582 243 Deum".
1604 214 1646 242 Ac
1658 214 1752 243 tribus

55 253 148 280 Ὀθεν
170 254 184 280 ὁ
211 254 307 291 Κύριος
329 256 374 280 καὶ
390 253 516 290 βασιλεύς
538 253 594 281 ἔστι
621 257 667 281 καὶ
689 254 827 292 ἀρχιερεὺς
840 257 874 282 τὰ

56 300 133 336 πρὸς
154 300 199 325 τὸν
214 301 289 327 Θεὸν.
306 301 357 325 Καὶ
378 299 425 325 οὐκ
444 298 540 330 ἐξέλιπε
553 300 599 336 μὲν
623 301 638 328 ἠ
664 299 790 336 βασιλικὴ
806 300 872 337 φυλὴ

57 346 154 381 μέχρι
168 348 215 374 τῆς
233 347 279 370 τοῦ
304 347 422 381 Χριστοῦ
437 346 582 381 παρουσίας
595 354 602 361 ·
629 345 658 371 οὐ
680 347 731 381 μὴν
756 346 794 371 ἔτι
813 344 873 371 ἐκά-

59 390 142 416 θισεν
162 388 206 415 ὶπὶ
229 392 275 415 τοῦ
297 390 388 426 Θρόνον
407 387 491 415 Δαϐὶδ
511 390 541 415 τὸ
558 390 661 426 σπέρμα
674 393 720 416 τοῦ
735 389 872 425 Ἰεχονίου,

60 436 170 470 Θρόνος
194 434 246 469 γὰρ
273 431 395 462 δηλονότι
424 432 526 470 λέγεται
544 435 574 460 τὸ
595 433 735 471 βασιλικὸν
760 433 872 470 ἀξίωμα.

61 479 178 508 Πάντως
194 476 224 504 δὲ
249 482 297 509 τῆς
320 479 437 515 ἱστορίας
459 480 601 514 μέμνησαι,
626 479 666 504 ὅτι
687 479 814 515 ὑπόφορος
827 480 873 515 μὶν

60 523 97 552 ἧν
111 525 152 558 τῷ
167 520 253 549 Δαϐὶδ
265 525 339 549 πᾶσα
357 523 373 552 ἡ
390 520 518 557 Ἰουδαὶα,
543 525 588 549 καὶ
606 523 621 552 ἠ
643 521 782 560 Ἰδουμαία
795 526 873 560 χώρα

61 570 112 595 καὶ
140 569 157 598 ἡ
181 567 325 602 Μωαϐῖτις,
344 570 389 595 καὶ
410 572 457 599 τῆς
481 570 575 607 Συρίας
599 568 650 595 ὃσα
676 578 704 595 τε
723 571 874 606 πρόσχωροι

61 613 165 639 καὶτὰ
187 611 341 650 πορῥωτέρω
364 614 446 650 μέχρι
469 617 515 643 τῆς
540 615 631 644 Μέσης
656 617 706 639 τῶν
731 617 871 650 ποταμῶν·

62 659 114 683 καί
133 656 194 683 καθ’
224 657 308 694 ἰτιρον
336 657 393 692 (67)
416 658 490 694 μέρος
509 658 556 688 ἕως
581 661 700 693 ποταμοῦ
721 657 871 693 Αἰγύπτου·

64 701 97 728 Εἰ
126 699 174 728 οὖν
201 700 291 731 οὐδεὶς
316 700 395 738 ἐφάνη
420 701 464 728 ἐπὶ
484 703 611 728 τοσούτου
644 702 788 738 ἀξιώματος
822 706 872 728 τῶν

66 747 136 782 μετὰ
159 749 255 778 ταῦτα,
272 750 326 776 πῶς
349 746 396 772 οὐκ
423 745 522 777 ἀληθὴς
542 747 556 772 ό
575 750 620 773 τοῦ
637 749 768 783 προφήτου
781 746 871 781 λόγος,

67 790 110 817 ὃτι
137 790 185 816 οὐκ
209 791 247 816 ἔτι
266 790 397 817 καθιεῖται
420 789 462 817 ὶπὶ
483 794 529 817 τοῦ
551 791 643 829 θρόνου
665 789 749 817 Δαϐἱδ
776 791 804 817 ix
825 793 872 817 τοῦ

68 836 223 871 σπέρματος
240 834 386 871 Ἰεχονίον;
401 833 494 866 Οὐδείς
514 836 565 873 γὰρ
595 837 711 871 φαίνεται
726 839 774 866 τῆς
797 834 872 867 ἀξίας

66 880 170 910 ταύτης
194 878 378 915 ὶπιιλημμένος
404 878 430 911 ἕξ
462 879 552 907 αὐτοῦ.
580 879 619 906 οὐ
646 881 733 916 μέντοι
761 879 872 911 ἕξὶλιπςν

67 925 82 953 ἧ
100 927 149 950 τοῦ
171 922 262 951 Ἰούδα
284 923 361 960 φυλὴ,
384 924 431 955 ἕως
453 922 483 951 οὗ
499 922 573 954 ἦλθιν
588 924 608 960 ᾧ
623 923 751 958 ἀπέκειτο,
769 924 796 956 ὅς
810 922 872 950 mia“:

66 969 149 1000 αὑτός
179 967 307 998 ἰκαθίσθη
341 968 383 995 ἐπὶ
409 972 455 995 τοῦ
482 972 633 1005 σωματικοῦ
661 970 762 1006 θρόνου,
791 978 873 1005 μιτα-

65 1014 206 1045 πεσούσης
228 1013 318 1039 λοιπὸν
344 1017 392 1045 τῆς
422 1011 574 1044 Ἰουδαϊκῆς
597 1013 734 1050 βασιλιίας
763 1013 805 1040 επὶ
830 1015 873 1040 τὸν

66 1059 125 1084 υἱὸν
155 1061 202 1084 τοῦ
231 1057 423 1084 ’Δσκαλωνίτου
454 1058 627 1096 Ἀντιπάτρου
657 1056 799 1095 Ἡρώδην,
827 1059 873 1084 καὶ

65 1104 128 1133 τοὺς
142 1101 238 1129 ἐκείνου
257 1100 368 1135 παῖδας,
393 1103 419 1129 οἷ
443 1102 478 1134 ιίς
499 1104 628 1140 τέσσαρας
652 1101 740 1139 ἀρχὰς
763 1103 875 1133 κατενεί,

67 1157 152 1183 μανι-ο
178 1149 222 1176 τὴν
248 1145 390 1181 Ἰουδαίαν,
415 1148 610 1183 ἡγεμονεύοντος
633 1149 678 1184 μὶν
696 1147 819 1182 Πιλάτου,
844 1148 873 1173 τὸ

69 1190 100 1218 δί
134 1192 242 1228 σύμπαν
272 1195 318 1222 τῆς
344 1191 491 1228 Ῥωμαῖκῆς
521 1191 610 1229 ἀρχῆς
640 1192 735 1228 κράτος
767 1192 875 1227 ἔχοντος

67 1235 189 1274 Τιϐερίου
218 1236 286 1271 (68).
318 1235 397 1263 Ἀλλὰ
424 1236 511 1274 θρόνον
535 1235 602 1272 λέγει
628 1233 721 1269 Δαϐὶδ,
748 1234 785 1272 ἔφ’
808 1236 834 1261 ὃν
861 1235 874 1261 ὁ

70 1282 168 1318 Κύριος
187 1279 301 1313 ἓκάθισι,
329 1282 374 1310 τὴν
409 1279 579 1319 ἁχαθαίριτον
613 1279 760 1317 βασιλείαν.
791 1279 874 1311 Αὐτὸς

68 1325 120 1363 γὰρ
152 1325 210 1352 ἐστι
239 1323 391 1362 προσδοκία
420 1324 518 1360 ἐθνῶν,
549 1325 613 1361 οὐχὶ
650 1328 697 1352 τοῦ
729 1323 873 1361 ἐλαχίστου

68 1372 164 1407 μέρους
189 1371 238 1400 τῆς
263 1369 431 1406 οἰκουμένης·
456 1369 550 1396 Ἔσται
573 1370 635 1407 γὰρ,
658 1371 748 1406 φησὶν,
768 1369 783 1398 ἠ
811 1368 874 1406 ῥίζα

69 1417 116 1441 τοῦ
136 1414 246 1449 Ἰεσσαὶ,
263 1416 308 1440 καὶ
327 1415 340 1440 ὁ
353 1413 521 1451 ἀνιστάμενος
535 1414 628 1452 ἆρχιιν
642 1413 718 1440 ἐθνῶν
731 1424 737 1431 ·
754 1412 792 1440 ἔπ’
803 1413 873 1449 αὐτῷ

70 1459 128 1487 ἶθνη
140 1458 270 1486 ὶλπιοῠσι.
286 1459 394 1485 Τέοιικα
407 1458 458 1496 γὰρ
473 1468 502 1485 σι
519 1457 555 1490 εἰς
570 1457 702 1488 διαθήκην
720 1459 816 1494 γένους,
837 1457 874 1490 εἰς
888 1452 908 1479 C

70 1507 121 1540 φῶς
135 1502 222 1531 ἰθνῶν.
240 1505 291 1530 Καὶ
307 1503 432 1540 θήσομαι,
447 1505 535 1540 φησὶν,
553 1502 588 1534 ιῖς
603 1503 646 1529 τὸν
659 1502 740 1529 αἰῶνα
753 1505 800 1528 τοῦ
813 1502 873 1528 αἰῶ-

69 1557 109 1578 νος
122 1549 152 1573 τὸ
167 1549 273 1585 σπέρμα
292 1548 383 1581 αὑτοῦ,
404 1549 450 1574 καὶ
471 1549 516 1574 τὸν
542 1548 631 1585 θρόνον
659 1546 740 1573 αὑτοῦ
769 1548 804 1578 ὡς
828 1547 873 1578 τὰς

71 1593 170 1630 ἡμέρας
182 1595 229 1618 τοὺ
253 1591 375 1630 οὐρανοῦ.
396 1592 487 1623 Οὕτως
509 1589 553 1618 οὖν
575 1593 620 1618 καὶ
646 1592 728 1629 ἱερεὺς
742 1591 799 1627 (69)
815 1589 873 1618 διέ-

69 1646 164 1673 μιινιν,
180 1636 202 1663 εἰ
216 1638 261 1663 καὶ
277 1638 312 1673 μὴ
328 1637 360 1663 τὺ
376 1639 499 1673 σκῆπτρα
520 1639 568 1668 τῆς
583 1634 716 1667 Ἰουδαίας
734 1634 871 1673 παρέλαϐε,

70 1683 116 1708 καὶ
127 1680 348 1712 Βασιλιὺςπάσης
368 1685 415 1712 τῆς
426 1684 474 1717 γῆς
486 1682 499 1708 ὁ
516 1681 588 1714 Θιὸς,
605 1682 650 1707 καὶ
669 1681 684 1710 ἡ
701 1679 806 1716 εὐλογία
827 1683 873 1707 τοῦ

71 1725 165 1752 Ἰακὼϐ
188 1725 329 1754 ἕϐεϐαιὼθη
361 1735 368 1743 ·
399 1727 450 1752 Καὶ
483 1725 732 1761 ὶνιυλογηθήσονται
753 1729 789 1760 τῷ
818 1724 874 1761 (70)

72 1772 201 1807 σπέρματι
215 1770 295 1797 αὐτοῦ
310 1773 394 1798 πᾶσαι
407 1771 434 1796 αἱ
449 1769 528 1807 φυλαὶ
542 1774 587 1801 τῆς
600 1773 660 1806 γῆς,
678 1771 724 1796 καὶ
737 1770 823 1796 πάντα
840 1769 874 1796 τὰ

72 1815 130 1844 ἳθνη
145 1818 310 1852 μακαριοῡσι
324 1816 368 1841 τὸν
382 1816 513 1852 Χριστόν.

106 1860 133 1887 4.
152 1862 214 1891 Τοῖς
243 1857 274 1886 δὶ
297 1858 411 1896 κομψοῖς
444 1859 625 1896 Ἐγκρατίταις
649 1858 713 1896 πρὸς
731 1858 761 1884 τό
781 1858 873 1894 σεμνὸν

70 1903 153 1929 αὐτῶν
184 1903 334 1942 πρόϐλημα,
369 1902 416 1930 διὰ
442 1906 469 1930 τί
510 1905 555 1929 καὶ
590 1903 666 1940 ἦμιῖς
694 1902 758 1939 οὒχὶ
788 1904 873 1929 πάντα

71 1947 198 1984 ἄσθίομεν,
229 1947 308 1974 ἐκεῖνο
329 1947 453 1984 meae»,
485 1949 526 1974 ὅτι
558 1949 601 1974 καὶ
628 1948 661 1974 τὰ
687 1950 873 1984 περιττώματα

69 1993 141 2029 ἡμῶν
161 1990 378 2029 βδελυσσόμιθα.
406 1993 481 2020 Κατὰ
507 1993 553 2030 μὶν
574 1993 625 2030 γὰρ
649 1993 696 2022 τὴν
722 1991 810 2024 ἀξίαν,
826 1992 872 2018 λά-

69 2046 140 2072 χανα
158 2038 258 2074 χόρτου
278 2037 340 2073 ἡμῖν
361 2036 418 2063 ἔστι
438 2037 471 2063 τὰ
493 2039 574 2074 κρέκ-
600 2037 669 2063 κατὰ
695 2034 725 2063 δί
747 2037 794 2064 τήν
820 2040 870 2061 τῶν

928 257 1052 293 quidem
1065 258 1148 292 regia
1163 258 1203 286 ad
1217 266 1315 295 usque
1330 258 1435 287 Christi
1451 259 1612 287 adventum
1628 259 1753 288 minime

928 301 1053 335 defecit,
1075 310 1130 330 nec
1145 305 1246 331 tamen
1259 303 1390 339 amplius
1407 303 1483 331 sedit
1496 303 1525 332 in
1543 303 1616 332 solio
1632 304 1753 332 Davidis

928 354 1031 374 semen
1052 347 1211 375 Jechoniae.
1234 348 1309 375 Nam
1333 347 1442 376 solium
1466 347 1599 384 profecto
1614 349 1696 382 regia
1710 349 1753 377 di-

928 391 1027 427 gnitas
1041 394 1242 428 nuncupatur.
1259 393 1346 428 363
1362 393 1490 420 Omnino
1505 395 1605 420 autem
1620 393 1751 421 historite

927 436 1100 470 meministi,
1117 436 1253 465 videlicet
1264 437 1399 465 Judmam
1411 445 1533 465 omnem
1548 437 1651 465 Davidi
1666 438 1752 466 vecti-

927 480 1026 514 galem
1041 480 1143 516 fuisse,
1159 483 1187 508 et
1209 481 1383 516 ldumaeam,
1406 483 1434 509 et
1448 481 1644 510 Moabitarum
1656 482 1750 518 regio-

926 533 1008 560 nem,
1024 527 1052 553 et
1066 526 1158 561 Syriae
1174 528 1273 562 partes
1287 528 1349 554 tum
1360 526 1520 554 viciniores
1535 529 1598 555 tum
1612 527 1752 555 remotio-

925 577 973 599 res
993 569 1032 598 ad
1051 578 1147 606 usque
1167 570 1426 607 Mesopotamiam,
1446 573 1474 599 et
1493 579 1529 598 ex
1554 570 1648 599 altera
1665 574 1751 607 parte

926 622 1023 651 usque
1036 614 1076 643 ad
1090 614 1205 643 ﬂumen
1217 615 1344 652 Egypti.
1364 617 1465 652 itaque
1477 615 1500 643 si
1514 615 1613 643 nullus
1624 624 1640 643 e
1653 618 1752 652 poste-

926 659 967 687 ris
983 658 1023 687 ad
1037 661 1153 687 tantam
1169 661 1346 696 potestatem
1368 660 1512 696 pervenit,
1532 660 1688 696 quomodo
1703 668 1752 688 ve-

926 711 994 731 rum
1007 711 1069 731 non
1084 703 1138 732 fuit
1153 703 1236 740 quod
1250 704 1363 732 dictum
1381 705 1426 732 est
1446 712 1464 732 a.
1484 704 1643 741 propheta,
1659 705 1752 732 nemi-

926 755 997 775 nem
1010 755 1163 776 sessurum
1187 748 1218 776 in
1241 748 1316 776 solio
1335 748 1454 776 Davidis
1468 756 1505 777 ex
1524 749 1637 776 semine
1651 749 1753 777 Jecho-

926 792 984 820 nise
996 793 1010 820 ?
1024 793 1117 820 Nemo
1132 792 1213 821 enim
1223 801 1260 820 ex
1272 792 1339 829 ipso
1354 795 1448 826 ortus,
1460 792 1538 820 hanc
1546 793 1671 828 gloriam
1683 801 1754 821 con-

885 830 908 859 Β
928 838 1049 865 secutus
1060 837 1251 873 comperitur.
1260 839 1324 865 Non
1333 840 1432 865 tamen
1442 836 1549 865 defecit
1561 837 1654 866 tribus
1664 839 1677 865 J
1682 838 1752 872 uda,

926 881 1024 909 donec
1037 883 1121 909 venit
1134 881 1183 909 oui
1196 881 1360 918 repositum
1372 884 1435 909 erat
1445 882 1469 899 ⁷²
1486 890 1493 910 :
1508 882 1559 917 qui
1568 889 1606 910 ne
1616 882 1680 918 ipse
1689 882 1753 918 qui-

926 924 998 953 dem
1012 925 1043 953 in
1068 925 1216 961 corporali
1238 926 1346 953 throno
1371 925 1522 960 consedit;
1547 926 1660 962 quippe
1683 934 1753 954 cum

926 969 1104 998 translatum
1118 970 1182 1005 jam
1199 971 1276 998 esset
1296 969 1452 997 Iudaicum
1469 978 1596 1004 regnum
1612 971 1642 998 in
1657 970 1754 998 tilium

927 1013 1105 1042 Ascalonita
1118 1014 1264 1051 Antipatri
1280 1014 1567 1050 Herodem,eiusque
1578 1014 1755 1050 lilieros,qui

928 1058 1063 1086 Iudaeam
1076 1057 1107 1086 in
1117 1060 1247 1095 quatuor
1254 1057 1440 1094 principatus
1447 1058 1756 1094 diviserunt,prteside

928 1102 1052 1139 quidem
1073 1102 1174 1136 Pilato,
1198 1110 1352 1130 summam
1376 1105 1477 1130 autem
1492 1103 1608 1138 imperii
1624 1103 1754 1131 Romani

928 1149 1107 1184 potestatem
1122 1149 1239 1176 tenente
1251 1147 1377 1175 Tiberio.
1387 1147 1444 1175 Sed
1459 1147 1602 1175 thronum
1616 1147 1685 1175 dicit
1701 1149 1756 1175 Da-

927 1192 1015 1228 vidis,
1041 1192 1071 1220 in
1097 1200 1158 1229 quo
1184 1192 1329 1220 Dominus
1355 1191 1440 1227 sedit,
1467 1199 1595 1226 regnum
1611 1191 1758 1220 eversioni
1803 1202 1806 1205 ί

928 1236 1001 1265 nulli
1024 1236 1200 1266 obnoxium.
1224 1237 1288 1273 Ipse
1311 1237 1390 1264 enim
1414 1239 1456 1264 est
1478 1237 1663 1271 exspectatio
1686 1245 1759 1272 gen-

929 1281 1044 1315 tium",
1056 1289 1118 1309 non
1130 1283 1230 1309 autem
1242 1281 1374 1309 minimae
1389 1281 1484 1317 partis
1496 1281 1577 1309 orbis
1591 1283 1737 1309 terrarum
1749 1290 1757 1316 ;

928 1326 997 1354 Erit
1012 1327 1102 1359 enim,
1113 1326 1221 1362 inquit,
1237 1326 1331 1354 radza:
1342 1326 1432 1358 Jesse,
1445 1328 1473 1354 et
1490 1326 1543 1361 qui
1558 1326 1711 1360 consurgit
1726 1328 1760 1353 ut

925 1371 1064 1406 princeps
1078 1371 1116 1399 sit
1130 1371 1264 1405 gentium
1279 1377 1291 1399 .'
1305 1370 1336 1397 in
1350 1371 1413 1404 ipso
1428 1373 1530 1405 gentes
1545 1370 1710 1405 sperabunt
1721 1370 1757 1397 ⁷⁸.

928 1415 1022 1443 Posui
1031 1415 1109 1443 enim
1121 1415 1189 1443 tein
1199 1414 1299 1449 fiedus
1308 1414 1426 1449 populi,
1434 1415 1465 1442 in
1476 1414 1569 1442 lucem
1583 1415 1759 1449 gentium".

928 1460 968 1488 Et
981 1467 1103 1494 ponam,
1127 1459 1232 1495 inquit,
1247 1459 1280 1486 in
1294 1459 1439 1487 saeculum
1454 1458 1559 1486 saeculi
1571 1466 1668 1486 semen
1683 1460 1757 1494 ejus,

928 1507 956 1533 et
971 1504 1114 1532 thronum
1128 1505 1190 1539 ejus
1210 1504 1288 1531 sicut
1300 1503 1362 1531 dies
1375 1503 1481 1531 mli".
1502 1503 1548 1530 Sic
1563 1503 1652 1537 igitur
1667 1505 1695 1531 et
1710 1511 1758 1531 sa-

928 1549 1034 1578 cerdos
1053 1548 1228 1586 permansit,
1243 1556 1420 1584 quanquam
1433 1546 1545 1575 Judreze
1563 1549 1682 1583 sceptra
1696 1555 1758 1576 non

928 1594 1052 1631 accepit,
1081 1595 1110 1622 et
1133 1601 1185 1621 rex
1204 1593 1352 1621 universae
1367 1595 1452 1621 terrae
1469 1593 1556 1620 Deus.
1573 1594 1669 1628 Atque
1683 1599 1759 1620 con-

926 1638 1047 1667 ﬁrmata
1061 1640 1108 1666 est
1123 1637 1293 1666 benedictio
1313 1636 1419 1672 Jacob,
1441 1637 1477 1665 Et
1499 1637 1711 1665 benedicentur
1725 1638 1757 1664 in

926 1684 1037 1712 semine
1061 1683 1155 1717 ipsius
1178 1689 1278 1710 omnes
1305 1681 1399 1710 tribus
1434 1682 1569 1713 terra",
1594 1684 1623 1710 et
1649 1689 1757 1710 omnes

927 1731 1032 1764 gentes
1048 1727 1197 1757 Christum
1211 1727 1336 1756 beatum
1357 1726 1576 1763 praedicabunt.

960 1855 989 1883 4.
1009 1853 1128 1890 Lepidis
1149 1854 1251 1881 autem
1269 1852 1427 1880 Encratitis
1451 1851 1492 1879 ad
1514 1851 1693 1888 praeclaram
1707 1860 1756 1881 eo-

924 1906 993 1927 rum
1008 1898 1217 1934 quaestionem,
1233 1905 1287 1924 cur
1303 1904 1359 1924 nos
1369 1896 1460 1924 etiam
1475 1904 1537 1924 non
1552 1896 1694 1924 omnibus
1707 1905 1755 1925 ve-

925 1943 1048 1977 scimur,
1059 1943 1117 1971 hoc
1132 1942 1219 1970 detur
1230 1941 1443 1978 responsi,nos
1458 1941 1549 1969 etiam
1564 1943 1754 1970 excrementa

924 1991 1030 2017 nostra
1045 1987 1188 2016 aversari.
1211 1989 1252 2015 Ac
1266 1988 1415 2023 quantum
1430 1986 1553 2022 quidem
1569 1986 1609 2014 ad
1623 1986 1752 2021 dignita-

925 2035 996 2066 tem,
1024 2032 1107 2060 olera
1127 2031 1228 2059 herbae
1252 2031 1341 2059 nobis
1368 2032 1437 2058 sunt
1458 2038 1564 2058 carnes
1580 2039 1586 2058 :
1602 2033 1752 2066 quantum

71 2083 250 2118 συμφερόντων
267 2079 414 2118 διάκρισιν,
437 2082 472 2112 ὡς
494 2083 539 2108 καὶ
563 2080 587 2107 ἔν
609 2080 737 2117 λαχάνοις
755 2081 785 2107 τὸ
802 2079 870 2116 βλα-

927 2085 997 2105 vero
1012 2076 1050 2104 ad
1068 2075 1185 2104 utilium
1208 2075 1430 2108 discretionem,
1446 2075 1709 2110 quemadmodum
1723 2077 1753 2104 et

70 2125 142 2163 ϐιρόν
160 2129 207 2152 τοῦ
236 2126 397 2155 καταλλὴλου
423 2126 585 2163 χωρίζομεν,
612 2125 680 2152 οὕτω
703 2127 748 2151 καὶ
766 2124 790 2151 ἐν
815 2128 871 2156 τοῖς

70 2171 161 2207 κρέασι
176 2173 222 2196 τοῦ
245 2172 384 2208 χρησίμου
407 2172 436 2196 τὸ
459 2169 586 2208 βλαϐιρὸν
611 2167 785 2208 διακρίνομιν.
801 2168 871 2196 Ἐπεί

69 2225 109 2242 τοι
121 2214 235 2251 λάχανόν
251 2214 307 2241 ἐστι
322 2217 366 2241 καὶ
381 2216 410 2241 τὸ
429 2217 542 2248 κὼνιιον,
559 2215 645 2252 ὥσπερ
665 2215 740 2251 κρέας
754 2213 812 2240 ἐστὶ
824 2215 870 2240 καὶ

70 2260 100 2286 τὸ
114 2260 237 2296 γύπιιον·
262 2258 315 2286 ἀλλ’
335 2259 405 2296 ὅμως
428 2260 486 2286 οὗτε
510 2259 659 2295 ὑοσκύαμον
678 2259 758 2294 φάγοι
776 2259 807 2284 ἄν
829 2267 870 2290 τις

69 2307 129 2330 νοῦν
147 2305 226 2340 ἴχων,
246 2305 304 2330 οὔτε
329 2305 406 2334 κυνὸς
428 2303 526 2339 ἅψαιτο
549 2305 586 2340 μὴ
613 2302 725 2339 μεγάλης
754 2301 869 2338 ἀνάγκης

70 2349 273 2385 κατιπιιγούσης
284 2358 291 2365 ·
307 2349 342 2380 ὣς
357 2348 370 2375 ὅ
379 2347 406 2375 λι
421 2350 509 2384 φαγὼν
520 2347 567 2375 οὐκ
579 2347 719 2383 ἠνὸμησιν.

105 2395 131 2420 5.
152 2393 221 2430 Πρὸς
236 2391 266 2419 δί
286 2394 349 2423 τοὺς
367 2392 490 2429 λέγοντας
507 2392 566 2418 καθ’
582 2392 737 2428 εἱμαρμένην
757 2389 866 2417 διοικιε-

71 2437 132 2464 σθαι
165 2438 199 2464 τὰ
225 2435 385 2476 ἀνθρώπινα,
415 2439 452 2474 μὴ
480 2436 542 2473 παρ’
562 2436 635 2473 ἡμῶν
666 2435 740 2466 ζήτει
761 2434 865 2472 λόγους,

923 2123 954 2150 in
970 2121 1101 2150 oleribus
1115 2119 1240 2148 noxium
1257 2127 1275 2147 a
1289 2119 1405 2146 salubri
1419 2127 1607 2155 separamus,
1622 2119 1663 2148 ita
1678 2123 1705 2148 et
1719 2120 1750 2148 in

923 2166 1064 2196 carnibus
1079 2165 1118 2193 ab
1143 2164 1208 2193 utili
1229 2164 1353 2192 noxium
1373 2164 1568 2192 secernimus.
1583 2166 1657 2192 Nam
1672 2167 1750 2194 certe

922 2214 952 2241 et
964 2211 1062 2239 cicuta
1077 2210 1143 2238 olus
1158 2210 1214 2244 est,
1235 2208 1312 2236 sicut
1333 2208 1422 2236 etiam
1443 2215 1513 2235 caro
1532 2211 1576 2236 est
1598 2209 1750 2238 vultui-ina

922 2263 993 2284 caro
1009 2263 1016 2283 :
1031 2254 1085 2282 sed
1109 2256 1211 2282 tamen
1226 2260 1283 2280 nec
1305 2252 1528 2288 hyoscyamum
1551 2259 1643 2279 sanus
1664 2252 1749 2288 quis-

920 2308 1015 2340 quam
1024 2298 1230 2332 comedet,nec
1240 2296 1658 2331 canevescetur,nisiurgente
1667 2305 1748 2325 sum-

921 2352 973 2373 ma
993 2343 1171 2372 necessitate
1184 2350 1192 2369 :
1207 2341 1260 2378 qui
1275 2343 1376 2369 tamen
1390 2340 1530 2375 comedit,
1547 2348 1608 2368 non
1630 2343 1746 2377 peccat.

955 2391 982 2417 5.
1001 2390 1068 2417 Jam
1080 2387 1164 2425 quod
1178 2386 1282 2414 attinet
1295 2385 1336 2414 ad
1350 2393 1401 2413 eos
1420 2385 1471 2421 qui
1493 2385 1598 2414 dicunt
1620 2385 1682 2414 fato
1695 2394 1747 2421 gu-

919 2433 1041 2463 bernari
1054 2440 1102 2461 res
1114 2432 1277 2466 humanas,
1293 2438 1332 2459 ne
1355 2437 1404 2458 me
1422 2429 1598 2466 interroges,
1614 2431 1667 2459 sed
1679 2439 1746 2467 pro-

100 2539 123 2557 "
138 2538 225 2567 Hebr.
240 2545 270 2572 ι,
288 2540 313 2566 t.
349 2538 454 2566 "Gen.
469 2545 543 2573 xux,
563 2539 605 2565 ιο.
642 2537 668 2555 ⁷³
681 2535 754 2565 ibid.
774 2536 799 2554 ⁷⁵
809 2537 865 2565 Isa.
876 2543 917 2571 xx,
933 2537 977 2564 to.
995 2535 1020 2553 ¹¹⁵
1031 2535 1088 2563 lsa.
1100 2541 1169 2566 xm,
1183 2535 1209 2561 6.
1229 2533 1286 2560 "ll
1299 2533 1370 2568 Reg.
1381 2539 1430 2560 vn.
1442 2533 1484 2561 t3.
1500 2533 1524 2550 7"
1539 2533 1608 2561 Gen.
1620 2540 1688 2568 xm,
1701 2533 1744 2560 t8.

102 2614 157 2650 (67)
177 2613 243 2641 Καθ’
256 2613 355 2650 inpexa2
377 2615 419 2650 ita
429 2613 512 2650 Regii
525 2612 586 2641 duo
600 2612 761 2650 codiceset
776 2611 863 2650 Coisl.

69 2648 228 2683 secundus,
237 2648 341 2685 sicque
349 2649 420 2685 legit
427 2648 662 2685 interpres.Editi
670 2648 729 2674 καθ’
736 2648 864 2685 ἑκάτερον.

71 2721 77 2727 .
104 2686 158 2721 (88)
169 2682 304 2722 Τιεὲρὶουῖ
316 2684 391 2712 Edili
401 2682 519 2712 addunt
534 2687 676 2721 Καίσαρος,
690 2683 773 2720 quod
784 2682 868 2710 deest

71 2729 99 2750 1n
113 2729 189 2750 mss.
202 2728 321 2748 novem.

106 2757 161 2792 (69)
177 2759 230 2793 ιςαζ
244 2757 335 2793 tignis.
352 2757 406 2793 Pro
425 2755 484 2793 hac
502 2753 869 2793 yoce__legendum_putat

75 2789 272 2823 Combeﬁsius'
285 2791 419 2828 βασιλεὺς.
429 2790 487 2820 Sed
501 2790 614 2820 inutilis
624 2789 869 2825 emendatiomec

919 2610 981 2639 ullo
995 2609 1099 2638 nititur
1112 2609 1214 2637 codice
1230 2616 1287 2636 ms.
1304 2609 1401 2643 Supra.
1416 2606 1504 2635 docet
1526 2606 1650 2635 Basilius
1667 2606 1745 2634 Chri-

921 2648 1001 2674 stum
1017 2648 1045 2673 et
1056 2653 1157 2680 regem
1169 2652 1234 2671 esse
1247 2646 1276 2672 et
1287 2643 1470 2680 pontificem.

957 2682 1014 2716 (70)
1036 2678 1303 2721 Ἐνευλογηθήσονται.
1312 2683 1358 2721 τῷ.
1371 2680 1412 2721 Ita.
1421 2678 1526 2721 decem
1540 2685 1614 2721 mss:
1620 2679 1747 2721 excepto

921 2707 1025 2746 tamen
1037 2716 1120 2752 quod
1135 2707 1167 2744 in
1180 2707 1322 2744 nonnulis
1333 2707 1441 2750 legitur
1455 2713 1480 2740 ἐν
1493 2717 1539 2748 τῷ.
1553 2713 1627 2741 Editi
1642 2707 1747 2750 ιύλοῖγη-

924 2754 955 2782 θὴ
961 2751 1056 2780 σονταί
1063 2751 1087 2779 ἰν
1102 2756 1149 2788 τῷ.
