2004 3145
95 128 152 156 889

388 192 532 216 ΕΠΙΣΤΟΛ
538 193 558 216 Η
575 189 660 218 ΣΛΙΓ.

563 127 804 156 EPISTOLARUM
817 126 958 156 CLASSIS
978 128 1010 156 ll.
1027 127 1135 156 EPIST.
1156 127 1307 156 CCXXXIX.

1725 129 1778 159 890

1182 190 1352 218 EPISTOLA
1372 189 1552 218 CCXXXVIII'

96 238 174 267 Cum
191 239 304 267 Fronto
316 239 470 274 presbyter
483 239 626 267 Ecclesiae
640 240 862 274 Nicopolitame
874 240 1077 275 episcopatum
1093 239 1129 267 ab
1145 239 1268 267 Arionis
1280 239 1450 273 accepisset,
1464 247 1499 266 ac
1512 247 1606 268 unum
1619 241 1674 268 aut
1698 239 1777 268 alte-

133 282 203 302 rum
223 282 260 302 ex
274 275 374 302 eodem
395 275 473 303 clero
488 283 586 302 secum
602 276 809 309 abstraxisset,
824 276 996 304 consolatur
1010 275 1233 309 Nicopolitanos
1245 275 1433 309 presbyteros
1450 275 1593 309 Basilius,
1605 283 1712 311 eosque
1723 283 1778 303 nec

133 311 242 348 horum
263 311 416 348 hominum
433 311 520 348 lapsu
536 312 615 348 angi
629 311 735 339 debere
749 312 943 345 demonstrat,
959 319 1010 339 nec
1024 311 1104 346 quod
1118 311 1175 345 ipsi
1190 313 1277 338 extra
1296 318 1395 348 muros
1411 312 1531 344 precari
1552 315 1711 348 cogantur,
1726 311 1778 340 sed

132 353 192 381 quo
205 346 308 381 plures
321 346 491 374 exstiterint
507 347 696 381 tentationes,
712 355 745 375 eo
758 348 924 376 uberiorem
937 355 955 376 a
971 350 1027 375 Deo
1039 347 1202 375 mercedem
1217 346 1449 380 expectandam.

300 394 485 426 Νικοπολίταις
506 395 703 432 πρεσϐυτέροις,

134 437 283 475 Ἐδεξάμην
315 440 348 465 τὰ
382 441 525 476 γράμματα
562 444 609 471 τῆς
647 439 780 472 εὐλαϐείας
816 441 898 477 ὑμῶν*

95 485 144 509 καὶ
169 481 245 509 οὐδὲν
272 485 353 519 ἔσχον
379 486 526 521 καινότερον
552 489 602 511 τῶν
642 484 807 522 ἐγνωσμένων
844 483 898 515 ἤδη

95 527 160 563 παρ’
188 527 271 553 αὐτῶν
304 526 482 563 διδαχθῆναι.
510 531 560 555 Καὶ
580 530 631 566 γὰρ
657 530 764 565 ἔφθασεν
788 530 803 558 ἠ
826 532 898 566 φήμη

96 572 132 602 εἰς
160 575 248 598 πᾶσαν
270 574 318 601 τὴν
347 571 505 609 περιοικίδα,
529 577 575 599 τοῦ
605 574 667 610 παρ’
695 575 755 609 ὑμῖν
783 583 899 600 καταπε-

97 618 190 646 σόντος
216 618 264 645 τὴν
289 617 422 652 αἰσχύνην
437 618 660 654 περιαγγέλλουσα
682 620 750 653 (θοι,
767 618 792 648 ὃς
811 619 899 645 ἐπιθυ-

95 663 147 696 μίᾳ
176 659 257 692 δόξης
285 665 359 692 κενῆς
387 663 435 690 τὴν
464 661 611 697 αἰσχίστην
645 662 727 697 ἑαυτῷ
753 665 899 698 συνήγαγεν

97 704 216 741 ἀτιμίαν,
241 707 286 731 καὶ
313 706 403 742 εὑρέθη
420 711 470 732 τῶν
494 708 538 742 μὲν
565 706 607 733 ἐπὶ
634 711 665 743 τῇ
694 710 783 733 πίστει
797 708 898 743 μισθῶν

96 747 144 776 διὰ
176 752 223 778 τὴν
252 749 388 786 φιλαυτίαν
413 750 538 777 ἐκπεσών·
567 751 630 777 αὐτὸ
659 750 689 777 δὲ
714 754 742 777 τὸ
769 750 898 780 δύστηνον

95 792 230 831 δοξάριον,
247 794 278 820 οὗ
315 793 482 831 ὶπιθυμὴσας
511 794 610 832 ἐπράθη
638 799 669 832 τῇ
710 795 823 831 ἀσεϐείᾳ,
852 796 899 822 οὐκ

93 839 165 874 ἔχων
185 836 233 864 διὰ
251 840 280 864 τὸ
308 837 412 865 δίκαιον
431 843 509 876 μῖσος
530 844 580 866 τῶν
601 840 762 876 φοϐουμένων
788 842 830 866 τόν
848 842 899 868 Κύ-

92 892 161 920 ριον.
198 882 276 908 Ἀλλὰ
313 882 405 914 ἐκεῖνος
434 885 478 920 μὲν
514 886 609 915 παντὸς
637 888 682 911 τοῦ
712 885 804 910 ἑαυτοῦ
838 884 899 921 βίον

92 926 283 963 ἐναργέστατον
312 927 431 964 ἐξήνεγκε
459 927 559 965 δεῖγμα
587 929 613 954 ἐκ
640 933 685 959 τῆς
705 932 749 954 νῦν
773 931 898 966 προαιρέ-

94 980 170 1001 σεως,
198 972 239 997 ὄτι
267 969 393 1004 οὐδέποτε
417 973 462 1002 ἔζη
495 972 533 999 ἐπ’
559 971 645 999 ἑλπίδι
660 977 709 999 τῶν
724 972 898 1009 ἀποκειμένων

91 1015 158 1051 ἡμῖν
186 1015 345 1051 ἐπαγγελιῶν
386 1018 458 1053 παρὰ
489 1021 535 1043 τοῦ
566 1020 663 1055 Κυρίου
681 1028 686 1034 ·
719 1017 783 1043 ἀλλὰ
813 1019 835 1044 εἷ
870 1028 897 1044 τι

91 1060 179 1094 ἐαυτῷ
205 1059 416 1096 ἐπραγματεύετο
442 1065 490 1087 τῶν
518 1061 693 1098 ἀνθρωπίνων,
719 1064 764 1088 καὶ
790 1062 897 1099 ῥήματα

90 1107 219 1138 πίστεως,
248 1107 293 1131 καὶ
321 1104 430 1141 πλάσμα
463 1107 517 1139 (91)
552 1106 692 1138 εὐλαϐείας,
721 1107 806 1132 πάντα
832 1109 896 1144 πρὸς

90 1150 140 1177 τὴν
168 1152 218 1174 τῶν
245 1148 455 1185 ἐντυγχανόντων
481 1149 584 1180 ἀπάτην
608 1149 775 1179 ἐπετηδεύετο
791 1162 798 1167 ·
828 1151 896 1187 ὑμᾶς

92 1191 124 1219 δὲ
152 1194 179 1218 τί
206 1198 346 1220 καταπονεῐ
378 1196 407 1220 τὸ
437 1195 565 1231 συμϐάν;
598 1198 630 1221 Τί
664 1198 772 1233 χείρους
800 1196 896 1222 ἑαυτῶν

91 1239 217 1273 γεγόνατε
244 1240 316 1274 παρὰ
343 1242 439 1273 Tauro;
471 1239 589 1275 Ἕλειψεν
617 1238 651 1270 εἷς
678 1240 705 1265 ἐκ
731 1244 776 1265 τοῦ
789 1240 896 1277 πληρώ-

93 1292 177 1318 ματος
201 1283 273 1318 ὑμῶν
288 1290 294 1297 ·
317 1283 339 1309 εἰ
365 1282 394 1310 δὲ
426 1286 470 1310 καὶ
500 1285 650 1313 συναπῆλΰέ
671 1285 726 1320 (92)
746 1294 796 1311 που
821 1285 896 1316 ἄλλος

96 1325 142 1359 εἷς,
167 1327 182 1355 ἦ
209 1325 337 1364 δεύτερος,
367 1328 468 1354 ἐλεεινοὶ
491 1329 547 1364 (93)
572 1332 617 1355 τοῦ
647 1332 787 1365 πτώματος
813 1329 896 1362 οὗτοι,

94 1371 168 1407 ὑμῶν
207 1370 236 1397 δὲ
264 1373 293 1397 τὸ
333 1376 410 1408 σῶμα
440 1373 580 1410 ὁλόκληρόν
608 1372 664 1399 ἔστι
690 1378 720 1409 τῇ
757 1377 803 1399 τοῦ
831 1373 896 1400 Θεοῦ

94 1416 202 1452 χάριτι.
228 1419 278 1442 Και
296 1417 348 1453 γὰρ
373 1420 417 1443 καὶ
442 1419 470 1443 τὸ
488 1417 630 1454 ἀχρειωθὲν
650 1417 776 1454 ἀπερρύη,
791 1420 835 1443 καὶ
850 1418 897 1444 οὐκ

95 1459 242 1489 ἔκολοϐώθη
266 1462 294 1486 τὸ
310 1462 394 1496 μένον.
410 1461 442 1487 Εἰ
465 1460 494 1488 δὲ
521 1461 580 1497 ἀνιᾲ
606 1463 684 1498 ὑμᾶς,
701 1463 740 1488 ὃτι
766 1466 815 1488 τῶν
838 1464 896 1488 τοί-

94 1514 153 1540 χων
174 1503 335 1535 ἐξεϐλήθητε·
368 1505 421 1531 ἀλλ’
441 1505 464 1532 ἐν
483 1508 563 1543 σκέπῃ
585 1510 630 1532 τοῦ
647 1510 713 1532 Θεοῦ
727 1510 773 1532 τοῦ
788 1507 896 1544 οὖροινοὺ

95 1548 300 1584 αὐλισθὴσεσθε,
318 1551 362 1575 καὶ
378 1549 390 1575 ὁ
406 1549 514 1585 ἄγγελος
531 1551 543 1575 ὁ
560 1554 615 1584 τῆς,
631 1550 788 1581 Ἐκκλησίας
811 1552 897 1587 ἔφορος

97 1593 261 1622 συναπῆλοεν
289 1594 359 1629 ὑμῖν.
385 1593 465 1620 Ὠστι
486 1595 566 1625 κενοῖς
596 1594 824 1630 ἐγκατακλίνονται
840 1595 896 1630 (94)

95 1636 157 1663 καθ’
171 1637 283 1666 ἑκάστην
298 1639 406 1675 ἡμέραν,
418 1638 446 1664 ἐκ
461 1643 508 1669 τῆς
522 1638 672 1676 διασπορᾶς
686 1643 731 1665 τοῦ
747 1639 809 1665 λαοῦ
828 1638 897 1676 βαρὺ

97 1683 199 1712 ἓαυτοῖς
213 1684 242 1708 τὸ
257 1686 338 1719 κρῖμα
358 1685 607 1715 κατασκευάζοντες·
626 1684 655 1711 Εἰ
670 1683 700 1710 δέ
710 1694 750 1715 τις
764 1686 808 1710 καὶ
819 1686 898 1715 κόπος

97 1726 172 1753 ἐστὶν
198 1726 223 1753 ἔν
248 1731 284 1762 τῷ
312 1729 457 1765 πράγματι,
482 1730 625 1765 πέπεισμαι
644 1733 680 1764 τῷ
705 1731 792 1764 Κυρίῳ
805 1731 840 1765 μὴ
862 1729 898 1759 εἰς

97 1772 170 1797 κενὸν
183 1772 244 1808 ὑμῖν
270 1771 453 1802 ἀποϐήσεσθαι
477 1778 564 1801 τοῦτο.
588 1773 669 1800 Ὠστε
695 1775 748 1810 ὅσῳ
761 1773 790 1799 ἂν
806 1775 860 1808 (95)
874 1773 898 1799 ἐν

97 1815 203 1842 πλείοσι
217 1819 396 1853 πειρατηρίοις
413 1819 534 1853 γένησθε,
548 1820 666 1854 τοσούτῳ
687 1818 899 1856 πολυτελέστερον

97 1870 173 1896 παρα
191 1865 237 1887 τοῦ
253 1860 358 1888 δικαίου
380 1866 472 1899 κριτοῦ
495 1863 590 1899 μισθὸν
614 1862 756 1899 ἀναμένετε.
771 1865 844 1892 Μήτε
856 1861 900 1889 οὖν

99 1903 256 1943 δυσφορεῖτε
282 1910 338 1937 τοῖς
357 1910 482 1943 παροῦσι,
500 1910 566 1943 μήτε
580 1907 739 1943 ἀποκάμνετε
754 1911 784 1943 τῇ
801 1906 900 1936 ἑλπίδι.

97 1949 158 1976 Ἐτι
172 1951 224 1986 γὰρ
239 1952 332 1988 μικρὸν
348 1952 407 1977 ὅσον
421 1952 481 1977 ὅσον
498 1952 565 1987 (96),
581 1952 636 1983 ἣξει
648 1953 712 1989 πρὸς
727 1951 795 1987 ὑμᾶς
807 1952 820 1978 ὀ
831 1951 901 1978 ἀντι-

97 1993 291 2031 λαμϐανόμενος
310 1995 391 2032 ὑμῶν,
407 1998 450 2022 καὶ
464 1996 493 2022 οὐ
506 1997 683 2032 χρονιεῑ(97).

365 2040 515 2067 ἘΠΙΣΤΟΛ
520 2044 540 2067 ll
567 2045 581 2067 Σ
587 2040 640 2067 ΛΘ’

1158 395 1377 429 Nicopotitanis
1390 394 1582 430 presbyteris.

990 440 1099 476 Accepi
1121 439 1232 468 litteras
1248 439 1365 475 pietatis
1390 441 1506 473 vestrm,
1528 447 1585 468 nec
1610 439 1778 477 quidquam

953 484 1038 521 potui
1053 484 1212 519 recentius,
1225 484 1260 511 iis
1280 491 1347 520 quae
1361 484 1425 519 jam
1438 491 1591 518 noveram,
1606 493 1643 513 ex
1656 484 1713 512 illis
1736 484 1780 513 di-

953 537 1029 557 cere.
1046 529 1135 557 Venit
1149 529 1229 556 enim
1246 528 1327 556 fama
1339 528 1370 556 in
1386 536 1508 556 omnem
1522 529 1676 562 viciniam,
1689 529 1777 564 illius,

952 574 1004 610 qui
1020 573 1102 609 apud
1123 581 1178 601 vos
1202 573 1306 608 lapsus
1325 574 1377 605 est,
1401 572 1600 607 ignominiam
1621 573 1778 601 circumfe-

952 625 1021 645 rens
1038 626 1044 645 :
1062 617 1113 654 qui
1128 617 1252 653 quidem
1263 617 1361 644 inanis
1374 617 1474 651 glorise
1489 617 1660 653 cupiditate,
1671 618 1779 653 turpis-

954 663 1063 690 simam
1079 662 1135 690 sibi
1150 662 1215 698 ipse
1236 661 1423 698 comparavit
1437 662 1652 696 ignominiam:
1668 664 1696 690 et
1709 662 1781 690 ﬁdei

952 706 1076 742 quidem
1098 706 1230 743 prtemiis
1249 706 1288 734 ob
1305 706 1351 733 sui
1366 706 1462 742 ipsius
1489 714 1624 734 amorem
1649 705 1778 741 decidit;

953 751 1006 778 sed
1020 754 1119 778 tamen
1131 751 1273 778 miseram
1286 750 1368 778 illam
1388 750 1556 785 gloriolam,
1576 751 1663 786 cujus
1679 750 1779 778 studio

952 795 1091 822 venditus
1104 797 1148 823 est
1173 795 1329 831 impietati,
1343 803 1404 822 non
1418 798 1597 823 consecutus
1608 797 1663 830 est,
1675 795 1714 823 ob
1731 803 1780 823 eo-

952 847 1031 874 rum,
1047 840 1099 875 qui
1116 839 1277 867 Dominum
1293 839 1408 874 timent,
1422 839 1538 874 justum
1553 839 1667 868 odium.
1681 839 1779 867 Atille

952 883 1044 911 totius
1057 891 1118 911 sure
1133 884 1198 911 vita:
1213 883 1490 911 manifestissimum
1502 884 1624 919 protulit
1634 884 1779 912 indicium

952 935 988 955 ex
1000 928 1141 964 praesenti
1154 928 1290 961 consilio,
1305 936 1336 956 se
1350 927 1484 956 videlicet
1496 935 1655 964 nunquam
1668 928 1780 956 vixisse

952 973 983 1001 in
1012 981 1065 1009 spe
1090 974 1292 1009 repositarum
1320 973 1409 1000 nobis
1436 973 1672 1009 promissionum
1688 981 1706 1001 θ.
1725 974 1780 1002 Do-

951 1018 1035 1045 mino
1054 1027 1060 1052 ;
1076 1018 1129 1046 sed
1144 1018 1169 1045 si
1190 1017 1264 1054 quid
1281 1017 1338 1045 sibi
1354 1020 1554 1054 aucuparetur
1573 1018 1779 1046 humanarum

912 1075 932 1102 Β
952 1070 1064 1097 rerum,
1082 1065 1111 1090 et
1137 1062 1207 1090 ﬁdei
1222 1061 1324 1096 verba,
1340 1064 1367 1089 et
1390 1062 1508 1098 pietatis
1532 1061 1659 1095 larvam,
1676 1061 1780 1090 omnia.

952 1106 1082 1142 denique
1108 1106 1147 1134 ad
1170 1106 1278 1134 obvios
1302 1114 1440 1142 quosque
1464 1106 1659 1142 decipiendos
1679 1106 1780 1134 elabo-

951 1158 1046 1178 rasse.
1062 1151 1119 1179 Sed
1132 1150 1205 1187 quid
1218 1153 1342 1178 eventus
1355 1150 1402 1178 ille
1417 1159 1470 1178 vos
1486 1150 1589 1179 laedit?
1603 1151 1650 1178 An
1667 1150 1779 1178 idcirco

953 1195 1084 1222 deterius
1095 1203 1188 1231 quam
1202 1197 1291 1223 antea
1306 1203 1361 1223 vos
1376 1195 1494 1223 habetis
1505 1195 1518 1222 ?
1531 1194 1641 1223 Defecit
1654 1202 1733 1222 unus
1743 1202 1780 1222 ex

952 1242 1051 1267 vestro
1066 1243 1141 1267 coetu
1154 1248 1160 1267 :
1173 1239 1256 1275 quod
1274 1240 1298 1267 si
1313 1240 1404 1267 etiam
1415 1247 1483 1267 cum
1497 1239 1563 1275 ipso
1579 1239 1680 1267 abiere
1691 1239 1776 1274 367

953 1291 1030 1311 unus
1041 1286 1093 1311 aut
1103 1283 1185 1316 alter,
1197 1283 1361 1311 miserandi
1373 1283 1414 1311 illi
1425 1283 1464 1311 ob
1474 1283 1595 1319 lapsum
1607 1292 1614 1311 ε
1628 1285 1658 1312 at
1671 1291 1781 1319 corpus

951 1330 1082 1355 vestrum
1115 1327 1166 1355 Dei
1194 1327 1275 1355 dono
1300 1328 1450 1362 integrum
1477 1330 1531 1355 est.
1561 1329 1635 1355 Nam
1655 1330 1682 1355 et
1698 1327 1782 1363 quod

952 1372 1056 1400 inutile
1087 1374 1161 1405 erat,
1178 1371 1309 1405 defluxit,
1324 1380 1378 1399 nec
1405 1379 1548 1399 mancum
1563 1374 1608 1400 est
1631 1372 1714 1408 quod
1737 1379 1780 1399 re-

953 1417 1074 1444 mansit.
1091 1416 1176 1449 Quod
1192 1416 1216 1443 si
1238 1416 1311 1444 illud
1324 1424 1378 1443 vos
1392 1416 1485 1451 angit,
1500 1416 1584 1452 quod
1604 1419 1687 1444 extra
1711 1423 1781 1443 mu-

953 1469 1003 1489 ros
1019 1461 1103 1496 cjccti
1119 1461 1205 1494 estis;
1223 1461 1276 1488 sed
1290 1461 1320 1488 in
1345 1460 1529 1496 proiectione
1543 1460 1595 1488 Dei
1611 1460 1677 1489 cmli
1701 1467 1781 1488 com-

952 1505 1193 1538 morabimini",
1210 1507 1238 1533 et
1255 1505 1385 1539 Angelus
1401 1504 1534 1532 Ecclesia:
1553 1504 1705 1540 inspector
1719 1512 1782 1532 una

952 1550 1109 1577 vobiscum
1120 1550 1249 1577 secessit.
1263 1550 1358 1582 Quare
1369 1549 1399 1577 in
1409 1549 1510 1577 vacuis
1522 1548 1638 1577 aedibus
1649 1548 1782 1585 quotidie

953 1594 1109 1629 recubant,
1127 1602 1218 1629 grave
1245 1593 1301 1621 sibi
1325 1602 1360 1622 ex
1376 1593 1480 1630 populi
1504 1593 1689 1629 dispersione
1701 1593 1782 1629 judi-

953 1639 1033 1666 cium
1050 1640 1272 1674 comparantes.
1290 1639 1375 1671 Quod
1397 1638 1421 1666 si
1442 1638 1509 1674 quis
1524 1638 1625 1666 hacin
1639 1646 1671 1666 re
1683 1637 1780 1666 labor:

955 1683 1082 1711 Domino
1107 1683 1237 1715 conﬁdo,
1254 1682 1389 1710 inutilem
1411 1682 1496 1710 illum
1515 1682 1601 1710 vobis
1625 1689 1686 1710 non
1705 1681 1783 1710 futu-

955 1736 1032 1756 rum.
1050 1728 1253 1760 Quamobrem
1267 1736 1328 1764 quo
1346 1727 1446 1763 plures
1461 1727 1642 1755 tentationes
1668 1726 1782 1755 fueritis

955 1772 1079 1808 experti,
1091 1780 1125 1800 eo
1147 1771 1373 1808 locupletiorem
1390 1771 1428 1799 ab
1450 1779 1538 1807 aequo
1550 1771 1653 1806 judice
1670 1778 1782 1799 merce-

956 1816 1025 1844 dem
1052 1818 1231 1852 exspectatc.
1260 1816 1362 1852 Itaque
1397 1823 1452 1843 nec
1485 1815 1644 1851 praesentia
1678 1815 1782 1851 iniquo

956 1861 1058 1889 animo
1091 1861 1173 1894 ferte,
1191 1869 1289 1897 neque
1312 1861 1344 1888 in
1365 1867 1417 1896 spe
1440 1860 1566 1887 deﬁcite.
1583 1859 1687 1887 Adhuc
1702 1859 1782 1887 enim

955 1905 1156 1942 perpusillum
1179 1905 1336 1941 temporis,
1360 1904 1459 1932 veniet
1481 1903 1521 1933 ad
1543 1911 1598 1932 vos
1623 1903 1784 1932 auxiliator

956 1953 1063 1984 vester,
1080 1952 1107 1978 et
1122 1958 1183 1978 non
1199 1950 1330 1978 tardabit
1343 1950 1378 1977 79.

1188 2039 1360 2067 EPISTOLA
1380 2037 1550 2066 CCXXXIX“.

97 2088 247 2122 Deplorat
258 2089 386 2116 Basilius
401 2097 552 2117 aerumnas
562 2090 714 2121 Ecclesiaz,
730 2090 899 2118 hominibus
923 2088 1111 2124 nequissimis
1135 2088 1176 2115 ad
1198 2089 1401 2122 episcopatum
1424 2088 1542 2122 evectis,
1559 2087 1657 2122 quatis
1678 2088 1744 2115 erat
1758 2086 1783 2114 is

158 2131 222 2151 uem
241 2125 372 2160 Anysius
388 2128 415 2152 et
435 2125 576 2153 Ecdicius
590 2126 621 2152 in
640 2126 791 2153 Ecclesias
810 2123 1008 2153 immiserant.
1024 2124 1114 2152 fidem
1127 2124 1234 2158 Nyssz
1256 2124 1315 2151 vile
1328 2124 1523 2157 mancipium,
1537 2123 1655 2155 Doaris,
1672 2125 1706 2160 ut
1719 2129 1784 2160 mu-

151 2160 274 2195 i'erculw
294 2158 398 2195 'impize
424 2164 664 2194 assentarentur.
681 2161 830 2189 hominem
856 2162 1054 2195 pestilentem,
1078 2160 1241 2194 fugitivum
1269 2166 1388 2187 servum
1416 2159 1649 2186 constituerant.
1671 2158 1783 2195 Quzrit

135 2194 245 2231 deinde
260 2196 393 2223 Basilius
414 2197 518 2231 quales
538 2197 647 2224 danda?
667 2197 817 2224 Darot’Ieo
832 2194 952 2229 litterae,
972 2203 1057 2230 quem
1072 2203 1137 2222 cum
1158 2195 1352 2231 Sanctissimo
1377 2195 1497 2222 Romam
1506 2194 1630 2231 iturum
1649 2194 1783 2231 suspica-

137 2230 238 2258 batur.
255 2231 369 2259 Parum
386 2229 486 2266 sperat
500 2239 537 2260 ex
552 2233 609 2260 hac
625 2232 774 2267 legatione
786 2235 813 2260 et
827 2229 1032 2260 Occidentales
1048 2234 1170 2267 accusat
1185 2229 1265 2265 quod
1279 2231 1434 2258 veritatem
1449 2229 1557 2257 audire
1566 2229 1675 2256 nolint.
1696 2229 1783 2256 Vene-

135 2269 186 2294 rat
201 2267 233 2294 in
248 2269 374 2294 mentem
389 2268 505 2295 Basilio
514 2268 657 2302 privatim
673 2268 713 2296 ad
727 2276 828 2296 eorum
845 2268 1038 2303 coryphaeum
1050 2266 1187 2294 scribere.

274 2311 309 2338 Εὐ
314 2311 401 2347 σεϐἰῳ,
415 2311 547 2348 ἐπισκόπῳ
562 2313 730 2348 Σαμοσάτων.

140 2358 168 2384 1.
200 2353 315 2382 ’Ἔδωκεν
330 2357 342 2382 ὁ
358 2358 453 2392 Κύριος
476 2358 538 2393 ἡμῖν
572 2359 614 2383 καὶ
628 2360 671 2382 νῦν
687 2355 734 2382 διὰ
755 2360 800 2382 τοῦ
815 2357 900 2383 ποθει-

99 2402 211 2427 νοτάτου
233 2404 278 2428 καὶ
307 2401 496 2428 εὐλαϐεστάτου
524 2400 636 2438 ἀδελφοῦ
665 2403 737 2437 ἡμῶν
763 2402 901 2438 Ἀντιόχου

138 2473 163 2491 ⁷³
184 2472 261 2501 Psal.
277 2481 321 2508 xc,
339 2474 363 2501 ί.
401 2473 426 2491 ⁷⁹
447 2472 557 2501 Ilabac.
574 2481 602 2507 ῃ,
617 2474 631 2501 3
645 2482 651 2507 ;
667 2473 755 2501 Hebr.
771 2481 796 2508 χ,
812 2475 856 2501 37.

210 2534 447 2572 Περιαγγέλλουσα.
461 2535 547 2564 Cois].
564 2535 679 2572 primus
694 2537 722 2564 et
737 2535 812 2563 Med.
827 2533 904 2571 διαγ-

106 2582 111 2588 ›
121 2579 194 2598 sucu
199 2581 242 2598 σα.

106 2582 118 2607 Ι
139 2609 196 2641 (9t)
219 2607 343 2643 meum.
367 2606 581 2643 Coisl.primas
596 2606 750 2643 πλάσματα.

140 2644 196 2678 (92)
213 2643 243 2669 Et
258 2641 351 2669 δὲ’καὶ
374 2641 530 2672 συναπῆλθε.
549 2644 618 2670 Duae
651 2641 764 2678 priores
790 2641 904 2678 voculae

105 2677 213 2706 desunt
240 2679 270 2705 in
289 2677 497 2705 vetustissimis
519 2677 673 2706 codicibus
686 2678 759 2705 Med.
775 2679 802 2705 et
817 2677 903 2705 Coisl.

110 2716 198 2776 ,λαὶξῆ
215 2713 341 2742 Ἐλεεινοί,
359 2715 401 2741 Ita
420 2722 494 2741 mss.
508 2722 629 2741 summo
643 2721 802 2741 consensu.
830 2713 905 2740 Editi

106 2759 117 2776 ε
134 2760 225 2776 σεινου.

143 2786 200 2822 (94)
221 2784 476 2821 Ἐγκατακλίνονται.
492 2785 579 2815 Coisl.
604 2786 740 2822 uterque,
761 2785 830 2820 Reg.
859 2791 904 2812 se-

1103 2310 1241 2345 Eusebio,
1257 2310 1391 2344 episcopo
1405 2309 1641 2337 Samosatorum.

992 2359 1016 2384 1.
1035 2356 1118 2384 Dedit
1137 2355 1225 2383 nobis
1241 2355 1387 2382 Dominus
1399 2354 1488 2382 etiam
1504 2361 1586 2381 nunc
1600 2361 1654 2390 per
1668 2352 1784 2381 deside-

955 2401 1141 2430 ratissimam
1160 2408 1196 2428 ac
1222 2399 1481 2434 religiosissimum
1499 2399 1622 2428 fratrem
1647 2400 1784 2427 nostrum

958 2534 1076 2571 cunilns
1090 2536 1118 2561 et
1131 2533 1222 2562 Paris.
1231 2533 1487 2571 riymraxpivovrafz
1507 2567 1513 2571 _
1576 2569 1580 2571 _
1711 2566 1731 2571 __

994 2571 1049 2603 (95)
1066 2569 1138 2605 *οσῳ
1224 2565 1270 2597 Si'c
1298 2565 1371 2597 Med.
1393 2571 1421 2596 et
1440 2567 1526 2596 Coisl.
1552 2569 1685 2602 uterque.
1711 2565 1784 2594 Editi

958 2606 1029 2632 ὅσον.
1048 2605 1133 2632 Deest
1147 2606 1176 2630 οἷν
1192 2605 1220 2631 in
1237 2604 1374 2640 pluribus
1392 2612 1464 2631 mss.

995 2641 1051 2675 (96)
1065 2640 1154 2667 Ὅσον.
1177 2637 1355 2676 Addidimus
1380 2647 1415 2666 ex
1445 2638 1531 2676 Coisl.
1547 2639 1697 2676 _utroq_ue,
1711 2637 1783 2676 lteg.

958 2672 1091 2703 secundo
1103 2679 1129 2702 ct
1141 2675 1232 2709 Bigot.
1247 2675 1344 2702 Semel
1357 2677 1469 2702 tantum
1481 2672 1635 2708 legebatur
1648 2673 1676 2699 in
1685 2672 1784 2700 editis.

995 2712 1051 2747 (9η
1070 2715 1183 2747 Χρονιεῖ.
1200 2711 1261 2738 Med
1277 2714 1305 2738 et
1320 2710 1408 2738 Coisl.
1424 2709 1539 2747 primus
1549 2711 1681 2745 χρονίσει.

994 2749 1003 2759 '
1020 2745 1100 2774 Alias
1117 2747 1206 2774 CXCI.
1227 2746 1343 2782 Scripta
1358 2753 1438 2773 anno
1456 2745 1519 2772 376.

994 2783 1016 2794 "
1030 2782 1110 2811 Alias
1123 2783 1154 2811 X.
1169 2782 1284 2819 Scripta
1293 2781 1379 2811 anno
1394 2781 1456 2809 376.
