2004 3145
86 135 133 162 913

548 132 790 163 EPISTOLARUM
806 132 947 161 CLASSIS
968 134 998 160 ll.
1020 134 1128 162 EPIST.
1149 134 1280 162 CCXLIV.

1706 136 1757 163 914

83 195 201 227 ἔκπληξιν
225 194 385 222 πεπονθέναι.
401 194 460 231 Ἆρ’
479 193 524 221 οὖν
555 198 599 222 καὶ
626 197 659 222 σὺ
692 197 721 222 τὸ
737 199 786 222 τῶν
809 195 863 221 πολ-

930 194 1097 229 attendunt,
1111 197 1245 232 ﬁuntque
1259 203 1321 224 non
1337 195 1467 223 veritatis
1486 195 1688 231 inquisitores,
1703 197 1756 224 sed

83 240 128 267 λῶν
168 240 308 274 πέπονθας,
343 239 377 273 οἵ,
413 239 596 271 καταλιπόντες
629 244 680 266 τῶν
713 241 873 277 πραγμάτων

83 284 206 316 ἐξετάζειν
237 285 284 313 τὴν
318 284 407 320 φύσιν,
435 286 490 315 τοῖς
519 284 664 321 ἀνθρώποις
696 286 871 322 προσέχουσι,

81 330 136 365 περὶ
159 329 193 354 ὡν
213 329 236 354 οἱ
263 327 346 363 λόγοι,
380 330 425 354 καὶ
456 331 571 364 γίνονται
590 328 653 365 οὖχὶ
684 333 732 360 τῆς
752 328 874 359 ἀληθείας

930 237 1107 268 diﬁ‘erentiae
1123 248 1320 276 personarum
1335 240 1543 273 aestimatores,
1554 240 1635 268 obliti
1652 241 1756 269 admo-

928 283 1049 311 nitionis
1060 285 1146 318 illius,
1156 285 1337 320 Cagnosrere
1343 291 1503 319 personam
1519 285 1550 311 in
1560 285 1678 319 judicio
1695 294 1754 313 non

928 331 969 356 est
985 329 1092 357 bonum
1108 330 1143 358 ⁹⁸.

82 372 222 406 ἐξετασταὶ,
250 372 314 399 ἀλλὰ
341 376 390 404 τῆς
416 371 544 409 διαφορᾶς
563 378 614 400 τῶν
645 376 792 411 προσώπων
817 371 989 408 δοκιμασταὶ,
1006 373 1184 410 ἐπιλαθόμενοι
1207 377 1253 404 τῆς
1285 374 1471 411 παραινέσεως,
1502 373 1541 399 ὅτι
1557 372 1753 409 Ἐπιγινώσκειν

80 418 213 454 πρόσωπον
228 416 251 442 ἄν
270 419 356 454 κρίσει
371 417 437 453 (74),
452 417 481 444 οὐ
496 417 584 446 καλὸν.

110 463 136 489 2.
156 461 226 490 Πλὴν
241 460 294 487 ἀλλ’
310 460 402 490 ἐπειδή
430 463 493 492 Θεὸς
520 463 659 499 πρόσωπον
686 461 709 488 ἐν
724 464 810 498 κρίσει
826 460 872 487 ἀν-

82 506 178 542 θρώπου
203 506 233 532 οὔ
256 505 393 542 λαμϐάνει,
409 505 440 535 ἢν
459 508 525 544 πρὸς
553 508 582 533 τὸ
604 509 672 543 μέγα
700 504 872 543 δικαστήριον

80 549 216 585 ἀπολογίαν
243 551 439 587 παρεσκεύασα,
478 551 574 580 ταύτην
606 553 648 577 καὶ
678 553 719 577 σοὶ
743 553 872 588 γνωρίσαι

80 594 106 620 οὔ
133 597 344 631 παραιτήσομαι.
372 595 434 622 Ὀτι
450 594 527 622 οὐδὲν
554 595 615 632 παρ’
631 596 702 631 ἡμῶν
736 596 764 621 τὸ
786 594 813 626 ἐξ
827 594 871 632 ἀρ-

82 641 142 674 χῆς,
161 639 219 665 οὔτε
233 640 328 676 μικρὸν
341 641 400 665 οὔτε
420 639 509 675 μεῖζον
527 641 615 676 γέγονε
636 644 683 671 τῆς
708 638 870 670 διαστάσεως

80 684 171 709 αἴτιον·
186 682 240 709 ἀλλ’
252 684 384 720 ἅνθρωποι
402 687 539 720 μισοῦντες
553 684 633 720 ἡμᾶς,
668 682 705 710 δι’
730 683 761 715 ἃς
779 685 870 710 ἴσασιν

79 728 214 764 προτάσεις
229 729 287 764 (75)
306 727 380 754 αὐτοὶ
397 728 438 760 (οὗ
454 729 505 765 γὰρ
522 727 565 761 ἐμὲ
579 730 633 764 χρὴ
654 728 735 764 λέγειν
747 731 806 766 περὶ
819 728 868 754 αὗ-

79 775 122 797 τῶν
146 770 243 808 οὐδὲν),
278 775 396 809 συνεχεῖς
420 771 552 799 ἐποιοῦντο
586 773 631 803 τὰς
656 770 790 804 διαϐολάς.
818 775 868 799 Καὶ

963 462 989 488 2.
1013 462 1068 490 Sed
1084 463 1157 498 quia
1172 464 1249 490 Deus
1274 470 1436 500 personam
1453 462 1483 490 in
1498 462 1752 497 hominisjudicio

927 512 988 534 non
997 506 1216 543 accipit,quam
1228 507 1300 536 mihi
1310 506 1393 542 apud
1403 514 1549 542 magnum
1563 506 1693 535 tribunal
1701 508 1752 535 de-

926 549 1094 579 fensionem
1114 551 1228 587 paravi,
1241 559 1308 579 eam
1318 553 1345 579 et
1356 551 1407 578 tibi
1416 554 1517 578 notam
1528 551 1625 578 facere
1635 559 1695 579 non
1707 560 1750 580 re-

925 594 1049 623 cusabo.
1079 595 1225 623 Nimirum
1247 595 1330 623 nulla
1354 603 1372 623 a
1396 595 1485 622 nobis
1501 595 1540 622 ab
1555 595 1636 622 initio
1650 603 1749 631 neque

924 646 1019 674 parva
1026 647 1122 676 neque
1133 640 1231 675 major
1245 642 1310 667 orta
1327 641 1372 667 est
1382 638 1498 666 dissidii
1514 647 1608 667 causa
1620 648 1627 666 ;
1637 640 1688 667 sed
1698 640 1749 667 ho-

924 684 1020 712 mines
1031 684 1120 712 nobis
1134 693 1196 713 non
1207 684 1354 720 amici,ob
1362 692 1439 720 quas
1456 684 1512 719 ipsi
1528 684 1626 712 sciunt
1640 693 1748 713 causas

922 729 994 763 (non
1010 728 1090 757 enim
1106 737 1182 765 opus
1199 731 1244 757 est
1265 736 1314 756 me
1329 728 1499 765 quidquam
1515 728 1552 757 de
1567 728 1613 756 his
1625 728 1747 765 dicere),

922 772 1081 801 continuas
1097 773 1170 801 mihi
1182 773 1349 801 calumnias
1361 774 1543 800 struxerunt.
1556 774 1595 800 Ac
1609 772 1673 800 illas
1684 773 1748 810 qui-

78 815 141 848 ἆπαξ
157 817 202 853 μὲν
225 817 324 848 ταύτας
336 819 381 843 καὶ
394 815 436 849 δὶς
451 815 657 854 ὰπιδυσάμιθα·
684 819 716 847 ὡς
742 816 772 844 δὶ
805 817 863 844 ἁπέ-

922 816 991 845 dem
997 817 1162 854 repulimus
1173 817 1264 845 semel
1275 820 1364 854 atque
1374 817 1481 844 iterum
1494 825 1500 844 :
1513 816 1565 844 sed
1576 825 1644 844 cum
1655 817 1746 846 tinem

76 868 158 895 ραντον
184 861 215 889 ἧν
247 861 277 886 τὸ
300 863 419 898 πρᾶγμα,
447 863 492 887 καὶ
523 859 599 887 οὐδὲν
626 861 710 897 ὄφελος
736 865 783 892 τῆς
807 871 867 887 συν-

76 907 146 939 εχοῦς
171 904 324 941 ἀπολογίας,
354 906 427 941 ἡμῶν
455 906 500 941 μὲν
530 907 633 941 μακρὰν
666 905 864 942 ἀπῳκισμένων,

75 952 119 973 τῶν
150 946 179 975 δε
197 947 369 985 ψευδολόγων
389 948 496 985 ἐγγύθεν
508 949 621 985 ὶχόντῳν
640 954 698 980 ταῖς
721 950 779 976 καθ’
793 950 866 986 ἡμῶν

73 996 217 1030 τιτρώσκειν
255 992 392 1025 διαϐολαῖς
419 992 531 1031 καρδίαν
556 993 788 1030 εὐκαταγώνιστον,
818 997 864 1021 καὶ

74 1037 100 1062 οὗ
131 1036 326 1074 διδιδαγμένην
354 1041 401 1068 τὴν
431 1038 518 1076 ἑτέραν
543 1043 593 1065 τῶν
623 1038 706 1066 ἀκοῶν
744 1039 865 1077 ἀκεραίαν

77 1081 202 1117 φυλάττειν
223 1086 264 1118 τῷ
302 1085 338 1119 μὴ
368 1086 494 1120 παρόντι’
514 1087 564 1110 τῶν
578 1083 754 1110 Νικοπολιτῶν
783 1083 865 1110 ἀπαι-

74 1127 174 1152 τούντων
197 1128 260 1153 τινὰ
284 1127 463 1165 πληροφορίαν
491 1130 602 1158 πίστεως
628 1128 653 1160 (ὃ
680 1129 782 1159 πάντως
804 1126 866 1154 οὒδὶ

75 1170 139 1206 ὑμεῖς
153 1171 324 1207 ἠγνοῆσατε),
358 1170 444 1203 ἰδοξεν
477 1173 540 1208 ἡμῖν
570 1174 618 1201 τὴν
647 1170 782 1198 διακονίαν
819 1176 865 1198 τοῦ

75 1216 217 1251 γράμματος
231 1214 426 1248 ὐποδέξασθαι.
456 1216 647 1253 Ἐλογισάμεθα
660 1217 711 1254 γὰρ
732 1215 781 1243 δύο
799 1227 865 1243 κατ-

76 1259 188 1295 ορθώσειν
211 1259 235 1286 ἐν
272 1265 373 1296 ταυτῷ·
414 1262 473 1291 τούς
505 1270 532 1288 τι
569 1260 743 1293 Νικοπολίτας
766 1263 864 1288 πείσειν

75 1305 104 1338 μὴ
118 1308 200 1336 κακῶς
213 1308 316 1342 φρονεῖν
340 1306 400 1342 περὶ
415 1309 461 1332 τοῦ
486 1303 591 1343 ἀνδρὸς,
625 1307 668 1331 καὶ
688 1309 737 1332 τῶν
751 1303 864 1332 διαϐαλ-

73 1346 156 1374 λόντων
184 1350 258 1386 ἡμᾶς
286 1349 422 1388 ἓμφράξειν
443 1350 477 1376 τὰ
492 1351 621 1386 στόματα,
650 1353 695 1380 τῆς
723 1351 791 1376 κατὰ
815 1352 863 1379 τὴν

73 1394 153 1418 πίστιν
171 1396 329 1430 συμφωνίας
352 1395 399 1426 τὰς
427 1393 580 1431 ἑκατέρωθεν
608 1396 783 1431 συκοφαντίας
801 1393 864 1421 ἁπο-

73 1435 206 1468 κλειούσης.
248 1440 301 1464 Καὶ
333 1436 366 1468 δή
394 1440 439 1464 καὶ
466 1440 650 1475 συγγέγραπτο
665 1439 710 1475 μὲν
732 1440 747 1468 ἡ
763 1441 862 1470 πίστις,

72 1483 228 1517 προσηνέχθη
274 1481 304 1509 δὲ
338 1483 402 1520 παρ’
439 1484 529 1520 ήμῶν·
559 1483 695 1520 ὑπεγράφη
740 1481 779 1509 δέ·

73 1523 194 1562 ὑπεγράφη
210 1526 285 1563 (76)⁷
314 1529 358 1553 καὶ
373 1529 473 1565 χωρίον
499 1525 646 1563 ὑπεδιίχθη
666 1525 778 1554 συνόδου
803 1525 863 1554 δευ-

73 1569 148 1604 τέρας,
179 1573 224 1597 καὶ
263 1572 354 1605 καιρὸς
383 1572 482 1609 ἔτερος·
514 1572 580 1598 ὥστε
599 1573 643 1598 καὶ
658 1573 720 1602 τοὺς
734 1573 802 1598 κατὰ
815 1573 862 1601 τὴν

72 1617 197 1650 παροικὶαν
218 1613 351 1652 ἀδελφοὺς
374 1616 447 1652 ἡμῶν
478 1616 647 1647 συνελθόντας
672 1616 798 1646 ὸωθῆναι
817 1616 861 1642 ἆλ-

70 1655 156 1692 λὴλοις,
168 1662 211 1686 καὶ
220 1662 337 1697 γνησίαν
362 1663 407 1687 καὶ
434 1659 529 1687 ἄδολον
552 1665 599 1686 τοῦ
619 1660 712 1687 λοιποῦ
733 1663 799 1687 εἶναι
814 1663 862 1690 τὴν

71 1706 198 1732 κοινωνίαν.
227 1704 321 1741 Ἡμεῖς
346 1706 391 1741 μὲν
416 1703 460 1731 οὖν
495 1704 682 1742 ἀπηντήσαμεν
715 1706 784 1732 κατὰ
815 1707 862 1734 τήν

70 1747 225 1784 προθεσμίαν,
243 1750 296 1775 καὶ
311 1750 336 1775 οἱ
351 1750 398 1775 σὺν
418 1749 481 1785 ἡμῖν
506 1748 614 1786 ἀδελφοὶ
632 1751 656 1776 οὶ
669 1750 714 1786 μεν
727 1753 862 1787 παρῆσαν,

71 1791 92 1815 οἱ
119 1790 146 1818 δε
175 1792 305 1831 ἐπέρρεον,
336 1791 444 1832 φαιδροὶ
468 1794 563 1825 πάντες
592 1796 637 1821 καὶ
665 1795 808 1831 πρόθυμοι,
829 1795 863 1825 ὡς

74 1832 108 1860 ἐπὶ
133 1836 229 1874 εἰρήνην
261 1839 418 1875 τρέχοντες·
457 1841 503 1865 καὶ
528 1839 674 1876 γράμματα
696 1839 758 1876 παρ’
777 1839 861 1875 ἡμῶν,

75 1881 114 1905 καὶ
141 1880 319 1920 ἠμεροδρόμοι
350 1884 530 1918 σημαίνοντες,
567 1883 606 1909 ὃτι
642 1883 792 1920 πάρεσμεν·
817 1885 862 1909 καὶ

74 1923 118 1960 γὰρ
139 1924 256 1964 ἡμέτερον
284 1924 314 1955 ἧν
342 1928 371 1952 τὸ
393 1929 492 1964 χωρίον
525 1928 553 1953 τὸ
582 1925 802 1963 ἀποδεδειγμένον
829 1927 862 1957 εἰς

74 1966 199 2004 ὑποδοχὴν
225 1975 278 1996 τῶν
309 1973 513 2007 συντρεχόντων.
540 1971 582 2001 Ὠς
603 1969 633 1998 δὲ
652 1971 679 1997 ἐκ
706 1975 752 1997 τοῦ
776 1971 861 2008 ἰτέρου

74 2013 157 2048 μέρους
181 2013 266 2046 οὐδεὶς
296 2013 336 2048 ἧν,
361 2017 420 2042 οὔτε
438 2017 602 2053 προτρέχων,
641 2017 698 2042 οὔτε
726 2015 862 2052 εὐαγγελι-

75 2054 167 2091 ζόμενος
190 2061 237 2088 τήν
269 2062 418 2096 παρουσίαν
451 2064 501 2086 τῶν
523 2058 762 2096 προσδοκωμένων·
792 2061 816 2086 οἰ
831 2058 862 2086 δὶ-

74 2100 127 2137 παρ’
151 2103 220 2139 ἡμῶν
243 2103 432 2135 ἀποσταλέντες
474 2104 616 2134 ἐπανῆλθον
641 2107 779 2139 κατήφειαν
801 2104 861 2130 πολ-

74 2142 112 2172 λὴν
136 2149 177 2173 καὶ
194 2150 346 2184 γογγυσμὸν
374 2153 424 2174 τῶν
446 2148 500 2175 ἰκεῖ
517 2147 696 2185 διηγούμενοι,
722 2150 755 2179 ὡς
768 2152 860 2179 καινῆς

73 2190 173 2222 πίστεως
197 2192 258 2229 παρ’
291 2193 364 2229 ἡμῶν
400 2191 638 2228 καταγγελθείσης·
668 2194 713 2218 καὶ
745 2191 858 2228 ὶλέγοντο

74 2229 234 2271 διορίζεσθαι,
251 2235 267 2266 ἧ
285 2238 336 2272 μὴν
356 2239 391 2273 μὴ
408 2235 553 2274 ἄπιτρέψειν
568 2237 603 2272 τῷ
619 2235 753 2272 ἔπισκόπῳ
773 2236 858 2262 αὐτῶν

72 2278 128 2314 πρὸς
151 2280 219 2316 ἡμᾶς
247 2279 374 2310 διαϐῆναι
384 2291 391 2298 -
415 2280 476 2310 ἦλθε
491 2280 521 2307 δέ
535 2291 576 2312 τις
590 2283 635 2307 καὶ
653 2282 762 2317 γράμμα
777 2283 858 2318 φέρων

73 2320 126 2355 ἧμίν
144 2322 335 2361 ἀφωσιωμένον,
367 2327 412 2351 καὶ
441 2323 565 2361 οὐδεμίαν
591 2326 652 2360 ἕχον
679 2327 783 2361 μνήμην
806 2329 857 2351 τῶν

72 2362 95 2395 ἐξ
121 2365 202 2403 ἀρχῆς
231 2371 424 2405 συγκειμένων·
440 2371 485 2395 καὶ
502 2370 515 2395 ὁ
543 2370 632 2400 πάσης
658 2367 688 2395 δέ
709 2379 754 2405 μοι
764 2367 856 2400 αἰδοῦς

71 2411 109 2436 καὶ
131 2416 206 2448 τιμῆς
241 2413 312 2444 ἄξιος
341 2412 449 2450 ἁδελφὸς
481 2413 612 2450 Θεόφιλος,
641 2414 684 2440 ἕνα
707 2418 756 2440 τῶν
785 2413 856 2449 αὐτῷ

73 2457 188 2482 συνόντων
212 2456 376 2491 ἀποστείλας,
404 2456 518 2488 ἐδήλωσέ
548 2468 617 2491 τινα,
648 2457 665 2485 ἂ
682 2458 784 2495 ἐνόμισε
811 2461 856 2485 καὶ

72 2497 133 2534 αὐτῷ
158 2500 327 2529 ἄπιϐάλλοντα
356 2501 420 2529 εἶναι
450 2502 539 2536 εἰπεῖν,
579 2504 624 2529 καὶ
648 2503 710 2539 ἡμῖν
743 2502 856 2530 ἀκοῦσαι

102 2578 125 2596 ⁰³
143 2579 224 2610 Deut.
235 2589 255 2617 ι,
271 2584 321 2617 17;
338 2583 422 2611 Prov.
438 2590 515 2617 xvm,
531 2584 557 2610 5.

103 2659 213 2700 (μλςεν
230 2663 326 2700 κρίσει.
342 2664 410 2700 Haec
423 2662 533 2700 desunt
550 2662 582 2700 in
595 2662 731 2699 quinque
745 2664 856 2692 nostris

73 2693 226 2734 codicibus,
239 2693 379 2732 teguntur
393 2698 423 2726 in
437 2698 522 2726 Coisl.
538 2693 647 2734 primo.

105 2730 326 2769 (75)_[i_p_mpdiug.
350 2735 391 2761 lta
404 2737 518 2769 septem
539 2730 645 2762 omnes
667 2733 763 2762 nostri
777 2735 856 2763 codi-

74 2766 341 2806 ces..Editi'_ai1-iag,
357 2766 453 2806 Paulo
476 2771 546 2806 post
571 2769 661 2806 editio
683 2770 857 2806 Parisiensis

75 2798 276 2839 ἀπαδνσάμιθα.
288 2798 376 2834 Coisl.
392 2798 528 2842 uterque,
545 2804 622 2834 Harl.
638 2806 668 2834 et
681 2805 755 2835 Med.
772 2808 801 2835 et
809 2814 860 2835 ve-

873 2168 896 2195 D

920 861 961 889 illi
977 869 1037 890 non
1047 861 1427 898 facerent,necquidquam
1440 861 1747 897 prodessetcontinua

920 905 1068 941 defensio,
1100 905 1353 942 proptereaquod,
1375 905 1464 934 nobis
1493 904 1597 941 procul
1621 905 1744 938 dissitis,

920 950 1071 978 mendacii
1092 953 1229 978 auctores
1242 950 1379 978 cominus
1399 952 1537 986 poterant
1559 950 1622 977 suis
1641 953 1746 978 contra

918 1002 975 1022 nos
996 994 1153 1023 vulnerare
1167 994 1326 1022 calumniis
1338 1002 1389 1022 cor
1398 993 1484 1021 facile
1499 993 1678 1030 superabile,
1690 1002 1745 1022 nec

919 1039 1060 1066 edoctum
1075 1047 1179 1067 aurem
1194 1036 1317 1067 alteram
1329 1038 1447 1066 absenti
1456 1038 1601 1074 integram
1609 1047 1743 1072 servare;

918 1082 1132 1119 Nicopolitanis
1141 1083 1243 1119 aliqua
1253 1082 1322 1110 ﬁdei
1329 1082 1440 1110 indicia
1448 1082 1486 1110 ad
1496 1082 1745 1118 persuadendum

919 1129 990 1164 apta
1005 1127 1239 1164 exposcentibus
1251 1127 1345 1163 (quod
1360 1134 1397 1155 ne
1411 1135 1466 1154 vos
1480 1127 1603 1163 quidem
1619 1134 1745 1162 prorsus

917 1171 1100 1206 ignorastis),
1109 1171 1197 1199 nobis
1208 1171 1306 1199 visum
1313 1173 1360 1199 est
1368 1171 1468 1206 scripti
1475 1170 1671 1199 ministerium
1681 1179 1746 1198 sus-

918 1215 1027 1252 cipere.
1041 1215 1146 1244 Potavi
1162 1215 1240 1244 enim
1271 1222 1320 1243 me
1345 1215 1406 1243 duo
1419 1214 1621 1251 perfecturum
1641 1223 1704 1243 una
1718 1217 1746 1243 et

918 1259 1026 1287 eadem
1051 1267 1164 1296 opera;
1188 1261 1217 1287 et
1242 1259 1455 1296 Nicopolitanis
1465 1267 1693 1295 persuasurum,
1707 1267 1746 1287 ne

917 1303 998 1332 male
1012 1303 1049 1331 de
1060 1304 1125 1332 viro
1141 1303 1295 1338 sentirent,
1311 1307 1339 1331 et
1354 1304 1609 1331 calumniatorum
1629 1306 1745 1332 nostro-

917 1355 986 1376 rum
1001 1355 1055 1376 ora
1074 1348 1297 1383 obturaturum,
1318 1347 1389 1374 ﬁdei
1403 1355 1557 1375 consensu
1575 1347 1745 1375 calumnias

918 1391 1058 1428 utrinque
1078 1391 1265 1420 excludente.
1281 1394 1321 1419 Ac
1336 1391 1412 1419 ﬂdes
1434 1391 1558 1428 quidem
1574 1393 1745 1427 conscripta

917 1437 972 1470 est,
989 1438 1018 1463 et
1030 1443 1049 1463 a
1062 1436 1151 1463 nobis
1163 1435 1253 1463 allata
1270 1443 1277 1463 :
1294 1435 1465 1469 subscripta
1485 1437 1531 1463 est
1550 1435 1650 1463 etiam.
1665 1437 1745 1463 Post-

819 1483 863 1514 Ὠς
878 1494 898 1522 C
917 1487 1010 1516 quam
1041 1479 1223 1516 subscripta,
1248 1479 1332 1507 locus
1356 1479 1532 1514 designatus
1560 1481 1604 1507 est
1623 1479 1744 1507 alterius

917 1525 1094 1558 conventus,
1109 1526 1138 1552 et
1152 1526 1271 1559 tempus
1282 1523 1363 1552 aliud
1376 1524 1583 1557 constitutum,
1599 1525 1631 1551 ut
1647 1525 1675 1551 et
1687 1523 1744 1552 fra-

917 1570 975 1597 tres
985 1568 1090 1604 nostri,
1101 1568 1154 1605 qui
1165 1568 1196 1597 in
1205 1568 1338 1605 para-cia
1347 1570 1427 1603 sunt,
1439 1567 1661 1599 convenientes,
1673 1575 1745 1596 con-

914 1612 1193 1648 jungerenturinter
1201 1620 1241 1648 se,
1254 1615 1282 1640 et
1290 1612 1422 1648 genuina
1433 1620 1468 1640 ac
1476 1612 1592 1640 sincera
1600 1611 1743 1649 deinceps

915 1657 992 1685 foret
1009 1658 1194 1685 communio.
1211 1659 1314 1693 Itaque
1335 1665 1392 1685 nos
1420 1656 1542 1693 quidem
1566 1656 1745 1685 advenimus

916 1703 1086 1738 praestituto
1096 1704 1242 1738 tempore,
1255 1704 1284 1729 et
1293 1701 1346 1738 qui
1361 1709 1481 1729 mecum
1498 1701 1650 1736 conjuncti
1660 1703 1745 1730 erant

917 1745 1035 1780 fratres,
1051 1746 1159 1783 partim
1174 1746 1311 1782 aderant,
1331 1746 1440 1782 partim
1460 1745 1665 1780 conﬂuebant,
1683 1745 1744 1774 laeti

916 1792 1117 1826 omnesatque
1132 1790 1300 1823 alacres,ut
1312 1789 1351 1818 ad
1366 1797 1472 1826 pacem
1489 1792 1656 1818 currentes:
1668 1789 1743 1817 litte~

915 1842 956 1863 rae
964 1835 1054 1863 etiam
1065 1835 1178 1863 anobis
1194 1842 1229 1863 ac
1244 1834 1514 1870 cursores,quinos
1529 1834 1636 1861 adesse
1652 1834 1742 1868 signi-

914 1879 1050 1914 ﬁcarent,
1062 1879 1213 1915 siquidem
1229 1881 1332 1907 noster
1341 1881 1404 1906 erat
1414 1878 1461 1906 ille
1476 1878 1561 1906 locus
1573 1877 1612 1905 ad
1623 1885 1674 1905 cos
1687 1878 1741 1914 qui

916 1923 1134 1952 concurrebant
1143 1923 1335 1959 excipiendos
1348 1923 1533 1958 designatus.
1556 1922 1613 1950 Sed
1623 1930 1692 1950 cum
1704 1931 1740 1951 ex

916 1967 1009 1996 altera.
1029 1970 1114 2003 parte
1140 1975 1231 1995 nemo
1260 1967 1388 2001 adesset,
1403 1969 1455 1995 aut
1476 1974 1674 2002 praecurrens,
1689 1969 1741 1995 aut

914 2012 1058 2040 nuntians
1064 2012 1229 2040 adventum
1235 2019 1338 2040 eorum
1345 2011 1397 2047 qui
1413 2011 1666 2047 exspectabantur
1674 2020 1680 2045 ;
1687 2011 1739 2047 qui

915 2059 1015 2085 autem
1029 2063 1047 2084 a
1059 2056 1148 2084 nobis
1164 2056 1249 2083 missi
1260 2058 1355 2090 erant,
1365 2063 1434 2083 cum
1446 2055 1738 2084 rediissentmultam

915 2108 1019 2128 eorum
1032 2100 1084 2136 qui
1104 2100 1162 2128 illic
1175 2102 1245 2128 sunt
1260 2100 1407 2128 tristitiam
1423 2108 1458 2128 ac
1469 2101 1739 2128 murmurationem

916 2147 1099 2179 enarrantes,
1119 2144 1206 2180 quasi
1221 2151 1302 2172 nova
1316 2144 1392 2171 ﬁdes
1405 2151 1423 2172 a
1441 2144 1531 2172 nobis
1546 2144 1739 2180 promulgata

915 2191 1004 2223 esset,
1018 2189 1110 2225 hique
1125 2188 1264 2216 statuisse
1277 2187 1457 2219 dicerentur,
1473 2196 1504 2216 se
1518 2190 1596 2215 certe
1611 2196 1666 2215 suo
1679 2189 1738 2224 epi-

913 2240 1006 2269 scopo
1026 2233 1066 2260 ad
1079 2241 1136 2260 nos
1145 2232 1357 2268 proﬁciscendi
1376 2232 1496 2268 copiam
1524 2231 1655 2259 facturas
1674 2239 1738 2259 non

913 2285 992 2310 esse;
1007 2285 1139 2314 cumque
1145 2277 1277 2305 venisset
1282 2276 1407 2313 quidam
1414 2276 1542 2304 aﬂ‘erens
1552 2275 1639 2304 nobis
1646 2277 1701 2312 37
1707 2277 1736 2312 8

912 2322 1069 2358 epistolam
1089 2322 1288 2359 perfunctorie
1317 2321 1469 2358 scriptam,
1490 2323 1518 2349 et
1537 2329 1605 2358 quae
1620 2321 1736 2350 nullam

911 2376 1015 2396 eorum
1030 2367 1069 2395 de
1087 2367 1199 2403 quibus
1211 2367 1250 2395 ab
1264 2367 1735 2401 initioconvenerat,mentionem

910 2411 1058 2446 habebat;
1079 2415 1108 2440 et
1127 2419 1196 2440 cum
1207 2411 1291 2439 omni
1306 2412 1379 2439 mihi
1398 2412 1562 2440 reverentia
1582 2414 1610 2439 et
1621 2411 1735 2440 honore

910 2457 1021 2492 dignus
1040 2456 1130 2485 frater
1152 2456 1332 2492 Theophilus
1353 2464 1415 2484 uno
1443 2464 1480 2484 ex
1489 2456 1536 2484 his
1547 2456 1598 2492 qui
1613 2464 1682 2484 cum
1698 2464 1734 2484 eo

911 2504 981 2530 sunt
1005 2501 1102 2536 missi,
1127 2500 1274 2529 nonnulla
1297 2500 1490 2536 declarasset,
1514 2509 1582 2537 quas
1606 2509 1662 2529 nec
1677 2500 1734 2528 sibi

910 2663 995 2691 tustre
1011 2661 1155 2689 editiones
1165 2662 1197 2689 ut
1211 2661 1242 2689 in
1256 2662 1348 2689 textu.

946 2698 1003 2738 (76)
1020 2697 1064 2728 Ὠς
1077 2698 1223 2738 ὑπεγράφη.
1253 2697 1333 2738 Ιξάίιὶ¹
1345 2697 1392 2738 his
1405 2696 1532 2724 vocibus
1548 2697 1734 2738 praemittunt

910 2736 966 2768 καὶ,
986 2741 1054 2769 quas
1065 2733 1237 2769 conjunctio
1251 2733 1336 2769 deest
1353 2733 1387 2769 in
1399 2740 1451 2769 sex
1470 2735 1589 2769 mss._et_
1602 2733 1733 2769 editione

910 2766 1025 2804 Hagan.
1050 2771 1079 2796 et
1097 2766 1183 2804 Basil,
1212 2768 1319 2804 prima.
1346 2767 1462 2804 Ibidem
1484 2767 1556 2798 editi
1578 2766 1733 2799 ἀπεδεικθη.

910 2802 980 2834 Τιιᾱε
989 2802 1183 2834 vetustissimi
1195 2802 1314 2832 codices
1323 2806 1357 2832 ut
1365 2803 1396 2831 in
1408 2804 1501 2832 textu.
