2004 3145
97 99 155 133 M7

572 97 817 127 EPlS’l‘OLARUM
836 95 977 126 CLASSIS
996 96 1031 126 ll.
1050 95 1161 129 EPIST.
1181 97 1315 127 CCXLW.

1731 102 1786 132 918

99 161 197 189 εαυτοῦ
233 161 394 190 πεποιῆσθαι
425 159 454 186 ἐκ
485 160 608 187 τοιούτων
645 161 796 198 προφάσεων
834 159 894 185 οὔτι.

958 165 1041 187 mam
1056 166 1150 195 usque
1165 161 1318 188 senectam
1333 159 1391 188 sibi
1406 159 1464 197 ipsi
1476 159 1655 197 invigilasse,
1672 163 1786 193 talibus

96 204 201 246 ῥᾳδίως
223 205 380 242 ἐξηγριώθη,
401 203 485 240 μηδὲν
507 209 557 230 τῶν
585 206 714 241 ἡμετέρων
738 204 901 240 ὑπολογισά-

98 260 185 286 μενος,
206 248 276 286 μηδὲ
295 251 343 279 τὴν
362 249 386 276 ἓν
410 253 446 284 τῷ
472 249 625 287 παρελθόντι
640 253 730 286 πεῖραν
751 253 799 280 τῆς
820 248 903 279 οὕτως

98 295 220 325 εὐτελοῦς
242 293 368 325 διαϐολῆς
391 296 549 330 κυριωτέραν
575 295 692 330 θέμενος·
710 293 763 320 ἀλλ’
786 292 838 320 οἶόν
861 303 901 324 τις

96 339 184 370 πῶλος
211 337 374 375 ἀδάμαστος,
395 340 466 365 οὔπω
491 341 573 376 φέρειν
596 338 679 370 καλῶς
703 340 746 365 τὸν
771 337 901 366 ἀναϐάτην

98 382 304 419 δεδιδαγμένος,
340 382 367 409 ἐκ
397 385 492 418 μικρᾶς
524 382 640 418 ὑποψίας
672 381 824 418 ἀνεχαίτισε
855 384 901 408 καὶ

97 427 281 462 ἀπεσείσατο,
309 430 354 454 καὶ
381 430 470 464 χαμαὶ
500 427 601 465 ἒῤῥιψεν
625 428 664 459 οἷς
696 430 819 466 πρότερον
853 426 901 453 ἔπ-

98 472 245 508 ηγοίλλπτο·
266 474 359 509 τίχρή
374 474 433 509 πιρὶ
456 476 505 500 τῶν
525 471 607 498 ἄλλων
631 472 758 507 ὑπονοεῖν,
772 473 834 508 πρὸς
856 471 900 503 οὓς

97 519 160 547 οὔτε
186 518 249 554 ἡμῖν
274 520 392 544 τοσαῦτα
414 520 462 548 ¹τῆς
489 516 574 552 φιλίας
600 515 669 543 ἐστὶν
693 516 820 554 ίνέχυρα,
842 517 900 545 οὔτε

96 561 164 599 παρ’
189 560 273 588 αὐτῶν
302 562 411 590 τοιαύτη
439 565 486 591 τῆς
526 565 575 586 τῶν
613 563 715 599 τρόπων
757 560 900 597 ἐπιμελείας

97 604 247 639 ἐπίδειξις,
281 608 370 632 Ταῦτα
401 605 458 631 κατ’
492 605 603 642 ἐμαυτὸν
632 605 773 632 ἀνελίσσων
811 604 836 631 iv
866 609 897 641 τῇ

97 649 190 687 ψυχῇ,
211 652 256 676 καὶ
272 653 388 686 συνεχῶς
405 651 519 689 στρέφων
539 649 564 676 ἓν
584 653 616 687 τῇ
630 647 739 687 καρδίᾳ,
759 649 853 686 μᾷλλον
869 647 899 676 δε

98 693 323 732 ἀναστρεφόμενος
350 694 405 730 (82)
432 694 476 720 ὑπ’
501 694 585 721 αὐτῶν
610 696 655 724 τὴν
684 692 806 731 καρδίαν,
832 693 900 720 οὕτω

98 737 249 766 δακνόντων
268 749 300 777 με
321 741 367 766 καὶ
389 741 535 765 νυσσόντων
558 737 605 765 διὰ
626 743 674 770 τῆς
688 741 798 775 μνήμης,
823 737 899 767 οὐδὲν

97 783 206 815 Enimn;
234 783 411 820 ἀπεκρινάμην
432 787 486 815 τοῖς
501 784 655 820 γράμμασιν
667 794 674 800 -
691 783 744 819 οὐχ
768 783 899 821 ὑπεροψίᾳ

957 202 995 230 de
1018 203 1117 231 causis
1133 204 1174 233 ita
1194 204 1279 233 facile
1300 204 1442 233 efferatus
1460 207 1515 238 est,
1531 205 1648 235 nullam
1666 206 1785 237 habens

956 255 1057 275 rerum
1071 250 1243 278 nostrarum
1253 249 1412 284 rationem,
1424 257 1480 277 nec
1490 250 1630 286 praeteriti
1641 253 1785 288 temporis

956 292 1117 328 experienti
1122 301 1171 329 pm
1182 293 1335 322 calumnia
1346 294 1422 322 adeo
1432 294 1483 322 vili
1493 294 1642 330 potiorem
1652 295 1782 326 ducens:

956 337 1010 365 sed
1032 338 1121 365 veluti
1141 338 1266 374 quidam
1286 338 1387 375 pullus
1405 338 1570 367 indomitus
1591 347 1784 370 ascensorem

955 384 1033 410 recte
1043 382 1118 411 ferre
1129 383 1266 411 nondum
1280 383 1416 416 edoctus,
1429 383 1468 411 ob
1481 383 1623 419 exiguam
1638 386 1783 423 suspicio-

955 434 1025 454 nem
1036 426 1243 462 recalcitravit,
1255 427 1446 464 excussitque
1460 430 1489 456 et
1499 427 1584 456 humi
1594 429 1720 465 projecit
1729 438 1782 460 eos

955 471 992 499 de
1005 471 1115 507 quibus
1131 474 1219 500 antea
1234 471 1431 508 gloriabatur.
1448 472 1526 505 Quid
1543 473 1581 501 de
1598 473 1663 502 aliis
1679 475 1782 512 suspi-

955 516 1288 552 candum,quibuscum
1298 525 1396 553 neque
1409 516 1498 545 nobis
1512 519 1554 546 tot
1568 525 1603 546 ac
1620 520 1701 548 tanta
1711 522 1783 549 sunt

955 560 1093 589 amicitia:
1103 561 1361 598 pignora,quique
1372 563 1414 590 tot
1423 569 1459 589 ac
1469 563 1552 590 tanta
1561 569 1623 591 non
1633 562 1782 598 dederunt

954 599 1075 642 morum
1090 605 1247 641 probitatis
1261 605 1445 643 specimina?
1460 605 1528 634 Haec
1540 615 1662 636 mecum
1677 608 1780 640 animo

954 657 1024 678 cum
1042 649 1205 684 volverem,
1227 658 1262 679 ac
1283 650 1487 679 indesinenter
1506 650 1596 680 corde
1616 659 1779 694 versarem,

953 693 1016 722 imo
1030 694 1131 730 potius
1152 702 1222 722 cum
1238 695 1277 725 ab
1291 695 1338 724 his
1359 703 1410 723 cor
1424 703 1527 724 meum
1540 698 1719 731 versaretur,
1736 697 1780 728 sic

953 738 1164 767 mordentibus
1189 747 1238 767 me
1266 741 1295 768 et
1319 739 1527 769 recordatione
1555 741 1779 777 pungentibus,

952 783 1028 811 nihil
1039 782 1095 811 illis
1106 783 1250 820 respondi
1260 783 1374 818 litteris;
1383 791 1444 812 non
1455 792 1492 812 ex
1501 787 1677 822 contemptu
1687 786 1779 817 silens

98 830 241 859 σιωπήσας
260 829 307 865 (μὴ
332 832 408 857 τοῦτο
428 828 530 866 οἰηθῇς,
547 826 659 864 ἀδελφέ·
680 827 709 854 ou'
724 828 775 865 γὰρ
796 827 894 865 ἀνθρὼ-

952 835 990 857 ne
1016 827 1046 856 id
1066 828 1191 862 cogites,
1216 827 1322 862 frater;
1344 836 1407 856 non
1431 829 1511 857 enim
1533 829 1615 866 apud
1636 830 1777 860 homines

95 882 156 903 ποις
187 871 394 910 ἀπολογούμεθα,
424 872 488 899 ἀλλὰ
516 875 673 899 κατενώπιον
705 876 751 899 τοῦ
780 876 846 900 Θεοῦ
873 871 897 901 ἓν

96 920 209 955 Χριστῷ
234 917 371 954 λαλοῡμω)
393 916 490 954 ἀπορίᾳ
511 915 541 944 δί
563 919 609 943 καὶ
635 916 774 955 ἀμηχανίᾳ
796 919 842 944 καὶ
860 920 897 952 τῷ

95 963 132 998 μὴ
151 963 223 998 ἱχειν
243 961 321 990 εἰπεῖν
335 971 361 988 τι
379 966 424 992 τῆς
438 962 522 992 λύπης
536 961 619 994 ἄξιον.

133 1008 161 1036 5.
181 1005 248 1038 Ἐως
266 1006 291 1033 ἓν
312 1007 414 1037 τούτοις
434 1004 512 1043 ἦμεν,
532 1005 714 1036 ἰπικατίλαϐιν
731 1006 800 1043 ἡμᾶς
824 1006 898 1045 ἔτερα

95 1051 243 1089 γράμματα
265 1052 331 1088 πρὸς
357 1051 472 1081 Δαξίζαν
488 1050 544 1086 (83)
571 1052 629 1083 τινὰ
649 1053 816 1089 γεγραμμένα
844 1048 896 1080 δῆ-

97 1096 149 1130 99,
165 1098 196 1132 τῇ
224 1093 254 1122 δε
278 1094 380 1132 ἔληθείᾳ
400 1098 482 1121 πᾶσιν
497 1094 640 1132 ἀνθρώποις
664 1094 847 1131 ἓπεσταλμενα,
862 1096 897 1126 ὡς

96 1138 178 1169 δηλοῖ
198 1139 281 1166 αὐτῶν
298 1140 313 1170 ἠ
339 1140 421 1171 οὕτως
443 1139 513 1171 ὀξεῖα
539 1137 671 1177 διάδοσις,
692 1140 726 1170 ὡς
747 1139 772 1166 ἂν
797 1139 896 1175 ὀλίγαις

95 1186 208 1222 ἡμέραις
231 1183 256 1210 ἂν
277 1186 352 1210 παντὶ
377 1186 422 1220 μεν
448 1188 484 1221 τῷ
506 1186 594 1222 Πόντῳ
622 1188 824 1221 χατασπαρῆναι
851 1186 896 1211 καὶ

94 1230 145 1260 τὴν
170 1228 298 1256 Γαλατίαν
327 1226 490 1266 ἐπιδραμεῖν.
518 1231 585 1255 Φασὶ
612 1226 642 1255 δέ
671 1237 754 1261 τινες,
783 1228 823 1254 ὃτι
851 1230 896 1255 καὶ

96 1272 221 1303 Βιθυνοὺς
245 1271 414 1304 διελελθόντες
443 1274 467 1299 οἰ
495 1277 544 1299 τῶν
564 1272 668 1308 ἀγαθῶν
695 1273 793 1298 τούτων
818 1272 896 1308 ἄγγε-

95 1317 136 1343 λοι
164 1319 262 1355 μέχρις
290 1317 370 1344 αὐτοῦ
403 1318 517 1354 ἔφθασαν
545 1317 743 1346 Ἑλλησπόντου.
770 1319 834 1344 Τίνα
866 1315 896 1348 δὴ

96 1360 127 1390 ἧν
147 1363 182 1388 τὰ
204 1363 263 1387 καθ’
285 1363 358 1398 ἡμῶν
384 1363 448 1400 πρὸς
474 1362 589 1394 Δαζίζαν
617 1361 802 1398 ἐπεσταλμένα,
826 1362 895 1388 ποίν-

94 1416 144 1436 τως
168 1406 214 1443 μὲν
234 1404 319 1437 οἶδας.
346 1406 384 1432 Οὐ
403 1407 454 1443 γὰρ
471 1407 538 1433 οὕτω
564 1415 592 1432 σε
613 1407 715 1444 μακρὰν
737 1410 782 1438 τῆς
797 1406 893 1441 ἑαυτῶν

95 1450 182 1485 φιλίας
201 1451 325 1484 τίθενται,
348 1451 415 1477 ὥστε
439 1460 468 1476 σε
491 1452 567 1487 μόνον
591 1449 732 1487 ἀγέραστον
756 1454 801 1487 τῇς
819 1454 894 1487 τιμῆς

94 1495 196 1527 ἐκείνης
217 1495 379 1523 καταλιπεῖν.
396 1495 425 1521 Εἰ
446 1493 474 1521 δὲ
489 1495 537 1520 οὐχ
561 1493 635 1524 ἦλθεν
660 1494 696 1525 εἰς
716 1495 745 1521 σε
759 1495 792 1521 τά
805 1495 894 1531 γράμ-

94 1549 176 1575 ματα,
204 1538 257 1565 ἀλλ’
285 1539 334 1574 ἐγώ
359 1549 400 1566 σοι
429 1538 576 1566 ἀποστέλλω
592 1539 660 1574 (84).
685 1539 727 1565 Ἐν
753 1537 789 1570 οἷς
816 1540 895 1576 εὑρή-

96 1593 149 1613 σεις
174 1584 242 1619 ἡμᾶς
261 1585 513 1621 κατηγορουμένους,
539 1582 614 1609 δόλον
644 1585 689 1609 καὶ
708 1582 893 1621 ῥᾳδιουργίαν,

95 1629 194 1666 φθορὰν
225 1627 384 1657 Ἐκκλησιῶν
413 1630 458 1654 καὶ
489 1627 585 1664 ψυχῶν
615 1627 756 1662 ἀπώλειαν,
789 1631 834 1655 καὶ
865 1631 895 1655 τὸ

94 1673 208 1706 πάντων,
234 1673 268 1703 ὡς
297 1672 373 1699 αὐτοὶ
398 1673 562 1708 νομίζουσιν,
586 1671 756 1709 ἀληθέστερον
771 1673 839 1708 (85),
855 1674 895 1699 ὅτι

95 1715 234 1752 ἑγκοίθετον
257 1717 354 1746 ἐκείνην
377 1719 425 1745 τὴν
446 1716 576 1754 προϐολὴν
597 1720 642 1747 τῆς
667 1718 781 1747 πίστεως
802 1717 895 1746 51mm-

96 1761 209 1796 σάμεθα,
240 1759 268 1786 οὐ
295 1760 479 1791 Νικοπολίταις
506 1758 711 1796 διακονούμενοι,
741 1759 794 1786 ἀλλ’
821 1760 895 1787 αὐτοὶ

94 1804 181 1831 λαϐεῖν
206 1803 318 1842 δολερῶς
345 1805 479 1842 ὁμολογίαν
502 1804 693 1835 ἐπινοήσαντες.
720 1806 823 1831 Τούτων
849 1806 894 1841 μὲν

95 1847 138 1875 οὖν
164 1852 254 1891 κριτὴς
283 1851 386 1887 Κύριος.
413 1852 464 1876 Καὶ
489 1851 539 1887 γὰρ
561 1852 599 1880 τίς
622 1849 652 1875 ἂν
673 1852 772 1885 γένοιτο
795 1854 843 1876 τῶν
869 1849 893 1876 ἐν

94 1893 195 1931 καρδίᾳ
220 1895 350 1931 λογισμῶν
372 1894 481 1931 ἐναργὴς
502 1893 652 1928 ἀποδειξις;
675 1895 769 1921 Ἐκεῖνο
789 1892 819 1921 δί
843 1894 893 1920 αὐ-

93 1943 143 1964 τῶν
159 1938 307 1974 ἐθαύμασα,
324 1938 355 1972 εἰ,
376 1939 417 1964 ὅτι
437 1940 482 1974 μὲν
502 1938 558 1974 (86)
576 1942 612 1973 τῷ
635 1938 698 1975 παρ’
718 1939 789 1974 ἡμῶν
804 1936 892 1964 ὶπιδο-

94 1984 162 2009 θέντι
187 1982 283 2018 βιϐλίῳ
303 1982 466 2020 ὑπέγραψαν,
482 1983 598 2020 τοσαύτῃ
618 1985 763 2020 κέχρηνται
776 1980 892 2009 διαστα-

94 2036 142 2060 σει,
162 2028 231 2053 ὥστε
254 2029 299 2053 καὶ
323 2029 384 2054 ὄντα
407 2030 451 2054 καὶ
473 2029 508 2064 μή
534 2029 595 2053 ὄντα
616 2027 649 2058 εἰς
671 2029 718 2056 τὴν
741 2031 792 2053 τῶν
811 2026 892 2062 ἐγκα-

92 2071 204 2098 λούντων
224 2071 314 2102 αὐτοῖς
336 2072 514 2109 πληροφορίαν
534 2073 693 2109 συμφύρειν·
708 2072 748 2098 ὅτι
764 2070 794 2098 δὲ
815 2071 839 2098 ἐν
857 2076 889 2108 τῇ

91 2115 175 2153 Ῥώμῃ
214 2117 342 2153 ἔγγραφος
380 2116 464 2142 αὐτῶν
497 2116 623 2153 ὁμολογία
658 2120 704 2147 τῆς
737 2115 761 2142 ἑν
792 2118 892 2152 Νικαίᾳ

91 2162 206 2191 πίστεως
236 2159 382 2194 ἀπόκειται,
409 2164 486 2187 τοῦτο
513 2160 560 2186 οὐκ
586 2159 733 2186 ξννοοῦσινυ
762 2159 825 2187 οὐδὲ
851 2161 889 2187 ὃτι
905 2176 928 2205 D

93 2203 139 2230 διὰ
158 2209 207 2235 τῆς
229 2204 325 2231 ἑαυτῶν
350 2206 440 2240 χειρὸς
462 2203 594 2231 ἐπέδωκαν
613 2208 644 2241 τῇ
661 2204 686 2231 ὃν
706 2206 816 2236 Τνοίνοις
832 2215 892 2232 συν-

92 2247 145 2284 όδῳ
166 2251 198 2276 τὸ
221 2248 272 2275 ἀπὸ
285 2249 383 2285 Ῥώμης
409 2248 520 2286 βιϐλίον,
535 2249 548 2275 ὁ
567 2249 628 2287 παρ’
649 2250 711 2285 ἡμῖν
726 2259 889 2282 κατοίκηται,

92 2296 138 2323 τήν
153 2293 234 2323 αὐτὴν
254 2295 349 2322 ταύτην
372 2295 461 2320 πίστιν
476 2295 549 2329 ἔχον.
566 2296 616 2320 Καὶ
638 2297 686 2325 τῆς
701 2292 772 2325 ἰδίας
794 2294 890 2321 ἑαυτῶν

93 2336 259 2374 δημηγορίας
282 2338 445 2372 ἐπελάθοντο,
469 2338 499 2367 ἣν
524 2337 559 2370 εἰς
584 2339 613 2364 τὸ
641 2347 719 2374 μεσον
745 2339 890 2365 καταστάν-

126 2427 184 2462 (82)
203 2426 447 2463 Ἀναστριφόμενος.
471 2428 515 2454 Ita.
539 2428 600 2463 tres
623 2426 818 2454 vetustissimi
841 2434 888 2463 co-

91 2462 172 2490 dices
195 2470 264 2498 cum
285 2462 350 2489 aliis
364 2462 496 2498 duobus.
515 2462 588 2490 Editi
603 2464 781 2498 στρεφόμενος.
798 2462 889 2491 Paulo

92 2500 161 2533 post
173 2497 245 2534 editi
258 2499 429 2534 ἀμυσσόντων
439 2497 687 2534 dilacerantibus.
696 2497 787 2526 'Coisl.
798 2498 888 2534 primi

93 2536 120 2570 et
134 2533 213 2561 Harl.
231 2533 378 2570 scriptura
393 2533 488 2570 multo
506 2533 604 2570 aptior
625 2535 653 2561 et
669 2534 780 2568 sanior,
794 2533 887 2570 quam

93 2569 122 2596 in
137 2571 278 2596 contextu
296 2568 490 2596 adscivimus.

128 2604 329 2644 (8:3)A?:i§uml.
352 2606 380 2644 tn
396 2603 527 2644 epistola
551 2603 797 2644 adJOlympium,
815 2612 889 2644 quas

95 2642 136 2667 est
152 2640 213 2670 151,
229 2640 338 2673 legitur
357 2641 477 2671 Δαζίναν,
493 2639 624 2675 exceptis
639 2639 795 2667 codicibus
815 2639 888 2668 Med.

96 2678 123 2703 et
143 2676 205 2704 Vat.
219 2675 273 2711 qui
296 2675 410 2702 habent
429 2675 541 2707 Δεξίναν,
555 2677 584 2702 et
597 2675 762 2711 Harlteano,
779 2675 831 2711 qui
847 2675 890 2703 sic

95 2710 182 2747 etiam
198 2710 306 2739 habuit
319 2711 419 2747 prima
429 2718 529 2738 manu.
547 2711 616 2739 Utra
627 2710 713 2747 lectio
728 2710 825 2747 potior
837 2711 889 2747 ha-

96 2746 193 2775 benda
210 2747 248 2775 sit
271 2745 334 2775 non
354 2745 440 2775 facile
461 2748 602 2792 statuam.
622 2746 679 2792 Sed
694 2745 795 2792 tamen
818 2746 891 2792 quia

952 880 1076 901 causam
1091 872 1230 907 dicimus,
1244 872 1297 900 sed
1311 880 1412 902 coram
1432 874 1492 902 Deo
1507 873 1538 902 in
1552 873 1665 902 Christo
1679 875 1777 912 loqui-

951 917 1042 952 mur),
1059 916 1112 945 sed
1136 916 1324 945 haesitatione
1347 925 1383 945 ac
1397 917 1514 946 consilii
1527 918 1630 955 inopia
1643 920 1673 948 et
1692 919 1777 958 quod

950 961 1025 990 nihil
1040 969 1169 992 mcerore
1183 961 1310 997 dignum
1322 961 1421 990 dicere
1435 970 1604 998 possemus.

988 1008 1013 1035 5.
1035 1008 1066 1034 In
1087 1006 1134 1034 his
1155 1006 1229 1036 dum
1243 1014 1444 1040 versaremur,
1460 1009 1641 1043 exceperunt
1659 1015 1715 1037 nos
1730 1008 1775 1038 lit-

950 1052 1020 1079 terae
1044 1050 1119 1086 alias,
1136 1050 1176 1079 ad
1199 1050 1326 1079 Dazizan
1345 1050 1507 1087 quemdam
1531 1052 1649 1088 scripta;
1672 1052 1776 1082 videli-

949 1096 1004 1130 cet,
1020 1094 1074 1122 sed
1088 1102 1194 1122 revera
1208 1094 1248 1122 ad
1269 1102 1376 1122 omnes
1395 1093 1535 1123 homines
1553 1095 1663 1129 missae,
1677 1098 1710 1125 ut
1724 1096 1775 1125 de-

949 1139 1044 1167 clarat
1061 1146 1167 1166 earum
1189 1138 1343 1168 celerrima
1361 1138 1542 1173 distributio,
1557 1139 1599 1168 ita
1618 1142 1651 1169 ut
1666 1141 1774 1176 paucis

949 1183 1057 1211 diebus
1069 1191 1121 1220 per
1134 1191 1255 1212 omnem
1270 1184 1398 1211 Pontum
1409 1183 1662 1220 dispergerentur,
1677 1186 1706 1213 et
1720 1186 1775 1214 Ga-

948 1227 1053 1257 latiam
1076 1230 1292 1264 percurrerent.
1319 1227 1489 1261 Quinetiam
1509 1228 1646 1257 nonnulli
1671 1229 1775 1259 dicunt

948 1272 1059 1300 horum
1070 1272 1219 1300 bonorum
1233 1272 1355 1300 nuntios
1368 1272 1458 1300 etiam
1467 1275 1628 1310 peragrata
1637 1273 1775 1310 Bithynia

949 1325 1046 1353 usque
1061 1316 1100 1345 ad
1113 1316 1213 1353 ipsum
1228 1315 1450 1353 Hellespontum
1466 1320 1651 1353 penetrasse.
1668 1318 1775 1352 Qualia

948 1369 1020 1390 vero
1034 1361 1143 1389 fuerint
1164 1361 1204 1390 ad
1230 1361 1352 1390 Dazizan
1373 1364 1478 1390 contra
1495 1370 1552 1390 nos
1572 1363 1692 1399 scripta,
1709 1372 1774 1393 om-

948 1406 1021 1434 nino
1043 1405 1167 1442 qmdem
1192 1405 1281 1434 nosti.
1298 1407 1361 1434 Non
1381 1405 1462 1434 enim
1482 1408 1508 1435 te
1528 1406 1606 1435 adeo
1629 1407 1718 1444 longe
1733 1408 1774 1437 ab

948 1450 1079 1479 amicitia
1090 1458 1146 1478 sua
1154 1452 1320 1482 removent,
1333 1452 1365 1478 ut
1375 1449 1472 1478 solum
1483 1452 1510 1478 te
1522 1451 1637 1480 honore
1649 1451 1701 1480 illo
1711 1460 1774 1481 non

913 1503 935 1535 ο
948 1496 1095 1523 donatum
1116 1494 1297 1531 reliquerint.
1320 1494 1405 1527 Quod
1429 1494 1455 1522 si
1477 1494 1580 1523 litterae
1603 1495 1642 1524 ad
1663 1497 1692 1524 te
1710 1504 1774 1526 non

948 1541 1104 1573 venerunt,
1120 1541 1151 1567 at
1165 1546 1221 1574 ego
1236 1538 1288 1567 tibi
1307 1546 1358 1567 eas
1380 1538 1509 1567 mittam.
1529 1540 1561 1567 In
1575 1539 1622 1568 his
1640 1539 1705 1568 haec
1719 1548 1774 1569 no-

948 1584 1006 1616 bis,
1022 1583 1126 1619 aﬁingi
1145 1583 1272 1612 crimina.
1290 1583 1419 1618 videbis,
1435 1583 1540 1612 dolum
1555 1586 1585 1612 et
1602 1584 1772 1622 perﬁdiam,

949 1628 1173 1664 corruptionem
1193 1627 1402 1662 Ecclesiarum,
1423 1629 1452 1656 et
1474 1628 1646 1658 animarum
1674 1629 1774 1666 perni-

949 1673 1036 1706 ciem,
1048 1674 1077 1701 et
1091 1672 1174 1709 quod
1184 1672 1333 1706 omnium,
1345 1674 1377 1700 ut
1386 1671 1446 1708 ipsi
1460 1673 1644 1708 existimant,
1658 1673 1775 1703 verissi-

948 1725 1034 1746 mum
1056 1719 1110 1752 est,
1126 1717 1210 1754 quod
1224 1725 1261 1745 ex
1279 1716 1395 1745 insidiis
1417 1717 1501 1746 illam
1518 1717 1589 1746 ﬁdei
1610 1718 1775 1748 formulam

948 1761 1209 1798 proposuerimus,
1220 1769 1282 1789 non
1296 1761 1509 1798 Nicopolitanis
1523 1770 1648 1798 operam
1660 1771 1774 1792 navan-

949 1809 1007 1841 tes,
1032 1806 1085 1834 sed
1109 1806 1167 1842 ipsi
1190 1805 1343 1833 eliciendae
1367 1814 1421 1842 per
1446 1805 1551 1834 dolum
1575 1806 1773 1836 confessionis

947 1850 1107 1878 consilium
1125 1850 1324 1878 intendentes.
1341 1851 1452 1878 Horum
1474 1850 1597 1886 quidem
1617 1850 1711 1886 judex
1730 1853 1775 1880 est

949 1895 1102 1923 Dominus.
1116 1895 1261 1927 Quaenam
1276 1894 1356 1921 enim
1370 1901 1436 1922 esse
1450 1894 1543 1929 possit
1555 1894 1772 1929 cogitationum

947 1938 1046 1967 cordis
1057 1939 1138 1967 clara
1147 1937 1384 1966 demonstratio?
1395 1938 1456 1966 Hoc
1467 1940 1567 1966 autem
1577 1938 1608 1966 in
1619 1938 1693 1975 ipsis
1703 1947 1772 1968 sum

946 1984 1084 2016 miratus.
1095 1990 1149 2010 cur
1161 1982 1200 2010 ob
1216 1982 1421 2018 subscriptum
1434 1982 1580 2016 libellum,
1589 1990 1680 2019 quem
1695 1983 1771 2020 ipsis

945 2027 1120 2061 obtulimus,
1137 2029 1220 2055 tanto
1239 2029 1363 2055 utantur
1385 2027 1552 2055 dissidendi
1571 2028 1681 2063 studio,
1696 2030 1729 2056 ut
1743 2030 1772 2057 et

944 2080 1013 2109 quae
1036 2073 1114 2104 sunt,
1133 2073 1161 2099 et
1183 2079 1252 2107 quas
1272 2079 1333 2099 non
1357 2073 1437 2106 sunt,
1453 2072 1499 2107 iis,
1514 2079 1532 2101 ο,
1546 2072 1657 2109 quibus
1680 2080 1771 2102 accu-

945 2119 1061 2149 santur.
1083 2115 1288 2144 satisfaciendi
1314 2123 1418 2151 causa,
1440 2117 1675 2152 commisceant;
1695 2117 1770 2147 illud

946 2163 1048 2190 autem
1067 2168 1130 2188 non
1147 2160 1287 2196 cogitent,
1310 2167 1399 2188 suam
1418 2160 1489 2188 ﬁdei
1507 2161 1633 2189 Nicaeum
1653 2162 1770 2191 confes-

945 2205 1061 2233 sionem
1083 2206 1184 2232 Romaa
1210 2204 1351 2240 scriptam
1378 2205 1503 2239 servari,
1527 2212 1620 2241 seque
1645 2206 1768 2242 propria

944 2257 1039 2278 manu
1061 2248 1207 2278 obtulisse
1226 2248 1344 2284 synodo
1365 2248 1516 2285 Tyanensi
1534 2248 1658 2278 allatum
1673 2252 1769 2280 Roma

943 2293 1088 2327 libellum,
1106 2293 1159 2330 qui
1178 2293 1260 2329 apud
1278 2301 1335 2321 nos
1356 2295 1500 2328 servatur,
1516 2294 1656 2322 eamdem
1674 2294 1767 2324 ﬁdem

943 2339 1110 2367 continens.
1134 2337 1212 2371 Quin
1236 2339 1264 2366 et
1289 2337 1443 2366 concionis
1462 2340 1535 2366 tunc
1558 2346 1577 2367 a
1600 2346 1634 2367 se
1656 2339 1767 2369 habita!

942 2435 1049 2456 omnes
1061 2427 1179 2455 codices
1189 2427 1220 2455 in
1235 2427 1293 2455 hac
1311 2426 1440 2463 epistola
1460 2428 1660 2463 consentiunt,
1675 2429 1767 2458 etiam

942 2463 962 2491 ii
985 2463 1038 2500 qui
1060 2463 1091 2491 in
1113 2463 1217 2526 lpriore
1236 2463 1391 2491 habebant
1414 2463 1532 2500 Δεξίναν,
1555 2464 1660 2493 malim
1684 2465 1766 2493 hunc

941 2499 1096 2527 hominem
1137 2506 1236 2526 azuzan
1250 2506 1366 2526 vocare.

964 2507 1096 2526 ominem
1113 2507 1236 2526 118.2128!)
1250 2507 1366 2526 vocare.

979 2535 1034 2577 (84)
1053 2534 1225 2577 ’Δπςρ-ςΐλλω.
1246 2535 1317 2569 Reg.
1338 2534 1490 2563 secundus
1511 2536 1540 2563 et
1557 2534 1645 2564 Coisl.
1660 2542 1766 2563 secun-

942 2569 1001 2597 dus
1017 2569 1161 2596 ἀποστέλῶ.

979 2606 1035 2641 (85)
1055 2605 1256 2648 ’Aan‘ia-ﬂp‘ov;
1265 2604 1357 2648 _Med.,
1378 2605 1464 2633 Coisl.
1488 2605 1638 2634 secundus
1661 2607 1691 2634 et
1712 2606 1766 2633 Re-

944 2641 1011 2675 gius
1024 2640 1175 2667 secundus
1191 2640 1375 2669 ἀληθέστατον.

979 2675 1036 2713 (8_6)
1058 2676 1096 2708 Ei,
1106 2676 1154 2713 -ᾂτι
1168 2678 1222 2712 μέν.
1235 2678 1277 2713 Ita
1289 2678 1347 2713 tres
1360 2675 1552 2704 vetustissimi
1562 2675 1681 2713 codices
1696 2683 1766 2713 cum

944 2711 1070 2754 duobus
1087 2710 1210 2754 aliisz'e‘t
1228 2711 1379 2754 editiones
1397 2711 1602 2754 llaganoensis
1623 2711 1652 2740 et
1671 2710 1769 2754 prima

945 2745 1130 2775 Basileensis.
1146 2746 1261 2789 Habent
1275 2746 1341 2776 alia:
1359 2747 1390 2781 si,
1407 2745 1517 2783 ὅτξμέν.
