2004 3145
223 111 275 139 M9

915 109 942 136 S.
964 107 1087 135 BASlLil
1108 106 1217 134 MAGNI

1858 108 1916 133 920

223 172 307 201 obliti
326 172 405 205 sunt,
421 178 479 200 cun
499 170 527 199 in
552 170 688 199 medium
711 170 895 207 prodeuntes
914 169 1052 198 fraudem

1110 178 1146 199 τες
1172 171 1236 200 τότε,
1254 167 1386 205 ὠδύροντο
1412 169 1457 205 μὲν
1480 171 1526 197 τὴν
1551 167 1662 201 ἀπάτην,
1681 166 1718 194 δι’
1736 168 1768 198 ἧς
1782 169 1918 204 ὑπήχθη-

223 217 498 254 deplorarunt,qua
509 216 726 252 deeepti,tomo
738 215 776 244 ab
788 216 913 244 Eudoxii
924 215 1052 243 factione

224 262 393 298 composito
408 263 636 294 consenserant;
651 260 733 288 unde
746 263 772 289 et
784 261 862 289 hanc
875 261 1053 288 invenerunt

225 307 315 335 errati
337 306 416 334 illius
440 305 592 342 purgandi
616 305 775 340 rationem,
790 307 962 334 utRomam
985 311 1053 340 pro-

224 350 304 385 fecti,
320 349 389 378 inde
404 349 497 378 ﬁdem
520 351 641 378 Patrum
666 349 845 386 acciperent,
861 350 902 377 ita
919 352 952 376 ut
969 347 1052 385 quod

225 395 316 431 380
331 394 470 422 Ecclesiis
485 393 649 422 detrimenti
670 394 830 422 intulerant
844 393 925 422 malo
941 401 1051 429 appro-

224 439 338 475 bando,
355 438 386 467 id
408 438 531 467 meliore
549 438 769 467 introducendo
784 438 993 466 emendarem.
1017 438 1053 465 At

225 483 278 520 qui
299 483 406 512 itinera
427 482 604 518 longissima
625 490 680 518 pro
701 482 761 510 ﬁde
785 483 1004 517 sustinuerunt,
1024 483 1054 509 et

225 527 394 564 sapientem
418 526 500 555 illam
517 527 694 554 concionem
707 526 887 562 habuerunt,
901 534 982 555 nunc
1000 533 1054 554 no-

225 572 273 601 bis
288 571 504 606 conviciantur,
525 573 556 599 ut
579 571 684 599 dolose
707 571 934 599 ambulantibus
954 573 982 599 et
997 570 1053 598 sub

226 617 395 645 dilectionis
419 616 516 652 specie
536 624 572 644 ea
593 624 662 652 quae
686 616 895 644 insidiatorum
919 618 997 650 sunt,
1013 616 1055 644 fa-

227 660 386 689 cientibus.
409 661 491 688 Patet
515 662 616 688 autem
637 659 727 688 etiam
752 668 787 688 ex
813 660 861 694 iis,
881 669 949 697 quas
973 668 1053 688 nunc

227 705 489 738 circumferuntur,
503 705 738 733 condemnatam
758 705 797 732 ab
811 705 868 733 illis
883 713 946 733 esse
962 705 1053 733 ﬁdem

228 750 392 779 Niceenam.
410 748 551 777 Viderunt
575 750 655 777 enim
678 749 828 786 Cyzicum,
849 752 877 778 et
900 758 968 778 cum
995 749 1055 778 alia

227 794 288 822 ﬁde
302 794 414 822 reversi
429 795 510 821 sunt.

264 841 291 867 6.
312 838 370 867 Sed
384 838 459 875 quid
477 838 507 866 in
523 838 622 866 verbis
645 838 878 867 inconstantiam
892 838 969 872 dico,
984 847 1053 867 cum
1073 845 1093 872 Β

227 883 324 913 multo
335 883 453 919 majora
462 891 498 911 ex
509 883 582 920 ipsis
592 883 682 911 rebus
693 883 782 919 gestis
793 883 923 912 habeam
935 883 1053 912 illorum

226 929 258 957 in
267 928 416 956 contraria
425 928 599 956 mutationis
608 929 806 962 argumenta?
815 929 870 961 Qui
879 930 959 957 enim
970 929 1055 965 quin-

227 975 386 1009 gentorum
396 972 606 1009 episcoporum
619 973 772 1000 sententia:
783 975 887 1001 contra
896 973 978 1009 ipsos
987 973 1054 1002 latas

226 1025 289 1046 non
302 1019 465 1051 cesserunt,
481 1023 579 1053 neque
594 1024 612 1045 ει
627 1017 840 1051 gubernaculis
856 1018 1054 1046 Ecclesiarum

226 1061 381 1090 discedere
390 1061 557 1092 voluerunt.
565 1061 706 1097 quamvis
716 1063 758 1089 tot
768 1062 900 1099 episcopi
910 1062 939 1090 in
951 1070 1054 1090 ecrum

226 1105 425 1143 depositionis
455 1105 602 1133 sententia
624 1105 860 1141 conspirassent,
885 1109 1054 1143 propterea,

225 1150 334 1187 inquit,
347 1148 431 1186 quod
453 1149 578 1185 Spiritus
592 1149 687 1177 sancti
702 1150 862 1186 participes
882 1159 942 1178 non
959 1153 1054 1186 erant,

226 1202 283 1223 nec
296 1194 347 1222 Dei
359 1193 453 1229 gratia
465 1193 611 1221 Ecclesia:
622 1193 841 1230 gubernabant,
851 1195 904 1222 sed
919 1195 1055 1224 humana

227 1237 362 1275 potentia
383 1245 417 1266 ac
438 1237 536 1265 inanis
561 1237 662 1273 glorise
686 1238 849 1274 cupiditate
868 1239 1055 1276 principatus

227 1284 407 1319 rapuerant:
424 1282 454 1310 hi
468 1289 550 1310 nunc
569 1290 621 1310 eos
636 1282 688 1318 qui
705 1282 744 1310 ab
758 1282 815 1310 illis
829 1283 958 1312 ordinati
974 1287 1055 1317 sunt,

227 1329 261 1356 ut
278 1327 436 1364 episcopos
453 1326 628 1362 suscipiunt.
644 1327 725 1359 Quos
741 1335 807 1355 meo
824 1328 947 1356 nomine
966 1336 1055 1363 roges

228 1372 328 1406 velim,
344 1372 463 1400 etiamsi
476 1371 615 1399 homines
629 1379 736 1400 omnes
753 1375 957 1406 contemnant,
969 1373 1056 1409 quasi

227 1425 328 1453 neque
349 1416 452 1445 oculos
475 1416 618 1449 habeant,
638 1424 737 1453 neque
760 1425 858 1454 aures,
881 1425 980 1454 neque
1006 1426 1057 1446 cor

228 1469 320 1490 sensu
331 1460 501 1498 praeditum,
518 1463 552 1489 ut
565 1460 729 1496 intelligere
741 1462 857 1498 possint
870 1470 974 1490 eorum
988 1470 1056 1499 quae

1109 223 1156 240 σοιν
1177 214 1318 239 συνθέσθαι
1344 218 1380 248 τῷ
1405 215 1476 249 τόμῳ
1504 216 1539 247 τῷ
1564 214 1635 249 παρὰ
1663 216 1709 238 τοῦ
1739 215 1918 247 συοτήματος

1106 255 1234 289 Εὖδοξίου
1269 260 1463 293 συντεταγμένῳ
1482 267 1489 274 ο
1522 255 1592 283 διότι
1631 258 1729 285 ταύτην
1763 256 1917 285 ἐπενόησαν

1107 305 1152 326 τοῦ
1175 301 1324 337 σφάλματος
1351 301 1446 328 ἐκείνου
1467 301 1617 337 ἀπολογίαν,
1634 302 1675 333 τό,
1698 300 1857 330 ἀπελθόντας
1880 301 1919 331 εἰς

1105 345 1222 382 Ῥώμην,
1249 345 1342 372 ἐκεῖθεν
1369 346 1454 372 λαϐεῖν
1483 348 1528 376 τὴν
1561 350 1611 372 τῶν
1639 348 1760 382 Πατέρων
1792 348 1892 371 πίστιν
1909 356 1917 362 ’

1107 390 1157 421 ἶνα,
1186 390 1215 419 ἦν
1239 389 1365 420 ἐποίησαν
1390 390 1491 427 βλάϐην
1510 394 1568 421 ταῖς
1591 390 1758 421 Ἐκκλησίαις
1781 394 1813 425 τῇ
1843 392 1919 428 πρὸς

1106 436 1134 461 τὸ
1153 436 1233 460 κακὸν
1261 437 1390 472 συνθήκῃ,
1417 437 1515 464 ταύτην
1543 435 1775 472 ἐπανορθὼσωνται
1803 438 1836 470 τῇ
1871 434 1919 460 ἐπ-

1107 484 1240 516 εισαγωγῇ
1257 483 1303 506 τοῦ
1320 479 1461 516 βελτίονος.
1479 479 1546 507 Ἀλλ’
1562 480 1586 506 οἱ
1600 481 1645 510 τὰς
1664 481 1831 516 μακροτάτους
1847 478 1919 505 ἀπο-

1108 522 1207 560 δημίας
1228 525 1291 561 ὑπὲρ
1315 528 1363 561 τῇς
1385 527 1498 556 πίστεως
1523 525 1689 556 ὑποσταντες,
1714 526 1759 550 καὶ
1781 525 1816 550 τὰ
1842 526 1920 560 σοφὰ

1107 572 1190 594 ταῦτα
1218 567 1460 606 δημηγορήσαντες,
1486 573 1530 595 νῦν
1553 567 1734 606 λοιδοροῦνται
1767 569 1851 604 ἡμᾶς,
1882 570 1920 599 ὡς

1109 611 1200 644 δολίως
1222 623 1419 650 πορευομενους,
1436 616 1481 640 καὶ
1497 613 1520 639 ἐν
1542 617 1664 650 σχήματι
1686 613 1791 649 ἀγάπης
1811 615 1846 639 τὰ
1863 618 1918 639 τῶν

1108 657 1322 684 ἄπιϐουλευόντων
1347 662 1495 689 ποιοῦντας.
1513 658 1592 687 Δηὶοῖ
1610 657 1639 684 δὲ
1658 661 1703 684 καὶ
1722 659 1754 684 τὰ
1773 662 1818 683 νῦν
1833 667 1916 695 περι-

1109 705 1234 740 φερόμενα
1262 705 1449 739 κατεγνωκέναι
1482 703 1576 733 αὖτοὺς
1607 707 1654 734 τῆς
1690 701 1713 728 ἐν
1742 705 1844 738 Νικαίᾳ
1873 705 1918 729 πί-

1109 756 1198 778 στεως.
1221 745 1298 774 Εἶδον
1322 748 1371 784 γὰρ
1397 747 1522 781 Κύζικον,
1544 749 1589 773 καὶ
1615 747 1669 783 μετ’
1695 745 1773 778 ἄλλης
1795 749 1916 778 πίστεως

1109 789 1186 821 ὶπανῆ
1191 791 1259 820 λοον.

1143 838 1169 864 6.
1192 838 1242 862 Καὶ
1261 838 1287 862 τί
1309 837 1338 862 τὸ
1363 835 1387 862 ἐν
1412 840 1466 867 τοῖς
1494 836 1610 874 ῥήμασιν
1637 835 1803 872 εὖμετοίθετον
1830 835 1913 871 λέγω,

1108 880 1192 916 πολλῷ
1221 880 1343 916 μείζονας
1366 879 1393 912 ἐξ
1419 880 1503 906 αὐτῶν
1532 885 1581 906 τῶν
1604 881 1765 917 πραγμάτων
1791 884 1838 911 τῆς
1870 880 1912 906 ἐπὶ

1107 927 1139 952 τὰ
1169 925 1272 952 ἐναντία
1298 929 1457 962 πιριτροπῆς
1489 926 1557 961 ἔχων
1590 927 1636 955 τὰς
1667 923 1815 956 ἀποδείξεις
1834 926 1911 960 (87);

1108 971 1142 996 Οἱ
1163 971 1214 1006 γὰρ
1236 972 1410 996 πεντακοσίων
1430 969 1577 996 ἐπισκόπων
1598 968 1711 1006 δόγματι
1738 970 1797 995 κατ’
1823 970 1912 995 αὐτῶν

1108 1013 1266 1049 ἒξενεχθέντι
1299 1016 1334 1050 μὴ
1371 1014 1491 1047 εἴξαντες,
1525 1011 1594 1050 μηδὲ
1624 1012 1831 1049 καταδεξάμενοι
1865 1017 1912 1043 τῆς

1109 1058 1257 1094 οἰκονομίας
1276 1062 1326 1084 τῶν
1351 1058 1509 1087 Ἐκκὶησιῶν
1539 1058 1695 1091 ἀποστῆναι,
1718 1059 1851 1084 τοσούτων
1878 1058 1913 1088 εἰς

1108 1105 1156 1132 τὴν
1183 1107 1232 1133 τῆς
1259 1103 1436 1140 καθαιρέσεως
1466 1102 1551 1128 αὐτῶν
1581 1105 1686 1139 γνώμην
1715 1103 1913 1139 συμῳωνησάν-

1108 1157 1169 1178 των,
1191 1145 1271 1180 διότι,
1300 1149 1390 1183 φησιν,
1414 1147 1461 1173 οὐκ
1490 1148 1558 1176 ἦσαν
1583 1148 1728 1183 Πνεύματος
1753 1146 1830 1182 ἁγίου
1851 1149 1913 1183 μέτ-

1109 1188 1181 1228 οχοι,
1204 1190 1266 1218 οὐδὲ
1289 1196 1355 1218 Θεοῦ
1370 1192 1427 1227 (88)
1447 1193 1541 1229 χάριτι
1563 1193 1608 1222 τὰς
1633 1191 1788 1222 Ἐκκλησὶας
1812 1192 1913 1218 οἰκονο-

1109 1241 1226 1274 μοῦντες,
1259 1236 1314 1262 ἀλλ’
1348 1236 1493 1274 ἀνθρωπίνῇ
1530 1235 1673 1272 δυναστεία
1704 1239 1749 1262 καὶ
1782 1236 1912 1273 ἐπιθυμίᾳ

1111 1280 1190 1313 δόξης
1213 1285 1289 1312 κενῆς
1314 1282 1347 1307 τὰ
1368 1283 1533 1318 προστασίας
1562 1281 1744 1318 ἁρπάσαντες·
1770 1281 1843 1307 οὗτοι
1865 1285 1911 1307 νῦν

1109 1326 1170 1357 τούς
1196 1325 1256 1363 παρ’
1290 1325 1390 1352 ἐκείνων
1421 1327 1651 1363 χειροτονηθέντας
1684 1327 1716 1356 ὡς
1749 1325 1913 1356 ἐπισκόπους

1111 1368 1246 1406 δέχονται.
1262 1370 1315 1401 Οὓς
1335 1369 1466 1407 ἐρώτησον
1486 1369 1540 1396 ἀντ’
1556 1369 1628 1406 ἐμοῦ,
1644 1369 1665 1396 εὶ
1683 1371 1728 1396 καὶ
1743 1374 1790 1396 τῶν
1806 1369 1911 1406 ἀνθρώ-

1110 1425 1164 1441 πων
1202 1415 1303 1441 πάντων
1339 1418 1564 1451 καταφρονοῦσιν,
1598 1415 1633 1445 ὦς
1669 1414 1722 1440 οὔτ’
1760 1413 1912 1451 ὀφθαλμοὺς

1112 1458 1233 1494 ἑχόντων,
1264 1459 1316 1485 οὔτ’
1343 1457 1406 1492 ὦτα,
1429 1460 1488 1485 οὔτε
1514 1457 1626 1495 κοιρὸίαν
1658 1459 1827 1493 αἰσθητικὴν,
1848 1461 1910 1485 ὅσον

228 1506 305 1534 ﬁunt
312 1505 555 1542 repugnantiam;
564 1513 663 1541 roges,
670 1505 806 1542 inquam,
815 1506 919 1535 saltem
929 1507 958 1535 in
969 1508 1055 1535 corde

1111 1507 1174 1539 γοῦν
1200 1501 1331 1530 δύνασθαι
1356 1501 1472 1529 συνιδεῖν
1494 1507 1544 1529 τῶν
1567 1505 1706 1539 ⁹γενομένων
1727 1505 1782 1539 (89)
1811 1505 1841 1529 τὸ
1869 1503 1912 1529 ἁν-

229 1559 285 1579 ειιο
300 1549 447 1587 quidnam
461 1549 595 1578 habeant
610 1551 783 1578 sententiae?
793 1551 950 1584 Quomodo
966 1552 1058 1580 ambo

229 1596 358 1632 p0ssunt
371 1602 436 1622 esse
448 1594 582 1630 episcopi
602 1597 630 1622 et
640 1595 692 1631 qui
703 1594 742 1623 ab
755 1595 880 1632 Evippio
891 1595 1058 1632 depositus,

231 1642 260 1668 et
269 1639 320 1676 qui
331 1639 370 1667 ab
381 1646 416 1666 eo
427 1639 603 1667 ordinatus?
614 1647 686 1667 nam
696 1648 744 1668 res
758 1642 885 1677 utraque
896 1644 939 1668 est
949 1649 1059 1669 manus

231 1683 368 1719 ejusdem
390 1691 477 1719 opus.
502 1683 557 1715 Qui
582 1683 639 1711 nisi
658 1683 763 1711 datum
786 1685 919 1712 Jeremise
942 1685 1059 1713 donum

230 1727 388 1757 habuisset
400 1727 538 1755 diruendi
551 1735 586 1755 ac
605 1727 818 1760 reseditieandi,
835 1730 1008 1757 eradicandi
1023 1737 1059 1758 ac

231 1772 438 1810 plantandi“,
462 1772 564 1808 utique
586 1779 648 1800 non
676 1773 757 1800 hunc
786 1773 979 1809 eradicasset,
1006 1783 1058 1802 ne-

234 1825 293 1855 que
309 1817 394 1845 illum
408 1816 584 1853 plantasset.
599 1816 685 1849 Quod
704 1817 728 1844 si
748 1816 874 1845 alterum
891 1818 917 1845 ei
929 1818 1057 1851 dederis,

233 1863 362 1891 alterum
381 1861 471 1890 etiam
491 1861 517 1889 ei
537 1861 694 1889 concedes.
716 1861 774 1890 Sed
793 1861 861 1897 illis,
878 1865 910 1891 ut
931 1863 1057 1898 videtur,

270 1944 294 1962 ἰ
312 1944 420 1971 Jerem.
435 1950 454 1977 ι,
473 1944 514 1969 to.

269 2014 326 2048 (87)
347 2011 517 2045 Ἀποδείξεις.
531 2013 574 2041 Ita
589 2020 662 2040 mss.
678 2021 741 2040 sex.
755 2013 830 2041 Editi
841 2012 994 2046 ὑποδείξας,

269 2049 327 2084 (88)
347 2052 424 2076 Θεοῦ.
454 2050 539 2077 Deest
568 2056 604 2076 ca
635 2056 691 2076 vox
720 2048 749 2076 in
780 2049 881 2078 codice
909 2051 1058 2080 Mcdicmo.

235 2084 327 2114 Paulo
342 2087 411 2121 post
431 2083 556 2112 nonnuli
580 2084 699 2112 codices
720 2085 900 2114 recentiores
923 2087 982 2112 κατ’
1007 2086 1060 2113 ἐπι-

235 2122 403 2192 “figit-av
416 2157 566 2192 γενομένων.
582 2157 624 2184 ita
642 2157 702 2184 tres
718 2156 912 2184 vetustissimi
927 2157 1059 2186 codices.

235 2192 310 2221 Editi
325 2193 473 2228 γινομένων.

270 2227 404 2263 (οογϊπό
421 2227 560 2255 Εὐιππὶου.
577 2227 623 2256 Sic
643 2228 700 2255 tres
722 2227 914 2256 vetustissimi
929 2229 1058 2258 codices.

233 2263 309 2302 Editi
323 2265 395 2302 #1954
408 2263 550 2302 Εῇιππίου.
571 2263 685 2291 Ibidem
701 2263 857 2302 liiediczeus
879 2264 973 2302 codex
989 2266 1060 2302 παρὰ

232 2301 336 2338 τούτου,
360 2298 452 2338 'Coisl.
488 2301 613 2338 uterque
637 2301 672 2338 _et
708 2299 778 2333 Reg.
811 2299 963 2338 secundus
993 2298 1059 2338 ταρά

231 2339 278 2361 τοῦ
302 2334 393 2361 αὐτοῦ.
412 2333 752 2362 ϐοιιεοηῐὶῑᾞαιιὶωοιιυς
775 2342 844 2362 cum
871 2335 967 2363 editis.
993 2333 1058 2365 Mox

231 2370 303 2398 editi
327 2369 478 2405 ἀμφότερον.
508 2369 645 2404 Quinque
673 2377 748 2405 mss.
774 2372 807 2397 ut
833 2370 863 2397 in
891 2372 983 2399 textu.
1012 2372 1057 2400 Sic

228 2406 321 2469 fuam
344 2398 439 2432 habet
462 2398 668 2439 Haganoénsis
694 2404 784 2432 editio
804 2407 832 2433 et
854 2405 952 2442 prima
976 2398 1055 2435 Basi:

240 2449 348 2469 censis.

240 2449 348 2470 θθηειε.

265 2476 322 2513 (91)
343 2476 509 2513 Ἐφύτεοσεν.
532 2475 645 2513 Hoc__in
669 2475 735 2504 loco
759 2478 786 2503 et
805 2475 838 2513 in
862 2476 926 2505 aliis
951 2477 1055 2506 simili-

227 2510 297 2553 bus,
311 2510 426 2553 nempe
445 2511 484 2553 iri
495 2510 629 2553 epistolis
648 2513 699 2553 2:26
720 2513 748 2553 et
763 2511 825 2553 25L,
844 2520 911 2553 non
926 2521 982 2553 suo
1002 2522 1054 2542 no-

227 2546 309 2585 mine
319 2546 452 2585 loquitur
466 2546 602 2585 Basilius,
618 2547 678 2585 sed
688 2547 787 2582 potius
802 2548 944 2576 Eustathii
961 2557 1051 2585 quem

225 2583 412 2620 deducto’eﬁx
432 2583 530 2620 ipsius
554 2583 700 2620 sententia
721 2587 898 2618 argumento
914 2585 943 2612 in
959 2583 1052 2620 angu-

225 2620 297 2647 stias
312 2619 473 2648 concludit.
491 2618 646 2656 Depositus
664 2619 744 2647 enim
767 2627 784 2646 a
801 2619 972 2655 quingentis
991 2618 1051 2656 e'pi-

225 2655 338 2691 scopis,
369 2663 474 2683 eorum
505 2654 657 2682 sementim
687 2662 746 2682 non
777 2654 890 2683 cessiti
917 2657 967 2683 sed
998 2654 1049 2683 eos

222 2692 345 2728 negavit
357 2691 515 2728 episcopos
531 2698 604 2725 esse,
615 2693 724 2728 _utpote
740 2698 799 2728 non
815 2692 973 2728 participes
987 2693 1048 2728 Spi-

220 2725 296 2763 ritus
322 2725 429 2763 sancti,
450 2725 482 2754 ut
501 2733 594 2763 supra
613 2725 750 2763 legimus
767 2726 798 2763 _in
820 2726 877 2754 hac
899 2725 967 2762 ipsa
985 2725 1048 2763 epi<

219 2760 306 2790 stola.
324 2762 502 2798 Sequeretur
517 2760 553 2790 ei
565 2761 623 2791 hac
638 2760 784 2790 Eustathii
806 2760 1046 2798 ratiocinatione,

1114 1547 1262 1579 ακόλουθον,
1281 1547 1303 1573 ἐν
1316 1551 1347 1584 τῇ
1365 1547 1461 1574 ἑαυτῶν
1476 1546 1575 1585 καρδίᾳ
1590 1550 1647 1573 τίνα
1661 1546 1779 1574 διάνοιαν
1794 1549 1890 1584 ἔχουσι
1903 1556 1910 1581 ;

1113 1596 1170 1622 Πῶς
1193 1590 1317 1618 δύνανται
1342 1589 1390 1618 δύο
1415 1591 1480 1618 εἶναι
1505 1592 1654 1626 ἐπίσκοποι,
1679 1592 1693 1618 ὃ
1711 1602 1738 1618 τε
1761 1593 1913 1629 καθῃρημέ-

1112 1647 1155 1668 νος
1177 1637 1226 1663 ὑπὸ
1251 1637 1378 1663 Εὖιττπίου
1394 1637 1461 1672 (90),
1479 1639 1524 1663 καὶ
1547 1637 1559 1662 ὁ
1581 1637 1642 1674 παρ’
1659 1637 1738 1662 αὑτοῦ
1762 1646 1912 1675 κεχειροτο-

1113 1684 1239 1718 νημένος;
1267 1685 1312 1711 τῆς
1344 1682 1395 1718 γὰρ
1426 1681 1507 1711 αὐτῆς
1533 1683 1624 1717 χειρὸς
1657 1682 1730 1717 ἔργον
1761 1681 1906 1718 ἀμφότερα.

1112 1726 1170 1761 Ὃς,
1193 1726 1215 1752 εἰ
1236 1728 1271 1762 μὴ
1298 1724 1354 1762 εἶχε
1379 1729 1424 1755 τὴν
1455 1724 1596 1762 δεδομένην
1619 1730 1655 1761 τῷ
1685 1725 1796 1762 Ἱερεμίᾳ
1821 1727 1911 1763 χάριν,

1113 1772 1308 1797 κατασκάπτειν
1334 1773 1379 1796 καὶ
1403 1768 1593 1806 ἀνοικοδομεῖν,
1619 1769 1739 1806 ἐκριξοῡν
1763 1773 1808 1795 καὶ
1834 1779 1912 1796 κατα-

1114 1817 1238 1852 φυτεύειν,
1261 1815 1316 1841 οὔτ’
1342 1814 1371 1840 ἂν
1395 1814 1546 1852 ἱξερῥίζωσε
1565 1818 1664 1850 τοῦτον,
1684 1815 1738 1840 οὔτ’
1762 1813 1792 1840 ἂν
1818 1812 1911 1841 ἐκεῖνον

1114 1859 1247 1896 ἕφύτευσῖλ
1263 1859 1328 1896 (91).
1345 1859 1375 1885 Εἰ
1394 1857 1424 1885 δὲ
1449 1860 1478 1885 τὸ
1500 1859 1582 1895 ἕτερον
1597 1858 1668 1894 αὐτῷ
1693 1857 1787 1893 δίδως,
1805 1869 1911 1896 συγχω-

1115 2015 1141 2043 si
1157 2015 1288 2043 strictius
1306 2017 1483 2050 sumeretur,
1498 2015 1602 2043 datam
1616 2014 1654 2042 ah
1669 2014 1817 2043 haereticis
1832 2016 1910 2044 ordi-

1114 2052 1268 2079 nationem
1289 2059 1350 2078 non
1371 2050 1462 2078 modo
1478 2059 1539 2078 non
1561 2050 1737 2085 legitimam,
1754 2051 1807 2078 sed
1821 2052 1909 2080 etiam

1114 2087 1280 2114 invalidam
1296 2094 1331 2114 ac
1350 2094 1474 2122 prorsus
1488 2085 1604 2114 nullam
1622 2094 1699 2120 esse,
1714 2094 1749 2114 ac
1769 2087 1909 2122 Spiritum

1117 2125 1256 2150 sanctum
1282 2122 1320 2149 ab
1340 2122 1381 2149 eis
1402 2121 1528 2149 conferri
1549 2129 1610 2149 non
1630 2129 1730 2157 posse.
1754 2121 1810 2150 Sed
1833 2123 1856 2150 si
1874 2131 1909 2151 ea

1116 2158 1172 2185 fuit
1186 2157 1330 2185 Eustathii
1346 2158 1502 2189 sententia.
1519 2160 1596 2184 certe
1613 2157 1720 2184 Basilio
1733 2157 1837 2192 attingi
1850 2166 1909 2186 non

1078 2192 1099 2219 D
1116 2195 1226 2230 potest.
1245 2195 1271 2220 is
1286 2193 1366 2220 enim
1387 2195 1521 2230 testatur,
1536 2200 1603 2230 can.
1621 2193 1795 2230 i,rlzoinuin
1816 2196 1844 2221 et
1859 2195 1907 2222 Sa-

1116 2228 1269 2257 turninum
1279 2237 1314 2255 ex
1323 2228 1537 2256 lineratitarum
1549 2228 1656 2256 haeresi
1666 2229 1696 2255 in
1708 2229 1907 2264 episcopalem

1114 2264 1288 2292 cathedram
1304 2272 1320 2291 a
1335 2271 1366 2291 se
1381 2266 1536 2299 susceptos
1551 2271 1625 2291 esse.
1641 2264 1744 2297 Rejicit
1758 2264 1788 2291 in
1805 2265 1905 2293 eodem

1114 2307 1230 2337 canone
1254 2299 1436 2337 principium
1457 2299 1597 2337 Cypriani
1613 2302 1648 2337 _et
1673 2299 1843 2337 Firmiliani,
1858 2301 1906 2337 qui

1113 2336 1186 2364 nulli
1199 2342 1322 2372 prorsus
1338 2335 1476 2372 haeretica
1491 2338 1543 2372 aut
1557 2335 1748 2372 scliismatico
1762 2335 1905 2372 relinque-

1113 2371 1187 2399 bant
1202 2370 1382 2406 baptizandi
1405 2373 1457 2398 aut
1479 2370 1640 2398 ordinandi
1663 2370 1857 2406 potestatem;
1876 2374 1905 2400 ut

1111 2408 1164 2442 qui
1178 2415 1237 2434 non
1251 2409 1371 2440 possent
1384 2406 1512 2441 amplius
1522 2407 1655 2439 Spiritus
1668 2407 1767 2434 sancti
1776 2408 1902 2441 gratiam

1111 2443 1180 2470 aiiis
1193 2442 1334 2477 prwbere,
1352 2449 1370 2469 a
1385 2450 1445 2477 qua
1460 2442 1518 2476 ipsi
1532 2442 1717 2478 exciderant.
1738 2443 1768 2478 In
1781 2442 1903 2478 epistola

1109 2480 1210 2506 autem
1225 2479 1288 2508 240,
1305 2485 1373 2505 cum
1387 2477 1545 2504 denuntiat
1559 2477 1772 2513 Nicopolitanis
1787 2485 1824 2505 ne
1840 2478 1902 2513 quis

1108 2513 1321 2541 communione
1337 2513 1490 2540 Frontonis
1507 2516 1742 2548 praeoccupetur.
1761 2521 1837 2541 neve
1858 2522 1901 2541 ac-

1107 2551 1194 2585 cepta
1213 2548 1252 2576 ab
1271 2556 1306 2585 eo
1322 2556 1431 2585 manus
1453 2549 1654 2585 impositionc,
1669 2552 1776 2584 postea
1789 2549 1901 2577 reddita

1130 2583 1182 2613 a'ce
1203 2584 1264 2611 vim
1287 2584 1377 2611 faciat
1401 2586 1434 2611 ut
1457 2584 1487 2611 in
1509 2583 1588 2612 clero
1611 2583 1820 2616 recenseatur;
1836 2593 1899 2613 cum

1128 2628 1174 2653 oc,
1191 2620 1327 2655 inquam,
1345 2619 1512 2650 denuntiat,
1527 2619 1659 2647 declarat
1670 2619 1718 2647 illc
1731 2619 1853 2655 quidem
1870 2629 1898 2648 se

1105 2656 1162 2683 hac
1176 2655 1203 2682 in
1218 2663 1249 2682 rc
1269 2655 1306 2682 dc
1323 2663 1475 2683 canonum
1490 2655 1646 2682 severitate
1668 2655 1740 2682 nihil
1760 2656 1897 2683 remissu-

1104 2699 1191 2723 rum;
1209 2690 1261 2718 sed
1281 2693 1381 2718 tamen
1404 2698 1466 2718 non
1487 2690 1614 2718 obscure
1632 2691 1740 2718 fatetur
1753 2691 1897 2725 ejusmodi

1104 2727 1309 2754 ordinationes
1322 2726 1439 2754 validas
1452 2734 1527 2758 esse,
1544 2734 1579 2754 ac
1595 2725 1747 2755 interdum
1762 2726 1793 2754 in
1808 2727 1896 2755 Eccle~

1103 2762 1149 2792 sia
1160 2762 1245 2799 pacis
1260 2769 1354 2792 causa
1367 2763 1451 2791 ratas
1465 2761 1581 2791 haberi.
