2004 3145
83 124 130 166 924
511 177 516 184 .
553 145 793 173 EPISTOLARUM
814 145 954 175 CLASSIS
974 149 1008 176 Il.
1030 151 1135 180 EPIST.
1158 153 1294 182 CCXLIV.
1713 164 1764 190 922

82 203 176 238 ρήσεις
204 201 275 237 αὐτῷ
305 204 350 228 καὶ
385 205 414 229 τὸ
438 204 531 242 ἓτερον.
559 205 627 232 Ἀλλ’
654 205 690 238 εἷς
716 209 823 241 σκοπὸς,
853 209 871 233 ὡ

84 248 103 257 5',
130 256 148 257 γε
190 247 212 257 7‘
259 247 264 251 ⁵
310 251 333 257 νυ
382 249 394 257 ν
444 252 454 257 .-
625 255 635 257 ..
711 254 714 257 .
766 254 779 257 Α.
862 253 866 257 Α

943 213 1130 247 propositum
1140 223 1233 243 unum
1243 218 1296 248 est,
1306 225 1393 245 suum
1402 217 1541 253 ipsorum
1552 222 1765 257 compendium

83 248 159 278 ἔοικε,
186 247 216 273 τὸ
254 247 351 273 ἑαυτῶν
381 249 466 279 ζητεῖν
497 255 646 286 πανταχοῦ,
675 254 719 278 καὶ
743 254 813 288 φίλον
841 253 886 288 μὲν

84 291 209 326 ἡγεῖσθαι
238 293 282 318 τὸν
309 296 367 323 ταῖς
404 292 552 329 ἐπιθυμίαις
587 296 670 322 αὐτῶν
704 301 884 333 συνεργοῦντα,

84 335 206 372 πολέμιον
223 334 253 362 δὲ
267 339 371 374 κρίνειν,
388 340 432 364 καὶ
457 337 590 375 μηδεμιᾶς
609 341 667 367 κατ’
692 342 771 368 αὐτοῦ
795 340 886 368 διαϐο-

83 379 129 411 λῆς
156 379 306 416 φείδεσθαι,
326 383 369 408 τὸν
396 387 454 414 ταῖς
482 382 633 421 ἐπιθυμίαις
657 386 741 412 αὐτῶν
764 386 886 413 ἀνθιστά-

83 434 168 461 μῦον.

116 472 142 497 7.
161 469 224 496 Οἶαι
239 471 289 507 γὰρ
303 470 388 497 αὐτῶν
400 474 445 498 καὶ
460 473 488 498 αἱ
515 477 558 499 νῦν
574 475 641 501 κατὰ
661 479 710 506 τῆς
729 476 885 508 Ἐκκλησίας

81 513 246 550 οἱκονομίαι;
273 518 390 552 Φρικταὶ’
402 518 446 552 μὲν
463 515 510 543 διὰ
525 519 571 547 τὴν
592 523 641 545 τῶν
669 521 811 546 ποιούντων
827 522 886 557 (92)

80 557 209 593 εὐκολίαν,
226 558 329 585 ἐλεειναὶ
357 558 386 586 δὲ
410 559 456 586 διὰ
476 564 522 591 τὴν
547 567 597 588 τῶν
630 567 789 600 πασχόντων
811 565 884 591 ἀναι-

81 603 209 631 σθησίαν.
234 603 365 630 Εὐιππίου
390 606 474 639 τέκνα,
499 609 542 632 καὶ
569 607 698 634 Εὐιππίου
717 610 810 645 ἔκγονα
838 608 884 636 διὰ

77 646 219 683 πρεσϐείας
251 647 405 679 ἀξιοπίστου
444 649 471 676 ἐκ
503 656 549 682 τῆς
583 653 720 689 ὑπερορίας
751 653 882 690 μετακλη-

78 692 160 722 Θέντες
187 691 223 722 εἰς
251 695 298 721 τὴν
328 693 491 729 Σεϐάστειαν,
513 695 704 726 ἐπιστεύθησαν
730 700 774 723 τὸν
806 698 879 726 λαὸν.

76 736 227 773 Παρέλαϐον
246 739 276 764 τὸ
303 739 502 775 Θυσιαστὴριον,
535 742 605 776 ζύμη
630 740 743 776 ἐγένοντο
770 742 883 773 τῆςὶλιεῖ

77 780 249 812 Ἐκκλησίας.
287 783 353 820 Παρ’
380 783 414 808 ὧν
444 785 519 820 ἡμεῖς
549 787 593 821 μὲν
627 787 659 816 ὡς
691 787 882 823 ὁμοουσιαπαὶ

78 824 241 861 διωκόμεθα.
263 827 410 859 Εὔστάθιος
437 827 467 855 δὲ
494 830 506 855 ὁ
541 829 682 866 βαστάσας
719 831 774 867 (93)
799 833 823 858 ἑν
845 836 880 867 τῷ

943 255 1056 292 ubique
1071 266 1215 294 quaerere,
1231 263 1258 289 et
1276 262 1408 289 amicum
1423 263 1547 298 quidem
1559 255 1669 294 ducere
1684 274 1765 301 eum,

941 300 993 335 qui
1007 301 1143 337 ipsorum
1159 305 1372 341 cupiditatibus
1391 307 1592 338 obseeundat:
1609 310 1764 340 inimicum

940 351 1011 373 vero
1022 346 1168 384 judicare,
1187 357 1243 377 nec
1262 350 1312 377 ulli
1326 350 1356 378 in
1372 359 1441 378 eum
1458 352 1618 382 calumniae
1629 362 1762 391 parcere,

940 389 992 424 qui
1005 389 1140 426 ipsorum
1156 393 1371 430 cupiditatibus
1386 395 1512 425 obsistit.

975 480 1001 505 ’1.
1019 479 1126 511 Quales
1146 482 1226 510 enim
1241 485 1311 511 sunt
1323 483 1489 512 etiamnum
1504 484 1639 522 ipsorum
1658 490 1763 517 contra.

939 521 1103 552 Ecclesiam
1117 527 1314 556 ceconomiee?
1330 528 1488 557 Horrenda
1508 521 1630 565 quidem
1651 531 1691 560 ob
1711 540 1762 561 eo-

938 573 1016 601 rum,
1039 568 1092 603 qui
1117 568 1147 596 id
1173 569 1294 604 faciunt,
1322 572 1556 607 instabilitatem,
1581 575 1762 604 miserandae

938 617 1009 656 vero
1025 611 1065 638 ob
1078 620 1193 647 eorum,
1206 615 1258 650 qui
1272 616 1435 651 patiuntur,
1451 618 1665 653 stupiditatem.
1678 620 1764 656 Evip-

938 655 979 690 pii
995 656 1046 683 ﬁlii
1067 660 1095 685 et
1110 658 1225 694 Evippii
1239 663 1363 696 nepotes
1379 669 1434 697 per
1448 662 1627 696 legationem
1647 663 1704 692 ﬁde
1718 655 1763 693 di-

938 707 1030 733 gnam
1044 701 1082 728 ab
1097 705 1197 730 extera
1209 705 1331 738 regione
1343 706 1494 734 sccersisti
1507 709 1576 735 sunt
1585 707 1763 737 Sebastiam.

937 743 988 770 His
1014 745 1143 773 creditus
1160 749 1204 774 est
1229 749 1361 784 populus
1380 758 1385 777 :
1413 750 1496 786 potiti
1517 753 1586 779 sunt
1604 752 1762 789 altaribus,

938 788 1002 822 ejus
1014 797 1080 824 quae
1092 790 1151 818 illic
1170 794 1216 819 est
1230 792 1365 821 Ecclesiae
1381 793 1562 823 fermentum
1581 795 1651 824 facti
1675 801 1757 826 sunt.

937 832 970 860 Hi
981 840 1036 860 nos
1047 836 1193 870 tanquam
1204 836 1448 866 homoousiastas
1459 842 1694 876 persequuntur;
1708 842 1762 870 Eu-

78 871 167 907 χιίρτῃ
181 870 233 897 ἀπὸ
247 870 346 908 Ῥώμης
372 875 454 910 μέχρι
481 875 585 900 Τυείνων
614 877 642 901 τὸ
669 876 818 912 ὁμοούσιον,
839 876 874 902 οὗ·

937 877 1062 905 stbatius
1075 881 1185 912 autem,
1194 880 1245 915 qui
1256 881 1286 908 in
1293 881 1396 909 charta
1403 870 1658 912 consubstantiale
1667 870 1762 914 Roma

77 923 118 944 τος
130 918 176 940 νῦν
195 915 286 946 αὐτοῖς
304 915 487 954 ἁνακέκραται·
509 928 530 944 ει
549 921 594 945 καὶ
614 921 654 946 ὅτι
676 919 881 957 παραδεχθήναι

78 959 112 989 εἰς
134 961 183 988 τὴν
203 960 383 990 πολυπόθητον
399 961 482 988 αὐτῶν
509 966 643 990 κοινωνίαν
669 965 715 991 οὐκ
745 963 878 994 ἡδυνήοη’

77 1003 91 1032 ἢ
114 1003 279 1039 φοϐηθέντων
294 1007 323 1031 τὸ
352 1005 450 1037 πλῆθος
478 1011 527 1033 τῶν
544 1009 601 1034 κατ’
628 1008 707 1036 αὑτοῦ
739 1019 877 1046 συμφωνη-

77 1049 186 1081 σάντων,
203 1050 218 1079 ἦ
234 1048 404 1077 αἰδεσθέντων
416 1053 445 1077 τὸ
459 1051 621 1083 ἀξιόπιστον.
642 1056 712 1084 Τίνες
733 1056 783 1091 γὰρ
811 1053 878 1083 ἦσαν

75 1093 98 1119 οἱ
114 1093 317 1130 συνειλεγμένοι,
333 1098 378 1121 καί
393 1100 448 1127 πῶς
462 1098 507 1133 μὲν
535 1099 730 1134 χειροτονηθεὶς
756 1100 876 1134 ἕκαστος,

75 1137 125 1164 ἀπὸ
144 1141 224 1164 ποίου
245 1137 274 1165 δὲ
301 1139 346 1166 τοῦ
376 1140 404 1171 ἐξ
428 1140 516 1178 ἀρχῆς
529 1141 590 1178 βίου
624 1142 665 1169 ἐπὶ
679 1145 776 1173 ταύτην
808 1154 876 1181 παρ-

75 1182 135 1211 ῆλθε
147 1183 205 1218 (94)
231 1186 278 1212 τὴν
295 1182 450 1211 δυναστείαν
465 1190 520 1218 νῦν,
541 1186 590 1222 ἐγὼ
615 1189 660 1223 μὲν
675 1191 710 1224 μὴ
732 1198 794 1215 ποτε
809 1189 876 1215 οὕτω

75 1227 253 1264 σχολάσαιμι,
288 1229 355 1255 ὥστε
395 1231 440 1260 τὰς
480 1232 580 1257 ἐκείνων
615 1232 719 1269 πράξεις
746 1232 877 1269 ἐκδιηγεῖ-

75 1273 137 1298 σθαι
153 1274 223 1307 (95).
258 1272 373 1310 Ἐμαοον
402 1276 452 1312 γὰρ
484 1277 690 1313 προσεύχεσθαι
718 1276 806 1308 Ὀπως
845 1278 875 1304 ἂν

73 1319 109 1353 μὴ
133 1317 238 1354 λαλήσῃ
262 1320 291 1344 τὸ
326 1321 411 1355 στόμα
435 1329 484 1356 μου
506 1322 539 1346 τὰ
559 1322 622 1357 ἔργα
648 1326 696 1347 τῶν
724 1322 873 1359 ἀνθρώπων·

73 1362 150 1393 αὐτὸς
177 1361 206 1388 δὲ
228 1362 368 1399 ἐρευνήσας
396 1366 515 1402 μαθήσῃ·
545 1367 592 1392 κοῖν
625 1375 653 1393 σε
676 1365 803 1404 διαφύγῃ,
831 1369 874 1393 τὸν

71 1409 165 1444 κριτὴν
180 1408 280 1439 πάντως
295 1408 324 1435 οὐ
339 1408 457 1439 λήσεται.

108 1496 134 1522 8.
154 1494 188 1521 Ὃ
209 1497 297 1531 μέντοὶ
310 1498 425 1523 πέπονθα
447 1498 539 1531 πάθος,
557 1498 585 1524 οὐ
610 1501 810 1536 παραιτήσομαι
829 1510 875 1527 και

935 922 1054 956 'l‘yanos
1078 931 1172 959 usque
1198 925 1285 960 385
1308 926 1413 961 attulit,
1434 934 1515 955 nunc
1537 927 1594 955 illis
1613 929 1761 958 admistus

935 967 979 993 est
995 975 1001 993 :
1019 975 1197 1004 quanquam
1213 969 1330 997 admitti
1341 970 1371 997 in
1387 971 1609 1006 optatissimam
1622 972 1759 1008 ipsorum

934 1012 1181 1040 communionem
1210 1021 1272 1042 non
1292 1015 1399 1050 potuit,
1424 1016 1486 1043 sive
1500 1016 1583 1052 quod
1600 1018 1759 1046 metuerint

935 1055 1157 1084 multitudinem
1177 1065 1282 1085 eorum
1300 1059 1353 1096 qui
1377 1059 1520 1087 adversus
1535 1060 1618 1088 illum
1634 1069 1759 1090 consen-

933 1102 1043 1134 serant,
1057 1101 1118 1128 sive
1129 1102 1211 1136 quod
1225 1110 1329 1130 eorum
1340 1103 1457 1131 reveriti
1470 1104 1529 1132 sint
1539 1105 1757 1133 auctoritatem.

933 1143 1039 1176 Quales
1063 1145 1143 1172 enim
1164 1149 1264 1174 essent
1282 1149 1334 1182 qui
1356 1148 1529 1182 congregati
1545 1151 1623 1184 sunt,
1647 1151 1675 1177 et
1685 1158 1758 1186 quo-

931 1188 1023 1216 modo
1038 1197 1142 1217 eorum
1157 1190 1287 1226 quisque
1301 1191 1466 1226 ordinatus,
1477 1195 1504 1220 et
1517 1193 1625 1229 aquali
1643 1194 1759 1229 vitalab

930 1233 1015 1262 initio
1027 1234 1117 1262 ducta
1128 1235 1168 1262 ad
1179 1235 1259 1263 hunc
1268 1235 1458 1264 dominatum
1468 1238 1759 1274 pervenerit,precor

930 1277 1072 1313 equidem
1097 1286 1257 1314 nunquam
1273 1280 1347 1308 mihi
1372 1283 1489 1309 tantum
1508 1281 1559 1309 otii
1574 1282 1756 1318 contingere,

930 1324 962 1348 ut
977 1329 1024 1348 res
1041 1321 1160 1350 illorum
1173 1331 1320 1351 enarrem.
1335 1325 1427 1352 Didici
1443 1325 1523 1353 enim
1538 1326 1665 1361 precari,
1678 1327 1713 1355 Ut
1725 1334 1757 1355 os

930 1373 1026 1393 meum
1041 1374 1133 1401 opera
1146 1368 1299 1396 hominum
1310 1377 1370 1397 non
1383 1370 1526 1405 loquatur
1536 1370 1570 1398 οε.
1580 1371 1644 1406 Ipse
1654 1373 1756 1398 autem

929 1410 1005 1443 haec,
1035 1411 1058 1438 si
1078 1414 1225 1439 scrutatus
1244 1413 1344 1446 fueris,
1373 1413 1505 1447 edisces;
1523 1416 1550 1442 et
1562 1414 1585 1442 si
1597 1417 1625 1442 te
1638 1414 1753 1450 effuge-

929 1455 997 1488 rint,
1010 1455 1142 1491 prol‘eeto
1151 1457 1285 1491 judicem
1298 1465 1360 1485 non
1370 1458 1516 1486 latebunt.

966 1502 991 1528 8.
1005 1501 1069 1533 Quo
1086 1503 1186 1528 tamen
1203 1502 1310 1530 fuerim
1325 1503 1437 1536 animo,
1457 1511 1519 1530 non
1545 1503 1697 1538 gravabor
1723 1505 1752 1532 et

69 1542 136 1577 πρὸς
166 1543 215 1570 τὴν
241 1543 290 1570 σὴν
318 1541 424 1573 ἐξειπεῖν
454 1543 568 1579 ἀγάπην,
599 1545 639 1570 ὅτι
657 1545 874 1581 πέρυσιν,”ἁσθὶ.

933 1546 989 1571 tum
1005 1553 1154 1581 exponere
1166 1546 1316 1574 dilectioni
1334 1556 1339 1574 :
1353 1547 1495 1587 nimirum
1511 1555 1592 1575 anno
1604 1547 1752 1583 praeterito

68 1587 154 1616 νάσοις
183 1590 286 1622 πυρετῷ
309 1586 461 1623 λαϐροτάτῳ
490 1589 557 1623 (96),
573 1591 618 1614 καὶ
644 1588 754 1624 ἐγγίσας
781 1592 877 1627 μέχρις

72 1628 158 1655 αὐτῶν
185 1633 236 1655 τῶν
259 1630 345 1657 πυλῶν
372 1635 418 1658 τοῦ
447 1634 570 1668 θανάτου,
586 1631 642 1659 εἶτα
669 1635 719 1660 ὑπὸ
747 1638 795 1664 τῆς
827 1638 876 1660 τοῦ

72 1676 136 1700 Θεοῦ
181 1674 375 1712 φιλανθρωπίας
421 1676 582 1711 ἀνακληθεὶς,
622 1676 762 1715 δυσχερῶς
804 1678 876 1715 εἶχον

69 1720 138 1755 προς
164 1721 212 1748 τὴν
239 1719 376 1752 ὶπάνοδον,
405 1721 569 1758 λογιζόμενος
596 1722 631 1753 εἰς
661 1721 703 1748 οἷα
729 1723 806 1749 πάλιν
837 1725 876 1761 ἕρ-

72 1773 161 1799 χομαι
185 1765 265 1790 κακά·
295 1767 340 1791 καὶ
366 1767 426 1792 κατ’
453 1766 563 1802 ἐμαυτὸν
592 1766 728 1801 ἐσκόπουν,
760 1770 786 1794 τί
813 1776 876 1794 ποτε

75 1809 127 1844 ἄρα
158 1808 214 1834 ἐστὶ
236 1810 265 1834 τὸ
290 1808 313 1835 ἐν
346 1814 382 1845 τῷ
409 1810 486 1847 βάθει
519 1816 566 1842 τῆς
593 1815 684 1848 σοφίας
709 1811 873 1848 ἀποκείμενον

70 1856 117 1879 τοῦ
133 1856 211 1885 Θεοῦ,
229 1851 289 1879 δι’ὁ
316 1854 372 1890 ἐμοὶ
391 1855 467 1881 πάλιν
486 1861 533 1887 τῆς
559 1856 583 1882 ἒν
614 1859 692 1894 σαρκὶ
717 1857 784 1887 ζωῆς
812 1858 873 1892 ἡμέ-

71 1907 118 1934 ραι
137 1899 375 1935 συνεχωρήθησαν,
401 1899 508 1930 Ἐπειδὴ
532 1899 561 1927 δὲ
593 1902 670 1937 ἔγνων
698 1905 789 1935 ταῦτα,
821 1901 874 1928 ἐλο-

72 1944 202 1979 γισάμην,
219 1944 259 1969 ὃτι
283 1943 410 1973 ἐϐουλήθη
435 1946 505 1980 ἡμᾶς
529 1946 541 1971 ὁ
565 1947 659 1983 Κύριος
678 1944 742 1972 ἰδεῖν
771 1956 873 1972 παυσα-

72 1989 148 2022 μένοις
188 1990 234 2013 τοῦ
261 1987 341 2014 σάλού
369 1989 415 2019 τὰς
439 1988 603 2023 Ἐκκλησίας,
634 1990 660 2016 ὃν
688 1991 782 2016 ἔπαθον
821 1992 871 2027 πρὸ

71 2033 165 2057 τούτου
195 2033 237 2058 ἐπὶ
268 2036 304 2066 τῷ
331 2037 462 2069 χωρισμῷ
485 2037 535 2059 τῶν
564 2032 610 2060 διὰ
632 2037 678 2064 τὴν
714 2035 871 2072 περιπεπλα-

71 2078 168 2111 σμένην
194 2076 248 2110 (97)
269 2076 354 2107 αὐτοῖς
379 2080 525 2113 σεμνότητα
556 2080 640 2104 πάντα
667 2081 867 2115 πίστευομένων.

69 2119 102 2145 Ἦ
116 2122 162 2146 καὶ
176 2122 251 2156 τάχα
264 2125 377 2147 τονῶσαι
406 2131 455 2157 μου
481 2124 527 2151 τὴν
554 2117 647 2158 ψυχὴν
675 2126 720 2149 καὶ
738 2133 868 2152 νηπτικω-

68 2166 143 2202 τέραα
159 2166 225 2202 πρὸς
247 2174 277 2200 γε
291 2167 319 2191 τὸ
344 2165 432 2201 ἐφεξῆς
460 2168 655 2196 καταστῆσαιὸ
679 2169 774 2204 Κύριος
798 2168 868 2194 ἐϐου-

67 2208 146 2242 λήθη,
162 2210 197 2240 ὡς
226 2212 261 2245 μὴ
291 2212 432 2246 προσέχειν
457 2210 611 2248 ἀνθρώποις,
645 2211 708 2238 ἀλλά
739 2211 786 2238 διὰ
817 2217 903 2261 τῶνυ

66 2253 240 2289 tier/727426»):
269 2254 374 2281 ἐντολῶν
399 2257 614 2293 καταρτίζεσθαι,
640 2256 666 2282 αἳ
690 2259 747 2284 οὔτε
766 2261 868 2292 καιροῖς

67 2300 125 2324 οὔτε
152 2300 341 2336 περιστάσεσιν
380 2299 545 2336 ἀνθρωπίνων
574 2302 731 2337 πραγμάτων
768 2312 868 2338 συμμε-

65 2343 246 2379 ταϐάλλονται,
263 2343 319 2369 ἀλλ’
347 2345 374 2371 αἱ
398 2345 475 2371 αὑταὶ
504 2344 683 2382 διαμένουσιν,
704 2347 737 2377 ὡς
760 2349 867 2384 προηνέ-

65 2389 174 2424 χθησαν
197 2388 247 2414 ἀπὸ
276 2392 322 2415 τοῦ
349 2388 478 2425 ἀψευδοῦς
508 2393 553 2417 καὶ
571 2393 701 2428 μακαρίου
730 2393 865 2427 στόματος,

66 2433 133 2458 οὕτω
154 2431 369 2464 ὃιαιωνίζουσαι.

101 2487 126 2504 ⁵⁵
139 2486 221 2514 Psal.
237 2493 308 2521 xvx,
324 2489 352 2514 4.

99 2531 157 2565 (92)
176 2534 232 2557 Τῶν
253 2532 401 2560 ποιούντων.
419 2533 461 2560 Ita
476 2540 527 2560 sex
542 2540 616 2560 mss.
628 2533 701 2560 Editi
720 2537 770 2560 τῶν
785 2535 868 2560 τοιού-

63 2576 112 2592 των
117 2589 122 2594 .

98 2603 191 2640 (calo
214 2601 364 2640 βαστάσας.
389 2603 446 2632 Pro
469 2604 515 2632 his
538 2603 662 2640 vocibus
684 2612 751 2640 quas
767 2604 797 2632 in
814 2613 866 2633 sex

63 2638 220 2666 codicibus
239 2647 311 2666 mss.
325 2639 596 2674 leguntur,habent
611 2639 681 2667 editi
694 2638 864 2671 Ἑεϐαστείας,

63 2675 126 2714 Quo
138 2673 267 2714 quidem
287 2678 384 2714 errato
406 2673 475 2714 eum
501 2683 607 2714 sensus
621 2676 807 2714 _pertubatus
822 2685 866 2704 cs-

63 2712 116 2743 set,
136 2709 257 2748 librarii
287 2713 356 2745 post
374 2711 512 2747 ὁμοούσιον
538 2709 720 2739 addiderunt
744 2714 864 2748 κομίσας,

63 2745 146 2781 quod
162 2745 343 2774 delevimus.

97 2782 157 2816 (94)
173 2781 304 2816 Παρῆλθε.
322 2781 430 2816 Regius
453 2784 578 2816 uterque
598 2784 626 2810 et
648 2781 734 2810 Cois].
760 2789 865 2810 secun-

63 2815 120 2845 dus
137 2815 286 2853 παρελθών.
301 2815 414 2846 Ibidem
428 2821 473 2844 νῦν
483 2815 658 2849 addidimus
673 2825 710 2846 ex
726 2826 778 2847 sex
790 2826 864 2846 mss.

931 1597 998 1617 cum
1028 1593 1222 1625 {egrotassem
1249 1591 1330 1619 febre
1356 1592 1545 1627 gravissima,
1563 1594 1591 1620 et
1608 1591 1647 1620 ad
1667 1592 1752 1628 ipsas

931 1635 1035 1661 mortis
1051 1637 1152 1670 portas
1163 1636 1468 1672 appropinquassem,
1479 1644 1514 1664 ac
1524 1636 1633 1663 deinde
1644 1636 1740 1665 Deibe

930 1679 1073 1714 nignitate
1089 1688 1187 1707 essem
1204 1681 1323 1708 sanitati
1342 1681 1506 1715 restitutus,
1523 1688 1599 1716 aegre
1617 1680 1751 1709 ferebam

929 1724 1057 1751 reditum
1071 1727 1214 1760 reputans
1223 1733 1342 1753 mecum
1354 1726 1394 1753 ad
1408 1726 1510 1762 qualia
1517 1726 1646 1754 redirem
1655 1725 1750 1760 mala;

929 1771 1018 1803 atque
1034 1769 1116 1804 apud
1130 1777 1177 1796 me
1191 1769 1253 1805 ipse
1266 1770 1499 1798 considerabam
1516 1769 1663 1806 quidnam
1685 1771 1752 1798 tan-

928 1813 997 1840 dem
1013 1816 1089 1840 esset
1103 1813 1133 1840 in
1149 1813 1298 1849 profundo
1314 1815 1364 1842 Dei
1377 1814 1531 1850 sapientiae
1549 1813 1748 1848 reconditum,

928 1860 1050 1892 propter
1069 1858 1150 1894 quod
1172 1859 1245 1886 mihi
1263 1867 1366 1886 rursus
1388 1859 1451 1886 dies
1474 1858 1513 1886 ad
1533 1858 1697 1886 vivendum
1717 1858 1749 1885 in

928 1910 1016 1929 carne
1033 1902 1166 1929 concessi
1180 1903 1314 1930 fuissent.
1331 1903 1384 1930 Ubi
1405 1905 1505 1930 autem
1524 1903 1585 1930 haec
1608 1901 1748 1936 cognovi,

926 1946 1054 1973 voluisse
1072 1947 1231 1974 Dominum
1243 1947 1404 1974 arbitratus
1420 1955 1497 1979 sum,
1509 1949 1541 1974 ut
1554 1946 1688 1974 viderem
1697 1947 1747 1973 Ec-

926 1990 1030 2017 clesias
1043 1993 1219 2026 tempestate
1235 1991 1385 2026 liberatas,
1400 1999 1493 2028 quam
1513 1993 1601 2019 antea
1615 1990 1747 2027 pertule-

924 2036 992 2062 rant
1008 2043 1043 2062 ex
1057 2035 1245 2070 separatione
1265 2043 1379 2070 eorum,
1396 2036 1507 2072 quibus
1521 2035 1626 2064 omnia
1649 2035 1689 2062 ob
1711 2034 1746 2062 ﬁ-

924 2081 1003 2106 ctam
1018 2087 1121 2106 eorum
1138 2080 1312 2112 gravitatem
1328 2081 1537 2108 credebantur.
1547 2082 1603 2108 Aut
1617 2080 1747 2108 fortasse

924 2124 1013 2151 etiam
1028 2124 1169 2151 roborare
1183 2124 1319 2151 animum
1333 2133 1434 2151 meum
1451 2127 1479 2152 et
1489 2125 1594 2152 saltem
1605 2125 1634 2152 in
1648 2126 1747 2160 poste-

923 2176 991 2195 rum
1009 2168 1226 2201 vigilantiorem
1246 2169 1364 2196 efficere
1381 2169 1475 2196 voluit
1493 2169 1647 2203 Dominus,
1666 2170 1698 2196 ut
1707 2176 1747 2196 ne

923 2212 1099 2239 hominibus
1117 2212 1260 2247 attendat,
1276 2212 1329 2239 sed
1344 2220 1397 2248 per
1411 2213 1582 2247 evangelica
1596 2214 1747 2248 praecepta

924 2257 1194 2293 perficiaturzquae
1222 2266 1321 2293 neque
1343 2265 1412 2285 cum
1437 2258 1633 2293 temporibus,
1647 2264 1746 2293 neque

924 2310 992 2329 cum
1006 2302 1209 2329 humanarum
1221 2310 1321 2330 rerum
1335 2302 1567 2330 circumstantiis
1581 2302 1745 2330 immutan-

922 2348 979 2377 tur.
996 2347 1048 2373 sed
1063 2346 1169 2374 eadem
1186 2349 1375 2382 permanent,
1391 2349 1422 2375 ut
1437 2355 1455 2375 a
1478 2348 1577 2375 veraci
1603 2355 1639 2375 ac
1655 2347 1744 2376 beato

921 2399 972 2419 ore
988 2391 1105 2426 prolata
1120 2393 1199 2425 sunt,
1215 2392 1255 2419 ita
1267 2391 1499 2428 perseverantia.

958 2535 1012 2569 (05)
1038 2532 1246 2569 Ἑκὸιηγεῐσοαι.
1281 2536 1327 2570 ita.
1359 2534 1448 2569 lial‘l.,
1487 2534 1575 2562 Coisl.
1607 2535 1742 2570 uterque,

921 2571 991 2604 Reg.
1007 2568 1140 2605 uterque.
1160 2570 1233 2597 Editi
1245 2568 1470 2604 ἐκδιηγήσασθαι.
1486 2570 1599 2598 Ibidem
1615 2568 1746 2597 tres-ve-

921 2605 1062 2633 tutissimi
1089 2605 1207 2633 codices
1240 2607 1284 2636 τὰς
1317 2605 1416 2632 ἐκείνων
1450 2605 1565 2641 πράξεις.
1603 2605 1678 2633 Editi
1712 2606 1746 2631 τὰ

921 2651 960 2667 ex:
964 2652 1020 2667 ινων
1024 2662 1030 2667 .

957 2677 1025 2712 (96)
1044 2675 1206 2712 Δαϐροτάτῳ.
1238 2678 1280 2704 Ita
1305 2678 1363 2704 tres
1397 2675 1589 2712 vetustissimi
1613 2675 1744 2712 codices.

921 2709 1161 2748 Εᾱὶὶιβαρνέάτῳ.
1182 2709 1293 2739 Ibidem
1314 2712 1384 2739 editi
1400 2711 1505 2747 ἑγγισας
1522 2709 1630 2746 σχεδόν.
1643 2711 1744 2739 Melius

920 2747 1009 2779 Ilarl.,
1023 2747 1107 2778 mea,
1123 2755 1200 2782 quos
1216 2748 1307 2774 secuti
1323 2756 1438 2775 sumus.

957 2785 1013 2824 (97)
1039 2783 1294 2824 Περιπεπλασμένην.
1321 2783 1367 2811 Sic
1393 2790 1467 2811 mss.
1495 2783 1640 2824 quinque.
1668 2782 1744 2811 Editi

919 2818 1106 2854 κεπλασμένην.

1951 2983 1982 3009 .64
