2004 3145
84 124 136 152 929

83 186 238 223 χαιοκρίτης
263 183 373 220 ἄγγελον
400 184 501 217 Σατὰν,
532 183 625 215 ἱκανῶς
657 183 726 220 ἡμᾶς
757 190 882 208 κατακον-

85 228 239 264 δυλίζοντα,
255 231 300 255 καὶ
323 226 444 266 σφοδρῶς
466 228 511 264 μὲν
531 225 686 255 ἐκδικοῦντα
709 229 755 256 τὴν
771 227 880 263 αἰρεσιν·

83 276 166 312 μέχρι
178 275 307 300 τοσούτου
324 271 353 299 δὲ
367 274 409 299 τὸν
429 274 492 309 πρὸς
507 273 574 309 ἡμᾶς
588 271 749 308 ἐξαγαγόντα
762 270 882 307 πόλεμον,

83 320 152 346 ὥστε
164 316 235 356 μηὸὶ
255 318 363 355 αἳματος
378 318 520 354 φείσασθαι
541 321 590 343 τῶν
608 317 641 347 εἰς
659 319 728 351 ,Θεὸν
746 325 886 343 πεπιστευ-

82 366 175 390 κότων.
203 363 311 394 Πάντως
331 363 381 400 γὰρ
410 362 457 388 οὐκ
486 361 561 388 ἕλαθὲ
583 371 630 388 σου
652 363 699 391 τήν
715 360 886 397 ἀγάπην,,ὄτι

83 408 247 438 Ἀσκλὴπιός
260 417 311 440 τις,
326 405 372 433 διὰ
391 408 420 433 τὸ
435 408 470 443 μὴ
485 406 587 433 ελέσθαι
608 408 654 436 τὴν
675 407 739 443 πρὸς
753 407 797 431 τὸν
810 407 885 434 Amr):

82 454 230 486 κοινωνίαν,
246 454 405 488 τυπτόμενος
416 451 479 487 παρ’
495 450 580 477 αὐτῶν
600 453 658 482 ταῖς
673 450 785 486 πληγαῖς
799 449 886 476 ἕναπέ-

83 498 152 532 θειινε⁹
168 495 267 533 μᾶλλον
284 494 313 522 δε
324 493 372 521 διὰ.
381 499 430 521 τῶν
445 494 551 531 πληγῶν
565 494 599 526 εἰς
610 497 656 526 τὴς
671 495 740 525 ζωὴν
751 494 883 527 μετετέθη.

82 540 230 568 ’Διολουθοι
251 538 281 567 δί
307 539 392 576 ἕκείνῳ
416 540 502 566 πάντα
525 541 580 566 οἷον
600 540 720 575 γίνεσθαι
743 540 776 565 τὰ
795 538 883 564 λοιποί·

82 584 217 622 διωγμοὺς
232 583 413 623 πρεσϐυτέρων
434 586 479 610 καὶ
500 582 681 617 διδασκάλων,
701 584 735 610 τὰ
758 583 824 609 ἄλλα
836 583 886 609 ὃσα

81 629 269 658 ἆνπόιήσειαν
291 629 423 664 ἄνθρωποι
449 632 480 664 τῇ
509 627 537 654 ἐκ
561 632 607 659 τῆς
634 627 720 664 ἀρχῆς
744 625 886 662 δυναστείᾳ

81 676 148 712 πρὸς
165 676 195 700 τὸ
219 673 315 700 ἑαυτῶν
341 672 464 709 βούλημα
489 675 658 710 κεχρημένοι.
690 672 767 699 Ἀλλὰ
790 673 885 698 τούτων

82 721 126 755 μεν
141 720 190 748 τὴν
205 718 282 744 λύσιν
302 718 365 753 ἡμῖν
381 718 393 743 ό
411 718 505 754 Κύριος
523 721 583 748 ταῖς
599 726 657 747 σαις
682 716 774 752 εὐχαῖς
793 714 885 751 δώσει,

81 765 126 789 καὶ
145 765 195 792 τὴν
211 763 353 798 ὑπομονὴν·
376 761 443 788 ὣστε
458 761 595 798 βαστάσαι
609 762 677 798 ἡμᾶς
691 762 720 787 τὸ
741 759 821 797 βάρος
836 764 886 786 τῶν

82 811 237 844 πειρασμῶν
253 805 330 838 ἀξίως
345 810 394 837 τῆς
409 805 447 832 ἔπ’
461 806 539 832 αὐτόν
554 804 669 836 ἐλπίδος
687 805 763 835 αὐτὸς
778 803 808 831 δε
821 813 886 830 κατ-

82 851 156 883 αξίον
180 861 228 877 και
254 850 408 877 ἐπιστέλλειν
436 851 498 886 ἡμῖν
524 854 638 886 συνεχῶς
664 852 723 886 περὶ
744 853 793 875 τῶν
818 849 886 874 κατὰ

85 897 208 925 σεαυτόν.
234 894 287 922 Κᾶν
309 894 385 932 εὕρῃς
405 896 463 921 τινὰ
487 896 532 920 τὸν
557 898 654 924 πιστῶς
677 903 720 920 σοι
745 892 885 929 δυνάμενον

85 939 246 976 διακομίσαι
264 941 294 966 τὸ
309 940 418 968 πονηθὲν
442 939 505 975 ἡμῖν
528 938 640 975 βιϐλίον,
660 937 820 970 καταξὶωσον
844 946 887 974 με-

84 984 285 1018 ταστείλασθαι,
304 984 354 1019 ἵνα,
373 987 403 1019 τῇ
431 987 463 1019 σῇ
488 982 618 1020 ἐπικρίσει
638 982 822 1020 Θαρρήσαντες,
842 983 887 1007 καὶ

85 1029 121 1060 εἰς
142 1028 226 1055 ἄλλων
248 1032 344 1066 χεῖρας
368 1027 432 1053 αὐτὸ
470 1025 688 1064 διαπεμψώμεθα.
719 1026 886 1064 Ἐῤῥωμένος,

85 1075 195 1110 εὔθυμος
208 1076 244 1108 τῷ
261 1074 359 1110 Κυρίῳ,
374 1072 581 1108 ὑπερευχόμενος
591 1072 658 1107 (25),
672 1072 829 1108 χαρισθειης
842 1079 888 1106 μοι

84 1120 129 1144 καὶ
144 1122 177 1154 τῇ
202 1121 250 1144 τοῦ
267 1119 364 1154 Κυρίου
389 1116 533 1152 Ἐκκλησία
547 1117 642 1153 χάριτι
655 1120 701 1142 τοῦ
715 1115 804 1152 ’Δγίου
819 1115 886 1151 (26).

350 1173 515 1197 ΕΡΙΣΤΟΛΗ
535 1169 623 1198 ΣΜΘ’.

564 119 808 150 EPISTOLARUM
827 118 966 148 CLASSIS
985 119 1019 147 Il.
1039 118 1144 159 EPIST.
1166 117 1242 148 CCL.

1709 121 1761 149 930

941 180 1013 209 satis
1029 188 1180 217 superque
1199 182 1298 216 vexat,
1313 179 1513 217 hmresimque
1532 181 1639 210 acriter
1657 181 1762 210 defen-

940 225 992 259 dit,
1004 228 1032 253 et
1043 224 1155 253 bellum
1170 226 1200 254 in
1217 233 1273 254 nos
1295 233 1330 253 eo
1346 225 1494 261 perduxit,
1511 228 1543 254 ut
1561 234 1599 254 ne
1620 226 1762 261 sanguini

939 269 1062 305 quidem
1080 272 1185 306 parcat
1200 270 1385 298 credentium
1400 270 1430 298 in
1444 271 1548 298 Deum.
1564 272 1638 299 Nam
1657 270 1761 307 profe-

939 316 985 342 cto
998 314 1187 343 dilectionem
1203 317 1285 343 tuam
1300 322 1361 343 non
1374 314 1455 350 latet,
1470 315 1640 352 Asclepium
1656 323 1762 352 quem-

938 358 1021 393 dam,
1032 366 1068 387 eo
1083 358 1166 395 quod
1179 359 1426 388 communionem
1438 367 1508 386 cum
1520 360 1598 388 Doec
1611 359 1685 387 inire
1698 359 1763 387 nol-

937 403 986 437 let,
1001 403 1040 432 ab
1055 403 1112 431 illis
1127 403 1331 438 verberatum,
1355 411 1391 431 ex
1406 402 1504 439 plagis
1519 406 1673 432 mortuum
1686 411 1761 439 esse,

939 447 986 476 vel
998 447 1098 484 potius
1119 455 1173 484 per
1194 447 1301 484 plagas
1322 447 1363 476 ad
1377 447 1471 476 vitam
1494 455 1558 475 esse
1573 447 1761 476 translatum.

939 493 1146 520 Consentanea
1166 494 1268 520 autem
1289 492 1359 520 huic
1377 491 1501 520 facinori
1522 491 1637 528 reliqua
1659 492 1764 520 omnia.

938 544 1004 564 esse
1027 536 1174 570 existima,
1206 536 1430 572 persecutiones
1456 536 1700 572 presbyterorum
1728 544 1764 564 ac

939 580 1165 616 magistrorum,
1182 583 1210 609 et
1232 588 1433 617 quaecumque
1452 580 1511 608 alia
1530 580 1652 609 fecerint
1668 581 1763 609 homi-

939 633 992 653 nes
1013 625 1131 661 imperii
1152 625 1326 653 auctoritate
1351 624 1390 652 ad
1414 633 1503 652 suum
1527 625 1663 661 ipsorum
1684 625 1763 653 arbi-

939 669 1028 697 trium
1055 668 1223 697 abutentes.
1256 668 1313 697 Sed
1340 669 1451 696 horum
1472 668 1652 697 solutionem
1677 669 1765 697 nobis

939 712 1083 741 Dominus
1106 713 1248 748 precibus
1270 713 1329 741 tuis
1357 713 1442 741 dabit
1472 715 1500 740 et
1522 713 1707 749 patientiam,
1733 715 1766 741 ut

940 757 1137 786 tentationum
1152 757 1272 793 pondus
1294 757 1438 791 feramus,
1464 758 1504 786 ita
1526 760 1559 786 ut
1581 765 1635 794 spe
1651 758 1682 785 in
1699 757 1765 793 ipso

939 802 1072 838 reposita
1085 801 1212 837 dignum
1237 803 1292 830 est.
1310 804 1376 838 Ipse
1397 809 1469 830 vero
1495 802 1627 838 digneris
1652 802 1691 830 ad
1709 810 1766 830 nos

906 865 928 892 Β
941 847 1111 883 frequenter
1126 847 1255 875 scribere
1268 846 1307 874 de
1330 847 1422 875 rebus
1438 847 1507 875 tuis.
1526 850 1567 875 Ac
1589 847 1614 875 si
1632 847 1765 884 reperias

942 891 994 928 qui
1017 890 1144 919 ﬁdeliter
1166 891 1260 927 possit
1282 891 1322 920 ad
1347 893 1376 920 te
1400 891 1530 927 perferre
1545 891 1732 920 elaboratum
1747 900 1766 921 a

941 943 990 963 me
1002 935 1123 970 librum,
1139 943 1290 964 accersere
1314 943 1352 963 ne
1367 936 1509 971 graveris,
1530 938 1562 964 ut
1583 938 1635 964 tua
1658 944 1766 973 appro-

941 979 1063 1008 batione
1089 979 1206 1012 conﬁsi,
1232 980 1261 1007 in
1287 979 1415 1008 aliorum
1438 980 1529 1008 etiam
1550 988 1659 1008 manus
1681 981 1765 1009 illum

941 1024 1190 1052 transmittamus.
1209 1024 1327 1057 Valens,
1342 1024 1426 1052 laetus
1443 1025 1474 1052 in
1497 1024 1636 1060 Domino,
1659 1027 1687 1053 et
1701 1033 1765 1062 pre-

941 1077 1024 1105 cans,
1047 1069 1121 1097 mihi
1146 1071 1175 1097 et
1197 1069 1317 1098 Domini
1335 1069 1474 1098 Ecclesiae
1500 1070 1686 1106 concedaris,
1712 1077 1765 1106 per

943 1113 1042 1142 Sancti
1057 1113 1196 1148 gratiam.

1183 1168 1351 1196 EPISTOLA
1376 1167 1439 1196 CCX
1444 1168 1520 1196 LlX“.

89 1224 283 1254 Commendat
293 1224 422 1260 aliquem
437 1224 469 1252 in
480 1222 538 1252 hac
552 1222 679 1258 epistola
693 1222 836 1260 Basitius,
847 1229 934 1260 quem
950 1220 1067 1260 beatum
1082 1221 1234 1260 eaistimat
1245 1221 1327 1260 quod
1344 1222 1423 1260 hisce
1436 1221 1612 1250 tumultibus
1625 1221 1767 1251 liberetur

460 1262 488 1287 et
503 1259 670 1287 convictum
694 1265 760 1286 cum
781 1257 950 1287 hominibus
965 1257 1059 1284 Deum
1080 1257 1248 1285 timentibus
1263 1257 1394 1292 elegerit.

256 1313 455 1349 ’Δνεπίγραφος,
468 1311 508 1339 ἐπ’
522 1309 598 1350 ἀνδρὶ
610 1311 720 1338 εὖλαϐεῖ.

122 1369 267 1404 Συγχαίρω
281 1371 318 1402 τῷ
341 1365 443 1403 ἀδελφῷ
461 1364 540 1402 τῷδε,
562 1368 608 1392 καὶ
622 1369 672 1392 τῶν
686 1364 796 1391 ἐνταῦθα
810 1365 889 1402 θορύ-

1089 1311 1159 1338 Sine
1172 1310 1377 1344 inscriptione,
1391 1310 1452 1339 viri
1462 1311 1507 1346 pii
1516 1319 1614 1339 causa.

977 1363 1114 1392 Gratulor
1133 1363 1203 1391 huic
1223 1363 1316 1397 fratri,
1339 1363 1422 1399 quod
1441 1365 1470 1392 et
1491 1363 1574 1392 hisce
1590 1364 1700 1392 nostris
1723 1366 1768 1392 tu-

89 1412 138 1439 6ων
152 1397 390 1448 ἐπαλλασσομίνῳ,
414 1413 460 1437 καὶ
472 1413 519 1440 τὴν
537 1415 586 1440 σῆν
601 1410 733 1437 εὐλάϐειαν
757 1409 888 1445 καταλαμ-

944 1409 1088 1437 multibus
1103 1408 1254 1442 liberetur,
1277 1410 1306 1436 et
1320 1397 1462 1444 pietatem
1479 1411 1562 1436 tuam
1577 1409 1676 1437 adeat.
1691 1411 1767 1437 Nam

88 1457 202 1485 ϐάνοντι.
228 1457 340 1492 Ἀγαθὸν
363 1457 414 1493 γὰρ
439 1455 509 1491 αὐτῷ
527 1453 631 1491 ἕφόδιον
656 1456 720 1491 πρὸς
734 1455 778 1480 τὸν
799 1453 889 1490 ἰφεξῆς

88 1501 178 1532 αἰῶνα,
197 1502 242 1530 τὴν
264 1501 331 1536 μετὰ
346 1503 396 1526 τῶν
420 1499 582 1536 φοϐουμένων
601 1500 645 1525 τὸν
670 1499 764 1536 Κύριον
787 1497 888 1534 ἀγαθὴν

89 1543 424 1581 διαγωγήν,ἕξελέξατο,⁴ον
433 1546 477 1570 καὶ
487 1544 682 1580 παρατιθέμιοά
696 1552 744 1569 σου
758 1547 790 1579 τῇ
806 1544 889 1579 τιμιό-

88 1599 158 1624 run,
171 1591 218 1615 καὶ
231 1588 375 1626 παρακαλῶ
388 1587 406 1614 δ
409 1588 425 1614 ι’
439 1587 520 1614 αὐτοῦ
545 1589 673 1624 εὔχεσθαι
694 1588 819 1624 ύπὶρξτῆς
834 1586 888 1613 ἐλε-

89 1639 156 1665 εινῆς
170 1636 245 1670 ἡμῶν
265 1633 346 1668 ζωῆς,
369 1634 422 1668 ἶνα,
445 1633 582 1670 ῥυσθέντες
595 1636 645 1658 τῶν
660 1635 811 1669 πειρασμῶν
825 1632 888 1657 τού-

87 1687 147 1712 των,
160 1677 300 1715 ἀρξώμεθα
310 1678 367 1714 (27)
382 1675 513 1704 δουλεύειν
527 1681 563 1713 τῷ
580 1678 665 1713 Κυρίῳ
679 1677 749 1702 κατὰ
759 1677 789 1703 τὸ
804 1675 887 1712 Εὐαγ-

88 1722 183 1759 γέλων.

357 1777 520 1802 ΕΡΙΣΤΟΛΗ
540 1774 597 1802 ΣΝ.

943 1454 1057 1482 bonum
1079 1452 1136 1480 sibi
1160 1453 1303 1480 viaticum
1319 1452 1358 1480 ad
1373 1452 1504 1481 futuram
1525 1453 1627 1487 vitam,
1650 1453 1766 1482 bonum

942 1506 1011 1526 cum
1027 1496 1202 1526 hominibus
1218 1497 1379 1524 Dominum
1395 1497 1570 1525 timentibus
1585 1497 1766 1533 convictum,

942 1543 1040 1577 elegit.
1056 1543 1150 1575 Quem
1165 1544 1193 1569 et
1212 1543 1271 1569 tute
1290 1541 1428 1576 dignitati
1442 1542 1634 1576 commendo,
1660 1544 1688 1571 et
1711 1542 1766 1570 ad-

941 1588 1045 1616 hortor
1059 1594 1113 1623 per
1131 1594 1212 1619 eum,
1235 1587 1268 1613 ut
1289 1585 1420 1622 preceris
1442 1594 1497 1622 pro
1519 1594 1586 1615 mea
1601 1586 1767 1615 miserabili

941 1632 1013 1665 vita,
1041 1633 1074 1659 ut
1086 1630 1229 1658 liberatus
1247 1629 1287 1658 ab
1310 1630 1357 1658 his
1377 1630 1602 1666 tentationibus,
1624 1631 1766 1669 incipiam

942 1676 1055 1704 servire
1066 1675 1194 1704 Domino
1208 1675 1375 1703 secundum
1386 1675 1594 1711 Evangelium.

1151 1774 1240 1811 385
1260 1775 1428 1803 EPISTOLA
1447 1775 1545 1805 CCL“.

88 1839 211 1869 Gratias
223 1839 289 1874 agit
302 1837 476 1872 Patrophito
485 1836 725 1874 Βαεῖιίιιθᾳιιοά
738 1836 780 1865 ad
793 1844 824 1865 se
834 1843 890 1874 per
898 1837 1081 1874 Strategium
1095 1837 1258 1872 scripserit,
1271 1839 1298 1864 et
1317 1844 1337 1864 a
1351 1844 1381 1864 se
1395 1837 1548 1874 diligendo
1560 1844 1621 1865 non
1636 1837 1768 1868 discedat

409 1874 565 1901 Rationem
585 1873 683 1901 reddit
699 1880 754 1901 cur
768 1880 835 1901 cum
851 1873 1012 1901 Eustathio
1027 1873 1247 1901 communicare
1264 1880 1323 1900 non
1342 1872 1445 1906 possit.

142 1927 309 1965 Πατροφίλῳ,
321 1926 455 1963 ἓπισκόπῳ
465 1931 513 1957 τῆς
525 1925 549 1952 ἓν
561 1926 663 1962 Λὶγεαῖς
680 1925 836 1957 Ἐχκλησίας

126 1981 192 2017 ’0ψέ
215 1982 261 2018 μεν
286 1980 414 2016 ἐδεξάμην
433 1981 480 2011 τὰς
509 1980 553 2006 ἐπὶ
581 1983 636 2010 τοῖς
655 1981 786 2017 προτέροις
806 1979 890 2017 γράμ-

1018 1926 1199 1962 Ραινορήἱιο,
1215 1926 1376 1962 Ᾱθεεηείε
1389 1925 1533 1955 Ecclesia:
1548 1927 1694 1962 episcopo.

982 1982 1053 2010 Sero
1074 1980 1198 2017 quidem
1221 1980 1323 2016 accepi
1348 1982 1399 2008 tua
1420 1980 1570 2016 prioribus
1598 1980 1703 2009 litteris
1721 1989 1768 2009 re-

88 2035 172 2063 μασιν
199 2025 362 2062 ἀποκρίσεις·
387 2023 517 2061 ἐδεξάμην
545 2022 570 2050 δ’
598 2022 641 2050 οὖν
665 2024 733 2060 ὅμως
766 2022 812 2050 διὰ
845 2027 888 2050 τοῦ

947 2032 1075 2061 sponsa;
1094 2025 1147 2053 sed
1159 2027 1260 2053 tamen
1275 2024 1378 2061 accepi
1388 2032 1441 2061 per
1451 2025 1674 2061 optatissimum
1687 2027 1770 2055 Stra-

88 2072 276 2098 ποθεινοτάτου
291 2072 462 2108 Στρατηγίου,
478 2071 523 2096 καὶ
537 2069 723 2106 ιῦχαρίστησα
734 2073 771 2105 τῷ
792 2071 890 2106 Κυρίῳ.

89 2117 132 2143 ὃτι
145 2114 278 2151 διαμένεις
292 2115 305 2141 ὁ
325 2115 401 2145 αὐτὸς
417 2114 441 2140 ἐν
466 2118 498 2151 τῇ
519 2115 582 2150 πρὸς
602 2115 669 2150 ἡμᾶς
692 2113 792 2150 ἀγάπῃ.
815 2113 846 2140 ’Δ
863 2112 893 2139 δί

88 2164 134 2187 νῦν
150 2159 320 2191 κατηξίωσας
333 2162 392 2195 περὶ
406 2163 455 2190 τῆς
480 2158 560 2188 αὐτῆς
574 2159 720 2188 ὑποθέσεως
735 2157 891 2184 ἐπιστεῖλαι.

91 2203 228 2236 ἀπόδειξιν
255 2205 312 2240 ἔχει
337 2208 386 2234 τῆς
414 2203 516 2239 ἀγαθῆς
552 2212 600 2229 σου
633 2204 819 2239 προαιρέσεως
853 2202 894 2228 ὅτι

91 2253 192 2287 φρονεῖς
215 2250 248 2275 τὰ
271 2247 373 2282 δέοντα,
400 2250 445 2274 καὶ
476 2246 660 2283 συμϐουλεύεις
690 2248 752 2283 ἡμῖν
763 2248 796 2273 τὰ
820 2246 894 2272 λυσι-

91 2293 151 2323 τελῆ
170 2314 177 2321 .
218 2293 289 2322 Πλὴν
330 2292 384 2318 ἀλλ’
419 2291 510 2321 ὶπειδὴ
544 2291 621 2318 πάλιν
649 2292 700 2329 ὁρῶ
735 2292 893 2328 μακρότερον

91 2347 139 2373 μοι
158 2338 217 2373 (28)
255 2339 298 2363 τόν
331 2336 405 2372 λόγον
445 2339 587 2372 γινόμενον,
621 2335 644 2362 εἰ
675 2335 793 2372 μελλοιμι
828 2337 894 2371 πρὸς

92 2382 204 2408 ἕκαστον
232 2385 284 2408 τῶν
310 2380 502 2417 ἐπεσταλμένων
529 2381 601 2418 παρὰ
627 2384 674 2411 τῆς
696 2384 745 2411 σῆς
770 2381 894 2410 συνέσεως

128 2516 185 2551 (25)
204 2514 439 2551 'Yirzpzuxépmg.
452 2513 560 2551 Codex_
573 2513 823 2551 Claromontanus
842 2513 894 2551 ad-

92 2549 138 2579 dit
148 2552 234 2586 ἡμῶν,
249 2549 334 2586 quod
350 2549 412 2578 non
432 2550 541 2584 legitur
553 2549 736 2586 in_Medicseo
755 2551 783 2578 et
803 2549 891 2577 Coisl.

113 2584 201 2619 rimo,
213 2584 270 2614 nec
283 2585 488 2613 necessarium
498 2587 552 2613 est.
563 2584 641 2613 Alios
652 2585 682 2612 in
692 2585 772 2612 hanc
784 2585 893 2621 episto-

91 2594 153 2649 ﬁsm
164 2620 285 2649 codices
299 2628 360 2649 non
374 2620 540 2649 habuimus
552 2622 658 2649 praeter
668 2623 727 2648 tres
737 2620 804 2648 illos
814 2628 893 2649 auos

103 2630 153 2662 em
164 2620 285 2662 codices
299 2628 360 2649 non
374 2620 540 2649 habuimus
551 2622 658 2656 praeter
668 2623 727 2648 tres
737 2620 893 2656 illos'quos

92 2660 262 2686 citavimus.

103 2695 186 2734 “(26)
197 2693 295 2730 Χάριτι
308 2695 355 2719 τοῦ
367 2691 466 2728 Ἁγίου,
479 2692 547 2719 Haec
558 2690 668 2719 desunt
676 2690 707 2719 in
717 2690 821 2719 codice
834 2690 892 2719 Me-

93 2728 198 2801 ὼῗῗιῗ
207 2763 370 2801 ¹Δρξώμεθα.
386 2761 430 2792 lta
444 2762 532 2792 Coisl.
543 2763 679 2798 uterque,
698 2761 760 2791 Med
774 2763 803 2791 et
817 2760 890 2798 Reg.

946 2070 1068 2106 tegium,
1092 2071 1120 2098 et
1134 2070 1246 2104 gratias
1263 2069 1310 2104 egi
1324 2070 1462 2105 Domino,
1481 2070 1565 2106 quod
1581 2070 1660 2098 idem
1678 2071 1710 2099 in
1726 2071 1770 2099 di-

944 2114 1070 2142 lectione
1085 2121 1155 2149 erga
1177 2121 1233 2142 nos
1257 2121 1446 2149 permaneas.
1476 2115 1546 2147 Quae
1570 2117 1670 2143 autem
1688 2124 1770 2144 nunc

945 2159 1089 2193 dignatus
1111 2166 1143 2186 es
1161 2158 1199 2186 de
1220 2158 1327 2186 eodem
1352 2161 1531 2193 argumento
1559 2159 1698 2193 scribere,
1720 2161 1770 2188 de-

946 2203 1195 2232 monstrationem
1207 2202 1418 2230 habcntbonie
1433 2205 1490 2230 tute
1505 2202 1680 2236 voluntatis;
1699 2212 1769 2233 cum

947 2247 1059 2276 sentias
1073 2255 1108 2276 ea
1118 2255 1186 2284 quate
1201 2247 1308 2275 decent
1323 2249 1350 2275 et
1366 2247 1494 2274 suadeas
1509 2247 1596 2275 nobis
1607 2248 1700 2276 utilia.
1712 2249 1769 2277 Sed

946 2294 1048 2320 tamen
1057 2292 1129 2328 quia
1141 2300 1245 2320 rursus
1259 2291 1347 2319 video
1368 2291 1537 2326 longiorem
1560 2291 1635 2320 mihi
1659 2301 1770 2321 sermo-

945 2344 1017 2364 nem
1042 2336 1187 2370 i'uturum,
1209 2336 1233 2363 si
1258 2335 1348 2364 velim
1371 2335 1534 2372 unicuique
1561 2343 1677 2371 eorum,
1700 2345 1769 2374 quae

946 2381 1058 2417 scripta
1070 2383 1141 2409 sunt
1166 2389 1184 2409 θ.
1206 2382 1258 2409 tua
1281 2379 1452 2416 prudentia,
1481 2381 1680 2417 respondere:
1703 2384 1771 2410 tan-

947 2512 1108 2541 secundus.
1128 2512 1205 2541 Editi
1219 2511 1360 2549 ἆξιὼμεθα,
1375 2515 1408 2541 ut
1423 2513 1533 2549 dignus
1552 2514 1624 2548 ﬁam
1647 2513 1700 2548 qui
1713 2511 1770 2540 Do-

945 2550 1027 2585 mino
1042 2549 1182 2578 serviam.
1196 2548 1287 2577 Deest
1295 2549 1360 2577 haec
1380 2548 1506 2585 epistbla
1522 2549 1554 2577 in
1576 2548 1679 2576 codice
1699 2548 1770 2575 Har-

944 2584 1224 2661 Ιῗᾶιέῗῆίαδερότερόν
1243 2627 1300 2656 μοι.
1320 2620 1390 2648 Tres
1410 2619 1530 2648 codices
1549 2626 1611 2648 non
1627 2617 1769 2654 antiquis-

947 2663 1017 2683 sum
1031 2664 1130 2717 T1190?
1145 2664 1200 2690 μοι,
1357 2690 1362 2696 _

980 2690 1590 2738 LA.1?}.QQWJ‘E:_§35193E_‘P£9.37°'

1022 2725 1102 2754 Alias
1115 2726 1235 2755 LXXXV.
1255 2725 1460 2763 Scripta-anno
1474 2727 1536 2754 376.
