2004 3145
87 118 142 146 949

562 115 805 145 EPISTOLARUM
823 114 966 144 CLASSIS
986 115 1023 145 Π.
1041 117 1149 145 EPIST.
1170 115 1310 145 CCLVIII.

1718 120 1774 149 950

88 188 171 215 ματι⁹
205 177 374 214 ἕπιτιίνομεν,
415 179 460 204 καὶ
492 179 517 204 οἱ
554 177 579 205 ἂν
620 181 672 208 τοῖς
707 177 892 215 καιριωτάτοις

948 178 1115 214 tendimus;
1129 180 1158 209 et
1171 179 1224 216 qui
1237 179 1269 207 in
1289 178 1452 216 praecipuis
1471 178 1623 215 capitibus
1636 179 1714 210 inter
1739 189 1773 210 se

88 225 198 260 ἕχοντες
223 225 374 259 συμφωνίαν
401 224 437 249 ivi
462 225 493 259 γέ
515 232 567 249 τινι
590 223 691 253 πάντως
718 221 892 251 διεστήκασιν

88 268 135 294 ἀπ’
155 267 284 297 ἀλλήλων.
301 271 357 298 Πῶς
382 265 426 294 οὖν
451 269 487 304 μὴ
505 268 673 304 θαυμάσομεν
695 269 738 294 τὸν
762 266 787 293 ἓν
801 268 892 293 τοιού-

87 322 143 343 τοις
162 314 303 350 πράγμασι
330 313 448 349 καθαρὰν
476 314 521 338 καὶ
548 311 646 339 ἄδολον
671 314 718 342 τὴν
743 313 809 349 πρὸς
832 312 893 342 τοὺς

88 357 203 387 πλησίον
238 357 343 393 ἀγάπην
369 355 587 394 ἐπιδεικνύμενον,
613 359 658 384 καὶ
684 355 732 384 διὰ
760 357 892 388 τοσαύτης

90 402 232 433 θαλάσσης
244 404 291 429 καὶ
317 403 436 440 ἠπείρου,
461 405 506 432 τῆς
528 404 699 440 χωριζούσης
722 403 789 439 ἡμᾶς
805 412 892 438 σωμα-

89 451 180 481 τικῶς,
207 448 256 476 τὴν
276 444 450 484 ἱνδεχομίνην
465 445 609 484 ἰπιμέλειαν
623 450 682 477 ταῖς
696 446 800 483 ψυχαῖς
817 447 891 483 ἡμῶν

89 491 268 528 χαριζόμενον
277 499 286 525 ;

123 538 153 564 2.
174 536 330 570 Ἐθαύμασα
349 534 379 562 δί
406 545 454 562 σου
473 534 586 570 κᾶκιῖνο,
615 536 656 563 ὃτι
672 537 716 562 κα).
743 536 790 565 τὴν
816 535 841 562 ἓν
855 539 892 572 τῷ

90 580 212 608 Ἐλαιῶνι
239 584 291 607 τῶν
321 578 437 617 instiga»
474 579 616 607 διάστασιν
639 580 762 618 λυπηρῶς
799 578 890 617 ἐδέξω,

88 628 136 652 καὶ
169 624 261 662 βούλιι
293 626 353 652 τινὰ.
391 624 478 656 αὐτοῖς
509 625 629 661 γενέσθαι
660 626 726 662 πρὸς
765 624 891 656 ἀλλήλους

89 669 288 707 σνμϐιϐασμὸν.
316 672 368 696 Καὶ
398 670 438 696 ὅτι
471 679 501 696 σι
537 668 600 696 οὐδὲ
635 671 669 697 τὰ
704 670 892 708 παρενριθίντα

87 715 140 742 ὑπὸ
168 719 257 750 τινῶν,
291 716 337 741 καὶ
366 715 489 751 ταραχὰς
516 713 698 750 ὗμποιήσαντα
721 719 753 751 τῇ
784 713 892 751 ἀδιλφό-

87 768 162 794 run,
178 758 323 796 παρίλαθεν
341 759 411 794 (99),
434 758 498 785 ἀλλά
519 760 564 785 καὶ
588 760 636 788 τὴν
655 758 698 785 ἐπὶ
724 759 827 790 τούτοῖς
847 761 891 796 μέ-

88 813 185 841 ριμναν
219 802 340 835 ἀνεδέξω,
381 805 427 830 καὶ
461 806 544 830 ταῦτα
582 801 759 840 ὰπεδιξάμην.
796 803 892 831 Ἐκεῖνο

91 846 122 875 1‘:
146 847 236 875 οὐκέτι
261 851 310 879 τῆς
336 851 384 879 σῆς
412 847 521 884 ἓνόμισα
539 845 604 874 σῖναι
623 850 748 878 συνέσεως
762 848 845 882 ἄξιον,
861 850 891 876 τὸ
906 856 927 884 Β

89 894 154 929 ἡμῖν
183 894 230 922 τὴν
257 894 317 929 περ),
342 896 393 918 τῶν
421 892 580 922 τηλικούτων
614 890 757 929 διόρθωσιν
789 891 892 931 ἔπιτρέ-

88 947 158 972 πεῑν,
186 937 333 974 ἀνθρώποις
360 938 420 964 οὔτε
446 937 542 974 χάριτι
576 939 643 963 Θεοῦ
671 936 815 974 ἀγομένοις,
845 936 893 965 διὰ

87 984 119 1009 τό
147 982 292 1019 ἁμαρτίαις
328 981 424 1018 συζῇν,
451 983 511 1008 οὔτε
548 983 608 1009 τινὰ
638 984 806 1019 κεκτημένοις
831 985 892 1019 περὶ

87 1028 152 1057 τοὺς
173 1027 264 1064 λόγους
293 1024 416 1063 δύναμιν,
434 1024 481 1053 διὰ
503 1028 533 1053 τὸ
551 1031 602 1052 τῶν
688 1029 806 1064 ματαίων
822 1027 890 1063 ἀγα-

88 1075 181 1102 πητῶς
203 1071 243 1106 (1)
272 1070 428 1107 ἀποστῆναι,
452 1075 501 1097 τῶν
524 1069 553 1097 δὲ
577 1075 626 1102 τῆς
651 1070 771 1102 ἀληθείας
791 1070 892 1108 δογμά-

88 1125 139 1142 των
172 1118 254 1151 μήπω
281 1117 328 1144 τήν
361 1117 549 1152 προσήκουσαν
574 1115 627 1147 ἕξιν
660 1115 804 1143 ἀναλαϐιῖν.
828 1117 891 1144 Ἐπ-

89 1160 240 1197 ιστείλαμεν
262 1159 308 1186 οὖν
336 1158 390 1190 ἤδη
415 1163 470 1191 τοῖς
494 1159 641 1196 ἀγαπητοῖς
664 1159 785 1197 ἀδελφοῖς
805 1162 890 1198 ἡμῶν,

88 1208 142 1235 τοῖς
163 1204 234 1231 κατᾶ
256 1206 301 1231 τὸν
316 1204 452 1239 Ἐλαιῶνα,
478 1203 619 1241 Παλλαδίῳ
645 1209 681 1241 τῷ
707 1207 823 1243 ἡμετέρῳ
848 1208 892 1233 καὶ

90 1250 248 1285 Ίννοκεντίῳ
263 1250 303 1285 (2)
318 1254 355 1285 τῷ
375 1249 478 1286 Ὶταλῷ,
504 1251 571 1287 πρὸς
587 1251 622 1276 τὰ
635 1250 697 1287 παρ’
717 1249 802 1277 αὐτῶν
827 1252 891 1287 ἡμῖν

90 1294 285 1331 ἐπεσταλμένον
313 1295 354 1321 ὅτι
371 1293 446 1321 οὐδὲν
474 1293 609 1331 δυνάμεθα
630 1298 662 1331 τῇ
685 1296 753 1322 κατὰ
778 1297 891 1322 Νίκαιαν

89 1342 180 1366 πίστει
220 1340 390 1377 προστιθέναι
431 1340 516 1376 ἡμεῖς,
547 1337 610 1366 add":
644 1341 674 1366 τὸ
709 1339 891 1376 βραχύτατον,

89 1383 156 1414 πλὴν
183 1387 232 1415 τῆς
260 1384 295 1415 εἰς
317 1385 346 1410 τὸ
375 1388 480 1421 Πνεῦμα
500 1385 530 1410 τὸ
559 1384 634 1420 ἅγιον
660 1383 820 1421 ὃοξολογίας,
846 1382 893 1412 διὰ

89 1430 118 1455 τὸ
149 1428 175 1455 ἐν
209 1427 369 1466 παραδρομῇ
395 1430 456 1460 τοὺς
483 1431 596 1466 πατέρας
624 1430 697 1465 ἡμῶν
724 1431 818 1456 τούτου
845 1433 892 1456 τοῦ

89 1475 184 1510 μέρους
215 1473 410 1510 ἐπιμνησθῆναι
424 1484 431 1490 ·
457 1474 530 1500 οὔπω
557 1477 604 1499 τοῦ
630 1474 688 1500 κατ’
717 1474 781 1500 αὐτὸ
806 1474 893 1504 ζητή-

87 1528 168 1554 ματος
195 1520 255 1544 τότε
281 1520 459 1562 κεκινημένου.
478 1519 517 1545 Τὰ
548 1516 578 1545 δὴ
600 1520 826 1556 προσυφαινόμινα
853 1519 891 1555 (3)
907 1534 928 1562 C

89 1567 120 1599 ’ᾖ
155 1565 248 1589 πίστει
277 1562 361 1599 ἐκείνῃ
390 1561 514 1599 δόγματα
541 1566 602 1600 περὶ
631 1566 677 1594 τῆς
708 1566 754 1590 τοῦ
793 1565 891 1601 Κυρίου

89 1607 321 1645 ἑνανθρωπήσιως,
349 1609 382 1638 ὡς
419 1606 553 1644 βαθύτερα
580 1612 628 1639 τῆς
652 1609 778 1644 ἡμετέρας
813 1617 892 1634 κατα.

89 1651 198 1687 λήψεως,
238 1653 298 1678 οὔτε
339 1652 539 1688 ἑϐασανίσαμεν,
576 1654 635 1678 οὔτε
666 1650 865 1689 παρεδεξάμεοα
880 1659 887 1667 ·

90 1695 200 1731 εἰδότες,
230 1697 281 1733 ὅτι,
315 1695 422 1724 ἐπειδὰν
456 1699 503 1726 τὴν
532 1696 667 1726 ἁπλότητα
700 1701 749 1728 τῆς
777 1700 892 1728 πίστεως

90 1741 160 1773 ἇπαξ
185 1744 411 1779 παρακινήσομεν,
442 1743 500 1769 οὔτι
525 1751 552 1768 τι
586 1742 625 1778 (4)
655 1743 736 1780 πέρας
767 1745 818 1768 τῶν
845 1741 891 1768 λό-

945 224 1146 258 consentiunt,
1160 224 1192 253 in
1207 231 1269 252 una
1283 223 1387 260 aliqua
1398 231 1430 252 re
1448 230 1573 260 prorsus
1589 224 1629 252 ab
1646 232 1678 254 se
1692 225 1772 254 invi-

946 275 1012 296 cem
1026 268 1179 297 dissident.
1193 268 1352 302 Quomodo
1364 268 1455 304 igitur
1473 275 1544 297 eum
1558 276 1622 297 non
1638 269 1773 299 admire~

945 319 1024 346 mur,
1039 312 1092 349 qui
1109 313 1140 341 in
1155 313 1206 341 tali
1217 320 1317 341 rerum
1334 314 1414 341 statu
1436 320 1547 348 purum
1571 320 1606 341 ac
1619 313 1772 343 sincerum

946 364 1016 392 erga.
1029 357 1135 386 fratres
1148 365 1283 386 amorem
1294 357 1434 391 ostendit,
1448 359 1477 385 et
1491 365 1528 386 ex
1542 359 1624 386 tanto
1637 358 1730 387 maris
1743 361 1773 388 et

945 403 1040 436 terrm,
1049 402 1160 439 quibus
1168 409 1294 438 corpore
1304 402 1492 438 sejungimur
1500 402 1668 438 intervallo,
1674 411 1772 440 quan-

945 449 1010 475 tum
1022 447 1054 475 in
1066 455 1097 476 se
1110 449 1166 483 est,
1181 447 1354 476 animarum
1367 448 1542 475 nostrarum
1554 454 1660 477 curam
1675 448 1768 477 susci-

945 491 990 529 pit
997 492 1012 520 ?

981 539 1008 565 2.
1024 537 1100 565 Illud
1114 537 1216 566 autem
1229 536 1321 565 etiam
1339 536 1371 565 in
1383 537 1411 564 te
1425 536 1553 565 miratus
1563 537 1734 574 sum,quod
1742 539 1773 567 et

945 579 1084 616 fratrum,
1102 581 1155 618 qui
1169 581 1201 609 in
1219 581 1338 609 Elaeone
1354 582 1434 615 sunt,
1453 581 1579 610 moleste
1593 581 1695 610 tuleris
1709 581 1773 610 dis-

947 625 1131 660 sensionem,
1150 625 1285 662 velisque
1304 625 1440 662 aliquam
1455 625 1532 662 ipsis
1555 625 1621 654 ﬁeri
1645 626 1723 655 inter
1739 633 1773 654 se

946 669 1196 698 conciliationem.
1211 669 1297 703 Quod
1309 672 1410 698 autem
1425 671 1453 698 te
1467 677 1530 698 non
1541 670 1694 699 latuerimt
1702 677 1772 707 quas

945 722 965 742 a
978 713 1132 742 nonnullis
1142 714 1223 742 male
1236 714 1529 749 excogitata,fratres
1541 714 1773 750 conturbatum,

945 767 982 787 ac
1000 759 1038 786 de
1052 759 1100 788 his
1121 767 1245 796 quoque
1264 759 1497 788 sollicitudinem
1520 759 1692 796 suscepisti,
1706 759 1774 788 haec

946 803 1035 832 etiam
1050 804 1124 831 mihi
1137 803 1266 840 probata
1283 805 1364 832 sunt.
1380 803 1455 832 illud
1473 811 1546 832 vero
1558 811 1621 833 non
1639 804 1706 840 jam
1719 806 1774 833 tua

942 848 1076 884 judicavi
1086 856 1151 877 esse
1162 848 1322 885 prudentia
1332 848 1652 885 dignum,quodnobis
1661 849 1773 878 harum

945 900 1046 921 rerum
1062 892 1306 920 emendationem
1319 892 1518 926 commiseris,
1531 892 1707 921 hominibus
1720 900 1774 921 ne-

945 945 1005 973 que
1020 936 1117 972 gratia
1132 937 1184 964 Dei
1194 936 1305 972 ductis,
1316 937 1350 964 ut
1362 936 1416 973 qui
1430 936 1461 963 in
1475 937 1607 972 peccatis
1622 937 1772 972 vivamus,

945 989 1002 1010 nec
1012 981 1073 1009 ulla
1082 981 1203 1009 dicendi
1212 980 1354 1009 facultate
1369 980 1555 1017 praeditis,eo
1564 981 1648 1017 quod
1658 990 1677 1010 ο
1684 981 1773 1010 vanis

945 1026 1069 1062 quidem
1084 1025 1210 1054 libenter
1221 1025 1446 1060 recesserimus,
1462 1025 1593 1054 veritatis
1607 1027 1708 1054 autem
1719 1025 1774 1054 do-

946 1073 1084 1106 gmatum
1102 1070 1240 1098 nondum
1256 1069 1386 1098 assecuti
1404 1070 1548 1098 idoneum
1561 1078 1650 1098 usum
1665 1071 1773 1100 simus.

944 1116 1013 1144 Jam
1032 1115 1121 1150 igitur
1133 1114 1349 1150 respondimus
1364 1114 1481 1142 dilectis
1499 1114 1642 1143 fratribus
1658 1115 1773 1144 nostris

945 1160 976 1188 in
987 1160 1104 1188 Elaeone
1115 1159 1441 1195 degentibus,Palladio
1448 1161 1552 1188 nostro
1561 1161 1591 1188 et
1601 1160 1774 1189 lnnocentio

946 1205 1076 1238 ltalo,ad
1089 1212 1125 1232 ea
1135 1212 1204 1240 qua:
1215 1203 1305 1232 nobis
1319 1203 1359 1232 ab
1373 1203 1447 1240 ipsis
1458 1204 1580 1232 fuerunt
1589 1204 1709 1241 scripta,
1717 1212 1775 1233 nos

946 1249 1059 1278 scilicet
1070 1248 1145 1277 nihil
1159 1256 1251 1285 posse
1265 1249 1392 1277 Nicaenaa
1406 1248 1478 1276 ﬁdei
1492 1248 1633 1284 adjicere,
1650 1256 1689 1277 ne
1702 1249 1775 1278 bra-

945 1294 1102 1322 vissimum
1111 1294 1245 1330 quidem,
1253 1296 1378 1330 excepta
1389 1293 1515 1330 Spiritus
1524 1294 1619 1322 sancti
1629 1293 1776 1330 gloriﬁca-

945 1340 1037 1374 tione,
1053 1341 1213 1375 propterea
1221 1339 1305 1374 quod
1315 1339 1448 1374 majores
1456 1339 1552 1367 nostri
1560 1339 1672 1367 cursim
1682 1339 1775 1375 hujus

945 1384 1039 1421 partis
1058 1383 1259 1417 meminerint,
1275 1383 1414 1411 nondum
1430 1385 1503 1411 tunc
1516 1383 1555 1411 de
1568 1383 1679 1420 Spiritu
1690 1385 1775 1412 mota

946 1428 1122 1465 quaestione.
1135 1428 1205 1461 Qum
1221 1429 1323 1456 autem
1342 1427 1526 1456 adtexuntur
1539 1427 1611 1456 huic
1631 1427 1703 1456 ﬁdei
1717 1427 1773 1456 do-

947 1476 1049 1509 gmata
1061 1473 1098 1501 de
1112 1472 1231 1500 Domini
1246 1471 1465 1507 lncarnatione,
1485 1479 1522 1500 ea
1544 1473 1576 1500 ut
1600 1471 1708 1500 altiora
1720 1479 1774 1500 no-

947 1520 1008 1547 stra
1017 1517 1222 1552 intelligentia,
1238 1524 1338 1553 neque
1351 1516 1604 1549 examinavimus,
1617 1524 1717 1553 neque
1726 1523 1774 1545 rc-

947 1563 1103 1599 cepimus:
1122 1561 1259 1593 scientes,
1274 1561 1326 1589 ubi
1345 1561 1568 1598 simplicitatem
1586 1561 1658 1589 ﬁdei
1680 1561 1772 1589 semel

947 1607 1170 1641 sustulerimus,
1193 1606 1312 1634 nullum
1329 1607 1394 1642 jam
1417 1614 1593 1634 sermonum
1607 1606 1700 1634 ﬁnem
1714 1613 1772 1634 nos

946 1661 1012 1681 esse
1031 1652 1218 1684 inventuros,
1235 1650 1470 1679 contradictione
1483 1658 1538 1679 nos
1554 1658 1675 1687 semper
1695 1650 1772 1679 ulte-

944 1697 1007 1725 rius
1021 1696 1206 1732 abripicnte;
1227 1703 1263 1723 ac
1282 1695 1504 1731 simpliciorum
1516 1694 1637 1723 animas
1651 1696 1771 1723 contur-

944 1741 1079 1776 baturos,
1091 1740 1178 1768 novis
1192 1741 1284 1768 rebus
1294 1739 1530 1768 introducendis.

89 1796 141 1821 νων
157 1787 313 1824 εὑρήσομεν,
328 1785 367 1813 ἀεὶ
381 1790 427 1817 τῆς
442 1786 590 1822 ἀντιλογίας
610 1787 644 1817 εἰς
659 1788 688 1813 τὸ
701 1786 787 1813 πλεῖον
800 1787 868 1823 ἡμᾶς
880 1787 1058 1824 προαγούσης,
1085 1788 1130 1812 καὶ
1144 1785 1191 1816 τὰς
1205 1784 1297 1820 ψυχὰς
1311 1788 1361 1810 τῶν
1388 1783 1573 1822 ἀκεραιοτίρων
1587 1784 1770 1822 παροιταροίξο⁴

89 1840 135 1867 μιν
147 1831 187 1867 (5)
203 1835 234 1867 τῇ
251 1828 436 1868 παρεισαγωγῇ
453 1836 504 1858 τῶν
520 1831 682 1864 ξενιζόντων.

125 1878 151 1904 3.
168 1878 222 1905 Τὴν
242 1874 273 1902 δὲ
300 1877 368 1902 κατὰ
391 1877 554 1913 Ἀντιόχειαν
571 1876 738 1912 Ἐκκλησίαν,
762 1876 826 1912 λέγω
851 1874 886 1906 δὴ

977 1876 1004 1905 3.
1017 1874 1104 1908 Quod
1122 1875 1223 1902 autem
1238 1874 1344 1902 attinet
1364 1873 1405 1902 ad
1426 1873 1589 1902 Ecclesiam
1609 1873 1769 1902 Antioche-

90 1922 138 1950 τήν
164 1924 203 1956 τῷ
235 1919 306 1956 αὐτῷ
336 1923 482 1958 φρονήματι
508 1920 716 1957 συμϐαίνουσαν,
743 1919 798 1956 δῴη
826 1921 889 1947 ποτὶ

948 1927 1025 1953 nam,
1037 1919 1119 1947 illam
1129 1918 1208 1951 dico,
1219 1926 1288 1955 quae
1302 1919 1334 1946 in
1344 1918 1452 1946 eadem
1462 1918 1598 1946 doctrina
1608 1918 1767 1953 consentit,

90 1966 104 1991 ὁ
134 1967 233 2002 Κύριος
266 1963 331 1992 ἰδεῖν
364 1965 446 1994 αὐτὴν
478 1966 621 2002 ἡνωμένην.
656 1963 806 1992 Κινδυνςύει
837 1966 890 2002 ’γὰρ

948 1965 1089 2000 largiatur
1103 1964 1268 2000 aliquando
1281 1963 1427 1991 Dominus
1439 1965 1470 1991 ut
1482 1962 1571 2000 394
1581 1971 1649 1992 eam
1661 1963 1768 1993 videa—

91 2010 158 2038 αὔτη
187 2010 305 2046 μάλιστα
333 2008 464 2046 δεδεχοαι
483 2011 529 2042 τὰς
549 2009 686 2040 ἐπιϐουλὰς
704 2013 752 2036 τοῦ
779 2009 889 2047 ἐχθροῦ,

943 2017 1013 2037 mus
1020 2008 1086 2044 conj
1091 2007 1394 2036 unctam.Periculum
1400 2008 1481 2036 enim
1491 2010 1545 2043 est,
1552 2015 1589 2036 ne
1597 2008 1664 2044 ipsa
1673 2008 1768 2037 maxi-

91 2058 316 2090 μνησικακοῦντος
336 2056 403 2092 αὐτῇ
434 2053 482 2081 διὰ
507 2056 537 2081 τὸ
561 2059 664 2091 πρῶτον
686 2058 739 2086 τοῖς
765 2055 818 2081 ἐκεῖ
842 2056 891 2084 τήν

948 2061 993 2082 me
1007 2054 1107 2089 pateat
1125 2052 1241 2081 insidiis
1259 2052 1383 2088 inimici,
1400 2052 1454 2089 qui
1467 2052 1495 2081 ei
1513 2054 1681 2087 succenset,
1695 2053 1769 2089 quia.

127 2128 190 2165 (99).
200 2125 360 2165 ΠαρίλαΘεν.
388 2125 464 2165 Εάἱῐί
482 2125 667 2165 praemittunt
684 2126 733 2165 013;
748 2125 807 2165 sed
818 2125 891 2165 llaec
910 2118 932 2147 Ῑ)
946 2124 1163 2165 simpliciorum
1177 2124 1372 2165 animinovis
1385 2124 1476 2165 rebus
1490 2124 1524 2165 in_
1536 2124 1710 2165 symbolum
1723 2125 1768 2153 in-

92 2161 213 2195 negatio
236 2161 344 2190 melius
372 2162 458 2191 abest
483 2161 504 2189 ξι
527 2161 683 2190 codicibus
708 2161 794 2195 Hed.,
818 2162 890 2197 Reg.

93 2199 201 2235 primo.
218 2197 306 2226 Coisl.
318 2198 463 2227 secundo.
479 2198 572 2226 Paris.
592 2200 622 2226 et
633 2197 728 2235 Bigot.

126 2235 164 2269 (1)
181 2233 348 2270 ’Λγαπητῶς.
372 2235 414 2262 Ita
428 2241 501 2261 mss.
522 2241 642 2262 novem.
662 2233 739 2262 Editi
762 2232 892 2270 ἀφαπητι-

92 2280 152 2300 ιως.

127 2305 167 2341 (2)
183 2305 350 2342 Ἰννοκεντίῳε
366 2304 456 2333 Coisl.
484 2306 620 2342 uterque,
649 2304 739 2339 Harl.,
765 2304 839 2333 Med.
863 2306 893 2332 et

95 2343 164 2376 Reg.
179 2340 330 2376 secundus
343 2341 492 2376 Ἰνοκεντίῳ.

128 2379 156 2410 (3
160 2382 169 2412 )
179 2378 220 2413 Τᾲ
234 2375 264 2402 δὴ
274 2375 511 2413 προσυφαινόμενα.
521 2375 608 2413 Quod
619 2375 660 2404 ait
667 2375 803 2413 Basilius,
812 2383 844 2403 se
852 2376 894 2404 at~

95 2411 174 2441 texta
185 2411 314 2452 Nicaeum
327 2411 399 2440 ﬁdei
408 2411 605 2452 dogmatade
620 2411 828 2452 incarnatione
838 2417 894 2438 nec

95 2448 299 2489 eraminasse,
305 2455 361 2489 nec
367 2446 528 2489 recepisse,
533 2447 565 2489 id
573 2447 610 2489 de
620 2447 687 2483 ipso
694 2446 838 2489 dogmate
848 2453 895 2486 ac-

96 2484 153 2520 cipi
165 2491 227 2524 non
238 2483 338 2516 debet,
347 2483 402 2524 sed
417 2482 455 2511 de
475 2482 567 2511 modo
578 2482 728 2523 dogmatis
741 2482 783 2510 ita
797 2482 896 2523 expri-

98 2518 381 2558 mend1,ut_ha=.retici
389 2519 509 2558 eludere
519 2519 788 2558 nonpos_s1_nt._ifi_am
794 2525 897 2554 ipsum

98 2555 222 2592 quidem
233 2554 346 2588 dogma
353 2554 515 2592 certissime
525 2553 647 2592 tenebat
657 2553 789 2592 Basilius,
797 2553 897 2589 neque

99 2589 136 2620 ad
144 2599 213 2619 eam
225 2597 289 2617 rem
300 2597 376 2625 opus
386 2589 520 2618 habebat
526 2589 674 2618 examine.
682 2589 739 2617 Sed
745 2596 815 2625 cum
822 2596 898 2625 non-

99 2627 170 2655 nulli
178 2623 454 2654 formulaa'Nicaenae
464 2625 620 2661 aliquidde
628 2624 838 2661 Incarnatione
843 2623 899 2661 ad-

99 2662 248 2691 dcrentad
254 2659 767 2697 comprimendosA'pollinaristas;id
774 2659 899 2697 Basilius

99 2706 152 2726 nec
167 2694 404 2732 examinaverat,
413 2704 468 2724 nec
478 2694 641 2732 receperat,
651 2698 715 2732 tum
728 2696 800 2731 quia
811 2694 900 2732 altius

98 2732 294 2768 intelligentia
302 2739 358 2768 sua
366 2730 431 2768 esse
439 2730 583 2765 ducebat;
594 2733 657 2768 tum
665 2730 901 2768 quia’metuebat

100 2777 135 2798 ne
146 2766 239 2797 tiném
253 2775 316 2796 non
330 2767 477 2796 haberent
492 2767 645 2803 ejusmodi
659 2766 852 2803 quaestiones,
865 2773 900 2794 ac

945 2160 1041 2189 ductis
1049 2160 1236 2188 lmderentur.
1244 2160 1361 2196 Minime
1372 2162 1474 2196 autem
1484 2160 1604 2196 mirum,
1612 2160 1646 2196 si,
1658 2168 1768 2196 quam-

944 2198 988 2225 vis
998 2196 1137 2224 Basilium
1145 2203 1235 2223 nemo
1242 2195 1427 2229 intelligendi
1432 2195 1635 2231 etexplicandi
1643 2195 1769 2230 degma-

945 2233 982 2261 tis
995 2232 1076 2260 dono
1092 2233 1255 2267 superaret,
1275 2238 1400 2267 suarum
1410 2233 1513 2258 tamen
1531 2231 1640 2267 virium
1653 2238 1690 2267 ac
1705 2239 1768 2260 suae

945 2267 1095 2296 facultatis
1110 2265 1175 2294 esse
1188 2274 1249 2294 non
1263 2266 1402 2302 putabat,
1422 2268 1534 2294 attexta
1550 2265 1623 2294 ﬁdei
1640 2266 1768 2295 Nicaeum

946 2303 984 2331 de
994 2303 1200 2331 incarnatione
1214 2302 1359 2337 dogmata
1371 2302 1555 2330 examinare.
1575 2302 1675 2336 Longe
1687 2302 1770 2331 enim

947 2338 1157 2366 difﬁcillimum
1167 2338 1279 2366 sciebat
1285 2345 1349 2365 esse
1356 2337 1519 2365 formulam
1529 2337 1600 2365 ﬁdei
1609 2337 1650 2366 ita
1660 2339 1770 2366 consti-

946 2377 1039 2407 tuere,
1051 2376 1093 2405 ut,
1107 2373 1190 2409 quod
1202 2374 1326 2401 omnino
1336 2373 1541 2401 necessarium
1551 2381 1615 2401 esse
1625 2373 1665 2402 ad
1673 2374 1770 2409 legiti-

948 2418 1031 2438 mam
1041 2409 1203 2437 formulam
1212 2409 1300 2437 docet
1307 2409 1359 2436 lib.
1371 2417 1380 2436 1
1389 2409 1422 2437 in
1431 2409 1571 2445 Eunom,
1583 2416 1613 2445 p.
1625 2410 1687 2445 213,
1695 2409 1770 2439 nihil

949 2446 975 2473 ei
990 2445 1075 2478 desit,
1096 2447 1124 2481 et
1146 2444 1354 2472 haereticorum
1365 2453 1423 2472 usu
1438 2445 1491 2473 teri
1505 2444 1568 2473 non
1582 2444 1690 2481 possit.
1710 2447 1769 2481 Nec

950 2489 1020 2509 eum
1040 2480 1153 2508 latebat
1163 2481 1244 2515 ipsos
1257 2480 1347 2508 etiam
1359 2481 1494 2508 Nicmnos
1506 2480 1607 2508 Patres
1619 2480 1769 2513 formulas,

972 2525 1042 2544 uam
1057 2516 1155 2552 primo
1173 2515 1379 2552 condiderant,
1396 2516 1510 2552 aliquid
1525 2515 1636 2544 addere
1648 2518 1769 2552 coactos

949 2524 1042 2579 (fluam
1057 2524 1155 2552 primo
1173 2524 1379 2548 condiderant,
1396 2524 1510 2552 aliquid
1525 2524 1636 2544 audere
1648 2524 1769 2544 coactos

965 2552 1052 2586 uisse,
1066 2553 1228 2586 pOStquam
1243 2551 1326 2579 illam
1351 2551 1390 2579 ab
1410 2551 1619 2579 haereticorum
1645 2551 1770 2580 auribus

952 2595 1013 2615 non
1025 2587 1185 2615 abhorrere
1201 2587 1487 2615 animadverterunt.

952 2595 1013 2616 non
1025 2594 1185 2615 annori‘ere
1201 2594 1487 2615 animadverterunt.

987 2624 1024 2656 (4)
1039 2624 1105 2648 Οὔτε
1119 2631 1155 2649 τι.
1168 2621 1214 2649 Sic
1228 2630 1335 2650 omnes
1344 2630 1418 2650 mss.
1430 2621 1505 2649 Editi
1516 2622 1614 2649 οὗκέτι.

987 2625 1015 2656 (li
1039 2624 1105 2648 Οὔτε
1119 2631 1155 2649 τι.
1168 2624 1214 2649 Sic
1228 2630 1335 2650 omnes
1344 2630 1418 2650 mss.
1430 2624 1505 2649 Editi
1516 2624 1614 2649 οὐκέτι.

987 2624 1026 2693 (5g
1041 2657 1273 2693 Παραταράξομεν.
1292 2659 1335 2686 Ita
1355 2657 1448 2689 Harl.,
1470 2658 1541 2693 Reg.
1563 2657 1692 2693 primus,
1715 2658 1771 2693 Pa-

987 2665 1026 2693 (5)
1042 2665 1213 2693 ιιαραταραςο
1236 2667 1273 2685 εν.
1293 2665 1335 2686 na
1355 2665 1448 2689 nam,
1470 2665 1509 2684 ne
1533 2678 1541 2685 .
1563 2665 1692 2693 prunus,
1715 2665 1771 2686 ra-

953 2695 1004 2722 ris.
1040 2695 1068 2721 et
1077 2692 1200 2734 *Big‘ot.‘
1211 2669 1337 2734 tegitur
1347 2693 1498 2734 Ξαρᾴξοιίιη
1511 2665 1562 2734 ξπ.
1576 2692 1680 2734 tribus
1696 2691 1772 2729 aliis,

953 2736 1062 2784 nermpe
1074 2727 1160 2757 Cois].
1170 2727 1299 2766 utroque
1312 2729 1339 2756 et
1347 2727 1440 2764 Regio
1450 2727 1594 2757 secundo.
1606 2727 1682 2757 Editi
1689 2727 1775 2768 παραξ-

953 2774 1074 2801 ταςομεν.
