1997 3143
81 171 134 199 977

563 173 805 202 EPISTOLARUM
820 172 961 200 CLASSIS
974 173 1006 200 ll.
1022 172 1129 201 EPIST.
1144 173 1278 202 CCLXllI.

1707 173 1760 201 978

80 233 216 271 προϐάτου
244 233 469 271 περιϐεϐλημένοι,
499 237 543 262 καὶ
569 237 614 264 τὴν
647 234 794 272 ἐπιφάνειαν
821 236 878 271 ἣμε·

939 243 971 263 ae
984 235 1115 271 speciem
1123 235 1337 271 blandamprze
1350 243 1380 263 se
1392 235 1489 263 ferunt
1505 243 1540 263 ac
1556 235 1664 269 lenem,
1680 235 1759 262 intus

80 288 126 315 ρον
152 279 356 315 προϐαλλόμενοι
371 282 416 306 καὶ
438 284 557 316 πραεῖαν,
579 278 681 306 ἔνδοθεν
705 278 735 306 δὲ
757 281 881 317 σπαράσ-

82 333 170 353 σοντες
192 321 302 359 ἀφειδῶς
317 325 350 350 τὰ
374 328 420 350 τοῦ
436 328 554 361 Χριστοῦ
573 327 692 360 ποίμνια,
720 327 763 350 καὶ
789 323 835 351 διὰ
852 326 880 350 τὸ

82 367 109 398 ἐξ
139 368 211 403 ἡμῶν
245 369 404 405 ὡρμῆσθαι,
438 369 545 399 εὐκόλως
577 368 742 405 ἐμϐάλλοντες
781 368 881 404 βλάϐην

82 415 137 441 τοῖς
163 411 347 449 ἁπλουστέροις
362 424 368 429 -
392 411 463 439 οὗτοί
483 413 548 439 εἰσιν
573 414 597 439 οἱ
616 413 728 448 χαλεποὶ
752 416 796 438 καὶ
817 411 881 439 δυο·-

82 456 220 492 φύλακτοι.
249 457 300 487 Οὖς
326 456 446 493 ἀξιοῦμεν
478 459 549 494 παρὰ
576 462 624 488 τῆς
657 458 779 494 ὑμετέρας
809 456 882 494 ἀκρι-

82 500 155 531 ϐείας
178 503 242 537 πρὸς
266 502 355 532 πάσας
376 504 422 532 τὰς
451 503 518 528 κατὰ
553 505 600 531 τὴν
624 502 761 530 Ἀνατολὴν
777 501 882 530 Ἐκκλη-

82 547 143 575 σίας
177 543 410 581 ὃημοσιευθῆναι-
437 547 487 581 ἶνα,
515 547 530 576 ἦ
559 545 796 583 ὁρθοποδήσαντες,
820 556 883 581 γνη-

81 592 146 619 σίως
167 589 218 616 ὦσι
243 593 289 616 νῆν
315 591 387 627 ἡμῖν,
408 593 423 620 ἤ
444 593 560 627 μένοντες
584 590 626 617 ἐπὶ
644 594 689 621 τῆς
709 589 882 627 διαστροφῆς,

81 633 106 660 ἐν
127 634 230 666 ἑαυτοῖς
250 637 338 670 μόνοις
359 637 406 664 τὴν
429 635 529 671 βλάϐην
553 637 638 671 ἔχωσι
651 656 658 667 ,
678 638 714 671 μή
744 633 884 671 δυνάμενοι

82 677 110 704 ἐκ
126 682 174 708 τῆς
189 677 335 714 ἀφυλάκτου
355 681 489 710 κοινωνίας
509 683 558 710 τῆς
584 678 652 709 ἰδίας
673 682 751 705 νόσου
771 677 883 715 μεταδι-

82 720 161 748 δόναι
183 723 240 757 (97)
271 726 326 754 τοῖς
350 723 563 754 πλησιάζουσιν,
589 724 704 759 Ἀνάγκη
730 722 760 749 δὲ
789 725 884 749 τούτων

81 767 209 803 ὀνομαστὶ
232 769 392 803 μνησθῆναι,
421 769 462 794 ἵνα
484 770 530 794 καὶ
557 768 632 794 αὐτοὶ
659 770 803 805 γνωρίσητε
824 770 884 799 τοὺς

81 813 206 848 ταραχὰς
225 812 288 848 παρ’
308 813 370 848 ἡμῖν
390 814 448 847 (98)
476 812 673 849 ἐργαζομένους,
689 815 734 839 καί
753 816 808 842 ταῖς
830 812 885 838 Ἐκ-

80 856 204 887 κλησίαις
237 857 310 893 ἡμῶν
348 859 453 895 φαιερὸν
478 860 662 886 καταστήσατε
687 858 756 893 (99).
784 857 812 883 Ὀ
839 856 884 893 μὲν

935 287 1007 308 vero
1023 280 1169 308 dilaniant
1184 280 1342 308 crudeliter
1358 281 1463 308 Christi
1478 288 1611 314 gregem,
1628 283 1657 308 et
1671 288 1760 316 prop—

938 327 1020 354 terea
1033 325 1116 361 quod
1132 334 1168 353 ex
1182 325 1268 353 nobis
1291 325 1383 352 exorti
1400 328 1480 358 sunt,
1491 325 1575 353 facile
1597 325 1758 360 perniciem

937 369 1067 397 inferunt
1090 369 1343 405 simplicioribus;
1369 369 1398 396 hi
1415 373 1494 401 sunt,
1520 369 1570 404 qui
1591 369 1759 396 molestiam

938 414 1090 446 exhibent,
1109 422 1144 441 ac
1168 421 1246 449 aegre
1270 414 1355 441 vitari
1379 416 1513 449 possunt.
1539 414 1598 441 Hos
1616 421 1760 447 rogamus

938 460 971 485 ut
998 461 1096 486 vestra
1127 458 1279 492 diligentia
1308 458 1450 485 omnibus
1475 458 1599 485 Orientis
1627 457 1761 484 l-Ieclesiis

938 502 1103 536 denuntiet,
1121 505 1162 536 ut,
1191 505 1241 530 aut
1269 505 1380 530 rectam
1404 502 1485 529 viam
1508 502 1632 535 ingressi
1648 502 1761 529 sincere

938 551 1094 575 versentur
1118 547 1288 578 nobiseum,
1314 549 1375 578 aut,
1404 546 1426 574 si
1452 547 1481 574 in
1497 555 1551 573 sua
1566 549 1764 581 permaneant

938 591 1155 628 perversitate,
1189 591 1338 619 damnum
1371 591 1449 619 intra
1482 599 1512 618 se
1550 591 1630 618 solos
1672 590 1764 617 conti-

939 638 1054 669 neant,
1097 643 1152 664 nec
1184 636 1301 672 possint
1332 644 1369 663 ex
1398 636 1519 663 incauta
1551 635 1763 662 communione

939 681 1081 708 morbum
1119 689 1208 708 suum
1247 688 1316 708 cum
1346 680 1492 716 proximis
1526 680 1764 708 communicare.

940 727 1068 754 Necesse
1089 727 1133 753 est
1157 727 1257 753 autem
1280 725 1389 753 horum
1414 725 1594 752 nominatim
1610 724 1766 751 meminis-

940 777 983 803 se,
1012 771 1044 797 ut
1067 772 1095 798 et
1116 769 1174 805 ipsi
1198 769 1388 804 cognOScatis
1410 777 1460 796 eos
1489 769 1541 805 qui
1567 768 1669 796 turbas
1682 767 1766 804 apud

940 822 996 842 nos
1030 817 1173 849 movent,
1209 821 1324 850 eosque
1356 813 1467 842 nostris
1500 814 1638 841 Ecolesiis
1672 813 1766 841 mani-

940 859 1032 886 festos
1060 859 1157 887 facite.
1181 860 1255 886 Nam
1285 866 1382 886 sermo
1409 861 1510 886 noster
1539 861 1698 894 suspectus
1723 860 1768 885 est

80 902 133 936 γὰρ
159 901 222 938 παρ’
242 902 315 937 ἡμῶν
334 901 410 937 λόγος
433 902 549 932 ὕποπτος
568 901 626 928 ἐστι
643 905 698 932 τοίς
721 901 835 935 πολλοῖς,
850 902 878 926 ὡκ

941 903 1098 939 pluribus,
1132 903 1219 938 quasi
1261 902 1336 930 forte
1370 902 1410 930 ob
1451 902 1584 938 privatas
1614 902 1765 938 quasdam

81 946 157 980 τάχα
177 943 224 971 διά
242 955 315 977 τινας
343 944 481 978 ἰδιωτικὰς
502 946 658 983 φιλονεικίας
681 949 728 975 τὴν
754 946 884 983 μικροψυ-

81 992 147 1025 χίαν
171 991 235 1027 πρὸς
258 990 353 1021 αὐτοὺς
375 990 515 1027 ἑλομένων·
535 993 608 1028 ὑμεῖς
634 989 673 1025 δὲ,
704 991 764 1017 ὃσον
783 993 885 1028 μακρὰν

81 1034 169 1060 αὐτῶν
194 1034 231 1070 (1)
261 1034 439 1071 ἀπῳκισμένοι
470 1036 632 1072 τυγχάνετε,
666 1037 782 1071 τοσούτῳ
810 1035 885 1062 πλέον

79 1079 155 1114 παρὰ
177 1083 233 1110 τοίς
261 1079 334 1110 λαοῖς
360 1081 390 1106 τὸ
414 1079 565 1111 ἀξιόπιστον
594 1081 677 1116 ἔχετε,
697 1082 764 1117 προς
786 1084 821 1115 τῷ
841 1081 886 1105 καὶ

79 1125 128 1152 τὴν
156 1125 228 1160 παρά
251 1127 298 1150 τοῦ
317 1128 384 1151 Θιού
401 1125 438 1159 (2)
461 1126 541 1162 χάριν
567 1125 736 1160 συναίρεσθαι
764 1125 824 1160 ὑμῖν
854 1134 886 1154 εις

79 1170 128 1196 τὴν
156 1168 220 1204 ὑπὲρ
246 1172 298 1194 τῶν
327 1170 556 1205 καταπονουμένων
580 1168 735 1205 ἐπιμέλειαν.
768 1169 826 1195 Ἐὰν
857 1167 886 1196 δὲ

79 1214 125 1238 καὶ
156 1215 302 1248 συμφώνως
324 1212 435 1243 πλείονες
459 1213 525 1249 ὁμοῦ
549 1214 582 1239 τὰ
607 1213 676 1239 αὑτά
695 1211 884 1250 δογματίσητε,

81 1254 174 1292 δῆλον,
203 1257 244 1282 ὅτι
267 1258 296 1283 τὸ
319 1256 419 1288 πλῆθος
447 1261 496 1283 τῶν
519 1256 737 1294 δογματισάντων
767 1257 885 1294 ἀναντίρ-

79 1301 172 1338 ρητον,
199 1305 267 1328 πᾶσι
287 1304 335 1331 τὴν
362 1301 523 1339 παραδοχὴν
546 1304 739 1330 κατασκευάσει
762 1306 808 1329 τοῦ
836 1301 883 1329 δό-

79 1355 192 1382 γματος.

115 1393 142 1418 3.
160 1390 237 1417 Ἐστι
264 1393 350 1417 τοίνυν
374 1389 410 1422 εἷς
435 1395 486 1417 τῶν
508 1391 604 1421 πολλὴν
630 1393 693 1428 ἡμῖν
718 1402 883 1419 κατασκευα-

80 1434 178 1464 ζόντων
202 1435 239 1469 (3)
272 1435 355 1465 λύπην
384 1436 528 1466 Εὐστάθιος
559 1437 572 1462 ὁ
601 1437 629 1462 ἐκ
657 1441 705 1468 τῆς
731 1436 884 1467 Σεϐαστείας

78 1483 127 1508 τῆν
150 1481 218 1505 κατὰ
239 1482 286 1508 τήν
314 1481 410 1518 μικρὰν
443 1480 599 1518 Ἀρμενίαν-
625 1481 667 1515 ὂς,
693 1481 775 1507 πάλαι
798 1483 883 1517 μαθη-

79 1524 181 1554 τευθεὶς
206 1527 241 1559 τῷ
270 1524 381 1560 ⁷Δρείῳ,
414 1527 459 1551 καὶ
484 1525 525 1551 ὁτι
551 1526 589 1561 (4)
620 1525 736 1561 ἤκμαζεν
765 1525 812 1552 ἀπὶ
837 1529 883 1556 τῆς

941 947 1107 976 simultates
1124 947 1192 976 exili
1216 949 1245 975 et
1269 947 1377 983 jejuno
1405 946 1435 974 in
1454 947 1520 974 illos
1538 947 1639 974 animo
1655 947 1763 974 simus.

941 993 999 1020 Vos
1019 1000 1090 1020 vero
1118 994 1234 1028 quanto
1259 991 1298 1019 ob
1325 991 1382 1019 illis
1400 991 1520 1026 longius
1542 991 1658 1026 degitis,
1686 993 1768 1019 tanto

940 1036 1089 1072 majorem
1118 1037 1201 1073 apud
1222 1035 1352 1072 populos
1380 1035 1498 1064 habetis
1530 1036 1740 1063 auctoritatem
1757 1058 1764 1070 ,

941 1084 1143 1117 praeterquam
1159 1081 1242 1117 quod
1253 1081 1303 1108 Dei
1314 1081 1404 1108 etiam
1415 1080 1511 1115 gratia
1521 1088 1575 1108 vos
1586 1080 1711 1115 adjuvat
1726 1080 1766 1108 ad

941 1125 1179 1153 succurrendum
1203 1125 1239 1153 iis
1259 1125 1312 1161 qui
1331 1126 1492 1152 vexantur.
1517 1124 1603 1157 Quod
1628 1124 1651 1151 si
1675 1125 1765 1152 etiam

942 1169 1084 1198 concordi
1105 1170 1207 1198 animo
1223 1169 1325 1205 plures
1345 1169 1435 1196 simul
1457 1168 1561 1196 eadem
1586 1169 1762 1203 decernetis,
1796 1161 1803 1169 ’

939 1215 1136 1251 perspicuum
1157 1217 1202 1242 est
1221 1213 1444 1242 multitudinem
1460 1213 1685 1241 decernentium
1700 1221 1766 1241 om-

939 1259 1028 1287 nibus
1041 1266 1268 1295 pcrsuasuram,
1282 1260 1315 1286 ut
1333 1258 1486 1286 decretum
1502 1258 1576 1286 citra
1591 1260 1765 1285 controver-

939 1303 1015 1332 siam
1026 1303 1200 1339 suseipiant.

973 1393 1000 1419 3.
1023 1391 1073 1418 Est
1091 1389 1192 1425 itaque
1216 1397 1295 1417 unus
1315 1397 1351 1417 ex
1373 1389 1420 1422 iis,
1448 1389 1500 1424 qui
1523 1388 1612 1416 nobis
1634 1388 1763 1416 multum

938 1435 1080 1463 exhibent
1111 1434 1274 1468 molestiae,
1302 1433 1474 1461 Eustathius
1500 1441 1537 1460 ex
1569 1433 1704 1461 Sebastia
1732 1433 1762 1460 in

937 1480 1053 1508 minore
1068 1479 1220 1513 Armenia,
1242 1478 1294 1514 qui
1314 1478 1385 1506 olim
1414 1477 1538 1505 edoctus
1564 1478 1602 1505 ab
1626 1477 1704 1510 Ario,
1735 1479 1764 1505 et

937 1532 1006 1552 cum
1022 1524 1047 1551 is
1061 1523 1183 1552 ﬂoreret
1194 1522 1381 1551 Alexandriae
1398 1530 1508 1558 pravas
1524 1522 1552 1550 in
1569 1522 1761 1556 Unigenitum

78 1566 295 1605 ’Δλεξανδρείας,
328 1570 374 1600 τὰς
403 1571 518 1607 πονηρὰς
550 1571 618 1596 κατὰ
645 1574 692 1596 τοῦ
721 1573 878 1606 Μονογενοῡς

939 1570 1114 1596 construens
1135 1567 1355 1604 blasphemias,
1375 1575 1445 1594 eum
1460 1569 1591 1599 secutus,
1609 1566 1698 1602 406
1720 1568 1762 1594 at-

78 1613 212 1643 a‘JerOei;
236 1612 422 1649 βλασφημίας,
452 1613 603 1640 ὰκολυυθών
631 1613 728 1650 ἐκείνῳ,
754 1616 799 1640 καὶ
827 1618 880 1646 τοῖς

76 1658 271 1692 γνησιωτάτοις
315 1658 395 1684 αὐτοῦ
440 1662 489 1684 τῶν
536 1659 659 1694 μαθητῶν
695 1658 880 1696 ἕναριθμούμι-

75 1711 121 1733 νος
136 1702 183 1737 (5),
211 1701 301 1732 ἐπειδὴ
327 1702 466 1732 ἐπανῆλθεν
488 1704 523 1735 εἰς
542 1706 590 1734 τὴν
614 1704 716 1734 ἑαυτοῦ.
739 1708 775 1730 τῶ
791 1713 879 1740 μάχα-

73 1747 197 1784 ριωτάτῳ
224 1747 358 1784 έπίσκόπῳ
387 1748 425 1783 (ϐ)
455 1748 600 1784 Ἑρμογένει
626 1748 661 1784 τῷ
697 1751 876 1785 Καισαρείας,

73 1794 191 1828 κρίνοντι
212 1793 290 1818 αὐτόν
318 1791 360 1818 ἐπὶ
386 1796 417 1829 τῇ
446 1791 600 1829 κακοδοξίᾳ,
630 1792 768 1829 ὁμολογίαν
796 1791 878 1820 ἔδωκε

74 1838 192 1866 πίστεως
215 1837 320 1872 ὑγιοῦς.
341 1839 390 1863 Καὶ
412 1837 480 1863 οὕτω
507 1839 554 1866 τὴν
575 1839 737 1874 χειροτονίαν
761 1837 804 1864 ὑπ’
832 1838 878 1864 αὖ·

74 1884 122 1906 τοῦ
153 1879 290 1917 δεξάμενος
311 1881 362 1917 (7),
383 1883 448 1917 μετὰ
471 1884 517 1911 τὴν
542 1881 638 1908 ἐκείνου
667 1885 792 1919 κοίμησιν
813 1884 876 1919 πρὸς

74 1927 118 1950 τόν
146 1924 189 1951 ἐπὶ
216 1929 262 1955 τῆς
281 1926 570 1957 Κωνσταντινουπὸλεως
589 1926 712 1953 Εὐσέϐιον
739 1925 849 1964 ἔδραμεν
866 1949 873 1961 ,

74 1967 180 1999 οὐδενὸς
203 1969 308 1996 Dat-trav
329 1972 374 1996 καὶ
400 1970 476 1996 αὐτὸν
504 1972 533 1997 τὸ
554 1969 679 2001 δυσσεϐὲς
711 1969 800 2007 δόγμα
828 1975 874 1998 τοῦ

74 2014 178 2050 ’Δρείου
207 2013 407 2051 πρεσϐεύοντα.
437 2015 500 2041 Εἶτα
530 2013 623 2041 ἐκεῖθεν
657 2013 703 2041 διὰ
735 2015 791 2046 οἵας
826 2012 873 2044 δὴ-

72 2068 136 2084 ποτε
159 2059 199 2093 (8)
227 2058 314 2090 αἰτίας
337 2057 491 2092 ἀπελαθεὶς,
512 2059 591 2085 ἐλθὼν
618 2063 675 2090 τοῖς
697 2058 738 2085 ἐπί
757 2063 804 2090 τῆς
824 2070 872 2086 πα-

71 2101 165 2140 τρίδος
198 2101 378 2139 ἀπελογήσατο
408 2104 504 2130 πάλιν·
529 2105 558 2130 τὸ
586 2105 631 2140 μὲν
660 2102 788 2135 δυσσεϐες
819 2103 872 2130 ἐπι-

71 2149 249 2184 κρυπτόμενος
273 2150 411 2184 φρόνημα,
437 2148 561 2185 ῥημάτων
591 2147 621 2174 δέ
648 2158 706 2175 τινα
743 2148 871 2185 ὀρθότητα

935 1621 994 1650 que
1012 1612 1091 1641 inter
1104 1612 1352 1647 germanissimos
1370 1611 1449 1639 illius
1468 1611 1632 1646 discipulos
1652 1619 1760 1638 nume-

933 1659 1031 1691 ratus,
1054 1659 1256 1692 posteaquam
1269 1656 1357 1684 rediit
1371 1656 1401 1684 in
1422 1656 1562 1692 patriam,
1582 1655 1759 1683 beatissimo

934 1702 1075 1729 Caesareae
1092 1701 1235 1737 episcopo
1249 1700 1438 1736 Hermogeni,
1455 1700 1555 1736 ipsum
1575 1700 1614 1727 ob
1630 1707 1757 1735 pravam

932 1746 1101 1774 doctrinam
1130 1745 1362 1779 condemnanti,
1384 1744 1606 1773 confessionem
1618 1752 1700 1772 sanae
1721 1744 1757 1771 fi-

931 1790 980 1818 dei
1001 1789 1118 1819 obtulit.
1138 1791 1234 1825 Atque
1257 1790 1298 1817 ita
1324 1789 1364 1817 ab
1394 1790 1462 1825 ipso
1489 1789 1662 1823 ordinatus,
1688 1792 1756 1824 post

930 1834 1009 1863 illius
1025 1834 1237 1862 dormitionem
1253 1833 1354 1861 statim
1374 1833 1413 1861 ad
1435 1833 1597 1861 Eusebium
1613 1835 1755 1860 Constan-

930 1879 1161 1915 tinopolitanum
1179 1878 1316 1912 accurrit,
1334 1878 1385 1914 qui
1409 1880 1437 1905 et
1458 1877 1522 1913 ipse
1544 1877 1657 1904 nemini
1678 1884 1753 1904 con-

929 1923 1056 1952 cedebat
1074 1923 1105 1951 iu
1129 1923 1225 1958 impio
1247 1922 1304 1950 Arii
1329 1922 1472 1956 dogmate
1497 1921 1618 1949 tuendo.
1642 1920 1752 1948 Deinde

928 1969 998 1997 hinc
1019 1968 1058 1996 ob
1077 1968 1194 2004 aliquas
1218 1975 1348 2002 causas,
1372 1974 1563 2003 quaecunque
1591 1966 1648 1993 illae
1673 1965 1749 2001 sint,

928 2015 1080 2050 expulsus,
1098 2020 1166 2040 cum
1188 2012 1228 2040 ad
1252 2019 1323 2039 suas
1348 2011 1510 2048 populares
1534 2011 1683 2044 venisset,
1700 2011 1751 2038 itc-

927 2067 994 2087 rum
1018 2065 1100 2085 sesse
1129 2056 1276 2093 purgavit,
1302 2056 1429 2092 impiam
1448 2056 1572 2092 quidem
1595 2057 1750 2083 occultans

926 2103 1104 2131 sententiam
1121 2109 1128 2134 ;
1148 2101 1179 2129 in
1199 2101 1298 2128 verbis
1316 2104 1417 2129 autem
1432 2101 1504 2129 recti
1520 2101 1635 2136 aliquid
1658 2103 1686 2128 et
1701 2109 1748 2128 ac-

926 2147 1020 2176 curati
1036 2154 1098 2182 prae
1113 2154 1144 2173 se
1163 2145 1270 2173 ferens.
1282 2146 1496 2181 Episcopatum
1512 2145 1585 2173 forte
1602 2145 1747 2181 adeptus,

70 2191 279 2228 προϐαλλόμενος
307 2194 352 2227 (9).
380 2194 430 2219 Καὶ
456 2195 545 2228 τυχὼν
577 2196 623 2223 τῆς
653 2191 809 2228 ἐπισκοπῆς,
837 2193 870 2224 ὠς

939 2193 1002 2221 ilico
1027 2190 1209 2228 comperitur
1237 2190 1524 2218 anathcmatismum
1550 2190 1749 2217 consubstan-

71 2296 89 2325 δ
108 2264 165 2306 (97)
185 2261 375 2290 Μιταὸιὸόναι.
401 2263 490 2292 Coisl.
515 2263 631 2301 primus
651 2265 680 2292 et
701 2263 776 2292 Med.
792 2274 871 2300 μετα-ι

90 2309 178 2325 ουναι.

90 2309 178 2325 ουναι.

109 2336 165 2371 (98)
185 2334 252 2371 Ιίναρ’
274 2335 347 2371 ἡμῖν.
375 2334 449 2363 Editi
469 2335 584 2363 addunt
606 2337 651 2361 καὶ
670 2336 702 2361 τὰ
724 2334 868 2363 σκάνδαλα.

72 2361 163 2403 otiati
175 2361 631 2399 additamentuinrdeestin—ocbo
648 2379 720 2398 mss.

109 2406 169 2439 (99)
188 2408 301 2443 «ξανερόν
311 2409 506 2443 καταστῆσατε.
522 2407 644 2434 Videtur
657 2407 756 2443 prima
772 2406 871 2442 specie

72 2441 244 2478 accuratior
253 2441 405 2478 editorum
423 2441 522 2478 lectio,
531 2441 868 2478 cavtpoiag'xama-nienra.

72 2477 131 2504 Sed
145 2479 245 2504 tamen
256 2468 408 2505 discedere
419 2468 563 2505 nouilib'et
571 2468 610 2505 ab
621 2468 794 2506 auctoritate
804 2468 871 2506 octo

72 2515 209 2539 veterum
223 2512 380 2549 librorum,
392 2520 461 2540 cum
481 2513 644 2549 praesertim
660 2520 763 2541 eorum
778 2513 871 2549 scrip-

74 2550 153 2582 tura,
167 2556 261 2583 quam
277 2548 306 2575 in
321 2550 402 2575 textu
421 2548 589 2584 posuimus,
606 2549 768 2576 commodo
781 2556 871 2576 sensu

74 2591 136 2621 non
161 2585 271 2621 careatZ
303 2583 430 2621 Legitur
445 2584 534 2611 etiam
556 2586 669 2621 perages
688 2584 718 2612 in
743 2584 872 2621 editione

75 2619 192 2653 Hagen.
211 2619 323 2646 Ibidem
339 2619 494 2646 Mediczeus
508 2619 604 2647 codex
619 2619 688 2647 eum
708 2619 801 2647 tribus
821 2621 873 2647 Re-

75 2654 132 2688 giis
148 2654 317 2684 Ἐκκλησίαις
332 2655 414 2690 ὑμῶν.
440 2654 497 2682 Sed
520 2655 617 2689 magis
633 2655 730 2690 placet
753 2654 874 2689 vulgata

76 2689 234 2725 scriptura.
249 2691 345 2724 Supra
359 2690 437 2717 enim
455 2693 598 2723 rogantur
611 2689 824 2724 Occidentales,
843 2692 876 2718 ut

76 2725 229 2760 ejusmodi
246 2725 382 2753 homines
392 2725 519 2753 Orientis
532 2725 669 2753 Ecclesiis
688 2725 873 2753 denuntient.

113 2762 154 2795 (l)
174 2762 284 2798 Μακράν
300 2761 397 2798 αὑτῷν.
417 2760 506 2789 Coisl.
523 2761 639 2798 primus
651 2761 764 2798 etrMed.
775 2763 875 2798 μακρὰν

79 2796 175 2826 αὐτοῖς.
189 2795 304 2824 ibidem
316 2795 384 2824 editi
399 2795 533 2824 τοσοῦτονζ
549 2796 634 2824 Coisl.
647 2797 761 2832 primus
775 2795 806 2824 et
819 2795 877 2825 tres

79 2832 127 2860 alii
140 2834 173 2860 ut
187 2832 218 2861 in
233 2834 326 2861 textu.
338 2833 402 2860 Mox
417 2831 536 2861 codices
554 2831 692 2861 nonnulli
705 2834 771 2869 πρὸς
785 2833 824 2860 τό.

972 2264 1000 2298 2)
1020 2263 1096 2299 Παρὰ
1108 2265 1153 2288 τοῦ
1169 2264 1246 2299 Θεοῦ.
1263 2262 1349 2299 Deest
1367 2260 1536 2297 praepositio
1551 2260 1684 2299 inﬁqoisl.
1704 2262 1728 2287 l.

972 2265 1000 2298 2)
1020 2265 1096 2299 Παρὰ
1108 2265 1153 2288 τοῦ
1169 2265 1246 2288 Θεοῦ.
1265 2265 1349 2289 Deest
1367 2265 1536 2297 praeposrtio
1551 2268 1581 2288 in
1598 2265 1684 2288 Corsi.
1704 2265 1728 2287 t.

961 2265 999 2335 (3)
1021 2297 1283 2328 Κατασκευαζοντων.
1313 2298 1356 2325 Ita
1384 2305 1458 2325 mss.
1480 2298 1558 2324 octo.
1580 2296 1652 2324 Edili
1665 2306 1746 2332 παρα-

925 2334 1112 2365 σκευαζόντων.

960 2371 1000 2406 (Ir)
1022 2372 1071 2396 Καὶ
1086 2369 1137 2396 ὅτε.
1155 2367 1331 2406 Conjunctio
1344 2367 1446 2395 addita
1461 2376 1498 2396 ex
1513 2376 1569 2406 seu
1577 2377 1649 2406 mss.

960 2403 999 2441 (5)
1018 2403 1260 2442 Ἐνοιριομούμενος.
1284 2405 1325 2431 Ita
1340 2406 1408 2431 octo
1425 2412 1497 2442 ipss.
1520 2403 1594 2442 Ε(ξῇίὶ
1614 2403 1637 2430 ἐν
1659 2407 1746 2434 τοῖς...

926 2439 1127 2479 ἀριθμούμενος
1138 2443 1262 2480 excepta
1277 2441 1378 2467 tamen
1397 2439 1526 2467 editione
1545 2439 1663 2474 Hagan.
1679 2448 1747 2476 qua:

924 2485 995 2505 cum
1010 2485 1082 2504 mss.
1098 2479 1255 2504 consentit.

972 2514 999 2547 6)
1017 2513 1179 2547 Ἐπισκοπῳ.
1191 2512 1277 2547 Deest
1286 2518 1328 2547 ea
1341 2518 1401 2547 vox
1415 2510 1446 2538 in
1459 2511 1561 2538 codice
1577 2511 1723 2538 Medicago.

972 2514 999 2547 6)
1017 2513 1179 2547 Ἐπισκοπῳ.
1192 2513 1277 2538 Deest
1291 2518 1328 2538 ea
1341 2518 1401 2538 vox
1415 2513 1446 2538 in
1459 2513 1561 2538 codice
1577 2513 1723 2538 Medicago.

1021 2548 1168 2585 Δεξάμενος.
1190 2546 1240 2574 Hic
1254 2545 1329 2585 _ed_i_ti
1348 2546 1464 2585 addunt
1483 2547 1642 2585 Εῷστάφιος,
1665 2545 1749 2585 quod

926 2581 1034 2612 melius
1056 2581 1142 2610 abest
1168 2590 1186 2610 ε,
1207 2581 1361 2609 codicibus
1386 2582 1462 2608 Harl.
1484 2584 1512 2609 et
1536 2582 1622 2608 Coisl.
1640 2581 1747 2616 primo.

929 2619 1020 2647 Paulo
1031 2620 1100 2653 post
1114 2617 1269 2653 Medio-eus
1281 2617 1374 2645 codex
1390 2617 1415 2643 ἐν
1430 2617 1709 2643 Κωνσταντινουπολει.

964 2654 1003 2689 (8)
1085 2654 1143 2689 οἵας
1161 2652 1268 2681 δήποτε.
1290 2653 1332 2689 Ita
1357 2652 1429 2680 Med.
1458 2655 1486 2679 et
1503 2653 1598 2689 iCQisl.
1621 2653 1748 2687 primus.

929 2687 1004 2717 Ed‘iti
1028 2687 1064 2715 δι’
1079 2689 1108 2718 ἃς
1129 2687 1238 2717 δήποτε.
1255 2688 1348 2715 Paulo
1367 2690 1436 2723 post
1449 2688 1480 2714 in
1496 2687 1582 2714 Coisl.
1605 2688 1701 2723 primo
1724 2689 1753 2714 et

930 2724 995 2753 aliis
1010 2724 1162 2752 nonnullis
1177 2724 1285 2759 legitur
1295 2723 1486 2758 ἀπελογήσατο,
1498 2723 1574 2759 πάλιν
1587 2725 1625 2756 τὸ,
1647 2726 1702 2750 etc.

967 2761 1005 2795 (9)
1026 2758 1241 2796 Προϐαλλόμενος.
1268 2761 1408 2796 Ιίὶξιγιιιςε.
1432 2766 1490 2786 sex.
1517 2758 1754 2796 rEtlilirr‘cacgﬂ-

932 2793 1242 2832 λόμενος.Ῥειυ10’ροεῐ
1256 2795 1325 2823 editi
1341 2797 1456 2830 φαίνεται
1468 2793 1581 2830 γράψαι.
1600 2793 1656 2822 Sex
1681 2802 1753 2822 mss.

933 2835 967 2860 ut
980 2832 1010 2860 in
1024 2833 1116 2861 textu.
