1997 3143
82 121 134 148 981

80 227 250 262 χειροτονίαν
279 224 437 261 ἐπιλήψιμον
464 225 530 260 ἔχει,
546 224 621 250 αὐτοὶ
636 225 666 250 οἷν
688 225 793 250 εἴποιτε·
815 224 885 260 ἡμᾶς

82 269 113 297 ϐε
143 270 228 303 λυπεῖ,
254 272 310 300 τοῖς
337 268 487 306 Μαρκέλλου
521 270 724 306 προσπεπονθὼς
751 268 807 304 (15)
837 267 885 294 δό-

81 325 180 352 γμασι,
196 315 316 344 καὶτοὺς
338 313 544 344 ἀκολουθοῦντας
570 313 640 348 αὐτῷ
667 311 822 349 ἀδιακρὶτως
850 313 887 343 εἰς

82 362 132 389 τὴν
146 360 281 385 κοινωνίαν
305 357 398 384 ἑαυτοῦ
413 359 590 394 προσιέμενος.
618 355 714 384 Οἴδατε
741 355 780 392 δὲ,
809 355 886 383 ἀδελ-

83 406 128 440 φοὶ
149 405 315 440 τιμιώτατοι,
337 403 378 428 ὅτι
399 403 486 432 πάσης
508 403 580 438 ἡμῶν
596 406 644 433 τῆς
663 400 769 433 ἐλπίδος
790 401 887 430 ἀθέτη-

84 458 128 474 σιν
141 449 198 484 ἔχει
216 449 247 473 τὸ
265 446 417 484 Μαρκέλλου
431 444 529 482 δόγμα,
553 446 612 472 οὔτε
626 447 685 473 Υίον
705 445 729 472 ἓν
746 444 805 482 ἰδίᾳ
819 447 888 471 ὑπο-

84 494 180 519 στάσει
212 491 364 528 ὁμολογοῦν,
399 489 463 516 ἀλλὰ
492 491 682 527 προενεχθέντα
697 511 705 524 ,
734 492 779 516 καὶ
810 490 887 516 πάλιν

83 536 289 573 ὑποστρέψαντα
307 535 343 566 εἰς
375 536 418 562 τὸν
451 534 507 561 ὅθεν
539 534 677 571 προῆλθεν,
693 535 751 561 οὕτε
762 535 805 561 τὸν
837 538 889 560 Πα-

83 581 214 618 ράκλητον
247 578 321 611 ἰδίως
351 580 524 615 ὑφεστηκέναι
554 582 720 616 συγχωροῦν·
751 578 818 605 ὣστε
842 579 889 605 οὐκ

83 626 115 652 ἀν
140 636 179 655 τις
202 625 317 662 ἁμάρτοι
343 627 556 660 Χριστιανισμοῦ
586 625 630 659 μὲν
665 623 793 654 παντελῶς
813 622 890 649 ἀλλο-

82 672 159 707 τρίαν
189 669 336 706 ἀποφαίνων
361 671 407 698 τὴν
439 669 550 705 αῖρεσίν,
580 666 748 704 Ἰουδαισμόν
773 666 802 694 δὲ
825 678 891 705 παρ-

84 715 242 752 εφθαρμένον
271 713 352 742 αὐτὴν
380 713 591 750 προσαγορεύων.
627 713 728 738 Τούτων
764 714 811 741 τὴν
836 711 890 738 ἔπι-

84 759 188 796 μυΰειαν
211 759 334 794 γενέσθαι
362 757 425 795 παρ’
457 758 527 794 ὑμῶν
567 756 753 793 ἐπιζητοῦμεν.
790 758 891 783 Γένοιτο

84 803 111 830 δ’
127 805 170 835 ἄν,
200 803 222 829 εἰ
241 801 386 828 ἐπιστεῖλαι
406 801 586 833 καταξιώσητε
613 802 713 832 πάσαις
738 804 796 832 ταῖς
824 803 892 827 κατὰ

530 117 777 146 EPISTOLARUM
800 116 945 152 CLASSIS
974 117 1008 146 Il.
1040 116 1153 146 EPIST.
1180 117 1314 147 CCLXIV.

120 184 148 210 ξς,
174 181 203 207 '0
229 180 316 217 μέντοι
343 179 480 211 Παυλῖνος,
509 179 531 206 εἰ
560 181 605 216 μέν
626 190 652 206 τι
675 182 720 206 καὶ
747 181 806 217 περὶ
836 180 923 209 τὴνΑ

1712 119 1766 148 982

1017 180 1160 208 Paulinus
1175 181 1278 208 autem
1298 181 1400 209 utrum
1426 181 1542 217 aliquid
1560 182 1588 210 et
1616 182 1696 211 circa
1717 189 1768 210 or-

940 224 1125 252 dinationem
1140 225 1366 260 reprehensioni
1382 225 1549 253 obnoxium
1571 227 1693 259 habeat,
1709 227 1769 262 ipsi

940 269 1081 297 dixeritis.
1094 271 1152 297 Nos
1168 276 1240 296 sane
1253 277 1382 297 maerore
1404 270 1506 304 afﬁcit,
1532 271 1617 306 quod
1641 271 1673 299 in
1696 273 1769 299 Mar-

939 313 1005 342 celli
1019 314 1163 348 dogmata
1175 314 1353 349 propendet,
1368 322 1404 342 ac
1422 314 1501 342 illius
1525 317 1687 344 sectatores
1703 316 1769 344 sine

940 358 1111 386 discrimine
1122 357 1162 385 ad
1178 365 1266 385 suam
1281 359 1528 387 communionem
1542 359 1681 388 admittit.
1704 360 1768 387 Sci-

940 403 977 431 tis
992 403 1083 435 enim,
1098 402 1205 431 fratres
1223 403 1354 431 maxime
1369 404 1497 439 colendi,
1526 412 1611 440 spem
1632 406 1771 434 nostram

941 456 1064 476 omnem
1095 447 1187 475 everti
1221 447 1347 476 Marcelli
1379 448 1531 484 dogmate,
1557 449 1641 485 quod
1665 457 1768 486 neque

943 493 1048 520 Filium
1077 491 1109 519 in
1127 492 1250 528 propria
1263 492 1422 528 hypostasi
1446 492 1613 528 conﬁtetur,
1636 494 1690 522 sed
1704 502 1772 530 pro-

942 537 1038 565 latum
1066 544 1153 569 esse,
1179 538 1208 564 et
1231 544 1335 564 rursus
1365 544 1521 565 reversum
1545 537 1584 566 ad
1612 546 1704 572 eum,
1734 546 1772 567 ex

943 589 1005 618 quo
1019 582 1216 617 processerat,
1247 588 1345 617 neque
1370 581 1556 609 Paracletum
1579 582 1772 618 hypostasim

944 626 1100 662 propriam
1122 625 1235 653 habere
1260 625 1416 654 concedit:
1442 634 1537 662 quare
1561 634 1624 655 non
1650 627 1774 656 aberra-

945 671 1028 706 verit,
1044 670 1097 706 qui
1123 677 1141 697 a
1164 669 1390 698 Cbristianismo
1416 670 1537 706 penitus
1570 671 1701 699 alienam
1715 672 1775 699 hae-

945 715 1034 743 resim
1047 714 1221 751 pronuntiet
1236 735 1243 748 ,
1266 722 1302 741 ac
1325 714 1515 742 Judaismum
1541 717 1717 751 corruptum
1742 715 1774 743 il-

945 759 1007 786 lam
1031 758 1171 794 appellet.
1196 759 1216 785 A
1247 758 1334 786 vobis
1362 760 1395 786 ut
1419 758 1528 787 borum
1549 767 1654 787 curam
1684 760 1777 788 susci-

945 803 1036 840 piatis
1051 803 1265 837 efﬂagitamus.
1279 802 1449 838 Suscipietis
1459 805 1574 838 autem,
1592 804 1616 831 si
1632 804 1775 832 omnibus

82 851 132 878 τὴν
162 847 302 875 Ἀνατολὴν
328 846 506 879 Ἐκκλησίαις,
537 847 599 876 τοὺς
612 849 697 872 ταῦτα
715 847 892 882 παραχαράσ-

955 847 1073 876 )rientis
1098 846 1235 874 Ecclesiis
1261 847 1392 875 scribere
1417 855 1480 874 non
1516 849 1693 883 gravemini,
1724 856 1777 876 eos

86 902 193 926 σοντας,
218 894 240 918 εὶ
265 893 310 927 μὲν
340 889 498 927 διορθοῖντο,
522 888 587 916 εἶπαι
614 891 790 921 κοινωνικούς·
815 890 836 917 εὶ
862 888 892 916 δὲ

85 937 214 973 ἐπιμένειν
257 935 405 971 φιλονείκως
445 934 581 971 βούλοιντο
612 937 670 965 ταῖς
704 936 891 971 καινοτομίαις,

83 981 255 1018 χωρίζεσθαι
282 979 326 1005 ἀπ’
349 979 447 1007 αὐτῶν.“
472 982 522 1005 Καὶ
544 979 584 1005 ὃτι
599 980 644 1014 μὴν
673 978 726 1005 ἔδει
741 980 810 1015 ἡμᾶς
830 988 892 1005 συν-

86 1025 241 1065 εδρεύοντας
265 1026 331 1062 μετὰ
359 1028 406 1055 τῆς
433 1025 556 1061 ὑμετέρας
582 1026 730 1062 φρονήσεως
768 1024 794 1050 ἐν
817 1028 889 1061 κοινῇ

86 1071 180 1106 σκέψει
195 1072 229 1096 τὰ
251 1072 312 1106 περὶ
324 1071 422 1095 τούτων
443 1067 587 1103 διαλαϐεῖν,
607 1067 669 1095 οὐδέ
692 1069 766 1095 αὖτοὶ
780 1068 892 1105 ἀγνοοῦ-

85 1125 142 1152 μιν·
178 1114 233 1140 ἀλλ’
266 1112 356 1142 ἓπειδὴ
391 1114 404 1139 ὁ
436 1115 528 1150 καιρὸς
557 1112 605 1138 οὐκ
635 1111 762 1139 ἐνδίδωσι
794 1115 839 1140 καὶ
863 1115 893 1139 τὸ

86 1159 280 1186 ἀναϐάλλεσθαι
304 1157 441 1194 βλαϐερὸν,
460 1162 506 1188 τῆς
528 1156 572 1183 ἀπ’
595 1161 663 1183 ατῶν
690 1159 747 1193 (l6)
785 1157 888 1194 βλάϐης

85 1203 268 1241 ἐῤῥιξωμένης,
308 1201 457 1237 ἀναγκαίως
492 1201 679 1237 ἆπιστιὶλαμεν
719 1203 779 1232 τοὺς
819 1201 894 1228 ἀδελ-

87 1250 161 1285 φούς·
190 1248 234 1273 ἶνα
257 1249 308 1274 ὅσα
330 1249 375 1273 καὶ
405 1249 453 1276 τὴν
468 1246 495 1272 ἐκ
509 1250 554 1272 τοῦ
579 1247 733 1284 γράμματος
763 1245 894 1273 διδασκα-

86 1293 145 1320 λίαν
173 1292 311 1330 παρέλαϐε,
336 1295 421 1318 ταῦτα
458 1291 519 1328 παρ’
555 1290 652 1316 ἑαυτῶν
677 1289 892 1325 ἀναδιδάξαντες,

85 1339 234 1366 κινήσωσιν
261 1337 331 1372 ὑμῶν
357 1337 405 1365 τὴν
435 1335 567 1362 εὐλάϐειαν
595 1335 632 1366 εἰς
652 1336 681 1361 τὸ
703 1337 894 1371 παρασχέσθαι

87 1384 137 1411 τὴν
165 1382 374 1417 ἓπιζμτουμένην
402 1379 526 1416 βοήθειαν
545 1383 604 1411 ταῖς
618 1383 664 1406 τοῦ
692 1384 758 1407 Θεοῦ
785 1380 893 1410 Ἐκκλη-

89 1429 172 1457 σίαις.

364 1471 528 1496 ΕΠΙΣΤΟΔΠ
547 1469 615 1495 ΣΞΔ.

946 892 999 928 qui
1013 891 1078 919 haec
1094 891 1271 927 depravant,
1293 890 1319 918 si
1345 891 1544 927 corrigantur,
1569 892 1774 920 admittendos

947 936 986 965 ad
1001 935 1329 968 communionem;sin
1350 937 1452 963 autem
1476 936 1667 971 pertinaciter
1687 937 1776 965 novi-

946 981 1058 1009 tatibus
1082 979 1286 1007 adhaerescere
1307 979 1525 1015 voluerint,‘lab
1555 981 1693 1008 Ecclesiis
1723 981 1778 1009 ab-

948 1024 1141 1060 scindendOs,
1173 1025 1263 1060 atque
1287 1024 1319 1052 id
1345 1024 1469 1060 quidem
1496 1024 1606 1053 factum
1640 1033 1659 1053 a
1684 1025 1778 1054 nobis

947 1069 1127 1106 oportuisse,
1144 1070 1177 1096 ut
1188 1076 1249 1096 una
1262 1076 1332 1096 cum
1361 1070 1460 1096 vestra
1482 1069 1644 1104 prudentia
1669 1070 1778 1097 seden-

948 1112 1172 1147 tes,communi
1190 1112 1407 1140 deliberatione
1420 1112 1458 1140 de
1472 1112 1519 1140 his
1540 1121 1713 1148 ageremus,
1737 1122 1777 1142 ne

947 1158 1005 1194 ipsi
1025 1157 1149 1193 quidem
1180 1156 1370 1191 ignoramus.
1399 1156 1457 1184 Sed
1484 1158 1631 1192 quoniam
1656 1160 1777 1194 tempus

947 1211 1010 1231 non
1023 1201 1177 1238 permittit,
1193 1203 1221 1229 et
1235 1201 1339 1229 dilatio
1361 1201 1488 1229 exitiosa
1503 1203 1557 1233 est,
1573 1202 1656 1229 illato
1675 1203 1713 1230 ab
1729 1203 1778 1238 ip-

948 1247 989 1275 sis
1001 1247 1115 1275 damno
1130 1245 1232 1273 radice
1247 1247 1365 1281 agente,
1392 1246 1563 1274 necessario
1590 1247 1646 1273 hos
1673 1246 1781 1274 fratres

948 1291 1097 1322 misimus,
1108 1292 1141 1318 ut
1151 1292 1178 1318 et
1194 1297 1386 1326 quascunque
1403 1289 1571 1318 litterarum
1593 1290 1780 1319 documenta.

948 1335 1136 1370 effugerunt,
1156 1335 1220 1362 haec
1233 1342 1286 1370 per
1300 1342 1331 1362 se
1352 1334 1414 1370 ipsi
1433 1334 1605 1369 edocentes,
1635 1335 1781 1370 pietatem

948 1382 1080 1408 vestram
1102 1378 1226 1406 incitent
1240 1379 1281 1406 ad
1308 1378 1473 1414 expetitum
1497 1378 1548 1407 Dei
1572 1379 1709 1407 Ecclesiis
1736 1380 1779 1407 fe-

948 1423 1078 1452 rendum
1093 1422 1252 1456 auxilium,

1187 1467 1358 1495 EPISTOLA
1377 1467 1523 1496 CCLXW'.

87 1533 221 1565 Bursam
238 1531 493 1565 Basilius,oblala
506 1531 663 1559 occasione
677 1531 820 1559 Domm'm‘
834 1533 863 1560 et
875 1532 1023 1560 sociorum
1033 1530 1230 1566 ejus,salutat
1246 1532 1274 1558 et
1285 1529 1429 1558 hortatur
1438 1532 1472 1557 ut
1484 1532 1548 1558 oret
1557 1537 1614 1564 pro
1624 1529 1762 1559 Ecclesia

333 1568 383 1595 cui
392 1567 512 1603 quidem
527 1570 630 1601 sperat
645 1567 778 1601 Basilius
790 1575 895 1602 pacem
908 1568 1013 1595 datum
1025 1567 1077 1599 iri,
1094 1567 1154 1594 nisi
1163 1567 1384 1601 appropinquct
1394 1566 1532 1600 defectio.

181 1617 281 1654 Βάρο-ῇ,
297 1615 431 1652 ἐπτσκὸπῳ
444 1614 583 1649 Ἐδέσσης,
599 1616 624 1641 ἐν
640 1614 727 1654 ἐξορίᾳ
743 1617 806 1643 ὅντι-

125 1673 169 1707 Te?)
193 1670 226 1702 ὡς
255 1670 357 1700 ἀληθῶς
387 1669 573 1706 Οεοφιλεστάτῳ
613 1671 658 1695 καὶ
694 1670 784 1700 πάσης
807 1667 898 1700 αἰδοῦς

86 1718 134 1753 καὶ
151 1719 229 1752 τιμῆς
242 1714 306 1751 ἀξίῳ
326 1714 460 1749 ἐπιδ-κόπῳ
484 1717 570 1751 Βαρση
600 1713 734 1745 Βασίλειος
760 1713 784 1740 ἐν
809 1717 897 1751 Κυρίῳ

87 1762 206 1798 χαίρειν.
234 1759 397 1796 Ἐρχομένων
423 1762 472 1783 τῶν
501 1759 689 1794 γνησιωτάτων
710 1756 826 1795 ἀδελφῶν
848 1763 896 1784 τῶν

87 1807 150 1842 περὶ
178 1807 298 1840 Δομνῖνον
322 1803 378 1838 (17)
407 1804 473 1839 πρὸς
501 1804 547 1831 τὴν
564 1801 696 1828 εὐλάϐειαν
727 1812 785 1838 σου,
813 1801 896 1834 ἡδέως

88 1852 138 1879 τὴν
152 1848 271 1886 ἀφορμὴν
285 1851 334 1874 τῶν
359 1848 524 1884 γραμμάτων
555 1845 708 1882 ἐδεξάμεθα,
737 1850 785 1874 καὶ
814 1857 896 1884 προσ-

89 1895 248 1930 αγορεύομεν
273 1902 302 1918 σε
326 1890 363 1918 δι’
388 1892 481 1921 αὐτῶν,
509 1891 651 1927 εὐχόμενοι
684 1895 721 1928 τῷ
744 1891 810 1928 ἁγίῳ
839 1895 896 1928 Θεῷ

89 1941 174 1976 μέχρι
187 1938 312 1964 τοσούτου
327 1936 495 1972 φυλαχθῆναι
521 1936 577 1972 (18)
656 1937 708 1972 ζωῇ
725 1937 819 1973 ταύτῃ,
852 1939 896 1973 μέ.

89 1993 154 2020 χρις
176 1982 206 2008 οὗ
225 1981 423 2017 καταξιωθῶμεν
450 1979 515 2006 ἁδεῖν
543 1990 582 2013 σε,
604 1982 650 2006 καὶ
679 1979 827 2006 ἀπολαῦσαι
847 1985 897 2007 τῶν

89 2028 117 2057 ἐν
145 2030 188 2053 σοὶ
216 2027 402 2064 χαρισμάτων.
431 2027 515 2052 Μόνον
540 2025 632 2061 εὔχου,
652 2025 806 2062 παρακαλῶ,
830 2025 897 2051 ῖναό

90 2073 189 2109 Κύριος
204 2073 239 2107 μὴ
270 2068 383 2108 παραδῷ
409 2070 476 2106 ἡμᾶς
504 2069 540 2099 εἰς
565 2069 637 2100 τέλος
659 2073 712 2100 τοῖς
734 2068 838 2106 ἐχθροῖς
850 2073 896 2096 τοῦ

90 2120 208 2157 σταυροῦ
227 2119 273 2142 τοῦ
294 2117 422 2152 Χριστοῦ,
445 2114 510 2141 ἀλλὰ
535 2114 633 2150 φυλάξῃ
652 2115 706 2151 (19)
732 2116 780 2144 τὰς
804 2114 896 2141 ἑαυτοῦ

86 2161 244 2191 Ἐκκλησίας
265 2162 346 2197 μέχρι
366 2163 412 2185 τοῦ
434 2162 527 2196 καιροῦ
550 2163 595 2189 τῆς
622 2159 732 2195 εἰρήνης,
757 2159 788 2188 ἦν
818 2159 896 2184 αὐτὸς

88 2204 161 2233 οἶδε)
188 2206 201 2231 ὁ
230 2203 331 2236 δίκαιος
358 2205 449 2240 κριτὴς
472 2206 535 2230 πότε
566 2202 710 2231 ἀποδώσει.
745 2201 895 2230 Ἀποδώσει

126 2267 186 2303 (ιε)
200 2266 416 2304 Προσπεπονθςὸς.
426 2264 560 2304 Ital-larl.
576 2264 745 2304 eum_Coisl.
757 2264 892 2304 secundo

1060 1617 1171 1650 Barsze,
1201 1615 1318 1642 Edessa
1337 1622 1484 1649 episcopo,
1507 1615 1672 1643 exsulanti.

989 1670 1060 1697 Vere
1082 1667 1314 1703 religiOSissimo
1342 1668 1486 1704 omnique
1504 1669 1673 1697 reverentia
1686 1669 1715 1696 et
1728 1668 1782 1697 ho-

951 1721 1024 1742 nore
1039 1713 1132 1748 digno
1158 1713 1301 1748 episcopo
1331 1713 1428 1740 Barsae
1458 1712 1583 1740 Basilius
1597 1713 1627 1740 in
1652 1714 1781 1741 Domino

953 1758 1092 1786 salutem.
1109 1758 1182 1785 Cum
1197 1756 1437 1793 proﬁcisceretur
1459 1757 1708 1791 germanissimus
1722 1757 1781 1786 fra-

951 1804 996 1830 ter
1011 1801 1177 1830 Domninus
1201 1800 1241 1829 ad
1259 1802 1344 1828 tuam
1369 1801 1521 1838 pietatem,
1543 1801 1671 1828 libenter
1696 1809 1780 1830 occa-

952 1847 1069 1874 sionem
1095 1845 1247 1873 scribendi
1262 1845 1444 1880 excepimus,
1461 1847 1552 1881 teque
1568 1853 1621 1881 per
1634 1845 1718 1873 illum
1734 1854 1779 1874 sa-

949 1891 1093 1924 lutamus,
1111 1892 1204 1918 Deum
1220 1892 1360 1917 sanctum
1382 1892 1550 1925 precantes,
1566 1889 1713 1917 uttandiu
1727 1898 1778 1918 cu-

951 1935 1117 1963 stodiamur
1144 1934 1176 1962 in
1194 1934 1252 1962 hac
1273 1934 1345 1968 vita,
1370 1933 1467 1962 donec
1486 1933 1570 1968 digni
1597 1933 1777 1969 habeamur,

950 1979 1002 2016 qui
1017 1982 1045 2007 te
1064 1979 1237 2013 videamus,
1251 1986 1287 2006 ac
1300 1978 1399 2012 donis,
1419 1985 1488 2014 qum
1500 1979 1531 2005 in
1542 1979 1584 2016 (te
1607 1979 1685 2012 sunt,
1710 1985 1778 2014 per-

950 2024 1097 2053 fruamur.
1112 2023 1245 2052 Tantum
1271 2031 1405 2060 precare,
1429 2011 1567 2058 obsecif),
1583 2025 1616 2051 ut
1630 2023 1776 2051 Dominus

951 2069 1041 2106 408
1056 2076 1117 2098 non
1131 2068 1230 2096 tradat
1237 2076 1292 2096 nos
1305 2068 1336 2096 in
1346 2070 1525 2104 perpetuum
1534 2068 1663 2096 inimicis
1679 2069 1776 2097 crucis

951 2113 1064 2146 Christi,
1095 2112 1148 2140 sed
1178 2113 1327 2140 custodiat
1352 2112 1499 2140 Ecclesias
1524 2120 1594 2141 suas
1619 2120 1714 2149 usque
1734 2114 1776 2142 ad

950 2161 1069 2195 tempus
1078 2157 1173 2193 pacis,
1180 2165 1273 2193 quam
1281 2157 1365 2184 novit
1373 2157 1639 2192 ipsejustusjudcx
1649 2157 1774 2193 quando

951 2203 989 2231 sit
1008 2202 1191 2231 redditurus.
1220 2201 1333 2229 Reddet
1357 2201 1447 2234 enim,
1461 2209 1517 2228 nec
1544 2209 1600 2228 nos
1628 2203 1774 2237 perpetuo

946 2264 1048 2300 plures
1062 2263 1259 2300 mitterentur,
1276 2270 1356 2300 unus
1370 2263 1473 2300 tamen
1485 2262 1700 2300 nominaretur.
1717 2263 1773 2290 Do-

88 2304 119 2331 et
131 2298 264 2338 quatuor
273 2301 429 2329 codicibus
459 2301 567 2335 Regiis.
582 2300 737 2328 Medicaeus
753 2303 782 2327 et
803 2300 889 2334 Cois].
909 2301 931 2328 Ι)
947 2298 1031 2328 mino
1047 2302 1148 2327 autem
1159 2299 1292 2334 aliquem
1303 2298 1435 2326 adfuisse
1442 2298 1583 2326 comitem
1594 2298 1772 2361 conjlicimus

88 2339 208 2361 nrimns
235 2337 428 2361 προπεπονθώς.
443 2336 518 2361 Editi
542 2337 680 2361 πεποιθὼς.
709 2335 799 2361 Paulo
825 2338 894 2361 post
948 2344 984 2361 ex
997 2335 1083 2361 enisi.
1100 2337 1151 2361 267
1166 2334 1206 2361 ad
1217 2333 1359 2361 eumdem
1373 2335 1505 2361 Barsam.
1521 2334 1573 2361 ubi
1590 2334 1652 2361 Basi
1668 2334 1714 2361 ius
1728 2334 1772 2361 la-

88 2335 208 2375 primus
235 2337 428 2375 προπεπονθώς.
443 2336 519 2375 Editi
542 2337 680 2375 πεποιθὼς.
709 2335 799 2363 Paulo
825 2338 894 2375 post

90 2371 162 2402 ἒξόὶιί
177 2371 311 2399 κοινωνίαν
335 2372 417 2398 αὐτοῦ
440 2373 588 2408 προέμενος.
618 2373 689 2400 Octo
711 2374 839 2408 mss._ut

89 2412 185 2437 textu.
200 2409 246 2436 Sic
261 2409 351 2436 etiam
367 2406 562 2435 emendatum
576 2409 620 2435 est
635 2407 666 2434 in
689 2406 823 2434 secunda
833 2406 892 2434 edi-

90 2446 173 2474 tione
186 2444 354 2472 Parisiensi.

127 2480 183 2515 (16)
199 2483 252 2510 Τῆς
267 2479 310 2505 ἀπ’
326 2478 421 2506 αὐτῶν.
434 2479 478 2515 Ita
488 2479 600 2506 veteres
611 2477 679 2506 libri
686 2485 806 2506 summo
822 2484 892 2506 con-

91 2523 192 2544 sensu.
210 2515 287 2548 Edili
301 2519 349 2545 τῆς
365 2514 409 2540 ὑπ’
424 2514 518 2541 αὐτῶν.

127 2552 136 2588 ς
145 2552 251 2581 17ὶτῶν
268 2547 333 2588 περὶ
359 2553 489 2588 Δομνῖνον.
517 2547 673 2588 Existimat
696 2548 894 2588 Combetisius

91 2583 189 2614 solum
209 2583 370 2614 Dominum
391 2583 432 2612 sic
439 2584 561 2613 honoris
571 2592 662 2611 causa
668 2584 828 2617 nominari,
838 2592 895 2612 nec

92 2622 169 2650 ullos
182 2621 336 2655 designari
345 2621 482 2648 comites.
495 2622 590 2655 Atque
600 2620 627 2646 id
638 2619 895 2655 quidemlibenter

91 2655 420 2685 assentiordoctissimo
429 2656 501 2684 viro.
509 2655 606 2683 solum
616 2655 663 2682 hic
671 2655 831 2682 Dominum
843 2663 895 2683 no-

91 2693 200 2722 minari
212 2702 219 2724 ;
232 2700 294 2720 non
310 2692 421 2719 idcirco
437 2694 547 2722 tamen,
562 2691 644 2726 quod
660 2691 750 2718 sociis
770 2693 892 2724 careret,

90 2728 143 2765 sed
159 2728 235 2765 quia
249 2727 291 2756 illi
302 2727 452 2765 praecipue
460 2726 558 2754 honor
568 2726 749 2765 habebatur,
759 2726 894 2765 SicAenim

89 2764 154 2796 ﬂeri
170 2762 269 2795 solere
291 2762 521 2793 observavimus
545 2762 585 2797 ad
600 2762 685 2799 epist.
702 2763 763 2796 243,
780 2762 813 2793 ut
824 2769 894 2791 cum

948 2344 984 2364 ex
997 2335 1083 2371 epist.
1100 2337 1151 2361 267
1166 2333 1359 2362 ad’eumdem
1373 2335 1505 2371 Barsam,
1521 2334 1573 2361 ubi
1590 2333 1714 2361 Basilius
1728 2334 1772 2362 la-

947 2368 1026 2398 tores
1055 2370 1222 2398 litterarum
1250 2377 1374 2396 suarum
1408 2368 1514 2396 fratres
1541 2371 1772 2402 commemorat,

946 2406 1026 2435 hanc
1041 2406 1139 2442 ipsam
1154 2405 1314 2468 egistolam
1327 2404 1473 2432 indicans.
1488 2404 1619 2432 Aitenim
1628 2413 1660 2432 se
1673 2406 1773 2432 Bai-sna

947 2450 1009 2468 non
1023 2449 1104 2468 smne
1117 2441 1168 2468 aui
1192 2449 1239 2468 em
1251 2440 1417 2468 scripsisse.
1430 2440 1483 2467 sed
1490 2443 1592 2468 tamen
1605 2440 1772 2468 scripsisse:

947 2450 1009 2470 non
1023 2440 1104 2477 stipe
1117 2440 1239 2477 quidem
1251 2440 1417 2477 scripsisse,
1430 2440 1483 2467 sed
1490 2443 1592 2477 tamen
1605 2440 1772 2476 scripsisse:

946 2477 1058 2514 quibus
1069 2476 1168 2514 verbis
1185 2476 1274 2514 unica
1288 2476 1462 2511 designatur
1475 2476 1609 2514 epistola.

984 2513 1039 2548 (18)
1056 2512 1235 2548 Υυλαχῦἥναι.
1253 2513 1295 2540 lla
1320 2509 1397 2548 mgis,
1426 2509 1552 2548 septem.
1579 2511 1655 2538 Edlli
1680 2509 1774 2548 διαφυ-

947 2545 1089 2584 λαχοῆναι.
1119 2545 1209 2575 Ρξιυιο
1227 2548 1303 2584 post
1325 2547 1394 2575 editi
1408 2545 1679 2583 καὶάὔτοπροσωπως
1705 2545 1772 2572 ista

950 2582 1072 2613 as'focto
1087 2591 1162 2610 mss.
1175 2586 1207 2610 ut
1225 2582 1255 2610 in
1272 2585 1365 2610 textu.

985 2620 1040 2652 (t9)
1059 2618 1174 2652 Φυλάξῃ.
1209 2619 1256 2646 Sic
1283 2618 1359 2652 Vat.,
1390 2616 1478 2646 Cois].
1502 2617 1680 2652 uterqucret
1700 2617 1773 2650 Reg.

948 2649 1100 2716 sciiipdus
1115 2649 1153 2681 ac‘
1164 2653 1256 2688 Bigot.
1271 2649 1498 2686 alterIQuatuor
1506 2652 1555 2680 alii
1567 2649 1683 2687 φυλάξει.
1698 2651 1774 2679 Editi

950 2700 982 2716 ου
1001 2699 1068 2716 αμοι.

950 2699 1068 2726 φυλαςοι.

986 2728 995 2736 ’
1006 2725 1084 2753 Alias
1096 2724 1250 2753 CCCXXVI.
1261 2724 1376 2761 Scripta
1391 2723 1469 2752 circa
1484 2729 1599 2751 annum
1612 2723 1674 2750 377.
