1997 3143
241 103 290 129 991

924 99 952 127 S.
974 99 1100 127 BASILII
1119 98 1231 127 MAGNI

1865 103 1920 130 992

243 163 316 191 solis
330 163 453 195 debere;
472 162 526 190 sed
545 163 691 198 oportere,
709 164 741 189 ut
757 163 785 189 et
803 160 1019 195 Occidentales,
1036 163 1064 188 et

1128 162 1181 191 rei);
1197 160 1392 196 ἀσφαλίσησθι,
1413 163 1502 197 μονοις
1526 161 1625 193 ἑαυτοῖς
1648 162 1787 199 ἐπιτρέψαι
1809 167 1922 200 πρᾶγμα

240 208 293 245 qui
308 208 338 235 in
354 207 470 235 Oriente
488 208 558 234 sunt
576 206 850 234 communicatores
863 228 870 240 ,
887 205 1064 233 restitutioni

243 261 345 281 eorum
358 252 556 280 consentiant.

482 358 649 385 EPISTOLA
684 357 825 385 CCLXVI‘.

1119 209 1244 231 τοσοῦτον
1273 205 1320 231 οὐκ
1349 206 1478 241 ὀφείλετε,
1508 206 1572 232 ἀλλὰ
1600 209 1655 244 χρὴ
1680 210 1724 233 καὶ
1752 210 1809 238 τοὺς
1841 207 1862 234 ὶν
1887 213 1918 244 τῇ

1119 251 1205 282 Δύσει,
1231 252 1276 275 καὶ
1302 251 1358 280 τοὺς
1393 252 1461 277 κατὰ
1496 253 1543 280 τὴν
1563 251 1704 280 Ἀνατολὴν
1733 255 1919 286 κοινωινκοὺς,

1120 294 1277 331 συμψήρονς
1296 295 1380 321 αὐτῶν
1395 299 1426 331 τῇ
1445 295 1663 322 ἁποκαταστάσει
1676 297 1806 332 γενέσθαι.

1389 360 1555 384 ΕΠΙΣΤΟΑΙΙ
1580 358 1651 390 ΣΞςέ.

242 404 365 431 Fatetur
374 403 506 430 Basilius
521 403 620 430 minus
636 404 715 429 recte
727 409 745 429 α
759 409 789 429 se
798 403 926 435 factum,
941 400 1022 436 quod
1032 407 1092 427 non
1105 401 1261 438 scripserit
1269 401 1309 429 ad
1320 401 1442 430 Petrum
1459 403 1496 430 de
1509 403 1544 430 iis
1556 411 1622 438 qua:
1635 405 1754 438 egerant
1770 404 1905 438 confesso
1915 419 1924 424 -

278 445 345 471 res;
361 442 496 466 cwlerum
510 438 552 465 ita
569 440 719 464 assuetum
732 445 762 464 se
774 445 835 464 esse
851 438 895 469 iis,
916 444 980 471 qua!
995 443 1054 463 non
1077 436 1174 464 solum
1198 437 1236 464 ab
1253 437 1388 470 Arianis,
1411 439 1462 465 sed
1483 436 1572 466 etiam
1595 439 1632 466 ab
1650 436 1845 466 unanimibus
1861 440 1924 466 suis

277 474 401 501 molesta
418 473 476 501 sibi
485 473 637 506 accidunt,
654 476 685 499 ul
701 474 849 507 ejusmodi
862 472 949 500 rebus
969 479 1023 499 nec
1039 475 1202 499 commotus
1217 473 1323 506 fuerit,
1340 481 1394 500 nec
1407 474 1594 501 nuntiandus
1607 474 1697 502 Petro
1712 474 1846 502 duxerit.
1863 475 1925 502 Sed

279 513 378 546 tamen
398 517 429 537 se
444 509 484 536 ad
503 509 687 546 confessor-es
700 509 861 546 scripsisse,
877 515 982 546 eosque
999 507 1153 546 hortatum
1168 515 1238 546 esse,
1251 509 1371 546 ut_mali
1384 509 1546 546 remedium
1561 509 1599 537 ab
1615 510 1650 536 iis
1666 513 1848 544 exspectent,
1861 511 1926 546 qui-

280 545 332 572 bus
348 545 408 572 hzec
418 551 526 572 curare
536 545 683 572 convenit.
697 544 818 571 Laudat
831 544 888 571 hac
902 545 933 570 in
948 551 982 570 re
993 543 1192 580 constantiam
1208 543 1290 580 Petri
1302 547 1330 571 et
1345 545 1478 571 studium
1488 553 1651 572 canonum:
1666 552 1754 580 seque
1769 547 1812 573 ait
1824 543 1924 573 eodem

277 581 377 608 stud-io
390 580 554 607 adductum
568 580 673 613 fuisse,
686 583 717 606 ut
736 580 816 607 nillil
835 580 979 607 hactenus
997 578 1112 605 Galatis
1131 578 1333 612 responderet,

1369 581 1419 607 uia
1439 581 1525 608 Petri
1537 580 1690 615 judicium
1712 581 1928 615 exspectabat;

278 616 329 644 sed
345 619 443 643 tamen
459 623 506 643 eos
525 618 626 649 sperat
645 615 682 642 ad
699 615 864 642 Ecclesium
880 615 923 642 ita.
941 614 1104 640 adductum
1129 614 1178 646 iri,
1195 617 1227 641 ut
1244 615 1302 648 ipsi
1317 614 1357 642 ad
1371 614 1552 650 Cat/iolicos,
1570 623 1631 643 non
1654 616 1694 644 ad
1713 614 1930 645 eos'Cat/wlici

278 651 431 679 accessisse
446 651 615 678 videantur.
630 650 802 687 Dolet/[uad
815 649 982 687 Dorolheus
992 650 1117 687 Petrum
1127 650 1227 687 minus
1242 650 1350 678 leniter
1365 651 1517 678 allocutus
1528 649 1623 685 fuerit
1641 660 1648 684 ;
1663 652 1714 679 sed
1724 652 1849 687 indigne
1861 653 1928 686 fac-

280 690 342 713 tum
356 694 416 714 esse
430 686 626 719 dentonstral,
641 689 673 713 ut
688 684 825 713 Mclclius
846 689 872 713 el
892 685 1031 712 Eusebius
1047 685 1126 711 inter
1144 684 1297 713 haereticos
1319 694 1421 713 coram
1438 684 1567 714 Damaso
1583 690 1610 715 et
1624 687 1713 715 Petro
1726 684 1927 716 numeraren-

280 725 339 749 tur.
357 722 514 750 Praeterito
530 722 675 750 oblivioni
689 721 840 749 tradenda
855 723 951 748 censet
963 727 975 755 ;
983 719 1112 755 plurimi
1127 721 1203 748 enim
1217 721 1368 756 interesse,
1383 725 1415 749 ut
1427 730 1507 750 nunc
1519 723 1648 751 maxime
1661 731 1726 757 pax
1739 726 1888 751 servetur.

422 776 518 808 Petro,
535 776 670 810 episcopo
683 775 893 803 Alerandriw.

279 822 397 849 LRecte
413 828 460 847 me
479 819 707 856 reprehendisti,
719 821 748 847 et
763 821 794 846 ut
808 819 933 846 decebat
948 820 1070 846 fratrem
1089 817 1107 843 Β

246 865 441 901 spiritualem,
450 865 640 892 dilectionem
652 872 755 891 veram
767 864 919 892 aDomino
932 863 1071 891 edoctum

244 910 326 945 quod
343 916 404 936 non
426 912 451 937 te
469 909 506 936 de
522 908 664 936 omnibus
680 916 748 944 quin
768 908 817 935 hic
837 910 997 942 geruntur,
1011 907 1072 934 sive

244 954 346 990 parvis
361 954 420 980 sive
437 953 566 988 magnis,
580 954 735 980 certiorem
748 952 888 980 facimus.
898 953 971 979 Nam
981 954 1008 979 et
1019 950 1072 978 tibi

244 998 385 1026 convenit
402 1001 505 1025 nostra
521 1005 637 1030 curare,
650 999 678 1024 et
688 996 776 1024 nobis
796 996 835 1024 ad
850 999 934 1024 tuam
946 995 1072 1023 charito—

245 1045 304 1070 tcm
317 1042 353 1069 de
362 1042 452 1069 rebus
461 1041 570 1069 nostris
581 1041 699 1068 referre.
713 1041 769 1069 Sed
779 1040 911 1074 noveris,
922 1040 1011 1068 frater
1021 1046 1072 1067 no—

244 1086 291 1114 bis
306 1086 515 1113 colcndissime
531 1087 621 1121 atque
635 1085 900 1118 desideratissime,
915 1085 1072 1111 continuas

245 1131 310 1158 illas
331 1137 484 1157 aerumnas
504 1129 775 1165 vehementemque
794 1129 878 1156 illum
898 1127 1070 1163 tumultum,

246 1174 333 1210 412
352 1182 411 1209 quo
431 1182 512 1201 nunc
532 1173 721 1208 exagitantur
734 1173 881 1207 Ecclesim,
897 1173 928 1200 id
944 1173 1071 1207 efﬁcere,

245 1222 277 1246 ut
292 1219 364 1246 nihil
380 1227 416 1246 ex
433 1218 480 1246 his
494 1226 563 1254 qua:
582 1218 668 1253 fiunt,
690 1226 802 1246 novum
822 1218 910 1246 nobis
925 1217 1070 1245 videatur.

245 1262 508 1296 Quemadmodum
523 1262 603 1290 enim
616 1263 784 1298 ii,quorum
796 1270 883 1290 aures
893 1263 923 1290 in
943 1262 1071 1290 ofﬁcinis

245 1308 355 1335 aerariis
369 1306 589 1341 obtunduntur,
609 1306 647 1334 ad
665 1314 757 1334 sonos
777 1306 946 1334 audiendos
961 1306 1071 1334 exerci-

245 1353 294 1380 tati
309 1353 395 1379 sunt:
412 1352 453 1379 ita
466 1359 522 1379 nos
538 1351 713 1379 assiduitate
733 1350 936 1379 absurdorum
953 1350 1071 1379 nuntio-

242 1405 309 1424 rum
325 1395 486 1424 assuefacti
500 1397 565 1430 jam
580 1403 696 1429 sumus,
714 1398 746 1423 ut
760 1395 898 1423 animum
912 1395 1070 1431 impertur-

241 1441 348 1469 batum
363 1440 532 1468 habeamus
545 1442 574 1468 et
588 1440 756 1468 interritum
770 1440 809 1468 ad
829 1448 919 1467 casus
934 1439 1070 1475 inopina-

242 1487 300 1513 tos.
317 1486 388 1517 Quae
404 1485 527 1521 quidem
543 1484 582 1512 ab
601 1484 717 1512 Arianis
730 1484 913 1520 jampridem
928 1484 958 1511 in
974 1483 1071 1511 Eccle-
1085 1492 1104 1519 ο

243 1530 303 1557 sias
314 1532 482 1562 struuntur,
503 1531 532 1557 et
545 1528 570 1556 si
584 1529 680 1557 multa
691 1531 720 1557 et
736 1536 849 1564 magna
864 1531 891 1556 et
905 1536 959 1564 per
972 1530 1069 1557 totum

240 1574 396 1608 divulgata.
405 1575 552 1601 terrarum
565 1573 684 1607 orbem;
708 1575 779 1601 sunt
788 1575 889 1601 tamen
902 1573 989 1600 nobis
997 1572 1069 1601 tole-

241 1618 361 1649 rabilia,
377 1626 413 1645 eo
428 1617 510 1653 quod
523 1626 541 1645 a
557 1617 724 1645 manifestis
741 1617 870 1645 inimicis
885 1625 920 1645 ac
935 1617 1067 1645 veritatis

242 1663 386 1690 doctrinas
395 1663 532 1690 hostibus
542 1662 616 1690 ﬁant
625 1671 631 1690 :
639 1663 931 1698 quosquidem,cum
941 1670 1067 1690 consue-

242 1711 273 1736 ta
290 1715 353 1735 non
368 1707 492 1740 faciunt,
505 1709 574 1735 tunc
591 1707 746 1741 miramur,
761 1707 884 1735 minime
899 1715 981 1741 vero,
997 1715 1067 1735 cum

243 1752 347 1786 magni
363 1751 477 1788 aliquid
492 1753 543 1779 aut
559 1752 708 1779 temerarii
726 1754 832 1780 contra
851 1752 992 1787 pietatem
1004 1760 1067 1779 mo-

243 1797 362 1824 liuntur.
393 1796 450 1824 Sed
465 1804 627 1824 mcerorem
643 1796 732 1824 nobis
756 1804 791 1824 ac
810 1796 1066 1832 perturbationem

243 1841 381 1876 alterunt,
399 1849 467 1877 qua:
491 1841 530 1868 ab
550 1840 703 1868 unanimis
728 1843 757 1868 et
776 1839 857 1868 idem
873 1840 1069 1868 sentientibus

242 1886 327 1913 iiuut.
339 1887 477 1913 Attamen
498 1887 526 1913 et
540 1885 604 1912 haec
615 1885 694 1921 ipsa,
709 1887 867 1920 propterea
877 1884 960 1920 quod
975 1884 1071 1912 multa.

243 1932 322 1961 sunt,
340 1938 375 1957 ac
391 1929 562 1965 frequenter
579 1929 715 1957 incidunt
729 1929 760 1956 in
781 1931 900 1956 nostras
915 1937 1013 1963 aures,
1032 1936 1069 1956 ne

241 1975 446 2009 inexspectata
466 1973 590 2009 quidem
614 1973 766 2000 videnlur.
788 1973 990 2005 Quamobrem
1014 1981 1069 2000 nec

243 2018 387 2046 commoti
403 2026 508 2045 sumus
521 2017 561 2045 ob
572 2025 607 2045 ea
618 2025 685 2053 quae
701 2025 797 2054 nuper
812 2020 918 2053 praeter
932 2017 1069 2046 ordinem

245 2065 329 2097 gesta
349 2065 429 2096 sunt,
451 2070 506 2090 nec
532 2070 621 2089 aures
646 2064 714 2089 tuas
735 2062 910 2090 obtudituus
929 2071 934 2096 ;
960 2062 1069 2098 partim

246 2107 365 2142 quidem
390 2114 460 2134 cum
478 2106 625 2133 sciremus
640 2105 754 2134 famam
775 2114 829 2134 sua
844 2109 949 2142 sponte
962 2111 1009 2133 res
1022 2113 1070 2141 ge-

247 2153 307 2178 stus
318 2150 629 2186 perlaturam,partim
637 2152 858 2186 exspectantes,
870 2150 943 2178 dum
953 2150 1003 2178 alii
1012 2150 1069 2178 has
1084 2165 1106 2192 D

245 2195 396 2223 molestias
411 2195 598 2223 nuntiarent:
610 2197 764 2230 postremo
773 2194 918 2222 decorum
931 2202 998 2222 esse
1008 2202 1070 2222 non

243 2238 458 2274 judicantes,ut
467 2239 506 2266 ob
518 2238 588 2266 talia
598 2238 928 2276 indignaremur,quasi
938 2241 1071 2267 contem-

245 2285 314 2318 ptos
333 2291 389 2310 nos
411 2291 475 2311 esse
494 2291 572 2318 aegre
588 2283 744 2311 ferremus.
759 2284 809 2311 His
825 2287 926 2311 tamen
941 2283 992 2319 qui
1008 2284 1071 2311 haec

245 2327 380 2355 fecerunt
388 2327 564 2364 scripsimus
571 2336 639 2364 quae
648 2328 1026 2361 conveniebant,adhortan
1032 2330 1073 2356 tes

283 2390 290 2399 '
303 2389 382 2417 Alias
399 2390 528 2418 CCCXXI.
545 2391 659 2426 Scripta
672 2398 753 2418 anno
766 2393 828 2426 377.

283 2425 338 2459 (48)
357 2427 454 2461 Πέτρῳ,
468 2428 523 2453 etc.
541 2427 571 2453 ln
592 2425 746 2453 codicibus
761 2425 892 2453 melioris
908 2427 985 2453 notua
999 2425 1072 2460 legi-

247 2462 294 2497 tur
308 2465 344 2486 τῶ
356 2460 437 2495 αὐτῷ,
449 2461 522 2496 quia
533 2461 646 2489 scilicet
656 2461 807 2497 praecessit
815 2461 874 2488 alia
886 2461 924 2488 ad
932 2461 1073 2489 eumdem

247 2496 366 2523 Petrum
390 2497 517 2532 epistola
533 2504 540 2522 ε
557 2497 643 2530 cujus
664 2496 779 2524 titulum
796 2496 845 2524 hic
861 2497 1071 2532 apposuimus.

247 2533 277 2559 in
291 2531 389 2568 editis
406 2531 506 2568 autem
530 2531 658 2568 habetur
677 2531 890 2568 argumentum
904 2531 1072 2568 iquoddam

246 2567 508 2603 totiusrepistolte,
528 2567 616 2603 quod
641 2575 677 2594 ex
699 2567 794 2594 tribus
820 2567 974 2595 codicibus
997 2576 1072 2595 mss.

246 2602 440 2638 emendatum
466 2602 647 2638 proferimus
665 2611 671 2629 :
692 2606 733 2637 Τῷ
759 2603 838 2638 αὐτῷ,
861 2602 987 2638 ἀπολογία
1009 2604 1073 2629 καθ-

246 2637 380 2675 αψαμένῳ,
402 2636 474 2663 διοτί
499 2640 533 2673 μὴ
552 2637 679 2675 εσῄμανεν
709 2638 778 2673 αὐτῷ
799 2636 832 2664 τὰ
855 2636 1011 2675 κινούμενα,
1030 2642 1075 2665 καὶ

248 2675 316 2710 εἶπερ
347 2673 506 2710 aucta-zonam
527 2673 617 2703 αὑτοῦ,
644 2675 669 2699 οὶ
688 2675 755 2699 κατὰ
779 2673 934 2710 Μάρκελλον
957 2675 1075 2701 ἐνοῡνται

247 2708 311 2746 πρὸς
322 2709 414 2746 αὑτὸν,
435 2712 480 2734 καὶ
495 2712 628 2746 μαρτυρία
650 2713 695 2739 τῆς
715 2708 867 2745 ὁρθοὸοξίας
883 2710 1006 2736 Μελετίου
1030 2713 1075 2736 καὶ

249 2743 374 2769 Eia-261w
388 2748 437 2770 τῶν
457 2743 615 2771 ἐπισκόπων·
635 2743 751 2779 Eidem,
767 2747 917 2780 responsio
931 2746 971 2773 ad
991 2746 1076 2774 illius

248 2780 395 2814 querelas,
416 2780 496 2815 quod
521 2789 581 2809 non
610 2781 637 2809 ei
659 2781 796 2810 Basilius
820 2782 1017 2817 signiﬁcasset
1041 2789 1075 2810 ea

1253 776 1339 810 Πέτρῳ
1358 775 1428 809 (48),
1446 774 1580 801 ἐπισκοπῶ
1596 774 1801 813 Ἀλεξανδρείας.

1165 820 1189 845 1.
1208 818 1295 849 Καλῶς
1316 828 1365 855 μον
1390 819 1502 855 καθὴψω
1524 822 1569 845 καὶ
1591 823 1736 857 πρεπόντως
1760 825 1928 857 πνευματικῷ

1128 861 1230 898 ἀδελφῷ
1248 883 1254 895 ,
1283 862 1407 892 ἀληθινήν
1432 863 1537 899 ἀγάπην
1564 866 1636 901 παρὰ
1655 869 1701 891 τοῦ
1727 868 1825 902 Κυρίου
1852 864 1927 892 δεδι-

1129 905 1259 942 δαγμένῳ,
1287 908 1327 934 ὄτι
1350 917 1393 933 σοι
1411 910 1448 944 μὴ
1478 910 1564 935 πάντα
1595 911 1640 934 καὶ
1668 911 1752 946 μικρὰ
1776 912 1818 934 καί
1850 909 1928 945 μείξω

1128 953 1223 988 φανερά
1246 955 1369 987 ποιοῦμεν
1396 956 1444 978 τῶν
1470 951 1544 989 τῇδε.
1574 955 1623 979 Καί
1646 954 1697 990 γὰρ
1729 952 1863 979 ἐπιϐάλλει
1886 956 1928 979 καὶ

1129 997 1171 1021 σοὶ
1187 996 1333 1032 φροντίζειν
1352 1000 1402 1022 τῶν
1425 996 1482 1022 καθ’
1506 998 1575 1032 ἡμᾶς
1588 1018 1594 1030 ,
1616 999 1660 1023 καί
1680 998 1742 1033 ἡμῖν
1759 1001 1790 1034 τῇ
1865 997 1927 1034 ἁγά-

1126 1043 1162 1076 πῇ
1181 1039 1312 1076 ἀναφέρειν
1340 1042 1373 1066 τὰ
1399 1042 1523 1077 ἡμέτερα.
1546 1041 1624 1068 Ἀλλὰ
1646 1044 1767 1077 γίνωσκε,
1783 1045 1929 1078 τιμιώτατε

1127 1085 1190 1120 ἡμῖν
1209 1087 1254 1110 καὶ
1275 1085 1440 1111 ποθεινότατε
1467 1084 1577 1122 ἀδελφὲ,
1603 1087 1643 1112 ὅτι
1668 1087 1699 1112 τὸ
1735 1088 1848 1122 συνεχὲς
1881 1091 1928 1112 τῶν

1128 1128 1248 1163 θλίψεων,
1271 1131 1316 1155 καὶ
1340 1130 1352 1155 ὁ
1372 1129 1449 1160 πολὺς
1477 1128 1579 1161 οὗτοςὸ
1607 1130 1696 1161 κλόνος
1720 1132 1789 1156 ὸνῦν
1817 1131 1930 1157 σαλεύων

1127 1175 1171 1203 τὰς
1193 1173 1372 1209 Ἐκκλησιας,
1401 1175 1467 1211 πρὸς
1494 1173 1569 1201 οὐδὲν
1602 1175 1675 1211 ἡμᾶς
1710 1174 1862 1206 ξενίζεσθαι
1879 1180 1927 1201 τῶν

1127 1220 1264 1254 γινομένων
1291 1222 1370 1245 ποιεῖ.
1400 1218 1443 1249 Ὠς
1458 1220 1508 1255 γὰρ
1533 1221 1557 1245 οἱ
1580 1219 1604 1245 ἐν
1634 1223 1687 1249 τοῖς
1717 1219 1858 1255 χαλκείοις
1885 1221 1930 1251 τὰς

1128 1261 1208 1293 ἀκοὰς
1240 1264 1482 1290 κατακτυπούπενοι
1510 1263 1565 1299 (49)
1598 1263 1623 1289 ἐν
1657 1263 1749 1300 μελέτῃ
1787 1264 1843 1290 εἰσὶ
1878 1269 1926 1290 τῶν

1126 1306 1234 1343 ψόφων,
1267 1308 1347 1337 οὕτως
1383 1308 1458 1344 ἡμεῖς
1497 1312 1528 1344 τῇ
1563 1310 1707 1337 πυκνότητι
1737 1313 1788 1334 τῶν
1827 1308 1927 1335 ἀτόπων

1127 1350 1251 1386 ἀγγελιῶν
1292 1351 1443 1388 εἰθίσθημεν
1479 1351 1568 1378 λοιπὸν
1602 1351 1737 1389 ἀτάραχον
1774 1352 1850 1388 ἒχειν
1884 1357 1926 1379 καί

1127 1395 1256 1424 ἀπτὸητον
1283 1398 1329 1424 τὴν
1357 1394 1470 1432 καρδίαν
1496 1398 1562 1433 πρὸς
1584 1397 1618 1422 τὰ
1640 1396 1787 1434 παράλογα.
1815 1398 1856 1423 Τὰ
1883 1400 1925 1433 μὶν

1126 1438 1169 1465 οὖν
1196 1441 1269 1475 παρὰ
1286 1444 1335 1466 τῶν
1355 1440 1493 1478 Ἀρειανῶν
1519 1440 1546 1467 ἔκ
1567 1441 1679 1467 παλαιοῦ
1786 1443 1857 1468 κατά
1879 1446 1921 1472 τῆς

1126 1484 1282 1516 Ἐκκλησίας
1313 1486 1526 1522 σκευωρούμενα,
1552 1486 1574 1511 εἰ
1599 1487 1642 1512 καὶ
1668 1485 1748 1512 πολλὰ
1773 1489 1822 1513 καὶ
1849 1488 1923 1523 μεγά-

1124 1528 1167 1560 λα,
1192 1531 1236 1555 καὶ
1256 1530 1323 1555 κατά
1350 1532 1437 1555 πᾶσαν
1457 1527 1652 1566 διαϐεϐοημένα
1683 1532 1730 1559 τὴν
1758 1530 1921 1567 οἰκουμένην,

1125 1573 1178 1599 ἀλλ’
1198 1573 1242 1599 οὗν
1266 1574 1366 1610 φορητὰ
1398 1574 1462 1609 ἡμῖν
1492 1573 1558 1607 ἐστι,
1580 1572 1627 1600 διὰ
1655 1576 1684 1600 τὸ
1710 1575 1782 1611 παρὰ
1812 1579 1922 1612 φανερῶν

1125 1617 1227 1655 ἐχθρῶν
1251 1620 1295 1644 καὶ
1313 1617 1439 1654 πολεμίων
1465 1622 1511 1644 τοῦ
1534 1618 1612 1654 λόγου
1642 1623 1691 1650 τῆς
1712 1618 1838 1650 ἀληθείας
1861 1622 1922 1655 γίνε-

1126 1663 1189 1688 σθαι
1204 1673 1209 1678 -
1237 1662 1291 1694 οὓς,
1307 1663 1367 1688 ὅταν
1383 1664 1418 1698 μὴ
1439 1665 1574 1692 ποιήσωσι
1598 1664 1631 1689 τὰ
1653 1664 1765 1696 συνήθη,
1785 1664 1921 1700 θαυμάζο-

1125 1715 1169 1742 μεν
1182 1717 1188 1723 ·
1221 1706 1274 1741 οὐχ
1293 1707 1354 1732 ὅταν
1374 1708 1441 1742 μέγα
1459 1716 1484 1733 τι
1502 1709 1548 1733 καὶ
1567 1709 1681 1733 νεανικὸν
1701 1709 1769 1733 κατὰ
1787 1712 1836 1738 τῆς
1856 1710 1897 1734 εὗο

1125 1750 1194 1780 (ista;
1221 1750 1384 1786 τολμήσωσι.
1413 1754 1493 1777 Δνπεῐ
1521 1749 1550 1777 δὲ
1578 1753 1647 1787 ἡμᾶς
1666 1754 1711 1777 καὶ
1737 1753 1869 1788 ταράσσει
1893 1753 1924 1777 τὰ

1124 1796 1195 1830 παρὰ
1219 1799 1269 1820 τῶν
1299 1795 1444 1831 όμοψύχων
1470 1798 1515 1822 καὶ
1544 1794 1677 1832 ὁμοδόξων
1704 1799 1839 1832 γινόμενα.
1859 1796 1924 1822 Ἀλλ’

1123 1840 1192 1875 ὅμως
1217 1842 1261 1865 καὶ
1285 1843 1380 1874 ταῦτα,
1404 1838 1449 1866 ὂιύ
1471 1842 1500 1866 τὸ
1520 1840 1601 1866 πολλὰ
1625 1840 1701 1875 εἶναι,
1730 1843 1775 1866 καὶ
1807 1845 1923 1877 συνεχῶς

1123 1883 1258 1919 ἐμπίπτειν
1279 1885 1352 1920 ἡμῶν
1380 1887 1436 1914 ταῖς
1460 1885 1566 1918 ἀκοαῖς,
1591 1883 1654 1911 οὐδὲ
1679 1889 1764 1911 ταῦτα
1785 1884 1921 1922 παράδοξα

1123 1930 1307 1964 καταφαίνεται
1320 1950 1326 1955 .
1347 1928 1423 1954 Ὀθεν
1442 1930 1502 1955 οὔτε
1529 1930 1682 1966 ἐκινήθημεν
1702 1929 1744 1955 ἐπὶ
1763 1933 1819 1960 τοῖς
1836 1932 1920 1966 πρώην

1122 1974 1264 2008 γινομένοις
1301 1972 1442 2005 ἀτάκτως,
1481 1975 1539 1999 οὔτε
1572 1975 1619 2004 τὰς
1654 1975 1702 2003 σὰς
1737 1971 1920 2009 διωχλήσαμῦ

1124 2015 1221 2047 amatr
1237 2021 1313 2043 τοῦτο
1328 2018 1373 2053 μὲν
1396 2015 1506 2051 εἰδότες,
1531 2018 1570 2043 ὃτι
1590 2020 1663 2054 φήμη
1688 2016 1843 2054 διακομίσει
1860 2018 1920 2044 αὐτο

1124 2062 1212 2097 μάτως
1320 2062 1353 2086 τὰ
1371 2063 1549 2098 πεπραγμένα,
1574 2066 1652 2088 τοῦτο
1678 2060 1708 2088 δὲ
1734 2061 1918 2098 ἀναμένοντες,

1124 2105 1226 2142 ἐτέρους
1256 2104 1382 2140 ἀγγέλους
1414 2110 1463 2131 τῶν
1499 2106 1620 2143 λυπηρῶν
1656 2107 1778 2142 γενέσθαι
1795 2117 1802 2123 ·
1835 2108 1919 2132 ἔπειτα

1123 2151 1183 2176 οὔτε
1206 2151 1339 2186 κρίναντες
1375 2149 1478 2185 εὔλογον
1504 2149 1570 2176 εἶναι
1600 2151 1668 2186 ἡμᾶς
1697 2150 1852 2186 ἀγανακτεῖν
1879 2150 1918 2176 ἐπὶ

1124 2197 1179 2224 τοῖς
1203 2195 1350 2226 τοιούτοις,
1372 2195 1458 2231 ὥσπερ
1484 2192 1710 2230 δυσχεραίνοντας
1731 2193 1779 2221 διὰ
1803 2197 1828 2221 τί
1854 2204 1916 2231 παρ-

1124 2238 1257 2273 ώφϐημεν.
1289 2237 1381 2268 Λύτοῖς
1401 2240 1489 2273 μέντοι
1519 2242 1573 2269 τοῖς
1597 2243 1681 2268 ταῦτα
1707 2241 1853 2268 ποιήσασιν
1880 2237 1918 2264 ἔπ-

1125 2281 1272 2318 εστείλαμεν
1312 2283 1346 2308 τὰ
1382 2284 1513 2319 πρέποντα
1530 2303 1537 2316 ,
1569 2282 1777 2319 παρακαλοῦντας
1811 2283 1916 2315 αὐτοὺς,

1125 2325 1215 2355 ἐπειδὴ
1242 2336 1302 2352 τινα
1328 2324 1467 2362 διχόνοιαν
1487 2328 1581 2353 ἔπαθον
1604 2328 1628 2353 οἱ
1651 2326 1704 2354 ἐκεῖ
1725 2326 1852 2364 ἀδελφοὶ,
1872 2331 1915 2357 τῆς

1125 2397 1191 2424 quae
1201 2389 1418 2417 movebantur:
1428 2396 1524 2417 secum
1539 2390 1733 2424 conjunctum
1743 2390 1785 2417 iri
1795 2389 1917 2417 Marcel-

1128 2425 1232 2455 lianos.
1245 2426 1272 2452 si
1285 2433 1314 2452 se
1335 2425 1486 2459 patienter
1501 2426 1640 2453 audiunt.
1655 2426 1728 2453 Item
1754 2425 1916 2453 testimonia

1126 2460 1162 2489 de
1172 2463 1254 2488 recta
1263 2460 1323 2494 ficte
1337 2461 1450 2489 Meletii
1458 2463 1486 2488 et
1500 2461 1616 2488 Eusebii
1627 2462 1840 2496 episcoporum.

1162 2497 1217 2530 (49)
1253 2493 1509 2532 Κατακτυποὺμενοι.
1545 2497 1588 2524 ita
1616 2493 1729 2524 omnes
1747 2505 1818 2524 mss.
1848 2493 1916 2522 Editi

1127 2541 1359 2567 κατατυπτομενοι.

1162 2569 1219 2601 (50)
1241 2567 1283 2593 Ἐκ
1303 2567 1422 2594 πολαιοῡ.
1444 2568 1486 2594 Ita
1503 2569 1562 2594 tres
1576 2566 1769 2595 vetustissimi
1790 2566 1916 2601 codices.

1128 2599 1337 2663 gilgii'é'sm‘mt.
1359 2602 1449 2630 Paulo
1468 2604 1536 2638 post
1556 2603 1642 2631 Coisl.
1667 2603 1782 2638 primus
1801 2607 1829 2630 et
1845 2599 1914 2629 Harl.

1150 2647 1160 2663 Ε
1179 2647 1284 2663 οηιιενα.

1150 2647 1208 2666 εδοη
1214 2648 1284 2665 κιενα.

1129 2637 1406 2710 βεῗὲῗςιῖιλῖτομάτως.
1415 2675 1456 2710 ita
1469 2674 1554 2701 Cois].
1569 2676 1704 2710 uterque,
1717 2670 1914 2710 Harl.,_negius

1129 2706 1280 2746 secundus
1305 2706 1334 2736 ἐι
1362 2709 1451 2737 Paris.
1471 2709 1546 2737 Editi
1565 2706 1720 2746 αὐτόματος.
1744 2708 1832 2737 Paulo
1855 2706 1914 2742 post

1130 2744 1217 2772 Coisl.
1234 2745 1349 2780 primus
1364 2747 1502 2781 κρίνοντις.
