1997 3143
234 107 300 134 1063

924 101 952 130 S.
972 100 1100 130 BASILII
1119 98 1226 130 MAGNI

1839 100 1910 131 1064

231 168 306 206 quin
318 175 391 204 erga
400 168 603 196 memoratum
615 165 738 195 fratrem
761 171 898 194 amorem
917 163 1058 200 multipli-

1122 166 1179 200 ίίαν
1192 164 1275 200 ὑμῶν,
1291 163 1337 193 ἕως
1352 161 1428 198 ἕσμὶν
1447 162 1510 199 ὑπὲρ
1523 165 1581 198 γῆς.
1596 164 1649 192 Τὴν
1665 161 1694 190 δὲ
1709 163 1745 194 εἰς
1759 164 1802 190 τὸν
1822 173 1912 200 προει-

231 221 283 242 ces
298 221 367 241 mea
381 220 484 246 causa,
501 211 602 240 nullus
617 210 736 240 dubito.
756 211 853 243 Quare
868 209 917 238 fac
930 209 1060 238 exoreris

233 259 266 286 ut
280 257 311 286 id
329 257 429 294 rcipsa
443 255 624 293 experiatur.

431 353 520 391 445
542 353 710 383 EPISTOLA
731 351 864 382 CCCXV'.

1114 209 1224 245 ρήμένον
1240 205 1350 243 ἀδελφὸν
1365 206 1469 242 ἀγάπην
1485 207 1526 233 ὅτι
1539 207 1758 239 πολυπλασιασεις
1773 210 1848 245 ἡμῶν
1863 209 1912 236 ἓνε-

1113 263 1165 288 κιν,
1182 252 1229 279 οὐκ
1251 251 1412 289 ἀμφιϐάλλου.
1439 251 1521 278 "ﬂore
1544 252 1728 290 παρακλὴθητι
1755 254 1820 290 ἔργῳ
1840 253 1912 289 αὐτῷ

1113 298 1304 335 παρασχέσθαι
1317 298 1364 326 τὴν
1379 299 1481 334 πεῖραν.

1381 353 1549 377 EHIETOAH
1572 349 1643 378 TIE'.

620 417 814 446 Commendat
830 416 952 445 viduam
965 414 1024 444 sibi
1035 414 1238 450 propinquam
1252 413 1374 450 ejusque
1379 413 1528 449 pupillos.

364 480 437 509 Sine
451 479 657 515 inscriptione,
669 487 728 514 pro
740 479 925 515 propinqua.

269 544 344 571 Cum
358 542 484 571 omnino
499 549 678 578 persuasum
688 541 819 570 habeam
832 541 1061 578 impetraturum

235 594 283 615 me
295 586 443 623 quidquid
454 586 534 622 justo
550 593 568 614 a
582 588 634 614 tua
647 585 792 621 dignitate
805 586 948 622 petivero,
968 584 1062 612 liben-

235 634 279 660 ter
293 631 451 667 epistolam
466 630 537 658 dedi
552 630 753 658 ornatissimae
781 631 852 658 huic
876 629 1061 666 pupillorum

236 675 460 711 curatrici,quue
477 674 557 702 aedes
570 673 671 702 incolit
685 674 784 711 hydra
796 674 930 711 quadam
953 673 1061 702 multo—

235 728 304 748 rum
319 720 452 756 capitum
463 719 643 747 acerbiores.
653 719 768 751 Quibus
781 719 922 747 omnibus
936 718 1059 751 accedit,

236 767 270 793 ut
284 764 430 800 sanguine
443 764 519 792 inter
529 771 584 792 nos
595 764 747 800 conjuncti
758 764 863 792 simus.
875 765 1062 800 Quapropter

1292 475 1488 514 ’Δνεπίγραφος,
1504 476 1567 512 ὑπὲρ
1583 479 1734 513 συγγενοῦς.

1151 539 1221 565 Πάνυ
1236 539 1405 574 πιπιισμένος
1417 535 1500 574 μηδὲν
1516 535 1748 576 διαμαρτήσεσθαι
1762 540 1822 576 περὶ
1835 538 1870 564 ὧν
1884 537 1912 565 ἆν

1114 584 1179 620 μετὰ
1192 586 1237 609 τοῦ
1254 581 1360 609 δικαίου
1370 582 1543 620 παρακαλέσω
1555 585 1601 612 τὴν
1620 583 1760 619 τιμιότητά
1777 593 1836 616 σου,
1848 593 1913 620 προ-

1116 629 1203 664 θύμως
1214 625 1291 657 ἦλθον
1301 627 1344 654 ἐπὶ
1355 628 1383 654 τὸ
1395 625 1487 654 δοῦναι
1496 630 1541 656 τὴν
1553 627 1690 658 ἐπιστολὴν
1700 632 1732 664 τῇ
1744 629 1911 665 κοσμιωτάτῃ

1107 670 1180 708 ’τῇδε
1192 671 1307 709 ὀρφανῶν
1321 674 1486 708 προεστὼση,
1499 674 1543 698 καὶ
1558 672 1642 698 οἰκίαν
1652 672 1762 709 οἰκούσῃ
1779 671 1864 709 ὕδρας
1878 683 1914 699 τι-

1114 719 1155 747 νὸς
1170 716 1346 753 πολυκεφάλου
1374 716 1568 754 χαλεπωτέραν.
1595 717 1653 744 Έπὶ
1676 721 1743 744 πᾶσι
1763 716 1792 744 δί
1817 719 1913 748 τούτοις

1116 763 1229 800 ὑπάρχει
1246 762 1308 797 ἡμῖν
1323 763 1352 788 τὸ
1367 764 1412 788 καὶ
1427 762 1527 792 οἰκείως
1543 763 1612 798 ἔχειν
1627 761 1746 793 ἀλλήλοις
1756 764 1825 789 κατά
1833 765 1911 799 γένος.

236 808 422 837 nobilitatem
437 809 521 837 tuam
532 816 616 844 rogo,
627 811 660 838 ut
675 810 704 836 et
715 807 789 836 mihi
802 808 916 845 aliquid
926 807 1062 836 tribuens

1122 808 1160 833 Διὸ
1176 806 1373 844 παρακαλοῦμεν
1385 816 1431 832 σου
1444 809 1492 835 τὴν
1502 806 1638 842 εὐγένειαν,
1650 809 1695 833 καὶ
1707 808 1776 844 ἡμᾶς
1787 811 1909 843 τιμῶντα,

236 856 265 882 et
276 853 423 882 honorem
439 853 623 890 pupillorum
639 861 696 882 avo
712 853 847 882 debitum
867 860 1059 888 conservans,

236 898 351 934 aliquid
363 898 442 926 feras
457 897 654 934 auxiliizquo
676 897 818 934 deinceps
841 897 894 926 ﬁat
916 897 975 926 illis
997 896 1062 926 hinc

235 943 388 980 possessio
403 942 577 972 tolerabilis.

477 1005 644 1034 EPISTOLA
664 1005 822 1034 CCCXVl".

1116 853 1161 878 καὶ
1175 855 1210 887 τῷ
1220 852 1318 887 πάππῳ
1326 856 1375 877 τῶν
1387 850 1502 888 ὀρφανῶν
1512 854 1558 880 τήν
1568 851 1731 888 ὀφειλομένην
1743 851 1911 883 ἀποσώζονται

1115 898 1204 932 τιμὴν,
1219 897 1410 933 παρασχέσθαι
1422 897 1481 922 τινὰ
1496 895 1620 932 βοήθειαν
1636 905 1643 913 ·
1661 897 1727 923 ὥστε
1739 899 1856 936 φορητὴν
1868 899 1910 923 τοῦ

1115 941 1206 967 λοιποῦ
1221 941 1267 970 τὴν
1278 944 1371 970 κτῆσιν
1391 940 1479 971 αὐτοῖς
1491 944 1669 970 καταστῆσαι.

1382 1004 1554 1029 ΕΠΙΣΤΟΛΙΙ
1577 1002 1647 1035 ΤΙς-’.

450 1067 642 1097 Commendat
662 1066 811 1096 hominem
822 1066 996 1102 patrocinio
1016 1066 1057 1096 ad
1075 1075 1119 1103 ea,
1131 1072 1197 1103 qua:
1215 1065 1273 1094 sibi
1286 1065 1485 1101 proponebat,
1505 1065 1699 1102 indigentem.

379 1130 451 1159 Sine
467 1130 671 1165 inscriptione,
693 1137 749 1164 pro
765 1129 916 1158 divexato.

273 1184 453 1220 Quanquam
483 1183 608 1212 omnino
632 1191 813 1220 persuasum
836 1183 936 1212 habeo
959 1182 1063 1212 litteris

239 1236 300 1257 non
316 1228 451 1264 indigere
466 1228 518 1264 qui
534 1230 617 1256 tuam
639 1227 831 1256 clementiam
858 1227 980 1262 adeunt,
997 1235 1065 1264 pro-

237 1275 342 1308 pterea
356 1272 440 1308 quod
455 1280 491 1300 ex
507 1272 600 1300 animi
612 1271 759 1308 probitate
773 1271 860 1308 plura
873 1272 958 1306 facis,
969 1279 1064 1308 quam

238 1317 307 1352 quis
322 1316 486 1344 obsecrans
501 1316 540 1344 ad
550 1315 666 1343 bonum
677 1315 867 1350 adhortetur;
879 1316 951 1352 quia
963 1319 1064 1344 tamen

237 1360 366 1397 hujusce
376 1361 429 1388 lilii
443 1368 515 1388 cura
529 1360 678 1396 majorem
693 1361 724 1388 in
741 1360 866 1388 modum
877 1363 995 1396 tangor.
1012 1360 1065 1389 ad-

238 1404 347 1434 ductus
362 1414 429 1434 sum
444 1407 475 1433 ut
490 1404 529 1433 ad
545 1412 654 1440 puram
669 1408 753 1432 tuam
772 1407 801 1433 et
827 1404 888 1433 doli
911 1408 1064 1441 expertem

238 1450 373 1478 animam
385 1449 558 1482 scriberem,
569 1448 788 1477 commendans
800 1449 853 1477 tibi
862 1449 1018 1477 hominem
1029 1457 1065 1478 ac

237 1502 357 1530 rogans,
372 1497 406 1522 ut
419 1494 529 1530 quibus
544 1494 635 1522 rebus
652 1493 762 1529 poteris
778 1496 909 1530 praestes,
921 1495 948 1522 ei
963 1494 1002 1522 ad
1018 1502 1064 1529 ea,

237 1546 306 1575 quae
329 1539 386 1567 sibi
403 1539 554 1575 proponit,
579 1540 665 1566 tuum
690 1546 746 1574 pro
769 1538 884 1566 viribus
908 1539 1063 1567 auxilium.

237 1583 358 1611 Nullum
371 1585 473 1611 autem
493 1583 586 1610 alium
607 1583 634 1610 ei
652 1590 730 1620 opus
749 1582 811 1611 fore
840 1585 1012 1619 patronum,
1041 1583 1066 1611 si

239 1627 371 1663 digneris
394 1629 486 1655 totam
515 1629 693 1663 potestatem
723 1634 816 1663 quam
840 1627 893 1656 tibi
922 1627 1065 1656 Dominus

239 1671 365 1706 largitus
380 1674 435 1703 est,
447 1671 487 1699 ad
498 1671 575 1698 illius
586 1671 788 1707 patrocinium
798 1671 983 1707 impendere,
992 1671 1066 1700 mihi

241 1715 365 1744 omnino
380 1723 560 1752 persuasum
576 1718 629 1744 est.

471 1768 642 1796 EPISTOLA
654 1768 833 1797 CCCXVll‘“.

1217 1127 1412 1164 Ἀνεπίγραφος,
1428 1128 1491 1164 ὑπὲρ
1504 1130 1730 1164 καταπονουμένων
1749 1127 1816 1164 (97).

1151 1183 1222 1208 Πάνυ
1232 1183 1402 1217 πεπεισμένος
1412 1179 1495 1217 μηδὲν
1502 1179 1608 1208 δεῖσθαι
1615 1182 1775 1219 γραμμάτων
1784 1183 1843 1212 τοὺς
1850 1182 1911 1218 πρὸς

1114 1228 1162 1255 τὴν
1178 1229 1227 1256 σὴν
1242 1228 1415 1263 χρηστότητα
1430 1225 1610 1262 ἁρικομένους,
1628 1225 1646 1253 δ
1649 1227 1676 1252 ιὰ
1690 1228 1718 1252 τό
1733 1225 1820 1253 πλεῖον
1835 1229 1912 1252 ποιεῖν

1116 1270 1144 1298 ἐκ
1159 1275 1206 1301 τῆς
1220 1274 1266 1297 τοῦ
1281 1272 1378 1307 τρὸ-τον
1391 1270 1584 1306 καλοκαγαθίας
1598 1271 1613 1301 ἡ
1631 1271 1691 1297 ὅσον
1707 1271 1738 1297 ἄν
1748 1281 1790 1302 τις
1799 1280 1914 1308 παρακα-

1117 1315 1192 1345 λέσας
1206 1315 1381 1352 προτρέψαιτο
1398 1325 1426 1341 σι
1441 1317 1503 1352 πρὸς
1511 1317 1540 1341 τὸ
1554 1314 1663 1351 ἀγαθόν,
1674 1315 1752 1351 ὅμως,
1764 1313 1812 1342 διὰ
1821 1317 1850 1342 τὸ
1860 1315 1914 1341 καθ’

1118 1359 1260 1396 ὑπερϐολήν
1273 1360 1416 1396 φροντίζειν
1432 1363 1478 1386 τοῦ
1493 1359 1552 1386 υἱοῦ
1566 1358 1655 1393 τοῦδε,
1670 1359 1814 1386 ἐπιστεῖλαι
1826 1363 1857 1396 τῇ
1871 1369 1915 1386 χα-

1120 1405 1187 1440 θαρᾴ
1203 1413 1249 1430 σου
1265 1405 1309 1429 καὶ
1323 1401 1408 1439 ἀδόλῳ
1421 1403 1498 1440 ψυχῇ
1512 1404 1663 1440 προήχθην,
1677 1408 1806 1430 συνιστῶν
1820 1413 1861 1430 σοι
1874 1405 1916 1429 τὸν

1119 1446 1214 1485 ἄνδρα,
1230 1450 1275 1474 καὶ
1289 1447 1456 1485 παρακαλῶν,
1472 1447 1497 1473 ἐν
1513 1448 1550 1479 οἷς
1566 1446 1597 1474 ἂν
1610 1446 1624 1483 ᾖ
1643 1446 1765 1482 δυνατὸν,
1781 1449 1917 1485 παρασχέ-

1120 1493 1183 1518 σθαι
1198 1492 1267 1527 αὐτῷ
1283 1492 1319 1522 εἰς
1330 1493 1362 1518 τὰ
1377 1494 1532 1528 προκείμενα
1541 1494 1588 1521 τὴν
1603 1502 1671 1518 κατα
1682 1490 1793 1528 δύναμίν
1809 1501 1851 1518 σοι
1865 1491 1920 1518 ἐπι-

1118 1539 1238 1574 κουρίαν.
1253 1535 1313 1562 Ὀτι
1329 1534 1358 1562 δὲ
1373 1534 1477 1566 οὐδενὸς
1488 1536 1574 1573 ἑτάρου
1586 1534 1746 1566 διηθήσεται
1757 1538 1917 1573 προστάτου,

1120 1585 1168 1608 σοῡ
1182 1581 1392 1613 καταξιώσαντος
1406 1581 1479 1617 πάσῃ
1494 1579 1605 1618 δυνάμει
1619 1581 1648 1610 ἣν
1662 1579 1744 1607 ἔδωχέ
1767 1590 1810 1608 σοι
1829 1582 1842 1608 6
1864 1582 1918 1608 Κύ-

1119 1636 1185 1665 ριος,
1200 1627 1359 1663 χρήσασθαι
1374 1625 1410 1657 εἰς
1424 1628 1471 1655 τὴν
1485 1626 1549 1663 ὑπὲρ
1565 1626 1636 1662 αὐτῷ
1650 1627 1827 1664 προστασίαν,
1843 1625 1917 1663 ἀκρι-

1120 1671 1169 1702 ϐῶς
1182 1671 1336 1707 ἐπίσταμαι.

1393 1770 1561 1795 ΕΠΙΣΤΟΛΠ
1581 1766 1654 1796 le’.

241 1830 340 1859 Amici
351 1830 597 1865 occupationibus
613 1831 730 1866 tribuit,
750 1831 831 1867 quod
845 1838 916 1859 raro
933 1831 1040 1859 litteris
1053 1831 1115 1859 suis
1131 1830 1320 1864 respondeat.
1341 1811 1440 1866 Rogat
1455 1833 1487 1858 ut
1501 1831 1526 1859 is
1544 1830 1596 1866 qui
1617 1830 1772 1866 epistolam
1789 1829 1916 1865 ferebat,

812 1874 872 1894 non
884 1867 1002 1901 frustra
1015 1874 1047 1895 se
1058 1866 1216 1902 pertulisse
1224 1867 1346 1895 sentiat.

414 1918 485 1948 Sine
499 1919 705 1955 inscriptione,
718 1927 775 1954 pro
789 1927 892 1955 egeno.

277 1973 369 2001 Rarus
381 1972 456 2001 mihi
468 1972 509 2001 ad
521 1976 603 2001 tuam
618 1972 797 2007 dignitatem
810 1972 943 2001 efﬁciunt
955 1972 1068 2001 litteras

241 2024 312 2046 rara
326 2024 344 2044 ει
357 2018 384 2045 te
398 2024 556 2052 responsa.
571 2016 717 2044 Indicium
733 2016 813 2044 enim
828 2016 916 2052 facio,
932 2025 986 2045 cur
1004 2024 1068 2045 mo-

242 2060 361 2088 lestiam
374 2068 458 2089 meas
473 2060 586 2088 litteras
601 2060 708 2089 afferre
721 2061 859 2096 dignitati
879 2063 937 2089 ture
953 2064 1067 2098 putem,

243 2105 327 2141 quod
341 2113 402 2132 non
417 2105 564 2141 accipiam
584 2105 630 2133 his
653 2113 720 2142 quae
737 2105 865 2134 subinde
886 2105 984 2134 scribo
1003 2113 1069 2133 res-

243 2149 417 2186 ponsiones.
435 2149 492 2178 Sed
505 2157 609 2178 rursus
632 2150 672 2178 ad
694 2150 786 2178 aliam
808 2150 937 2178 traducit
959 2150 1069 2186 cogita-

244 2193 355 2223 tionem
369 2194 568 2223 consideratio
580 2194 779 2223 multitudinis
799 2195 988 2231 negotiorum
1003 2196 1068 2223 tuo-

244 2245 311 2267 rum
324 2249 330 2273 ;
346 2247 382 2268 ac
397 2241 438 2267 tot
453 2242 482 2267 et
492 2241 576 2267 tanta
590 2239 621 2267 in
632 2239 774 2268 munibus
793 2239 918 2268 habenti
931 2240 1067 2275 ignosco,

245 2283 270 2310 si
285 2284 344 2311 mei
360 2283 545 2311 obliviscaris
562 2292 568 2313 :
584 2285 671 2318 cujus
685 2291 723 2311 ne
738 2283 763 2311 si
776 2292 930 2312 summum
945 2283 1069 2320 quidem

244 2330 323 2355 esset
336 2328 430 2356 otium
445 2330 473 2356 et
487 2328 585 2364 quies,
599 2329 638 2356 ob
657 2328 746 2356 vilem
767 2331 795 2356 et
813 2328 964 2364 abjectam
975 2328 1070 2357 vitam

245 2371 332 2400 facile
351 2374 427 2399 esset
449 2372 610 2400 recordari.
645 2373 683 2400 Te
711 2372 833 2409 quidem
868 2375 991 2401 sanctus
1022 2373 1070 2401 ille

245 2417 274 2444 et
293 2415 332 2444 ad
351 2416 497 2451 majorem
523 2415 716 2452 splendorem
740 2416 896 2452 perducat,
917 2419 946 2444 et
969 2419 995 2445 te
1015 2425 1071 2445 sua

245 2460 340 2496 ipsius
352 2460 449 2496 gratia.
463 2460 494 2488 in
506 2460 644 2496 praesenti
669 2460 802 2489 claritate
821 2463 984 2489 conservet.
1004 2461 1072 2490 Mihi

245 2506 346 2534 autem
361 2504 504 2541 quaslibet
517 2505 703 2539 occasiones,
723 2512 810 2534 novae
829 2507 899 2534 sunt
921 2505 1072 2534 scribendi

282 2577 292 2588 ‘
311 2575 391 2604 Alias
404 2575 548 2604 CCXVIII.

283 2611 305 2623 “
319 2611 400 2639 Alias
416 2611 522 2639 CCXIX.

283 2647 315 2657 "'
330 2647 409 2674 Alias
420 2648 544 2675 CCXXII.

284 2682 424 2719 (977)7'1‘7r'slo
441 2683 675 2719 καταπονουμένου.
688 2683 730 2710 Ita
739 2682 812 2710 Med.
824 2684 852 2711 et
863 2682 924 2711 duo
935 2682 996 2712 alii.
1007 2683 1072 2711 Edi-

249 2715 270 2745 ti
282 2715 310 2745 et
325 2715 414 2755 Coisll
429 2718 555 2755 primus,
571 2715 633 2754 ὑπὲρ
648 2721 886 2755 κατᾳποιουμένων.

285 2754 342 2789 (98)
353 2753 462 2782 Αὐτόθι.
480 2753 571 2783 Coisl.
596 2753 747 2783 secundus
768 2753 798 2784 et
822 2755 896 2791 Reg.
921 2754 1072 2784 secundus

1315 1919 1512 1956 ’Δνιπίγραφος,
1527 1919 1589 1956 ὑπὲρ
1606 1917 1718 1949 ἐνδεοῦς.

1158 1974 1268 2002 Σπανίας
1289 1973 1352 2008 ἡμῖν
1376 1973 1424 2003 τὰς
1449 1973 1514 2009 πρὸς
1535 1974 1580 2001 τὴν
1609 1974 1657 2002 σὴν
1682 1973 1826 2008 τιμιότητα
1844 1980 1919 1998 κατα-

1124 2017 1246 2048 σκευάζει
1265 2015 1403 2047 ἔπιστολὰς
1421 2018 1450 2043 τό
1472 2017 1580 2043 σπάνιον
1599 2021 1649 2043 τῶν
1669 2016 1761 2043 αὐτόοι
1782 2016 1841 2052 (98)
1859 2016 1920 2043 ἁπο-

1122 2063 1246 2098 κρίσεων.
1283 2064 1381 2098 Δεῖγμα
1412 2062 1463 2097 γὰρ
1493 2062 1638 2098 ποιούμεθα
1670 2064 1716 2087 τοῦ
1750 2060 1830 2096 ὄχλον
1849 2062 1919 2097 ἡμῶν

1122 2106 1151 2131 τὸ
1169 2106 1280 2142 ’γράμμα
1300 2107 1382 2142 φερειν
1401 2109 1432 2142 τῇ
1453 2107 1587 2142 τιμιότητί
1606 2114 1663 2139 σου⁷
1685 2107 1714 2131 τὸ
1734 2107 1769 2141 μὴ
1792 2103 1919 2141 δέχεσθαι

1122 2148 1161 2185 ἐφ’
1179 2150 1219 2180 οἷς
1237 2149 1267 2176 ἆν
1287 2149 1407 2176 ἑκάστοτε
1428 2151 1562 2187 ’γράφομεν
1591 2150 1647 2185 (99)
1675 2151 1721 2180 τὰς
1750 2148 1913 2186 ἀποκρίσεις.

1123 2193 1202 2220 Πάλιν
1223 2192 1252 2220 δὲ
1272 2194 1307 2224 εἰς
1326 2194 1413 2230 ἑτέραν
1432 2195 1574 2230 μεθίστησι
1595 2192 1711 2220 διάνοιαν
1731 2194 1745 2222 ἠ
1773 2195 1858 2220 ἔννοια
1875 2196 1917 2220 τοῦ

1122 2237 1238 2269 πλήθους
1263 2242 1313 2264 τῶν
1342 2241 1401 2275 περὶ
1431 2240 1459 2264 σὲ
1491 2240 1660 2275 πραγμάτων,
1689 2240 1735 2264 καὶ
1764 2241 1917 2275 συγγνώμην

1124 2284 1217 2319 ἔχομεν
1245 2287 1281 2318 τῷ
1306 2286 1423 2309 τοσαῦτα
1451 2281 1497 2309 διὰ
1523 2284 1615 2319 χειρὸς
1640 2282 1729 2318 ἔχοντι
1757 2281 1919 2308 ἐπιλανθανο-

1124 2329 1190 2364 μένῳ
1210 2328 1293 2363 ἡμῶν,
1314 2327 1347 2352 ὧν
1367 2325 1429 2353 οὐδὲ
1444 2327 1465 2353 εἰ
1479 2329 1553 2353 πᾶσα
1572 2325 1602 2356 ἦν
1624 2326 1708 2363 σχολὴ
1729 2329 1775 2352 καὶ
1805 2327 1916 2362 ἡσυχία,

1126 2370 1173 2398 διὰ
1191 2373 1220 2397 τὸ
1240 2373 1356 2397 ταπεινὸν
1376 2375 1422 2397 τοῦ
1443 2370 1503 2408 βίον
1523 2371 1674 2407 μεμνῆσθαι
1697 2369 1802 2408 ῥᾴδιον.
1831 2372 1860 2397 Σὲ
1877 2371 1918 2406 μὲν

1125 2414 1169 2441 οὖν
1195 2416 1207 2441 6
1236 2416 1310 2451 ἅγιος
1333 2417 1371 2451 (1)
1397 2418 1441 2441 καὶ
1474 2414 1516 2441 ἐπὶ
1549 2415 1656 2451 μείζονα
1684 2419 1733 2446 τῆς
1759 2417 1920 2452 πιριφανιίας

1125 2459 1232 2496 ἀγάγοι,
1252 2463 1298 2486 καὶ
1316 2464 1347 2496 τῇ
1367 2461 1488 2498 παρούσῃ
1518 2459 1683 2497 λαμπρότητι
1711 2462 1874 2497 συντηρήσοι
1890 2461 1918 2494 τῇ

1126 2504 1218 2531 ἑαυτοῦ
1238 2505 1331 2541 χάριτι
1362 2514 1368 2522 -
1390 2505 1466 2541 ἡμεῖς
1492 2501 1521 2531 δὲ
1549 2507 1636 2531 πᾶσαν
1662 2505 1793 2541 πρόφασιν
1821 2502 1921 2540 ἀμειεὸ-

1127 2575 1371 2648 αυῖὅὲῧίράφομιν.
1386 2610 1479 2639 iidem
1494 2610 1556 2639 duo
1564 2609 1682 2639 codices
1695 2617 1766 2638 cum
1779 2609 1920 2647 Med.7pi-

1127 2656 1223 2682 φωμεν.

1128 2681 1468 2745 'e(t)'A7to;.Vaticanus
1486 2683 1514 2712 et
1538 2681 1788 2712 Claromontanus
1809 2681 1918 2711 addunt

1153 2727 1205 2745 εος.

1153 2727 1205 2749 εος.
