1997 3143
103 137 162 166 1081

522 139 765 167 EPISTOLARUM
780 137 923 168 CLASSIS
941 138 986 167 Ill.
1011 137 1120 167 EPIST.
1147 136 1350 166 CCCXXXVIII.

1707 134 1777 162 4082

101 202 141 226 καὶ
163 201 240 236 μόνον
266 199 315 226 ὑπὸ
335 203 385 226 τῶν
402 203 454 226 σῶν
477 199 621 236 ὑϐρίζομαι
644 200 765 228 πολιτῶν.
789 199 827 226 Οὐ
850 202 893 236 μὴτ

956 201 1082 229 miniam
1097 200 1137 229 ad
1147 200 1247 236 ipsum
1260 187 1433 228 mitterent?
1445 197 1532 226 Vides
1544 205 1594 226 me
1604 205 1622 225 a
1636 196 1706 225 solis
1718 196 1776 224 tuis

100 245 174 280 εγωγε
196 248 243 270 τοῦ
266 244 346 280 φιλεῖν
374 247 419 271 καὶ
453 244 564 271 ἐπαινεῖν
596 243 775 275 Καππαδόκας
795 246 899 271 παύσο-

99 299 152 325 μαι·
184 289 237 315 ἀλλ’
267 291 380 325 εὔχομαι
416 290 461 326 μὲν
499 290 594 320 αὐτοὺς
629 289 747 326 ἀμείνους
779 290 899 325 γενέσθαι

99 337 153 371 περὶ
180 333 234 370 ἐμὲ,
261 336 382 370 μένοντας
407 333 438 360 δὲ
464 334 506 361 ἐπὶ
534 339 584 360 τῶν
609 335 693 361 αὐτῶν
711 336 785 361 οἴσω.
803 337 898 370 Φιρμῖ-

99 388 138 409 νος
156 377 185 404 δὲ
208 382 291 414 μῆνας
325 379 386 414 ἡμῖν
411 381 554 414 συνεγὶνετο
581 381 715 415 τέτταρας
745 379 842 414 ἡμέραν
868 376 898 404 δε

100 423 209 459 ἦργησιν
238 421 378 458 οὐδεμίαν.
411 424 445 450 Τὸ
477 421 506 449 δὲ
530 423 722 460 συνειλεγμένον
737 424 796 449 ὅσον
815 422 899 457 ειν-τινί

98 469 171 498 αυτὸς
186 469 257 503 sicis,
283 470 328 493 καὶ
354 469 418 497 ἴσως
445 467 474 493 οὐ
503 467 605 504 μέμψῃ.
627 469 695 505 Πρὸς
711 466 741 494 δὲ
770 469 799 493 τὸ
818 467 895 493 πάλιν

98 511 172 537 αὑτὸν
192 510 272 548 δεῦρο
297 510 443 541 δυνηθῆναι
470 511 559 545 ἐλθεῖν,
586 514 644 538 τίνα
666 514 720 548 χρὴ
737 521 895 549 προσπαρα-

97 556 178 582 καλεῖν
205 557 369 592 σύμμαχον;
399 558 476 594 Εἴπερ
505 557 556 592 γὰρ
583 555 610 582 εὖ
635 560 773 593 φρονοῦσιν
787 557 811 582 οἱ
832 555 894 592 βου-

97 600 206 632 λεύοντες
227 600 283 636 (64)
309 601 413 638 (πρέποι
439 599 463 627 δ’
488 601 518 627 ἂν
548 600 691 638 ἀνθρώποις
716 599 894 637 πεπαιδευμέ-

63 669 65 672 .
98 645 169 679 vutg),
207 647 354 681 τιμήσουσι
382 645 440 681 (65)
473 648 525 676 τοῖς
550 643 692 683 δευτέροις,
720 643 811 674 ἐπειδὴ
841 649 894 676 τοῖς

97 692 207 726 πρώτοις
218 689 360 719 ἐλύπησαν.

361 785 529 812 ΕΠΙΣΤΟΛΗ
549 784 632 813 ΤΛΖ’.

955 245 1070 274 civibus
1089 244 1198 281 injuria
1216 243 1303 272 afﬁci.
1319 245 1418 280 Neque
1433 245 1535 271 tamen
1548 250 1604 277 ego
1618 243 1778 278 propterea

955 289 1147 326 Cappadoces
1174 296 1276 317 amare
1301 296 1337 316 ac
1363 288 1487 316 laudare
1502 287 1650 315 desinam.
1667 287 1776 314 Verum

953 334 1082 370 optarim
1096 333 1219 370 quidem
1234 332 1300 360 illos
1316 333 1346 360 in
1362 340 1409 360 mc
1425 331 1515 368 454
1525 331 1590 359 ﬁeri
1605 331 1773 366 mquiores:

953 377 1007 405 sed
1015 378 1038 405 si
1045 377 1135 406 iidem
1144 377 1375 414 permanserint,
1385 376 1490 404 feram.
1504 374 1774 403 Firminusmenses

951 426 1081 459 quatuor
1100 421 1182 458 apud
1197 429 1252 450 nos
1272 423 1476 449 commoratus
1489 423 1552 448 est:
1579 419 1659 447 diem
1673 421 1774 446 autem

950 467 1066 495 nullam
1072 467 1188 496 otiosus
1195 466 1349 501 transegit.
1361 466 1513 498 Quantum
1520 466 1621 492 autem
1629 462 1685 490 sibi
1694 470 1774 490 com-

949 511 1110 547 paraverit,
1127 510 1191 547 ipse
1204 517 1380 545 cognosces,
1392 512 1421 537 et
1435 509 1560 537 fortasse
1571 515 1632 536 non
1645 514 1774 542 conque-

948 556 1031 584 reris.
1059 556 1120 583 Huc
1147 558 1248 583 autem
1277 556 1309 582 ut.
1331 554 1395 590 ipse
1415 554 1524 582 iterum
1543 551 1644 580 venire
1668 550 1772 587 possit,

948 600 1074 636 quinam
1090 599 1211 635 adjutor
1228 598 1427 627 advocandus
1437 598 1451 625 ‘l
1464 597 1621 626 Enimvero
1647 595 1673 623 si
1694 596 1772 623 recte

949 643 1036 672 sentit
1049 644 1132 671 curia
1153 643 1222 678 (hoc
1237 645 1339 672 autem
1354 642 1487 671 decuerit
1514 640 1654 670 homines
1677 638 1774 667 erudi-

948 689 1016 724 tos),
1032 687 1194 716 honorabit
1216 696 1264 716 me
1280 686 1512 724 posterioribus:
1523 683 1772 723 quandoquidem

948 732 1098 768 prioribus
1112 732 1229 761 tristitia
1243 732 1351 761 affecit.

1158 786 1329 815 EPISTOLA
1351 784 1564 814 CCCXXXVII‘.

97 837 198 864 Alium
211 837 411 872 Cappadocem
428 837 518 866 mittit
533 838 658 866 Libanio
672 838 808 872 Basilius,
822 845 905 874 quem
918 839 1016 874 ﬁlium
1026 847 1112 868 suum
1126 840 1273 874 appellat,
1287 842 1389 874 utpote
1402 840 1433 867 in
1453 846 1487 867 ea
1501 838 1648 872 dignitate
1665 835 1774 874 consti-

131 876 300 910 tutus,quar
313 874 410 908 ipsum
427 875 557 910 omnium
571 877 687 908 patrem
704 873 862 909 efﬁciebat.
879 875 970 903 Hunc
986 873 1188 904 comitabatur
1203 876 1281 904 alius
1294 873 1475 910 adolescens,
1488 874 1597 902 nobilis
1618 876 1644 901 et
1661 873 1724 907 ipse
1737 878 1773 899 ac

131 909 238 936 Basilii
253 909 446 943 necessarius,
461 909 513 938 sed
527 917 586 936 non
598 910 688 938 (lives.

354 953 485 984 Βασίλειος
507 957 525 979 Λ
532 953 632 989 ιϐανίῳ.

132 995 201 1023 Ἰὃού
223 1006 264 1023 σοι
292 999 337 1023 καὶ
361 998 444 1034 ἕτερος
471 999 528 1026 ἣκει
556 996 747 1033 Καππαδόκης,
763 999 817 1029 υἱὸς
834 998 894 1034 ἐμὰς

98 1041 240 1072 καὶαῦτός·
261 1043 358 1072 πάντας
380 1043 431 1078 γὰρ
451 1042 513 1078 ἡμῖν
537 1042 648 1069 εἰσποιεῖ
661 1043 716 1078 (66)
744 1045 773 1069 τὸ
799 1047 895 1079 σχῆμα

97 1089 183 1118 τοῦτο,
199 1085 223 1112 ἐν
274 1090 318 1112 νῦν
342 1085 427 1122 ἐσμεν.
452 1086 532 1113 Ὥστε
546 1088 613 1113 κατά
637 1097 666 1122 γε
685 1091 761 1114 τοῦτο
786 1085 895 1123 ἁδελφός

97 1130 126 1156 ἂν
169 1131 208 1159 εἴη
252 1134 298 1156 τοῦ
322 1130 505 1167 προλαϐόντος,
529 1134 573 1157 καὶ
597 1136 644 1162 τῆς
669 1131 750 1162 αὐτῆς
779 1131 895 1162 σπουδῆς

98 1175 177 1208 ἄξιος,
195 1174 252 1210 ἐμοὶ
267 1185 294 1201 τε
310 1180 346 1210 τῷ
361 1178 441 1211 πατρὶ
465 1178 509 1202 καὶ
525 1178 566 1202 σοι
581 1180 617 1211 τῷ
642 1174 807 1212 διδασκάλῳ·
828 1179 895 1214 εἴπερ

97 1229 122 1245 τι
152 1219 215 1250 ἄλως
239 1219 313 1246 πλέον
338 1218 448 1246 δυνατὸν
480 1221 550 1256 ἔχειν
574 1221 630 1256 (67)
656 1222 714 1251 τοὺς
741 1222 801 1257 παρ’
824 1222 896 1257 ἡμῶν

97 1263 265 1300 ἑρχομενους.
291 1265 371 1290 Τοῦτο
393 1262 422 1290 δὲ
448 1264 522 1300 λέγω,
553 1265 605 1301 οὐχ
630 1267 661 1296 ὡς
676 1265 722 1291 οὐκ
742 1265 771 1291 ἂν
786 1269 830 1296 τῆς
848 1269 896 1296 σῆς

98 1308 248 1343 λογιότητος
281 1308 366 1334 πλεῖόν
404 1319 429 1334 τι
467 1312 521 1340 τοῖς
556 1309 674 1340 παλαιοῖς
710 1314 760 1335 τῶν
791 1310 895 1346 ἑταίρων

94 1353 284 1389 χαριζομένης,
317 1352 371 1378 ἀλλ’
402 1354 436 1383 ὡς
464 1352 575 1389 ἀφθόνου
603 1357 668 1380 πᾶσι
699 1358 744 1384 τῆς
777 1354 895 1390 ὠφελείας

95 1406 141 1422 σου
169 1399 350 1434 προκειμένης.
383 1397 491 1433 Ἀρκοῡν
523 1396 548 1424 δ’
582 1398 612 1423 ἂν
641 1400 678 1427 εἴη
703 1402 739 1433 τῷ
759 1401 893 1435 νεανίσκῳ,

91 1442 141 1478 πρὸ
164 1446 209 1471 τῆς
237 1440 264 1467 ἐκ
284 1445 329 1468 τοῦ
349 1444 448 1478 χρόνου
470 1445 568 1479 πείρας,
595 1444 619 1469 ἓν
646 1446 700 1474 τοῖς
728 1443 832 1474 οἰκείοις
857 1454 895 1471 τε-

89 1486 202 1522 τάχθαι·
218 1486 244 1511 ὃν
271 1485 438 1522 ὰποπέμψαιο
462 1487 535 1523 ἡμῖν,
559 1487 630 1518 ἄξιὸν
650 1492 698 1513 τῶν
714 1497 740 1513 τε
766 1489 894 1525 ἡμετέρων

89 1530 176 1566 εὐχῶν
191 1532 297 1560 καὶτῆς
318 1540 416 1557 cauto-.2
439 1530 529 1565 δόξης,
554 1532 583 1560 ἣν
607 1533 678 1568 ἐχεις
696 1531 720 1557 ἐν
733 1536 786 1562 τοῖς
795 1532 893 1569 λόγοις-

90 1575 234 1610 Ἐπάγεται
264 1573 293 1601 δὲ
317 1577 360 1600 καὶ
387 1575 528 1605 ἡλικιώτην
552 1579 597 1605 τήν
623 1578 682 1605 iam
712 1577 807 1613 ἔχοντα
835 1581 893 1614 περὶ

88 1620 153 1649 τοὺς
182 1621 273 1654 λόγους
304 1617 434 1651 σπουδὴν,
470 1618 629 1657 εὐπατρίδην
660 1623 705 1646 καὶ
738 1620 814 1647 αὐτόν
849 1624 893 1648 καὶ

91 1663 155 1699 ἡμῖν
181 1663 284 1690 οἰκεῖον
304 1664 330 1689 ὃν
353 1662 428 1691 οὐδὲν
448 1665 551 1691 ἔλαττον
572 1665 634 1696 ἕξειν
654 1667 818 1701 πιστεύομεν,
845 1666 892 1693 κᾶν

88 1707 211 1734 πλεῖστον
226 1712 276 1734 τῶν
290 1708 371 1734 ἄλλων
391 1713 446 1740 τοῖς
472 1712 610 1747 χρήμασιν
627 1709 801 1738 ἀπολείποιτο,

358 1801 526 1825 ΕΠΙΣΤΟΛΠ
546 1799 631 1827 ΤΛΙΓ.

1215 956 1349 984 Basilius
1369 955 1504 983 Libanio.

984 1001 1057 1028 Ecce
1073 1000 1124 1028 tibi
1139 1002 1167 1028 et
1182 1000 1257 1029 alius
1271 1000 1351 1028 venit
1367 999 1541 1036 Cappadox,
1562 1005 1648 1026 meus
1667 999 1696 1024 et
1706 997 1772 1032 ipse

948 1044 1044 1077 ﬁlius;
1059 1052 1163 1072 omnes
1179 1045 1259 1072 enim
1270 1044 1359 1072 nobis
1375 1044 1499 1080 adoptat
1525 1042 1654 1077 dignitas
1669 1041 1719 1069 illa
1740 1041 1772 1068 in

949 1097 1011 1124 qua
1026 1096 1106 1116 nunc
1118 1097 1234 1117 sumus.
1256 1088 1460 1122 Quamobrem
1470 1087 1528 1115 hoc
1547 1086 1669 1115 nomine
1682 1085 1772 1113 frater

951 1133 988 1161 sit
1015 1133 1092 1160 illius
1120 1134 1172 1169 qui
1189 1134 1271 1169 prius
1299 1133 1337 1161 ad
1363 1135 1389 1160 te
1405 1132 1495 1166 venit,
1521 1134 1549 1160 et
1567 1139 1642 1159 cura
1665 1130 1772 1158 eadem

949 1177 1070 1212 dignus,
1086 1179 1148 1206 tam
1160 1178 1231 1206 mihi
1254 1177 1342 1214 patri,
1356 1185 1449 1214 quam
1465 1176 1518 1204 tibi
1541 1174 1716 1212 praeceptori
1729 1182 1735 1207 ;
1748 1173 1772 1201 si

950 1222 1014 1250 ﬁeri
1038 1222 1163 1250 omnino
1178 1224 1285 1258 potest,
1299 1224 1332 1250 ut
1353 1221 1466 1258 aliquid
1484 1221 1613 1257 amplius
1628 1219 1771 1253 habeant,

949 1266 1030 1302 quia
1050 1266 1137 1294 nobis
1155 1267 1286 1295 veniunt.
1302 1268 1361 1295 Hoc
1385 1269 1485 1294 autem
1502 1265 1579 1297 dico,
1607 1271 1669 1292 non
1688 1262 1772 1299 quod

948 1311 1091 1339 facundia
1108 1314 1159 1340 tua
1184 1319 1245 1339 non
1267 1311 1334 1347 plus
1357 1311 1472 1347 aliquid
1491 1309 1595 1338 amicis
1623 1308 1771 1337 veteribus

948 1355 1076 1390 tribuat;
1089 1355 1143 1384 sed
1166 1356 1249 1392 quod
1271 1356 1426 1384 uberrima:
1439 1355 1549 1383 utilitas
1564 1356 1617 1382 tua
1629 1352 1772 1381 omnibus

949 1401 1105 1436 proposita
1127 1401 1175 1429 sit.
1199 1401 1275 1428 Satis
1300 1402 1401 1428 autem
1425 1400 1513 1427 fuerit
1538 1397 1732 1432 adolescenti,
1750 1396 1773 1424 si

949 1447 1016 1472 ante
1028 1445 1172 1481 temporis
1195 1445 1433 1481 experimentum
1449 1445 1524 1472 inter
1537 1442 1696 1470 familiares
1716 1440 1773 1468 c01-

949 1488 1080 1517 locetur:
1095 1497 1187 1526 quem
1202 1489 1242 1518 ad
1264 1497 1320 1517 nos
1338 1489 1471 1517 remittas
1483 1487 1581 1521 velim,
1602 1486 1730 1522 dignum
1744 1486 1774 1512 et

949 1534 1058 1562 nostris
1072 1534 1194 1568 votis,et
1206 1534 1300 1569 gloria
1311 1534 1435 1567 istatua,
1447 1541 1541 1569 quam
1556 1540 1587 1560 es
1601 1530 1773 1567 eloquentia

948 1581 1136 1607 consecutus.
1146 1579 1229 1607 Ducit
1239 1581 1340 1607 autem
1352 1586 1454 1606 secum
1463 1579 1491 1605 et
1503 1573 1771 1610 comtaueum,pari

946 1622 1111 1652 litterarum
1127 1623 1226 1651 studio
1243 1623 1414 1659 praeditum,
1433 1623 1570 1659 etipsum
1589 1627 1712 1657 quoque
1736 1626 1773 1647 ex

946 1667 1040 1695 nobili
1058 1667 1172 1696 familia
1181 1670 1375 1704 prognatum,
1392 1667 1539 1703 nobisque
1551 1664 1770 1694 necessarium:

945 1719 1039 1748 quem
1049 1712 1132 1740 nulla
1142 1712 1353 1740 reinferiorem
1366 1712 1429 1740 fore
1439 1711 1622 1739 conﬁdimus
1633 1718 1640 1744 ;
1653 1707 1771 1738 etiamsi

947 1755 1114 1791 plurimum
1130 1757 1168 1785 ab
1178 1757 1244 1785 aliis
1260 1757 1391 1793 pecunia
1406 1758 1575 1792 superetur.

1155 1802 1323 1830 EPISTOLA
1338 1801 1562 1829 CCCXXXVIH“.

86 1842 208 1879 Gratias
223 1843 285 1876 agit
299 1842 442 1871 Libanius
457 1844 536 1879 quod
548 1844 737 1878 Cappadoces
752 1843 792 1872 ad
806 1851 835 1872 se
849 1844 949 1874 mittat
970 1846 1111 1876 Basilius.
1124 1846 1243 1874 Narrat
1257 1854 1287 1873 se
1296 1846 1373 1874 lecta
1385 1845 1526 1879 privatim
1546 1844 1632 1872 illius
1644 1842 1771 1879 epistola

121 1878 235 1905 victum
249 1886 279 1906 se
293 1878 330 1916 ali
341 1886 373 1906 eo
389 1878 556 1916 confessum
569 1887 637 1916 esse,
653 1883 679 1907 et
693 1887 759 1907 cum
769 1883 873 1914 postea
884 1881 1017 1909 eamdem
1033 1882 1165 1916 Alypius
1181 1889 1280 1909 coram
1294 1878 1432 1916 pluribus
1443 1881 1596 1916 honoratis
1604 1880 1675 1916 viris
1686 1878 1771 1916 legisf

119 1916 176 1945 set,
195 1921 296 1941 omnes
319 1915 580 1952 Basiliopalmam
600 1915 757 1952 detulisse.
770 1913 918 1944 'Declarat
936 1924 968 1945 se
982 1925 1042 1945 non
1066 1913 1175 1945 cit—rare
1195 1913 1414 1952 quam'divites
1429 1916 1489 1943 sint
1508 1915 1660 1949 discipuli,
1679 1913 1729 1941 sed
1743 1915 1770 1940 et

120 1956 241 1984 egenos,
257 1949 343 1977 modo
359 1950 488 1978 studiosi
496 1951 567 1983 sint,
584 1951 727 1979 divitibus
743 1954 934 1986 antepenore.

348 1993 472 2025 Λιϐάνιος
489 1994 624 2030 Βασιλείῳ.

116 2036 200 2068 Οἶδα,
230 2038 270 2063 ὅτι
296 2037 419 2069 πολλάκις
447 2043 525 2065 τοῦτο
553 2039 674 2076 γράψεις,
699 2040 739 2072 τὸ,
762 2037 833 2066 Ἰδού
849 2049 892 2071 σοι

76 2084 126 2108 καὶ
149 2082 234 2119 ἔτερος
266 2083 323 2111 ἧκει
355 2081 544 2114 Καππαδόκης.
580 2083 692 2114 Πολλοὺς
713 2085 774 2121 γὰρ,
806 2082 889 2121 οἶμαι,

77 2126 204 2161 πέμψεις·
233 2125 272 2153 ἀεὶ
302 2127 347 2163 μὲν
372 2130 417 2154 καὶ
439 2132 578 2164 πανταχοῦ
593 2132 646 2159 τοῖς
675 2128 812 2164 ἐγκωμίοις
836 2133 892 2160 τοῖς

76 2170 140 2196 κατ’
167 2169 230 2206 ἆμοῡ
255 2174 397 2208 χρώμενος,
426 2174 512 2208 τούτῳ
537 2171 566 2199 δὴ
591 2172 663 2208 αὐτῷ
697 2175 742 2199 καὶ
779 2175 891 2211 πατέρας

77 2218 159 2240 κινῶν
180 2217 225 2241 καὶ
246 2214 355 2247 παῖδας.
380 2216 448 2243 Ἀλλ’
473 2218 486 2243 ὄ
511 2226 540 2252 γε
563 2216 660 2252 ἐγένετο
684 2219 743 2254 περὶ
766 2219 813 2247 τὴν
834 2217 890 2244 ἐπι-

78 2259 179 2288 στολήν
205 2269 252 2286 σου
279 2263 326 2289 τήν
352 2260 442 2297 καλὴν,
473 2261 502 2287 οὗ
529 2261 607 2287 καλὸν
637 2266 784 2291 σιωπῆσαι.
820 2266 890 2300 Παρ-

76 2305 209 2334 αάθηντό
231 2314 277 2341 μοι
298 2309 348 2331 τῶν
373 2305 397 2331 ἓν
425 2305 497 2344 ἀρχῇ
521 2308 695 2342 γεγενημένων
716 2306 789 2332 ἄλλοι
803 2316 829 2333 τε
844 2307 892 2333 οὐχ

77 2349 177 2385 ὀλίγοι,
205 2352 251 2376 καὶ
279 2350 292 2376 ό
323 2351 409 2377 πάντα
441 2351 550 2389 ἄριστος
583 2351 708 2382 ’Δλύπιος
736 2351 890 2389 Ἱεροκλέους

76 2393 187 2429 ἀνεψιὸς
211 2393 318 2422 ἐκείνου.
352 2394 396 2425 Ὠς
430 2399 474 2421 οῦν
503 2394 599 2422 ἔδοσαν
633 2396 657 2422 οἱ
695 2397 811 2433 φέροντες
842 2392 889 2426 τὴν

75 2437 232 2473 ἐπιστολὴν,
250 2443 312 2475 σιγῇ
337 2437 384 2465 διὰ
411 2440 501 2471 πάσης
521 2439 610 2474 ἐλθὼν,
625 2440 797 2476 Νενικήμεθα,
815 2441 887 2476 ἔφην,

75 2481 191 2518 μειδιῶν
205 2492 232 2509 τε
247 2483 301 2519 οἶμα
325 2485 369 2510 καὶ
392 2487 505 2521 χαίρων,
537 2486 587 2511 Καὶ
618 2487 676 2510 τίνα
697 2486 728 2510 σὺ
752 2487 887 2516 νενίκησαι

75 2529 175 2562 viam;
203 2527 306 2563 ἤροντο·
333 2530 377 2554 καὶ
408 2533 464 2559 πῶς
503 2528 549 2555 οὐκ
587 2528 672 2565 ἀλγεῖς
701 2531 884 2565 νενικημένος;

130 2608 176 2644 illi)
196 2607 372 2644 Βονλεύοντες.
398 2607 475 2636 Harl.
507 2608 656 2644 βουλευταί.
681 2608 793 2637 Ibidem
811 2617 884 2638 non-

77 2642 153 2670 nulli
171 2642 303 2677 codices,
319 2646 420 2679 πρέπει.

116 2679 176 2713 (65)
193 2681 354 2714 Τιμήσουσι.
370 2681 438 2713 Reg.
456 2679 608 2708 secundus
620 2682 649 2708 et
668 2680 754 2708 Coisl.
781 2688 885 2709 secun-

77 2712 140 2740 dus
156 2712 304 2750 τιμὴοουοί
319 2724 360 2750 με.
381 2712 436 2743 Alii
447 2715 584 2743 nonnulli
603 2718 746 2750 τιμήσουσί
763 2725 801 2743 σε.

118 2749 272 2787 {Mlliter}:
298 2750 418 2780 εἰσποιεῖ.
443 2751 530 2780 Coisl.
554 2751 671 2787 primus
694 2754 722 2780 et
740 2751 804 2780 Med
827 2751 882 2781 ha-

79 2783 171 2819 bent,
183 2783 262 2820 ἡμᾶς.

1214 1996 1357 2025 Libanius
1383 1996 1503 2025 Basilio.

984 2041 1050 2069 Scio
1066 2042 1093 2069 te
1103 2041 1163 2069 hoc
1173 2041 1279 2069 crebro
1291 2041 1473 2078 scripturum
1486 2049 1493 2069 :
1511 2041 1584 2068 Ecce
1596 2039 1682 2068 tibiet
1694 2037 1771 2066 alius

946 2085 1027 2113 venit
1040 2084 1218 2121 Cappadox.
1231 2085 1334 2113 Multos
1356 2092 1500 2121 namque,
1523 2086 1608 2120 puto,
1623 2083 1771 2112 missurus

947 2137 996 2163 es;
1012 2137 1131 2166 semper
1144 2132 1174 2158 et
1186 2130 1300 2166 ubique
1315 2137 1364 2158 me
1376 2129 1518 2158 laudibus
1529 2129 1666 2164 etferens,
1681 2130 1770 2164 atque

946 2174 1003 2202 hoc
1010 2175 1076 2210 ipso
1085 2176 1114 2202 et
1121 2177 1219 2210 patres
1226 2177 1253 2202 et
1264 2182 1374 2210 pueros
1385 2182 1564 2211 provocans.
1581 2172 1694 2209 Atquid
1701 2179 1770 2200 eve-

946 2218 989 2246 nit
1003 2217 1034 2246 in
1044 2217 1202 2254 epistolam
1225 2220 1310 2246 tuam
1334 2218 1504 2254 pulchram,
1524 2225 1586 2245 non
1608 2215 1769 2252 pulchrum

945 2262 1034 2290 fuerit
1043 2262 1160 2290 silentio
1172 2262 1334 2298 praeterire.
1349 2261 1530 2290 Assidebant
1544 2261 1617 2289 mihi
1627 2268 1664 2288 ex
1673 2260 1770 2288 hono-

945 2307 1027 2342 ratis,
1043 2314 1113 2335 cum
1126 2306 1176 2335 alii
1189 2314 1251 2334 non
1267 2306 1365 2343 pauci,
1377 2308 1442 2335 tum
1451 2306 1541 2341 longe
1554 2305 1688 2341 optimus
1701 2303 1770 2340 Aly-

945 2351 1014 2388 pius
1030 2351 1170 2380 Hieroclis
1184 2351 1263 2379 illius
1279 2351 1489 2380 consobrinus.
1506 2352 1542 2380 Ut
1563 2358 1635 2385 ergo
1659 2349 1769 2386 episto-

944 2396 1006 2424 lam
1021 2395 1224 2430 reddiderunt,
1239 2395 1291 2432 qui
1307 2396 1484 2430 attulerant;
1500 2395 1616 2424 silentio
1632 2396 1692 2423 tota
1703 2401 1769 2431 per-

943 2440 1030 2474 lecta,
1047 2440 1149 2468 ridens
1163 2440 1251 2468 simul
1266 2442 1294 2468 et
1308 2440 1444 2475 gaudens
1458 2440 1538 2469 dixi:
1556 2439 1628 2468 Victi
1651 2447 1768 2467 sumus.

943 2484 1171 2520 lnterrogabant
1184 2487 1285 2514 autem
1306 2485 1361 2513 illi:
1380 2486 1444 2518 Qua
1468 2485 1562 2513 victus
1578 2493 1609 2512 es
1625 2483 1770 2512 victoria?

942 2529 1131 2566 etquomodo
1143 2530 1237 2558 victus
1244 2537 1305 2558 non
1320 2530 1405 2558 doles
1414 2530 1532 2558 ‘tVictus
1545 2537 1623 2562 sum,
1638 2528 1768 2560 aiebam,

977 2610 1032 2645 {67)
1051 2609 1135 2640 Ὀλως
1156 2609 1230 2636 πλέον
1262 2608 1372 2636 δυνατὸν
1401 2611 1482 2645 ἔχειν.
1515 2609 1561 2636 Sic
1589 2609 1648 2635 tres
1682 2608 1766 2645 retu:

940 2642 1061 2672 stissimi
1076 2645 1203 2672 codices.
1217 2647 1284 2673 Tres
1298 2645 1347 2673 alii
1361 2642 1436 2671 πλέον
1459 2643 1569 2671 δυνατὸν
1592 2645 1673 2679 ἔχειν.
1690 2642 1764 2670 Editi

941 2682 1010 2717 εἴπερ
1025 2690 1051 2717 τι
1063 2680 1137 2717 πλέον
1152 2682 1221 2717 ἔχειν
1251 2680 1372 2709 δυνατὸν.
1387 2682 1450 2708 Mox
1466 2679 1535 2708 editi
1560 2679 1633 2705 πλέον
1647 2688 1682 2706 τι,
1695 2679 1764 2706 Tres

939 2715 1135 2743 vetustissimi
1145 2716 1265 2744 codices
1276 2719 1307 2745 ut
1325 2717 1355 2744 in
1369 2718 1459 2744 textu.

976 2753 985 2762 '
995 2750 1075 2778 Alias
1088 2751 1197 2779 CXLIV.

976 2787 996 2797 "
1012 2786 1092 2815 Alias
1105 2787 1200 2816 CXLV.
