1997 3143
55 191 219 226 κεκτημένος,
235 188 291 216 εἶτα
309 191 399 224 σιγῶν,
416 184 524 216 εὔδηλον
543 187 577 217 ὡς
593 185 725 224 ὑπεροψίᾳ
752 185 767 214 ἦ
787 183 853 220 λήθῃ
869 185 893 212 Α

55 239 132 262 τοῦτο
147 237 226 261 ποιεῖ.
243 233 309 269 Ἐγὼ
325 230 355 259 δέ
366 241 413 258 σου
433 233 480 261 τήν
506 232 607 259 σιωπήν
632 229 777 266 ἀμείψομαι
791 237 854 265 προ-

58 282 165 316 σρήσει.
181 281 263 315 Χαῖρε
273 280 369 311 τοίνυν,
385 279 536 313 τιμιώτατε,
547 277 592 301 καὶ
604 275 687 312 γράφε
702 273 723 300 εἰ
739 273 854 310 βούλοιο·

56 326 101 350 καὶ
115 325 152 360 μή
169 324 262 360 γράφε,
275 322 297 349 εἰ
308 326 386 349 τοῦτο
401 331 444 348 σοι
458 319 607 357 προσφιλές.

171 361 180 374 Ι

322 431 490 457 ΕΠΙΣΤΟΛΗ
510 425 596 454 TME‘.

528 121 771 152 EPISTOLARUH
789 120 933 150 CLASSIS
952 121 1002 149 ΙΙΙ.
1025 120 1134 149 EPIST.
1153 118 1294 149 CCCLXV.

1665 120 1735 149 1000

912 184 1013 212 autem
1024 181 1076 219 qui
1086 182 1232 218 possidet,
1243 183 1272 210 et
1288 182 1390 210 tamen
1404 181 1479 215 silet,
1488 181 1678 218 perspicuum
1690 183 1737 211 est

909 235 979 256 eum
994 228 1046 255 aut
1061 234 1097 255 ex
1112 228 1286 263 contemptu
1301 228 1353 254 aut
1368 234 1404 255 ex
1417 226 1567 255 oblivione
1580 226 1638 255 hoc
1654 227 1734 255 face-

909 280 951 300 re.
963 273 1023 307 Ego
1034 273 1134 299 autem
1147 271 1262 299 silentio
1272 273 1324 299 tuo
1335 271 1548 299 salutationem
1556 272 1733 307 rependam.

912 316 998 345 Salve
1013 316 1123 352 itaque,
1136 315 1183 343 vir
1195 315 1343 351 imprimis
1366 315 1500 349 colcnde,
1530 317 1558 343 et
1584 315 1681 343 scribe
1710 315 1735 344 si

911 360 1057 389 volueris:
1073 361 1101 388 et
1115 367 1153 388 ne
1168 359 1294 395 scribas,
1309 359 1340 388 id
1356 360 1380 388 si
1396 360 1448 388 tibi
1463 360 1504 388 ita
1518 360 1672 396 placuerit.

1152 423 1320 451 EPISTOLA
1340 422 1492 451 CCCXLV'.

57 495 150 523 Nunc
162 494 298 529 primunt
311 491 454 520 Libam'us
469 490 570 519 scribit
585 486 849 518 Basiliodllemim't
861 493 892 514 se
901 486 972 513 olim
985 484 1069 513 illius
1089 484 1205 520 eloquio
1218 484 1306 529 ualde
1324 484 1734 519 delectatum,sedtamenali-

58 528 181 575 quando
188 538 333 573 injuriam
349 536 386 565 ab
396 543 429 565 eo
439 534 595 570 accepisse,
606 532 686 570 quod
693 539 723 561 se
733 532 763 559 in
774 530 960 567 profundum
967 528 1239 563 Homericifuroris
1249 531 1373 563 rogatus
1384 528 1574 557 introducere
1583 529 1735 557 noluisset.

317 598 442 628 Λιϐάνιος
461 596 584 632 Βασιλείῳ
592 616 598 624 .

95 661 200 690 Μᾶλλον
216 662 256 688 ὅτι
270 663 306 698 μὴ
333 660 414 688 πάλαι
434 669 476 686 σοι
503 659 610 696 γράφειν
631 657 762 694 ἠρξάμην,
787 654 861 691 οἶμαι

61 717 106 744 μοι
136 705 192 734 δεῖν
224 706 375 742 ἀπολογίας,
400 705 414 734 ἣ
445 707 489 730 νῦν
515 704 708 740 παραιτήσεως,
737 700 778 726 ὅτι
800 702 861 725 τοῦ-

61 762 88 779 το
105 752 163 788 (90)
176 755 260 778 ποιεῖν
273 750 404 787 ἠρξάμην.
420 748 486 785 ’Βγὼ
501 748 552 786 γὰρ
568 747 669 782 ὶκεῖνος,
686 746 699 771 ὁ
715 745 860 782 προσθέων,

62 798 139 823 ὁπότε
168 797 285 833 φανείης,
311 797 356 821 καὶ
380 795 415 825 ὡς
440 791 541 823 ἣδιστα
561 792 666 827 ὑπέχων
685 790 719 815 τὰ
744 787 799 815 ὦτα
823 791 860 823 τῷ

62 842 173 879 ῥεύματι
207 844 255 871 τῆς
283 839 409 876 γλώττης,
430 839 475 864 καὶ
506 837 622 873 λέγοντος
654 834 895 879 εὐφραινόμενος,Β

62 888 106 912 καὶ
137 885 214 922 μόλις
242 883 475 920 ἀπαλλαττόμενος,
495 883 540 907 καὶ
573 881 638 918 πρὸς
665 881 726 910 τοὺς
745 877 860 915 ἑταίρους

62 921 151 966 λέγων,
173 931 208 961 ὡς
228 929 312 959 Οὗτος
340 928 403 966 ἀνὴρ
432 927 549 962 τοσούτῳ
576 924 687 951 καλλίων
716 927 765 949 τῶν
785 921 861 958 Ἀχε-

61 975 128 1011 λῴου
149 975 308 1011 θυγατέρων,
328 973 382 1009 ὅσῳ
409 971 491 1008 θελγει
519 972 564 1007 μὶν
593 970 657 1006 ᾗπερ
686 968 741 1004 (91)
757 968 861 1000 ἐκεῖναι,

63 1019 175 1056 βλάπτει
195 1017 225 1045 δὲ
254 1018 307 1054 οὐχ
331 1018 418 1053 ὥσπερ
447 1015 554 1042 ἐκεῖναι.
582 1016 632 1041 Καὶ
660 1014 758 1056 μικρὸν,
779 1021 810 1047 γε
832 1012 862 1037 τὸ

62 1067 97 1100 μὴ
129 1063 256 1100 βλάπτειν
272 1073 279 1079 ·
300 1061 354 1088 ἀλλ’
380 1062 422 1088 ὅτι
448 1061 482 1087 τὰ
513 1057 591 1086 τοῦδε
618 1057 682 1095 μέλη
715 1055 808 1094 κέδρος
826 1058 863 1090 τῷ

64 1107 210 1145 δεξαμένῳ.
233 1109 283 1134 Τὸν
302 1107 346 1133 οὖν
365 1106 446 1137 οὕτως
466 1105 562 1141 ἔχοντά
585 1113 616 1140 με
643 1104 757 1139 γνώμης,
787 1101 863 1136 νομί-

64 1153 145 1184 ζοντα
165 1151 195 1179 δε
212 1153 258 1178 καὶ
279 1151 420 1188 φιλεῖσθαι,
438 1149 520 1186 λέγειν
540 1146 569 1175 δὶ
598 1145 726 1174 δοκοῦντα
753 1147 789 1182 μὴ
822 1153 864 1170 το-

63 1197 130 1233 λμᾷν
150 1196 317 1230 ἐπιστέλλειν,
338 1194 457 1232 ἰσχοῖτης
482 1193 587 1230 ἀργίας,
611 1194 656 1218 διοιὶ
684 1190 755 1217 τοῦτ’
773 1190 803 1216 οἶν
823 1191 862 1218 εἴη

65 1243 121 1279 ἅμα
140 1242 298 1278 ζημιοῦντος
317 1241 395 1267 αὐτόν
415 1240 484 1275 (92).
513 1238 592 1268 Δῆλον
610 1238 672 1274 γὰρ,
700 1236 734 1267 ὡς
765 1234 863 1271 ἁμείψή

65 1297 116 1323 μου
136 1288 184 1316 τὴν
204 1285 342 1314 ἐπιστολὴν
361 1286 408 1313 τὴν
437 1283 533 1321 μικρὰν
551 1284 596 1308 καὶ
615 1279 713 1318 φαύλην
739 1278 804 1315 καλῇ
839 1287 866 1304 τε

65 1322 110 1358 ααὶ
129 1330 241 1368 μεγάλῃ,
274 1331 318 1356 καὶ
338 1328 437 1366 φυλάξῃ
459 1326 557 1361 δήπου,
577 1328 612 1363 μή
634 1335 665 1363 με
684 1326 728 1351 καὶ
747 1322 865 1361 δεύτερον

65 1375 177 1412 ἀδικῇς.
203 1373 285 1411 Οἶμαι
304 1375 353 1411 γὰρ
375 1373 431 1410 (93)
459 1371 568 1402 πολλοὺς
587 1370 735 1407 βοήσεσθαι
754 1370 816 1406 πρὸς
835 1369 864 1394 τὸ

63 1421 138 1457 ῥῆμα
166 1422 212 1446 καὶ
239 1418 447 1456 περιστήσεσθαι
474 1418 540 1454 πρὸς
558 1416 591 1442 τὰ
613 1413 756 1452 πράγματα
774 1422 865 1450 κεκρα-

63 1467 143 1500 γότας
165 1474 172 1481 ο
194 1463 329 1493 Εασῦιιος
348 1460 461 1491 ἠδίκηκέ
479 1470 506 1486 τι
533 1459 580 1486 κᾶν
611 1459 720 1496 σμικρόν
741 1465 749 1491 ;
774 1456 865 1484 οὐκοῦν

63 1512 110 1535 καὶ
130 1508 239 1543 Αἰακός,
270 1509 314 1534 καὶ
340 1509 438 1540 Μίνως,
464 1506 509 1531 καὶ
532 1505 545 1530 ό
572 1505 662 1531 τούτου
683 1501 712 1529 δὲ
739 1500 861 1538 ἁδελφός.
879 1525 901 1554 c

61 1554 132 1590 ἐγὼ
148 1551 178 1579 δέ
199 1561 227 1578 σε
246 1552 277 1588 τῇ
310 1552 354 1588 μὲν
374 1549 437 1586 ἄλλῃ
459 1550 617 1578 νενικηκέναι
637 1551 770 1584 συγχωρῶ
791 1556 798 1563 ·
827 1547 866 1577 τίς

65 1596 96 1625 δὲ
118 1596 182 1624 ἰδών
201 1599 228 1623 τέ
248 1605 287 1631 σε,
308 1598 353 1622 καὶ
373 1594 402 1621 οὗ
422 1595 530 1630 φθονῶν)
543 1601 550 1627 ;
563 1593 605 1619 Ἓν
626 1590 656 1618 δέ
674 1594 700 1618 τί
720 1601 762 1618 σοι
781 1591 866 1628 ἡμαρ-

64 1642 168 1671 τῆσθαι
194 1642 258 1677 πρὸς
278 1641 356 1676 ἡμᾶς,
377 1639 424 1665 κᾶν
459 1648 488 1664 σε
517 1636 585 1664 τοῦτ’
614 1636 761 1672 ἀναμνήσω,
796 1634 867 1660 πεῖθε

65 1688 132 1717 τοὺς
152 1684 358 1721 ἀγανακτοῦντας
377 1685 412 1721 μή
440 1682 515 1719 βοᾴν.
544 1679 639 1712 Οὐδείς
660 1690 701 1707 σοι
719 1679 868 1717 προσελθὼν

66 1733 114 1756 καὶ
133 1730 214 1766 χάριν
248 1727 401 1764 ἐπαγγείλας
421 1727 485 1762 (94),
513 1726 544 1756 ἣν
564 1724 655 1752 δοῦναι
674 1725 782 1762 ῥᾷστον,
808 1722 869 1748 ἀτυ-

67 1777 124 1811 χής
144 1773 269 1803 ἀπῆλθεν.
285 1772 346 1809 Εἰμὶ
365 1774 450 1797 τοίνυν
470 1771 585 1807 τῶν
605 1771 685 1806 χάριν
705 1768 868 1796 αἰτησάντων

66 1822 125 1855 μὲν,
161 1818 190 1845 οὗ
220 1817 347 1844 λαϐόντων
379 1814 420 1845 δι.
451 1818 484 1842 Tt
512 1813 555 1841 οὖν
574 1811 675 1851 ᾖτουνς
696 1813 825 1843 Πολλάκις
844 1811 867 1837 ἓν

67 1865 222 1902 στρατηγίῳ
242 1862 297 1897 (96)
328 1871 371 1888 σοι
403 1861 599 1896 συγγενόμενος,
633 1857 781 1888 ἠϐουλήθην
811 1857 867 1891 (97)

66 1907 116 1935 διὰ
134 1912 181 1938 τῆς
202 1911 251 1937 σῆς
271 1908 364 1942 σοφίας
383 1907 419 1935 εἰς
437 1907 466 1930 τὸ
488 1903 568 1940 βάθος
582 1907 628 1933 τῆς
641 1902 757 1940 Ὀμήρου
773 1903 868 1938 μανίας

65 1952 201 1980 εἰσελθεῖν.
221 1950 251 1978 Εἰ
271 1949 301 1977 δὲ
318 1952 347 1977 τὸ
366 1953 417 1976 πᾶν
436 1949 466 1975 οὐ
496 1947 617 1981 δυνατὸν,
639 1949 672 1973 σὺ
703 1945 734 1973 δὲ
759 1945 812 1972 ἀλλ’
833 1945 868 1977 εἷς

64 2007 143 2035 μερος
162 1997 229 2032 ἡμᾶς
249 1995 372 2031 εἰσάγαγε
399 1997 445 2020 τοῦ
471 1993 579 2030 κλήρου.
599 1994 701 2028 Μίρονς
730 1989 759 2017 δὲ
779 1990 868 2017 ἐπεθύ-

64 2052 142 2078 μουν,
160 2041 184 2067 ἐν
204 2041 224 2076 ᾧ
243 2044 292 2067 τῶν
311 2039 434 2068 Ἐλλήνων
454 2042 541 2068 κακῶς
558 2038 733 2074 πεπραχότων
754 2036 820 2071 (98),
840 2035 867 2060 ὃν

66 2086 176 2124 ὕϐρισεν
203 2085 370 2121 Ἀγαμέμνων
397 2082 533 2119 ἐθεράπευε
567 2080 672 2117 δώροις.
701 2079 781 2107 Ταῦτ’
805 2079 868 2116 ἐμοῦ

66 2131 196 2166 λέγοντος,
223 2129 317 2164 ἐγέλας,
338 2127 473 2164 ἀρνεῖσθαι
487 2128 532 2163 μὲν
552 2126 599 2152 οὐκ
621 2127 700 2161 ἔχων,
721 2126 753 2155 ὡς
772 2124 819 2150 οὐχ
838 2123 868 2149 ἀν

69 2174 164 2202 δύναιο
185 2172 333 2210 βουληθεὶς,
353 2170 528 2208 δωρήσασθαι
552 2169 582 2196 δε
602 2169 650 2196 οὐκ
673 2169 773 2197 ἐθέλων,
801 2168 870 2205 Ἀρά

70 2229 114 2247 σοι
127 2221 174 2245 καὶ
194 2221 247 2248 τοῖς
261 2216 462 2253 ἀγανακτοῦσιν,
479 2216 519 2242 ὃτι
538 2224 567 2241 σε
590 2216 652 2250 ἔφην
680 2212 792 2249 ἀδικεῖν,
812 2211 870 2239 ἁδι-

108 2307 167 2342 (90)
180 2306 242 2332 Ὀτι
252 2309 337 2332 τοῦτο.
348 2304 401 2342 _Sic
412 2312 488 2333 mss.
504 2311 565 2332 sex.
582 2303 657 2331 Editi
671 2304 714 2342 ᾗτε
729 2306 816 2342 τοῦτο.

107 2339 169 2378 (91)
183 2345 278 2378 Ἧπερ.
294 2340 418 2378 {lodices
432 2343 490 2378 tres
502 2341 579 2378 ἤπερ,
593 2339 688 2378 magis
697 2339 871 2378 quemue.

70 2374 168 2407 Paulo
182 2374 256 2413 post'
267 2376 337 2413 editi
353 2375 405 2401 ἀλλ’
417 2374 470 2404 ἤδη
482 2376 524 2402 τά.
543 2374 607 2413 Mss.
618 2377 686 2402 octo
696 2376 728 2413 ut
741 2374 771 2413 in
783 2376 870 2402 textu.

107 2414 167 2449 (92)
181 2410 316 2448 ’Ἐσχάτης
326 2411 427 2449 ἀργίας,
444 2413 489 2449 aut
503 2411 574 2449 τοῦτ’
589 2410 618 2449 ἂν
635 2411 749 2449 εἴη-οἶμα
765 2411 873 2449 ζημιοῡῖ

69 2444 130 2480 ντοῖς
145 2444 522 2482 αὑτὸνξἚοΓῐθῚὲεθιῖὶάιιω.
545 2446 663 2482 ἐσχάτης
676 2444 783 2482 ἀργείας
799 2444 872 2471 τοῦτ’

71 2486 102 2512 ἂν
120 2487 172 2518 εἴη,
188 2486 233 2519 καὶ
247 2484 303 2519 ἁμα
318 2483 476 2519 ζημιοῦντος.
488 2483 576 2509 αὐτόν.
588 2483 662 2510 EmT.

86 2515 337 2582 τ(ς323)ὲοἶει.ιειι”γάρ.
353 2515 396 2546 ita
411 2517 529 2546 codices
555 2525 628 2545 mss.
655 2518 782 2553 septem.
797 2515 873 2544 Editi

88 2566 147 2582 ιααι
184 2564 208 2582 ε.

71 2566 147 2582 οιααι
165 2564 195 2582 οε
202 2577 208 2584 ,

97 2585 166 2626 ’(94)
182 2591 264 2627 Χάριν
280 2588 444 2627 ἐπαγγείλας.
460 2590 530 2627 Reg.
546 2588 707 2627 _secundus
726 2588 755 2615 et
778 2586 868 2616 Coisl.

72 2624 228 2655 secundus
244 2624 404 2660 ἀπαγγείλας
423 2624 567 2660 [melius].

110 2663 167 2698 (95)
183 2662 244 2698 Εἰμὶ
259 2658 354 2698 τοινὺν.
371 2658 445 2687 Editi
461 2658 578 2698 addunt
590 2658 719 2698 ἐγώζξειᾴ
731 2658 801 2698 hoc_
808 2665 876 2698 pro-

75 2689 188 2727 nomen
204 2689 288 2724 deest
302 2696 331 2723 in
348 2698 465 2731 septem
479 2695 587 2723 nostris
605 2689 771 2731 codicibus.
784 2689 875 2731 Paulo

75 2736 145 2773 post
164 2740 220 2773 pro
241 2734 347 2773 μανίας,
361 2729 669 2773 Ιᾴειὶηάιιὶωιμαντείας,
681 2729 715 2773 id
728 2729 876 2773 esttdivi:

77 2765 221 2804 ᾖαιὶοἱιίε,
236 2765 402 2796 existimat
414 2765 622 2801 Combeiisius,
638 2765 692 2794 sed
705 2766 877 2801 repugnant

1181 589 1325 618 Libanius
1344 589 1468 618 Basilio.

951 652 1043 687 Magis
1056 651 1184 680 arbitror
1199 651 1273 679 mihi
1282 659 1360 688 opus
1374 659 1439 679 esse
1449 651 1738 688 excusatione,quod

914 703 977 724 non
987 696 1059 725 olim
1070 696 1110 724 ad
1120 698 1148 724 te
1160 696 1288 724 scribere
1298 695 1581 732 incoeperim,quam
1594 703 1675 724 nunc
1689 703 1736 724 re-

915 741 1079 776 cusatione,
1095 741 1178 777 quod
1188 741 1317 769 scribere
1338 740 1490 777 incipiam.
1519 742 1579 775 Ego
1593 741 1674 769 enim
1689 741 1738 769 ille

916 785 1049 822 sum,qui
1059 785 1266 819 accurrebam,
1274 784 1364 821 5.58
1374 785 1492 821 quoties
1503 785 1534 813 in
1544 787 1739 821 conspectum

915 829 1061 866 prodires,
1072 832 1101 858 et
1110 837 1204 866 quam
1215 829 1390 857 suavissime
1399 837 1488 857 aures
1498 829 1674 865 przebebam
1683 829 1738 857 lin-

915 882 982 910 guas
995 874 1120 909 ﬂuentis,
1131 876 1219 910 teque
1238 873 1356 902 dicente
1372 873 1554 909 delectabar,
1570 874 1680 910 vixque
1696 881 1740 902 se-

915 918 1071 954 cedebam,
1083 921 1173 955 atque
1183 918 1222 946 ad
1236 917 1355 946 sodales
1368 917 1525 946 dicebam:
1541 918 1592 946 Hic
1604 919 1739 947 virtanto

915 963 1104 1000 praestantior
1119 962 1239 991 Acheloi
1252 962 1384 996 ﬁliabus,
1408 965 1524 999 quanto
1547 962 1659 991 mulcet
1673 963 1739 999 qui-

916 1008 985 1036 dem
997 1009 1031 1036 ut
1041 1007 1109 1042 illa,
1117 1015 1172 1036 nec
1184 1009 1286 1035 tamen
1296 1009 1328 1035 ut
1337 1006 1393 1035 illae
1403 1007 1535 1035 lsedit.Et
1543 1015 1616 1035 sane
1630 1015 1740 1043 parum

917 1055 962 1081 est
973 1060 1036 1081 non
1045 1052 1164 1085 laedere,
1172 1052 1233 1080 imo
1245 1051 1325 1080 illius
1335 1051 1490 1081 cantilenas
1502 1052 1585 1080 lucro
1600 1054 1670 1080 sunt
1684 1060 1740 1080 au-

917 1096 1018 1125 dienti.
1029 1097 1102 1125 Cum
1112 1096 1200 1132 igitur
1209 1096 1251 1124 ita
1262 1096 1308 1124 sin
1320 1096 1422 1124 animo
1433 1096 1567 1130 allectus,
1578 1104 1688 1132 meque
1699 1096 1742 1124 di-

917 1140 968 1176 ligi
979 1140 1146 1169 existimem
1157 1143 1186 1168 et
1193 1139 1314 1168 dicendi
1322 1139 1463 1168 facultate
1473 1140 1618 1175 prmditus
1626 1139 1741 1173 videar,

919 1185 1048 1214 scribere
1058 1193 1120 1214 non
1131 1185 1242 1214 audere
1250 1187 1390 1213 extremm
1405 1185 1518 1213 inertiae
1536 1185 1632 1220 fuerit,
1643 1184 1743 1213 simul-

919 1237 978 1266 que
999 1229 1130 1258 hominis
1154 1229 1269 1265 sibiipsi
1291 1228 1439 1257 damnum
1453 1228 1620 1257 inferentis.
1641 1229 1744 1265 Liquet

919 1274 998 1302 enim
1013 1274 1121 1309 fore,ut
1130 1281 1232 1302 meam
1242 1273 1399 1309 epistolam
1410 1281 1538 1309 parvam
1548 1275 1577 1302 et
1586 1272 1675 1301 vilem
1686 1280 1743 1309 pu-

918 1319 1003 1347 lchra
1012 1320 1040 1347 et
1053 1317 1160 1354 grandi
1170 1318 1604 1354 remunereris,caveasque,ne
1612 1318 1686 1346 mihi
1693 1318 1744 1346 ite-

919 1371 987 1392 rum
994 1363 1022 1391 in
1024 1363 1033 1398 j
1038 1363 1136 1391 uriam
1142 1362 1392 1399 facias.Equidem
1398 1362 1526 1390 arbitror
1534 1362 1639 1390 multos
1648 1362 1745 1391 excla—

920 1409 1055 1436 maturos
1065 1415 1131 1435 esse
1139 1406 1178 1435 ad
1188 1405 1420 1440 hocverbum,et
1428 1405 1465 1433 ad
1474 1413 1521 1433 res
1530 1406 1612 1441 ipsas
1621 1413 1745 1433 concur-

922 1459 1020 1486 suros,
1032 1451 1229 1479 vociferantes
1241 1458 1248 1484 ;
1260 1450 1426 1478 Basiliusne
1434 1449 1577 1485 injuriam
1585 1449 1632 1477 vel
1647 1449 1744 1478 levem

918 1495 1036 1525 intulit?
1048 1497 1122 1530 Ergo
1133 1497 1162 1523 et
1175 1496 1322 1528 Eacus,et
1333 1494 1467 1527 Minos,et
1478 1493 1529 1530 huj
1535 1501 1568 1522 us
1574 1493 1673 1522 frater.
1681 1495 1743 1529 Ego

920 1543 1021 1570 autem
1029 1542 1057 1569 te
1069 1540 1100 1568 in
1114 1539 1237 1576 reliquis
1248 1538 1372 1576 quidem
1383 1539 1528 1567 victorem
1538 1538 1629 1566 fuisse
1640 1546 1743 1567 conce-

920 1585 977 1620 do;
993 1585 1061 1621 quis
1072 1583 1152 1612 enim
1165 1585 1192 1612 te
1213 1583 1296 1617 vidit,
1308 1584 1337 1610 et
1347 1590 1409 1610 non
1423 1582 1553 1610 invidit?
1570 1581 1628 1611 Sed
1641 1585 1744 1611 tamen

921 1637 1016 1658 unum
1031 1629 1062 1656 in
1076 1636 1132 1656 nos
1142 1628 1282 1665 peccasti.
1304 1629 1343 1655 De
1352 1635 1412 1663 quo
1423 1626 1547 1663 quidem
1559 1627 1583 1654 si
1597 1629 1624 1654 te
1639 1627 1745 1656 admo-

918 1682 1021 1707 neam,
1031 1671 1417 1710 persuadeindignantibus
1431 1673 1464 1699 ut
1482 1678 1519 1699 ne
1529 1671 1740 1699 vociferentur.

922 1720 1014 1746 Nemo
1023 1720 1066 1745 est
1077 1718 1128 1753 qui
1145 1719 1173 1745 te
1186 1716 1369 1744 conveniens
1392 1724 1427 1744 ac
1436 1715 1617 1744 beneﬁcium
1629 1718 1745 1752 petens,

922 1762 1006 1800 quod
1018 1761 1083 1790 dari
1095 1762 1179 1790 facile
1193 1761 1295 1797 possit,
1314 1760 1376 1788 voti
1394 1768 1521 1796 compos
1545 1768 1607 1788 non
1622 1760 1741 1789 abierit.

922 1807 1011 1844 Atqui
1024 1814 1080 1842 ego
1093 1814 1129 1834 ex
1140 1813 1245 1834 eorum
1267 1812 1395 1833 numero
1410 1812 1488 1838 sum,
1498 1805 1550 1840 qui
1564 1805 1746 1833 beneﬁcium

923 1852 1070 1887 petierunt
1082 1850 1216 1887 quidem,
1230 1849 1284 1877 sed
1297 1857 1359 1877 non
1372 1851 1561 1885 acceperunt.
1570 1848 1646 1881 Quid
1656 1848 1748 1884 igitur

923 1894 1093 1932 p03tulavi?
1105 1895 1212 1923 Tecum
1228 1894 1259 1921 in
1274 1892 1404 1930 pretorio
1423 1901 1492 1920 cum
1506 1900 1585 1929 saepe
1599 1900 1745 1928 versarer,

923 1940 1025 1976 optavi
1034 1941 1067 1967 ut
1075 1939 1227 1976 sapientiae
1235 1941 1292 1966 tute
1303 1937 1396 1973 opein
1407 1937 1592 1973 profundum
1599 1937 1747 1964 Homerici

923 1985 1030 2014 furoris
1043 1984 1205 2012 introirem.
1213 1982 1299 2016 Quod
1310 1983 1343 2015 si,
1356 1982 1485 2016 aiebam,
1497 1983 1592 2010 totum
1603 1981 1634 2009 id
1644 1980 1748 2018 perﬁci

923 2037 984 2058 non
998 2031 1105 2066 potest,
1119 2031 1149 2056 at
1159 2030 1190 2056 tu
1207 2030 1308 2056 tamen
1323 2028 1354 2055 in
1367 2029 1485 2064 partem
1510 2026 1599 2054 sortis
1623 2034 1679 2054 nos
1701 2027 1747 2054 in-

923 2074 1076 2102 troducas.
1093 2072 1350 2108 Concupiscebam
1365 2073 1465 2099 autem
1478 2074 1593 2107 partem
1609 2070 1704 2104 illam,
1716 2071 1749 2098 in

925 2127 986 2152 qua
999 2125 1068 2146 cum
1084 2117 1174 2144 Graeci
1194 2116 1315 2144 fortuna
1339 2115 1468 2143 adversa
1495 2117 1657 2149 uterentur,
1672 2117 1749 2150 Aga-

925 2170 1069 2191 memnon
1079 2161 1161 2189 hunc
1171 2160 1280 2197 ipsum,
1288 2167 1379 2196 quem
1390 2158 1572 2194 contumelia
1597 2158 1748 2188 affecerat.

886 2195 908 2223 Β
926 2206 1101 2236 muneribus
1115 2195 1255 2242 placavit.
1269 2195 1337 2232 Hrec
1351 2203 1468 2231 dicente
1480 2210 1540 2239 me,
1553 2202 1684 2236 ridebas,
1698 2210 1749 2231 ne-

926 2295 1045 2324 codices
1061 2302 1177 2327 omnes,
1188 2300 1245 2321 nec
1259 2292 1338 2321 favet
1353 2291 1413 2320 ulla
1426 2290 1513 2320 ratio.

964 2332 1019 2366 (96)
1036 2330 1076 2357 Ἐν
1101 2331 1260 2366 στρατηγίῳ.
1282 2328 1421 2366 Sicimss.
1446 2327 1518 2366 duo.
1548 2326 1643 2366 Editio
1669 2326 1751 2366 Basi-

926 2362 1035 2395 leensis
1049 2368 1077 2393 et
1092 2362 1179 2393 Cois].
1196 2362 1321 2400 primus,
1336 2363 1433 2400 Harl.,
1446 2362 1526 2400 Med.
1546 2365 1575 2390 et
1597 2364 1671 2397 Reg.
1691 2362 1752 2399 pri-

927 2411 997 2431 mus
1012 2401 1041 2438 ἐν,
1053 2398 1231 2438 στραγτηγίοῖ),
1243 2399 1445 2438 EditiQ'Paris,
1461 2398 1484 2424 ἐν
1502 2400 1660 2438 στατηγεὶῳ.

965 2438 1020 2472 (97)
1037 2433 1208 2465 Ὶίϐουλήσην.
1226 2437 1268 2463 Ita
1282 2434 1400 2472 codices
1415 2442 1487 2472 mss.
1500 2436 1619 2472 septem
1637 2435 1670 2472 _et
1691 2433 1751 2472 edi:

929 2468 971 2502 tio
984 2468 1174 2501 Basileensis.
1195 2473 1230 2498 At
1244 2470 1415 2498 Parisiensis
1431 2468 1554 2498 ἐδεήθην,
1576 2468 1666 2497 Paulo
1683 2470 1752 2502 post

928 2509 1018 2537 editio
1032 2508 1138 2536 cadem
1153 2507 1182 2533 οὐ
1194 2505 1315 2539 δυνατὸν,
1332 2507 1405 2541 ἔφην,
1419 2505 1472 2532 sed
1482 2506 1669 2541 postremum
1677 2503 1752 2531 illud

929 2544 1056 2572 verbum
1071 2544 1153 2571 deest
1164 2543 1193 2570 in
1207 2544 1320 2576 septem
1335 2539 1410 2568 mss.
1423 2542 1453 2568 et
1463 2539 1534 2576 edit.
1551 2539 1640 2576 Basil.

966 2580 1022 2614 (98)
1034 2580 1221 2614 Πεπραχὸτων.
1229 2575 1273 2604 lia
1282 2583 1387 2614 omnes
1397 2583 1475 2614 mss.
1486 2575 1560 2614 Edili
1571 2575 1750 2611 πεπραγόταν,

928 2610 1046 2643 Ibidem
1058 2610 1130 2641 editi
1136 2610 1164 2650 ἓν
1175 2612 1380 2650 ὖϐρισςξ,ὀεθεῐ
1389 2610 1496 2650 vocula
1505 2611 1533 2637 in
1544 2610 1654 2649 novem
1665 2617 1751 2650 mss,

931 2651 984 2678 sed
995 2653 1096 2677 tamen
1110 2645 1226 2676 videtur
1240 2647 1279 2675 ad
1304 2646 1481 2674 sententiam
1501 2645 1681 2672 necessaria.
1699 2645 1751 2673 Ha.-

930 2686 1001 2714 bent
1015 2693 1066 2712 sex
1081 2684 1199 2712 codices
1213 2684 1369 2720 θεραπεύων,
1383 2681 1539 2710 medicans
1555 2681 1699 2718 θεραπεύει,

932 2719 935 2723 ’
967 2723 977 2732 “”
996 2720 1075 2749 Alias
1090 2720 1169 2748 CLll.

967 2723 977 2732 "
996 2720 1075 2749 Alias
1090 2720 1169 2748 CLll.
