1997 3143
256 110 323 138 1095

943 96 971 124 8.
987 95 1114 124 BASILII
1123 95 1196 124 MAG
1202 95 1246 123 Νι.

1859 93 1920 123 1096

251 179 322 200 men
336 168 493 207 quoddam
507 165 595 195 valde
617 162 813 207 splendidum
837 159 951 188 editum
966 158 1074 207 fuisse;

1134 156 1261 188 ἐπίδειξίν
1287 166 1345 183 τινα
1369 156 1527 192 γεγενῆσθαι
1550 155 1669 192 λαμπρὰν
1693 154 1770 190 ἄγαν,
1799 155 1844 181 καὶ
1860 156 1921 191 ἁγὼν

1135 201 1147 207 -
1206 203 1211 207 .
1265 203 1275 207 _
1437 203 1442 207 ,
1576 201 1581 206 .
1655 200 1660 206 .
1764 201 1768 206 .
1865 198 1874 207 .

253 205 398 251 αιςιιθῖιιί
411 211 719 246 dicebant,certamen
735 205 904 251 maximum
919 205 991 234 erat,
1000 209 1076 231 aueo

219 268 221 270 '
252 246 560 287 ubeoncurrentibus
585 252 729 281 omnibus
749 256 840 278 nemo
860 247 936 276 alius
956 247 987 274 in
1002 246 1076 274 urbe

251 303 449 339 compareret,
460 300 517 328 nisi
531 298 612 327 solus
622 297 778 325 decertans
789 292 940 334 Libanius,
955 293 983 319 et
996 299 1077 327 quae-

250 337 404 376 libetaetas
415 344 598 374 auscultans.
614 343 706 370 Nemo
723 339 803 368 enim
815 337 936 366 volebat
950 344 969 365 a
984 337 1076 364 certa-

251 392 384 421 minibus
404 390 521 424 abesse,
537 394 600 416 non
612 386 663 423 qui
677 385 708 413 in
736 382 891 419 dignitatis
917 380 1076 418 splendore

251 436 440 469 constitutus,
452 441 515 462 non
527 432 580 469 qui
590 431 620 459 in
627 430 756 458 militum
768 426 925 456 ordinibus
941 424 1074 460 illustris,

249 488 312 510 non
328 478 455 516 operarii
469 480 497 506 et
509 476 647 505 artiﬁces.
664 474 741 507 Quin
771 474 799 500 et
826 470 967 499 mulieres
983 471 1076 497 certa-

250 525 324 554 mini
338 515 482 552 interesse
496 517 852 551 festinabant.Quodnam
862 517 965 544 autem
983 515 1076 542 certa-

249 577 320 598 men
330 570 393 596 erat
406 568 420 595 ‘I
435 574 503 603 quae
522 565 617 594 oratio
629 570 751 591 omnem
767 560 871 598 populi
891 561 1076 588 conventum

250 617 393 652 colligens
409 616 423 643 ‘I
437 614 638 643 Narraverunt
652 611 808 639 hominem
837 615 996 636 mor05um
1011 614 1077 635 ora-

250 663 332 692 tione
342 661 529 696 descriptum
540 660 569 686 et
582 663 760 694 expressum
773 655 875 683 fuisse.
900 655 997 686 Quam
1013 659 1077 680 ora-

250 708 364 736 tionem
379 705 455 734 adeo
475 704 571 732 visam
587 699 797 730 admirabilem
809 699 920 727 mittere
931 706 969 726 ne
981 697 1076 733 pigre-

249 752 302 786 ris,
312 753 342 779 ut
356 752 385 778 et
400 757 456 785 ego
467 754 643 776 sermonum
653 748 774 774 tuorum
789 744 929 772 laudator
944 740 1078 774 sim.Qui

249 796 330 824 enim
343 794 435 823 laudo
451 792 621 825 Libanium,
642 790 732 818 etiam
746 789 810 816 sine
835 787 988 824 operibus,
1004 793 1078 822 qua-

249 841 285 869 lis
300 848 361 875 ero,
375 838 501 867 laudum
517 836 645 871 adeptus
657 833 891 870 argumentum?

497 897 666 927 EPISTOLA
686 897 807 926 θεων
815 917 821 924 .

1133 201 1173 236 ἧν,
1199 203 1234 233 ὡς
1263 203 1384 238 ἔφασιον,
1410 203 1544 237 μέγιστος,
1570 201 1601 229 ὡς
1625 200 1723 230 πάντας
1743 201 1788 236 μὲν
1812 198 1920 237 συνδρα-

1131 251 1186 284 μεῖν
1217 249 1262 273 καὶ
1285 244 1386 282 μηδένα
1415 246 1498 283 ἕτερον
1531 244 1555 270 ἐν
1589 248 1619 280 τῇ
1661 246 1733 270 πόλει
1767 249 1881 280 φανῆναι,
1903 245 1917 274 ᾖ

1131 293 1207 328 μόνον
1236 291 1358 318 Λιϐάνιον
1394 289 1593 326 ἀγωνιζόμενον,
1622 291 1666 314 καὶ
1698 291 1785 315 πᾶσαν
1826 289 1919 318 ἠλικίαν

1132 336 1305 373 ἀκροωμένη-ν.
1334 334 1371 361 Οὐ
1398 336 1448 372 γὰρ
1483 334 1558 365 ἠξίου
1584 343 1622 363 τις
1653 333 1700 364 ἔξω
1734 337 1783 359 τῶν
1825 333 1918 369 ἀγώνων

1131 381 1261 418 γενέσθαι,
1273 380 1320 407 οὐκ
1336 379 1482 415 ἀξιώματος
1494 381 1561 414 ὀγχῳ
1573 380 1666 411 συνὼν,
1682 378 1711 404 οὑ
1728 382 1917 415 στρατιωτικοῖς

1131 425 1283 461 καταλόγοις
1299 424 1445 461 ἐμπρέπων,
1456 423 1485 449 οὐ
1502 422 1643 459 βαναύσοις
1657 424 1765 458 τέχναις
1778 422 1916 458 σχολάζων.

1131 469 1202 500 ’Ἤδη
1220 468 1248 496 δὲ
1263 471 1308 496 καὶ
1322 473 1443 505 γυναῖκες
1452 471 1570 506 παρεῖναι
1586 469 1775 502 κατηπεὶγοντο
1790 470 1846 498 τοῖς
1856 467 1918 502 ὰ·ιῶ-

1131 525 1168 542 σι.
1184 517 1230 546 Τίς
1249 513 1279 541 δὲ
1293 515 1307 539 ὁ
1320 513 1388 550 ἁγών
1409 515 1468 546 ;η·ίς
1481 510 1511 539 δὲ
1530 513 1542 538 ό
1570 512 1656 548 λόγος,
1683 512 1695 537 ό
1719 514 1766 540 τὴν
1791 510 1920 547 πάνδημον

1132 560 1285 596 συναγείρας
1300 560 1445 594 πανήγυριν
1462 566 1469 590 ',
1487 559 1537 583 Καὶ
1551 555 1584 585 δή
1601 566 1647 592 μοι
1663 556 1786 592 ἤγγειλαν
1798 554 1920 582 δυσ-κόλον

1131 607 1226 641 τρόπον
1238 601 1334 639 ἀνδρὸς
1352 604 1395 628 τὸν
1414 601 1488 637 λόγον
1513 601 1700 630 ἐνστήσασθαι.
1728 600 1760 626 Ὀ
1776 600 1843 627 οὕτω
1863 602 1921 626 θαν-

1132 650 1274 686 μασθέννα,
1287 647 1322 683 μὴ
1339 655 1398 673 κατ’
1415 649 1482 672 όκνει
1515 655 1558 681 μοι
1582 644 1696 681 πέμψαι,
1723 646 1764 670 ἵνα
1793 644 1865 680 κάγὼ
1879 649 1922 671 τῶν

1132 693 1214 729 λόγων
1229 692 1361 721 ἐπαινέτης
1377 693 1430 720 εἵην
1442 695 1491 716 τῶν
1508 690 1661 726 σῶν·“()γαρ
1677 689 1798 715 Λιϐάνιον
1811 688 1923 723 ἐπαινῶν,

1133 737 1177 764 καὶ
1191 741 1241 763 τῶν
1251 738 1331 774 ἔργων
1344 735 1424 768 ἐκτὸς,
1437 736 1474 765 τίς
1488 734 1518 761 ἂν
1533 737 1646 770 γένωμαι
1662 737 1706 760 νῦν
1715 733 1840 760 ὑπόθεσιν
1859 733 1922 760 ἐπαί-

1133 793 1181 808 νων
1197 782 1333 818 εὑράμενος
1349 780 1412 816 (19).

1400 889 1542 913 ΕΠΙΣΤΠΛ
1548 889 1568 912 ll
1586 886 1668 912 TNB'.

249 965 343 995 Mittit
359 963 499 993 Libanius
515 969 599 990 suam
616 959 656 988 De
671 959 793 988 homine
805 964 926 986 moroso
942 956 1216 995 orationem,_seqtte
1244 954 1371 995 tremere
1383 949 1535 995 slig‘niﬁcat
1551 956 1587 977 ac
1612 955 1689 983 pene
1715 949 1812 976 mente
1826 947 1922 981 dejici,

745 985 818 1023 ditari
828 985 887 1022 tain
901 992 1006 1028 arguti
1015 985 1141 1026 judiciis
1157 985 1281 1018 acumen
1292 985 1448 1021 formidat.

516 1059 660 1088 Libanius
679 1057 800 1086 Basilio.

289 1124 360 1151 Ecce
368 1122 436 1150 misi
447 1121 502 1149 tibi
508 1127 609 1148 meam
615 1119 794 1151 orationem,
802 1116 913 1145 sudore
923 1115 1073 1144 difﬂuens.

250 1166 413 1201 Quomodo
432 1165 513 1194 enim
527 1164 637 1192 sudore
658 1170 721 1191 non
735 1161 942 1199 perfunderer,
969 1159 995 1188 ei
1010 1159 1074 1188 viro

249 1212 417 1240 orationem
429 1210 560 1244 mittens,
574 1207 660 1244 cujus
675 1214 711 1236 ea
734 1209 779 1235 est
800 1205 920 1234 dicendi
937 1204 1074 1237 facultas,

249 1258 282 1284 ut
295 1255 425 1284 Platonis
441 1253 630 1290 sapientiam,
646 1254 674 1280 ct
690 1250 897 1280 Demosthenis
913 1249 1074 1278 vehemen-

251 1300 324 1328 tiam
334 1299 445 1327 frustra
459 1299 587 1333 iactatas
601 1304 668 1325 esse
680 1295 857 1324 convincere
877 1293 994 1330 queat?
1011 1294 1076 1322 Ser-

250 1352 302 1372 mo
316 1346 417 1372 autem
428 1351 515 1371 meus
523 1341 648 1378 perinde
659 1342 714 1375 est,
730 1348 766 1368 ac
791 1339 817 1367 si
832 1339 959 1367 culicem
975 1337 1075 1366 confe-

248 1397 298 1418 ras
312 1387 475 1424 elephanti.
490 1386 563 1414 Hinc
588 1386 696 1414 horreo
725 1392 760 1413 ac
784 1386 889 1416 tremo,
920 1391 989 1410 cum
1005 1390 1074 1411 eam

247 1433 329 1461 diem
340 1439 460 1460 mecum
473 1432 591 1467 reputo,
606 1437 669 1466 qua
682 1436 783 1457 meam
802 1427 943 1464 inspicies
964 1427 1073 1456 oratio-

247 1485 337 1512 nem;
353 1477 414 1506 imo
425 1476 516 1504 etiam
531 1474 592 1502 fere
603 1476 702 1502 mente
716 1473 820 1509 lapsus
841 1480 919 1501 sum.

424 1529 510 1566 46],
529 1527 702 1556 EPISTOLA
726 1526 880 1555 CCCLIII".

1397 1046 1520 1077 Λιϐάνιος
1535 1045 1669 1081 Βασιλείῳ.

1168 1109 1239 1138 Ἰδοὺ
1252 1111 1375 1147 πέπὸμφα
1394 1111 1437 1136 τόν
1449 1109 1535 1145 λόγον,
1553 1107 1645 1146 ἱδρῶτι
1666 1108 1928 1145 περιρῤεόμενοςᾚῶς

1130 1157 1180 1193 γὰρ
1194 1155 1241 1182 οὐκ
1254 1154 1366 1191 ἔμελλον,
1383 1152 1461 1191 ἀνδρὶ
1475 1155 1585 1189 τοιούτῳ
1596 1153 1651 1188 (20)
1668 1155 1775 1189 πέμπων
1789 1154 1832 1179 τόν
1847 1153 1927 1188 λόγον,

1131 1201 1156 1231 ὃς
1172 1201 1257 1230 ἱκανός
1267 1199 1323 1226 ἐστι
1336 1202 1382 1229 τὴν
1399 1198 1534 1229 Πλάτωνός
1560 1200 1652 1234 σοφίαν
1679 1199 1724 1223 καὶ
1752 1198 1929 1233 Δημοσθένους

1131 1243 1271 1273 δεινότητα
1282 1247 1312 1280 τῇ
1329 1245 1388 1279 περὶ
1410 1245 1469 1274 τοὺς
1494 1243 1586 1278 λόγους
1611 1241 1737 1278 ﬁgurata,
1758 1239 1844 1272 δεῖξαι
1858 1241 1928 1277 ϐρυλ-

1130 1289 1252 1326 λουμένας
1276 1289 1361 1325 μάτην
1378 1296 1385 1321 ;
1401 1289 1435 1314 Τὸ
1470 1285 1500 1314 δὲ
1519 1287 1579 1324 ἐμὸν
1607 1290 1734 1320 τοιοῦτον,
1762 1284 1814 1312 οἷον
1836 1286 1926 1320 κώνωψ

1129 1333 1244 1370 ἐλέφαντι
1264 1332 1468 1369 παραλλόμίνος.
1488 1331 1565 1358 Ὅθεν
1584 1333 1697 1368 πέφρικα
1715 1332 1760 1356 καὶ
1772 1332 1871 1367 τρέμω,
1884 1332 1926 1358 τὴν

1129 1379 1227 1416 ἡμέραν
1253 1377 1430 1414 λογιζόμενος,
1458 1376 1561 1404 καθ’ἥν
1583 1375 1712 1410 ἐπισκέψῃ
1739 1376 1799 1405 τοὺς
1827 1374 1925 1410 λόγονςσ

1128 1426 1223 1460 μικροῦ
1238 1420 1268 1448 δὲ
1283 1421 1339 1457 (21)
1352 1423 1458 1448 καὶτῶν
1473 1424 1568 1457 φρενῶν
1581 1419 1746 1447 ἐκπέπτωχα.

1394 1529 1562 1554 ΕΠΙΣΤΟΛΗ
1572 1526 1655 1553 ΤΝΓ’.

662 1589 781 1617 Laudat
798 1589 924 1617 Basilius
935 1591 1100 1618 orationem
1115 1590 1235 1620 Libanii
1255 1590 1296 1620 ad
1310 1598 1340 1619 se
1363 1591 1495 1618 missam.

520 1652 647 1681 Basilius
669 1651 803 1680 Libanio.

283 1716 353 1752 Legi
368 1716 536 1744 orationem
551 1717 647 1747 tuam,
662 1722 680 1741 ο
693 1713 923 1749 sapientiSsime,
941 1715 970 1742 et
984 1713 1073 1742 valde

249 1760 416 1790 admiratus
429 1767 507 1787 sum.
528 1759 549 1787 Ο
570 1766 675 1792 musae,
701 1760 729 1785 et
756 1757 869 1790 litterae,
886 1760 915 1785 et
938 1757 1072 1792 Athenae,

248 1805 350 1842 qualia
363 1803 516 1840 largimini
527 1802 636 1831 vestris
652 1801 838 1830 amatoribus
856 1801 861 1828 l
878 1802 985 1834 Quales
996 1802 1073 1830 fruc-

247 1852 296 1878 tus
311 1850 411 1878 ferunt
432 1848 483 1884 qui
496 1855 550 1884 per
562 1847 653 1875 breve
664 1845 821 1882 quoddam
832 1847 952 1881 tempus
973 1846 1073 1874 vobis-

247 1901 319 1922 cum
338 1892 512 1921 versanturl
544 1892 564 1920 0
580 1891 694 1919 fontem
717 1889 799 1925 large
810 1897 842 1917 se
856 1889 1070 1926 effundentem,

247 1938 353 1975 quales
364 1935 499 1973 praestitit
513 1935 685 1963 haurientes
697 1934 814 1969 lipsum
829 1934 908 1961 enim
918 1942 1072 1962 morosum

247 1981 373 2010 videbar
392 1980 467 2008 mihi
479 1979 582 2007 videre
595 1978 626 2006 in
642 1978 776 2006 oratione
787 1986 856 2006 cum
871 1978 993 2013 garrula
1007 1987 1072 2007 mu—

247 2025 370 2054 liercula
381 2025 563 2051 versantem.
581 2021 691 2050 Vivum
701 2022 817 2050 enimet
831 2022 998 2051 animatum
1013 2031 1073 2051 ser-

248 2076 370 2097 monem
387 2067 503 2103 scripsit
515 2067 635 2095 interra
651 2066 801 2102 Libanius,
831 2067 883 2103 qui
903 2067 986 2095 solus
1009 2076 1072 2096 ver-

249 2113 297 2142 bis
308 2113 444 2142 animam
453 2111 578 2146 largitus
587 2113 640 2139 est.

487 2157 653 2185 EPlSTOLA
670 2157 834 2184 CCCLIV'".

1388 1651 1520 1682 Βασίλειος
1535 1650 1660 1686 Λιϐανίῳ.

1163 1716 1287 1751 ’Λνέγνων
1306 1714 1449 1750 τὸνλόγον,
1468 1717 1611 1750 σοφώτατε,
1630 1714 1675 1739 καὶ
1699 1713 1923 1748 ὑπερτεθαύμαχα.

1127 1759 1162 1786 Ὦ
1175 1758 1284 1796 μοῦσαι,
1297 1761 1343 1785 καὶ
1355 1759 1437 1794 λόγοι,
1459 1761 1503 1784 καὶ
1519 1758 1638 1789 ’Δθῆναι,
1658 1755 1701 1782 οἶα
1725 1761 1779 1787 τοῖς
1802 1756 1924 1792 ἐρασταῖς

1128 1802 1255 1842 δωρεῖσθε
1272 1803 1278 1830 l
1294 1805 1370 1834 Οῖους
1385 1803 1537 1839 κομίζονται
1551 1804 1612 1832 τοὺς
1633 1803 1759 1838 καρποὺς,
1774 1801 1799 1826 οἱ
1820 1800 1924 1838 βραχὺν

1127 1858 1186 1874 τινα
1198 1850 1292 1884 χρόνον
1308 1849 1369 1884 ὑμῖν
1384 1849 1564 1883 συγγινόμενοι
1577 1847 1590 1874 ?
1600 1845 1634 1872 Ὠ
1647 1849 1736 1880 πηγῆς
1755 1844 1923 1880 πολυχεύμο-

1127 1902 1178 1924 νος,
1192 1893 1260 1922 οἵους
1276 1890 1357 1922 ἑδειξε
1369 1893 1428 1921 τοὺς
1442 1890 1597 1928 ἀρνυμένους
1610 1890 1616 1916 ι
1639 1889 1723 1916 Αὐτὸν
1735 1891 1786 1925 γὰρ
1818 1888 1924 1914 ἐδόκουν

1128 1938 1184 1973 (22)
1198 1936 1260 1973 ὀρᾷν
1273 1936 1296 1962 ἐν
1355 1935 1422 1972 λόγῳ
1443 1934 1510 1970 λάλῳ
1539 1937 1648 1960 συνόντα
1671 1936 1779 1970 γυναίῳ.
1795 1933 1925 1969 Ἐμπνονν

1127 1983 1176 2018 γὰρ
1193 1981 1268 2017 λόγον
1289 1980 1331 2006 ἐπὶ
1350 1980 1445 2016 χθονὸς
1462 1978 1586 2010 Λιϐάνιος
1598 1978 1719 2016 ἔγραψεν,
1739 1978 1765 2008 ὃς
1780 1981 1859 2013 μόνος
1874 1980 1925 2006 τοῖς

1126 2025 1213 2062 λόγοις
1225 2025 1318 2062 ψυχὴν
1333 2024 1489 2062 ἐχαρίσατο.

1397 2159 1538 2184 ΕΠΙΣΤΟΛ
1544 2159 1564 2182 ll
1576 2155 1660 2183 TNA‘.

307 2219 428 2248 Gratias
441 2218 504 2254 agit
514 2218 667 2250 Libanius,
682 2226 718 2247 ac
738 2219 865 2247 vicissim
882 2227 901 2248 a
914 2220 1023 2248 Basilio
1033 2221 1113 2256 petit
1123 2223 1156 2250 ut
1176 2220 1216 2249 ad
1230 2228 1260 2249 se
1271 2220 1370 2248 mittat
1384 2220 1549 2248 orationem
1565 2221 1671 2246 contra
1686 2217 1875 2246 ebrietatem.

516 2280 656 2309 Libanius
686 2281 805 2310 Basilio.

286 2345 369 2372 Nunc
379 2342 507 2378 cognovi
533 2350 582 2370 me
606 2349 683 2378 esse,
712 2343 796 2380 quod
815 2343 917 2372 dicor:
933 2344 1074 2373 laudante

249 2388 330 2416 enim
343 2396 390 2416 me
403 2387 519 2421 Basilio,
531 2395 566 2415 ex
581 2388 723 2416 omnibus
738 2388 894 2416 victoriam
909 2391 1076 2425 reporto.Et

250 2440 319 2461 cum
330 2434 416 2460 tuum
437 2431 615 2467 suffragium
641 2433 818 2469 acceperim,
843 2432 911 2462 licet
938 2433 1012 2461 mihi
1027 2442 1075 2462 su-

285 2502 292 2508 '
311 2494 390 2522 Alias
404 2495 492 2522 CLIX.

283 2535 300 2541 "
310 2530 392 2558 Alias
407 2530 483 2557 CLX.

326 2565 407 2593 Alias
417 2564 510 2593 CLXI.

354 2602 516 2638 Ἐὑράμενος.
533 2600 576 2638 Ita.
585 2599 703 2638 codices
715 2607 777 2627 sex.
790 2600 865 2629 Edili
879 2601 1023 2637 εὑρόμενος.

283 2635 336 2668 (20)
350 2635 565 2671 ΤοιοὺτῳκΗᾶΓῙ.
579 2637 705 2670 τοσούτῳ.

283 2673 344 2715 (21)*
352 2670 456 2733 οὲωξροῦ
523 2671 607 2699 Coisl.
623 2670 773 2698 secundus
796 2674 823 2700 et
836 2673 906 2707 Reg.
924 2671 1074 2700 secundus

283 2716 344 2732 χοου
381 2717 425 2733 ειν.

251 2716 344 2743 μικρου
361 2716 374 2733 ο
381 2717 425 2743 ειν.

285 2741 339 2778 ('22)
360 2741 491 2770 Ἐὃόχοῡν.
523 2742 612 2771 Addit
635 2741 730 2771 codex
758 2742 836 2772 Harl.
860 2744 903 2769 τὸν
935 2741 1072 2776 δύσκολον,

1386 2281 1508 2311 Λιϐάνιος
1530 2280 1664 2315 Βασιλείῳ.

1165 2348 1219 2371 Νῦν
1253 2346 1329 2381 ἔγνων
1349 2343 1413 2370 εἶναι
1442 2344 1454 2370 ὃ
1495 2343 1611 2379 λέγομαι·
1644 2342 1778 2368 Bacchis-.4
1817 2343 1869 2377 γάρ
1899 2349 1928 2376 με

1132 2389 1321 2422 ἐπαινέσαντος,
1349 2390 1416 2414 κατὰ
1443 2389 1543 2414 πάντων
1569 2389 1623 2423 ἔχω
1648 2388 1681 2413 τὰ
1702 2388 1852 2423 νικητήρια.
1880 2387 1929 2411 Καὶ

1131 2435 1178 2462 τὴν
1189 2433 1274 2468 ψῆφον
1297 2431 1427 2468 δεξαμένῳ
1441 2432 1496 2466 (23)
1520 2433 1567 2459 τήν
1591 2433 1639 2459 σὴν
1663 2431 1753 2456 ἔπεστί
1786 2439 1832 2465 μοι
1850 2428 1929 2465 βαδι-

1131 2494 1185 2522 sed
1217 2494 1281 2521 haec
1303 2493 1412 2521 desunt
1437 2493 1468 2520 in
1496 2492 1562 2520 aliis
1581 2499 1653 2519 mss.
1673 2493 1702 2519 et
1727 2491 1828 2526 editis,
1846 2492 1875 2518 et
1890 2488 1928 2517 ad

1130 2530 1299 2563 marginem
1314 2529 1386 2556 satis
1401 2531 1469 2564 apte
1484 2528 1592 2564 posita,
1617 2526 1758 2564 videntur
1781 2527 1812 2553 in
1827 2527 1928 2564 ipsum

1131 2560 1303 2593 contéxtum
1328 2560 1499 2599 migrasse}
1520 2562 1574 2590 sed
1589 2562 1761 2599 necessaria
1781 2560 1847 2599 non
1860 2560 1929 2587 sunt

1131 2603 1160 2628 et
1171 2600 1256 2627 facile
1270 2597 1456 2635 supplentur.
1482 2598 1597 2635 Ibidem
1615 2597 1696 2635 editi,
1724 2600 1766 2623 τόν
1793 2597 1862 2632 λάλῳ
1882 2605 1927 2621 σα-

1131 2637 1215 2667 νὸντα,
1232 2635 1285 2662 sed
1299 2633 1441 2662 articulus
1454 2633 1578 2661 deestin
1591 2633 1819 2669 quinquermss.

1236 2671 1376 2706 Δεξαμένῳ.
1388 2670 1476 2698 Coisl.
1491 2666 1610 2706 primus
1634 2671 1662 2696 et
1677 2666 1769 2706 Med,“
1780 2666 1925 2706 δεξάμενοῇ

1131 2699 1225 2734 Paulo
1244 2699 1314 2742 post
1339 2699 1435 2733 codex
1465 2699 1648 2739 Anglicanus
1668 2706 1697 2733 et
1722 2703 1773 2732 alii
1792 2699 1926 2732 nonnulli

1131 2751 1197 2777 μετα
1219 2741 1331 2778 σοϐαροῦ
1346 2745 1390 2769 τοῦ
1404 2744 1576 2777 φρονήματος.
1697 2774 1701 2778 ⁴
1817 2745 1823 2775 ι
