1997 3143
62 115 72 143 l
78 115 131 143 097

506 117 747 146 EPISTOLARUM
766 118 906 148 CLASSIS
923 119 971 148 ΠΙ.
991 119 1097 149 EPIST.
1119 120 1279 149 CCCLVIII.

1671 125 1739 153 1098

61 177 115 207 ζειν
129 177 197 213 μετὰ
225 176 338 214 σοϐαροῦ
361 181 407 204 τοῦ
435 177 615 215 βαδίσματος,
632 180 674 206 οἷοὶ
696 189 735 210 τις
762 179 882 212 ἀλαζὼν.

932 181 1011 210 ιθτὺο
1024 189 1128 217 gressu
1146 183 1294 218 incedere,
1307 185 1400 214 instar
1413 186 1546 214 nominis
1557 186 1743 222 jactantioris

61 223 121 252 τοὺς
151 222 249 253 πάντας
279 227 446 260 περιφρονῶν.
480 223 550 250 Ἐπιί
581 222 624 250 οὖν
656 227 701 251 καὶ
730 227 772 252 σοὶ
797 227 864 252 κατά

61 267 143 302 μέθης
172 265 248 302 λόγος
277 269 429 303 πεπόνηται,
464 268 612 305 βουλόμεθα
643 270 726 306 τούτῳ
754 279 863 307 περιτυ-

62 314 130 346 χεῖν.
154 310 232 337 Ἀλλά
263 311 364 348 κομψὸν
389 314 433 348 μέν
464 323 489 339 τι
521 313 602 349 λέγειν
621 314 668 340 οὐκ
688 313 778 340 ἐθέλω·
800 315 812 340 ὁ
833 312 863 340 δὲ

63 354 137 391 λόγος
154 354 239 391 ὀφθεὶς
254 353 358 387 διδάξει
378 366 410 393 με
437 358 483 386 τὴν
505 361 551 383 τοῦ
574 357 655 394 λίγιιν
675 358 732 394 (24)
755 360 861 395 τέχνην.

333 465 500 491 ΕΠΙΣΤΟΛΗ
519 464 601 493 ΤΝΙῖ.

917 233 1023 254 omnes
1038 228 1266 256 contemnentis.
1284 229 1432 262 Quoniam
1448 230 1536 265 igitur
1555 233 1583 258 et
1595 231 1659 267 ipse
1673 239 1740 259 ora-

917 270 1028 298 tionem
1042 274 1146 300 conlra
1156 272 1328 301 ebrietatem
1339 273 1510 310 elaborasti,
1518 283 1585 303 eam
1597 276 1741 304 volumus

915 314 1022 350 legere.
1056 316 1168 344 Interea
1197 320 1297 346 tamen
1326 318 1611 356 lepiquuidquam
1642 320 1742 348 dicere

917 359 986 387 nolo
1003 368 1009 387 :
1026 359 1079 387 sed
1093 360 1158 396 ipsa
1173 369 1221 389 me
1237 363 1343 397 oratio,
1365 363 1418 391 ubi
1437 371 1504 392 eam
1519 364 1631 397 videro,
1645 368 1740 393 artem

916 403 1036 432 dicendi
1055 405 1182 434 docebit.

1175 468 1341 497 EPISTOLA
1361 470 1493 500 CCCLV'.

544 527 688 556 Libanius
707 529 825 557 Basilio
835 528 951 565 primas
966 529 1141 565 eloquentiae
1153 530 1262 566 defert.

323 587 444 619 Λιϐάνιος
465 589 600 626 Βασιλεὶῳ.

96 641 176 677 Ἄρα,
199 641 323 676 Basilus,
344 644 379 678 μὴ
400 643 446 674 τὰς
466 643 575 673 Ἀθήνας
595 643 681 678 οἰκεῖς,
714 647 759 670 καὶ
791 644 863 673 λέλη-

62 687 107 716 θας
139 688 266 719 σεαυτόν;
301 686 338 712 0-3
368 687 418 724 γὰρ
451 691 500 712 τῶν
533 689 683 724 Καισαρέων
715 689 738 714 οἱ
768 686 862 718 παῐδκς

60 733 146 756 ταῦτα
176 729 277 756 ἀκούειν
301 728 442 759 ἠδύναντο.
460 730 490 756 Ἠ
518 730 621 766 γλῶττα
649 732 698 769 γάρ
728 741 773 768 μοι
799 733 862 757 τού-

63 783 114 799 των
143 773 203 805 ἐθὰς
235 774 282 800 οὐκ
301 772 350 803 ἦν·
386 774 440 801 ἀλλ’
469 777 579 812 ὡσπερεὶ
607 785 665 802 τινα
683 777 797 813 κρημνὸν
818 774 862 802 δι-

63 817 208 852 οδεύοντος,
237 818 367 854 πληγεῖσα
392 824 423 856 τῇ
455 823 504 846 τῶν
538 819 668 856 ὀνομάτων
699 822 863 857 καινοτομίᾳ,

65 862 124 898 ἐμοὶ
139 872 166 889 τε
181 867 216 898 τῷ
230 865 308 900 πατρὶ
323 863 392 899 ἔλεγε
406 874 412 881 ·
443 865 538 900 Πάτερ,
563 864 610 890 οὐκ
629 863 762 896 ἐδὶδαξας·
782 864 868 901 ”Ομη-

63 916 119 943 ρος,
148 905 222 938 οὗτος
252 907 327 944 ἀνὴρ,
361 907 425 934 ἀλλὰ
453 909 570 942 Πλάτων,
592 908 645 935 ἀλλ’
675 909 866 945 Ἀριστοτέλης,

65 950 131 977 ἀλλὰ
152 954 300 988 Σουσαρίων
408 953 420 978 ὁ
453 954 485 979 τὰ
504 954 588 979 πάντα
619 954 795 989 ἐπιστάμενος.
817 955 868 980 Καὶ

65 999 152 1022 ταῦτα
170 997 215 1032 μὲν
243 997 258 1025 ἠ
289 995 400 1032 γλῶττα.
432 997 461 1023 Σὶ
485 995 515 1024 δὲ
541 998 591 1031 εἴη,
612 997 737 1030 Βασίλῑιε,
758 1001 868 1024 τοιαῦτα

65 1041 137 1077 ἡμᾶς
152 1040 273 1068 ἐπαινεῖν.

331 1105 500 1130 ΕΗΙΣΤΟΛΗ
519 1103 599 1136 ΤΝς·’.

1183 593 1329 622 Libanius
1349 595 1476 623 Basilio.

953 644 1114 673 Athenisne
1131 645 1261 681 habitas,
1282 647 1380 680 Basili,
1399 650 1427 675 et
1453 648 1494 676 tui
1520 648 1614 684 ipsius
1634 648 1745 677 oblitus

918 689 972 716 es?
988 691 1050 717 Non
1064 690 1146 718 enim
1159 691 1385 720 Ctesariensium
1405 692 1457 720 filii
1479 692 1543 720 haec
1566 693 1671 721 audire
1692 701 1746 730 po-

919 736 1048 763 tuerunt.
1064 736 1126 763 Mea
1145 735 1224 763 enim
1246 736 1351 771 lingua
1372 736 1419 764 his
1444 739 1566 765 assueta
1581 745 1642 766 non
1660 741 1745 766 erat:

920 778 972 806 sed
983 778 1102 806 velutin
1119 779 1262 816 praecipiti
1273 781 1407 816 quodam
1419 781 1485 809 loco
1496 781 1677 816 incederem,
1696 790 1746 810 vo-

921 831 989 850 cum
1002 822 1133 851 novitate
1152 824 1302 860 perculsa,
1319 827 1347 852 et
1360 825 1434 853 mihi
1450 825 1527 861 patri
1539 825 1658 854 dicebat
1673 835 1679 853 :
1696 827 1748 854 P8.-

922 869 974 900 ter,
988 867 1045 894 ista
1059 875 1120 895 non
1140 867 1266 896 docuisti
1283 877 1289 895 :
1307 870 1452 897 Homerus
1476 872 1521 897 est
1544 870 1592 898 hic
1616 869 1670 904 vir,
1687 870 1749 898 imo

922 911 1013 942 Plato,
1033 912 1095 939 imo
1128 912 1309 947 Aristoteles,
1339 913 1400 942 imo
1433 914 1563 944 Susario.
1593 914 1645 950 qui
1676 913 1750 942 nihil

922 957 1080 991 ignoravit.
1108 959 1202 994 Atque
1235 957 1300 984 haec
1319 957 1444 994 quidem
1472 958 1587 993 lingua.
1606 960 1648 986 Tu
1666 966 1747 994 vero,

921 1002 1024 1037 Basili,
1037 1002 1126 1030 velim
1140 1002 1264 1030 laudare
1277 1010 1324 1030 me
1340 1002 1437 1039 possis
1453 1002 1493 1031 ob
1509 1003 1589 1032 talia.

1162 1101 1328 1129 EPlSTOLA
1348 1101 1470 1129 CCCLVI
1480 1101 1510 1130 ””.

191 1165 358 1201 Respondet
371 1166 507 1195 Basilius
521 1166 656 1201 epistolae
667 1165 859 1202 praecedenti,
875 1173 962 1202 seque
979 1164 1161 1200 discipulum
1174 1165 1359 1199 piscatorum
1381 1171 1441 1192 esse
1452 1165 1623 1198 proﬁtetur.

327 1228 461 1260 Βασίλειος
479 1224 606 1264 Αιϐανίῳ.

99 1283 255 1318 Διχομένοις
288 1282 332 1318 μὶν
364 1283 427 1318 ἡμῖν
450 1281 467 1308 ά
494 1282 611 1320 γράφεις,
631 1281 723 1318 χαρά·
745 1281 871 1308 ἀπαιτου-

61 1329 149 1363 μένοις
180 1325 210 1352 δί
238 1328 301 1363 πρὸς
334 1327 352 1352 οἱ
392 1328 496 1364 γράφεις
537 1326 751 1362 ἀντιπιστέλλειν,
790 1326 859 1363 ἀγών

60 1374 95 1400 Ti
117 1372 170 1409 γάρ
197 1372 229 1397 ἄν
253 1373 367 1408 εἴποιμεν
395 1373 458 1408 πρὸς
482 1371 561 1403 οὕτως
584 1371 770 1402 ἅττικίξουσαν
789 1371 871 1408 γλῶτ-

62 1426 120 1451 ταν,
154 1415 222 1446 πλὴν
250 1417 289 1443 ὅτι
322 1415 412 1442 ἁλιέων
444 1415 497 1453 εἰμὶ
528 1417 658 1453 μαθητής,
687 1416 805 1453 ὁμολογῶ
824 1423 870 1443 και

63 1460 128 1498 φιλῶ
142 1470 149 1495 ;

331 1526 499 1551 ΕΠΙΣΤΟΛΗ
519 1523 600 1551 ΤΝΖ’.

1200 1227 1328 1255 Basilius
1347 1226 1482 1254 Libanio.

961 1283 1032 1315 Quin
1053 1280 1168 1315 scribis,
1194 1279 1308 1316 accipio
1331 1279 1456 1315 quidem
1474 1279 1561 1307 lmtus
1579 1288 1584 1306 :
1601 1279 1654 1307 sed
1675 1280 1749 1308 dum
1769 1279 1772 1285 '

924 1326 1030 1361 exigis,
1051 1328 1083 1353 ul.
1100 1325 1139 1352 ad
1165 1332 1199 1352 ea
1217 1332 1286 1360 quas
1306 1324 1462 1360 scripsisti,
1486 1324 1660 1356 rescribam,
1681 1332 1749 1352 sum

925 1371 1042 1399 anxius.
1059 1369 1135 1403 Quid
1148 1369 1227 1397 enim
1238 1369 1278 1396 ad
1291 1368 1427 1403 linguam
1444 1367 1519 1396 adeo
1533 1368 1749 1397 atticissantem

924 1415 1061 1447 dixerim,
1077 1414 1133 1442 nisi
1148 1421 1197 1442 me
1211 1405 1394 1450 piscatorum
1408 1420 1472 1440 esse
1487 1412 1668 1448 discipulum
1681 1420 1748 1450 pro-

924 1460 999 1489 ﬁteri
1014 1467 1049 1488 ac
1061 1458 1204 1494 gaudere.

1097 1521 1184 1557 432
1202 1520 1371 1549 EPISTOLA
1392 1519 1576 1548 CCCLVll“'.

199 1586 293 1622 Rogat
310 1586 456 1614 Basiliam
472 1586 616 1615 Libanius
630 1588 663 1614 ut
675 1586 733 1614 sibi
745 1594 900 1615 mterorem
915 1586 1012 1614 solvat
1027 1592 1061 1613 ex
1072 1584 1176 1620 aliqua
1191 1583 1275 1611 illius
1290 1583 1412 1617 epistola
1426 1585 1608 1616 conceptum.

326 1648 450 1680 Λιϐάνιος
469 1648 604 1685 Βασιλιίῳ.

102 1704 135 1730 Τί
159 1703 247 1729 παθὼν
271 1702 404 1734 Βασίλείος
427 1700 603 1740 ἔδνσχέρανεν
622 1704 652 1729 τὸ
681 1703 800 1740 γράμμα,
821 1706 870 1733 τῆς

64 1747 219 1784 φιλοσοφίας
251 1749 280 1774 τὸ
310 1750 467 1785 7νώρισμα;
501 1749 608 1779 Παίζειν
635 1747 697 1783 παρ’
727 1748 797 1782 ὑμῶν
817 1745 869 1773 ἐδι-

65 1791 225 1828 δάχθημεν·
260 1791 314 1818 ἀλλ’
342 1793 410 1829 ὅμως
438 1792 471 1817 τὰ
491 1794 599 1828 παίγνια
619 1793 710 1828 σεμνὰ,
730 1794 774 1817 καὶ
794 1792 870 1818 οἱονεὶ

64 1836 146 1872 πο).ιᾷ
173 1839 313 1874 πρέποντα.
348 1837 425 1864 Ἀλλὰ
456 1839 522 1875 πρὸς
554 1841 601 1868 τῆς
621 1836 705 1873 φιλίας
726 1835 808 1866 αὐτῆς
826 1838 870 1861 καὶ

65 1886 117 1907 τῶν
144 1886 236 1907 κοινῶν
267 1881 419 1920 διατριϐῶν,
439 1882 517 1909 λῦσόν
545 1891 591 1919 μοι
621 1883 668 1911 τὴν
696 1880 819 1917 ἀθυμίαν,
840 1881 870 1909 ἦν

65 1935 113 1963 μοι
138 1927 219 1953 ἔτεκεν
239 1927 255 1957 ἠ
282 1926 416 1957 ὶπιστολὴ.
440 1947 446 1955 .
470 1948 476 1955 .
499 1949 506 1955 .
529 1948 535 1955 .
558 1946 565 1953 .
589 1948 595 1954 .
617 1947 624 1955 .
648 1945 656 1953 .
678 1947 685 1955 .
708 1946 714 1953 .
737 1947 743 1954 .
767 1946 773 1954 .
796 1922 871 1951 οὐδὲν

67 1969 243 2011 διαφέρουσα.

339 2037 506 2063 ΕΠΙΣΤΟΛΗ
526 2034 610 2062 ΤΝΙΓ.

1200 1645 1342 1673 Libanius
1356 1645 1476 1672 Basilio.

959 1701 1035 1734 Quid
1049 1708 1158 1736 passus
1174 1699 1299 1728 Basilius
1314 1698 1438 1726 moleste
1452 1697 1519 1726 tulit
1540 1698 1663 1732 litteras,
1685 1697 1750 1734 phi-

923 1745 1068 1782 losophia:
1081 1744 1251 1781 specimen?
1265 1743 1377 1771 Ludere
1388 1751 1407 1771 ο,
1418 1742 1504 1770 vobis
1515 1742 1612 1770 edocti
1623 1750 1729 1770 sumus
1741 1751 1748 1770 :

923 1792 1132 1819 verumtamen
1154 1789 1270 1817 ludicra
1291 1787 1395 1822 gravia
1420 1790 1499 1822 sunt,
1515 1795 1550 1814 ac
1565 1786 1656 1814 veluti
1671 1787 1750 1815 cani-

924 1836 994 1864 tiem
1020 1834 1165 1862 decentia.
1184 1833 1240 1861 Sed
1258 1840 1311 1869 per
1325 1832 1489 1860 amicitiam
1504 1831 1603 1867 ipsam
1616 1839 1751 1859 commu-

924 1887 1038 1916 nesque
1049 1878 1180 1912 scholas,
1195 1877 1267 1906 mihi
1281 1877 1362 1905 solve
1377 1883 1549 1909 mcerorem,
1561 1883 1652 1912 quem
1663 1883 1752 1912 pepe-

924 1925 962 1953 rit
976 1923 1050 1952 mihi
1068 1923 1204 1960 epistola,
1227 1930 1254 1950 a.
1278 1942 1284 1949 .
1307 1941 1315 1951 .
1336 1940 1342 1948 .
1366 1941 1373 1949 .
1396 1941 1403 1948 .
1425 1941 1433 1949 .
1453 1928 1650 1957 nequaquam
1669 1919 1752 1948 diffe-

925 1976 1004 1997 rens.

1141 2029 1308 2057 EPISTOLA
1327 2027 1537 2064 CCCLVlll““.

66 2097 157 2126 Dolet
171 2097 315 2126 Libanius
328 2098 408 2134 quod
417 2106 476 2126 non
484 2098 522 2126 sit
533 2105 600 2126 cum
614 2097 742 2133 Basilio;
752 2095 930 2132 gratulatur
940 2093 1019 2131 quod
1025 2094 1171 2129 juvenum
1185 2099 1285 2120 curam
1298 2091 1442 2119 suadente
1453 2090 1568 2119 Alcimo
1579 2088 1754 2140 susceperit.

336 2160 458 2191 Λιϐἁνιος
477 2159 614 2196 Βασιλείῳ.

106 2214 141 2240 Ὠ
168 2216 271 2251 χρόνων
304 2213 413 2247 ἐκείνων,
449 2214 473 2240 ἓν
506 2214 545 2245 οἷς
564 2215 598 2240 τὰ
616 2214 700 2240 πάντα
720 2211 782 2249 ἦμεν
803 2211 876 2241 ἀλλή-

1204 2154 1348 2182 Libanius
1362 2153 1483 2180 Basilio.

967 2211 988 2238 Ο
1005 2212 1141 2245 tempore.
1156 2207 1216 2242 illa,
1232 2206 1343 2243 quibus
1359 2207 1466 2234 cuncta
1480 2204 1609 2233 invicem
1626 2211 1756 2231 eramus.

68 2259 142 2290 λοιςῑ
172 2262 226 2285 Νῦν
259 2257 425 2295 διῳκίσμεθα
450 2262 567 2296 πικρῶς·
603 2259 677 2294 ὑμεῖς
701 2259 744 2294 μὲν
773 2259 875 2293 ἕχοντις

933 2257 1015 2283 Nunc
1038 2253 1145 2282 acerbe
1167 2251 1293 2288 sejuneti
1317 2258 1422 2279 sumus
1440 2258 1446 2278 :
1463 2257 1515 2277 vos
1536 2249 1660 2286 quidem
1672 2247 1759 2276 vobis

70 2303 219 2334 ἀλλήλους·
254 2303 305 2339 ἐγὼ
334 2302 364 2330 δὲ
394 2303 448 2330 ἀνθ’
480 2304 551 2339 ὑμῶν
580 2303 630 2328 οἷοί
658 2312 705 2339 περ
733 2303 807 2338 ὑμεῖς
835 2301 871 2327 οὐ·

72 2347 148 2377 δὲνα,
168 2349 217 2374 Τὸν
243 2346 272 2374 δὲ
299 2347 423 2384 Ἄλκιμον
448 2346 533 2373 ἀκούω
559 2348 591 2373 τὰ
609 2348 670 2373 νέων
690 2346 714 2372 ἂν
732 2348 803 2383 γήρᾳ
821 2346 878 2372 τολ-

72 2396 136 2430 μᾷν,
167 2394 297 2430 καὶπρὸς
323 2394 369 2422 τὴν
397 2392 497 2429 Ῥώμην
527 2392 660 2426 πέτεσθαι,
681 2391 818 2427 περιϐάντα
837 2400 879 2416 σοι

73 2439 119 2464 τὸν
149 2441 196 2464 τοῦ
226 2440 340 2463 συνεῖναι
362 2440 415 2467 τοῖς
443 2434 597 2473 παιδαρίοις
619 2438 708 2463 πόνον.
733 2436 766 2461 Σὺ
787 2433 826 2469 δὲ,
847 2435 880 2461 τά

75 2493 104 2509 τε
132 2482 198 2508 ἄλλα
227 2484 311 2519 πρᾶός
341 2491 388 2515 ϊις⁷
417 2483 463 2507 καὶ
490 2484 567 2510 τοῦτο
587 2483 667 2517 οἴσεις
686 2480 715 2506 οὐ
735 2479 879 2516 χαλεπῶς·

77 2528 132 2554 ἐπεὶ
147 2529 192 2553 καὶ
208 2528 270 2563 ἡμῖν
289 2529 335 2552 τοῦ
354 2525 458 2563 γράψαι
476 2527 598 2563 πρότερον
625 2525 672 2551 οὐκ
698 2526 776 2561 ἔσχες
804 2523 882 2560 χαλε-

76 2576 144 2603 πῶς.

118 2643 174 2679 (24)
194 2645 247 2668 Τοῦ
260 2641 347 2678 istm.
361 2641 407 2679 Sic
420 2649 492 2679 mss.
504 2642 630 2679 septem.
644 2639 720 2679 Editi
733 2643 778 2679 τος]
788 2639 880 2675 λόγου.

117 2673 175 2713 Ῐῖὄδ
197 2673 352 2714 Σονιζαρῖῳν.
369 2676 524 2705 Mcdicmus
538 2673 638 2705 codex
653 2673 811 2712 Σουὸαρίων.

120 2715 130 2727 ’
144 2714 228 2747 Alias
241 2713 342 2741 CLXll.

264 2767 387 2801 ΡΑτιιοιι
407 2766 456 2796 GR.
478 2765 577 2796 XXXII.

932 2301 1038 2327 mutuo
1048 2298 1131 2334 potiti
1144 2307 1150 2331 ;
1164 2305 1220 2332 ego
1235 2303 1307 2324 vero
1317 2303 1371 2332 pro
1382 2294 1468 2323 vobis
1480 2293 1633 2322 neminem
1642 2292 1759 2320 habens

932 2343 1022 2371 vestri
1033 2342 1171 2371 similem.
1183 2343 1272 2369 Porro
1289 2340 1437 2368 Alcimum
1453 2338 1545 2367 audio
1557 2346 1604 2366 res
1612 2338 1760 2373 juvenum

934 2389 965 2417 in
981 2389 1131 2416 senectute
1147 2385 1268 2419 audere,
1285 2387 1314 2414 et
1335 2384 1375 2413 ad
1396 2385 1522 2412 Romam
1539 2382 1652 2416 volare,
1675 2384 1761 2419 post-

935 2441 1028 2470 quam
1043 2440 1113 2460 eum
1134 2431 1269 2459 laborem
1284 2429 1337 2458 tibi
1358 2428 1512 2465 imposuit,
1530 2430 1562 2456 ut
1576 2435 1645 2456 eum
1661 2426 1762 2463 pueris

937 2485 1072 2506 maneas.
1087 2478 1129 2504 'l‘u
1141 2484 1222 2509 vero,
1238 2483 1308 2503 cum
1321 2474 1399 2502 circa.
1415 2473 1474 2502 alia
1487 2481 1609 2510 quoque
1622 2479 1764 2500 mansue-

939 2526 986 2551 lus
1001 2523 1053 2557 sis,
1064 2522 1121 2550 hoc
1134 2521 1225 2549 etiam
1240 2528 1302 2549 non
1313 2527 1391 2555 aegre
1406 2519 1499 2553 feres;
1514 2516 1763 2554 quandoquidem

939 2575 994 2595 nec
1010 2566 1172 2595 molestum
1189 2564 1241 2593 tibi
1254 2565 1318 2599 fuit,
1333 2565 1364 2592 ut
1387 2563 1427 2592 ad
1439 2571 1495 2591 nos
1509 2562 1591 2598 prior
1606 2560 1763 2588 scriberes.

977 2639 996 2649 "
1012 2637 1090 2665 Alias
1104 2636 1214 2664 CLXIII.

977 2671 1214 2736 πλξῇἓοῖθιενίὶ
1238 2671 1422 2702 Monument.
1440 2669 1492 2700 Ec.
1516 2669 1566 2699 Gr.
1585 2669 1605 2696 t.
1623 2669 1655 2703 ll,
1676 2674 1707 2702 p.
1721 2668 1766 2694 96.

1072 2715 1080 2735 Ι.
1105 2728 1112 2734 .

1601 2758 1635 2785 35
