1997 3143
59 102 120 131 1101

516 101 758 131 ΕΡΙΞΤΟΙιΑΒυΜ
776 101 917 132 ΟΕᾹΞΞΙΒ
935 103 982 131 III.
1002 101 1110 131 EPIST.
1130 102 1271 131 CCCLXlI.

1663 102 1732 131 “02

57 163 156 200 λογίων,
185 162 312 198 ἐξέϐαλον,
340 162 503 195 καταξίωσον
532 164 595 199 ἡμῖν
623 167 749 200 σημᾶναι,
784 165 851 194 ὅπως

909 164 999 200 plent,
1017 164 1090 193 usiss
1105 172 1158 193 seu
1173 163 1348 193 substantias
1364 172 1485 199 nomen,
1501 164 1584 192 velut
1598 163 1732 194 alienum

56 218 80 235 τε
99 210 122 235 οἱ
142 210 249 245 πατέρες
268 207 338 242 αὐτῷ
359 207 519 244 ἐχρήσαντο,
535 210 580 234 καὶ
600 208 621 234 εἰ
640 207 766 245 μηδαμοῦ
782 208 851 245 εὗρες

57 253 79 279 ἐν
97 257 127 289 τῇ
143 256 231 288 Γραφῇ
252 254 376 288 κιίμενον.
402 254 450 280 Τόν
474 254 524 289 γὰρ
546 252 677 279 ἐπιούσιον
701 253 789 290 οἰρτον,
805 255 850 279 καὶ

56 299 96 323 τὸν
109 297 170 323 λαὸν
184 299 228 322 τὸν
251 298 411 333 περιούσιον,
428 299 472 323 καὶ
491 299 513 323 εἰ
527 307 553 323 τι
573 301 700 329 τοιοῦτον,
723 298 756 328 ὡς
775 295 851 324 οὐδὲν

56 345 151 378 ἔχοντα
171 343 255 368 κοινὸν
278 340 464 369 ὃιαπτύουσιν.
481 341 590 369 Ἔπειτα
616 344 703 378 μέντοι
731 345 775 370 καὶ
793 343 852 378 περὶ

57 388 134 413 αὐτοῦ
154 391 198 413 τοῦ
211 387 353 422 ὁμοουσίου
367 386 411 422 (οὗ
434 387 514 413 ἕνεκεν
536 387 652 423 ἠγοῦμαι
667 390 751 414 ταῦτα
769 397 850 413 κατα-

56 432 190 462 σκευάζειν
215 430 318 464 αὐτοὺς,
340 430 440 467 βαθέως
460 433 507 460 τὴν
535 431 626 458 οὐσίαν
654 430 850 467 διαϐάλλοντας,

54 478 116 513 ὑπὲρ
132 480 178 502 τοῦ
197 474 330 512 μηδεμίαν
354 479 446 513 χώραν
471 480 507 512 τῷ
532 477 664 512 ὁμοουσίῳ
688 476 850 512 καταλιπεῖν)

54 520 187 547 διαλαϐεῖν
211 522 273 556 ἡμῖν
292 520 450 557 πλατύτερον
471 520 627 556 βουλήθητι,
643 523 701 547 τίνα
720 523 766 550 τὴν
787 519 850 547 διά-

51 576 121 592 νοιαν
141 567 208 601 ἔχει,
231 567 275 591 καὶ
294 569 349 596 πῶς
370 564 400 590 ἂν
427 566 508 601 ὑγιῶς
533 565 645 601 λέγοιτο,
674 565 712 600 ἐφ’
738 565 771 591 ὧν
791 567 851 591 οὔτε

50 613 123 646 γένος
155 611 240 635 κοινὸν
271 610 451 646 ὑπερκείμενον
488 611 628 646 θεωρεῖται,
663 611 721 635 οὔτε
762 609 850 635 ὑλικὸν

51 656 218 690 ὑποκείμενον
238 654 423 690 προϋπάρχον,
443 653 490 680 οὐκ
513 653 693 691 ἆπομερισμός
715 657 761 680 τοῦ
784 663 849 689 προ-

51 702 126 735 τέρου
142 698 178 730 εἰς
197 700 226 724 τὸ
243 696 374 735 δεύτερον.
391 702 446 728 Πῶς
470 697 514 724 οὖν
532 701 587 735 χρὴ
610 698 691 734 λέγειν
712 699 849 734 ὁμοούσιον

52 746 96 770 τὸν
112 745 173 770 Υίὸν
194 747 230 778 τῷ
251 745 343 780 Πατρὶ,
370 743 406 774 εἰς
431 741 564 779 μηδιμίαν
589 744 684 770 ἔννοιαν
712 747 760 769 τῶν
780 743 850 780 εἰρη-

53 791 134 825 μδων
172 789 400 822 καταπίπτοντας,
449 787 556 817 θελησον
598 788 660 823 ἡμῖν
694 787 850 824 πλατύτερον

54 832 232 870 διαρθρώσαι.
257 831 345 868 Ἡμεῖς
375 833 419 867 μὲν
447 833 497 868 γὰρ
520 831 704 868 ὑπειλήφαμεν,
732 833 791 868 ὅπερ
821 831 850 858 ἂν

53 877 120 904 εἶναι
134 877 195 903 καθ’
216 877 340 902 ὑπόθεσιν
363 880 409 902 τοῦ
433 878 533 914 Πατρός
558 876 635 902 οὐσία
658 876 754 912 ληφθῇ,
775 880 851 903 τοῦτο

53 921 119 948 εἶναι
143 922 243 951 πάντως
270 920 409 956 ἀναγκαῖον
428 923 473 947 καὶ
499 923 546 950 τὴν
565 924 610 947 τοῦ
637 923 698 948 Υἱοῦ
722 920 851 957 λαμϐάνε-

53 968 128 994 σθαι.
146 966 227 993 Ὠστε
259 965 282 992 εἰ
305 976 356 1002 φως
375 967 476 999 νοητὸν,
505 964 602 1000 ἀίδιον,
631 966 778 1001 αγίννητον,
806 968 852 995 τὴν

53 1012 100 1038 τοῦ
122 1012 225 1048 Πατρός
244 1009 335 1036 οὐσίαν
363 1020 404 1041 τις
429 1010 510 1046 λέγοι,
544 1014 596 1046 φῶς
623 1012 726 1044 νοητὸν,
754 1009 850 1044 ἀίδιον,

51 1057 187 1092 γεννητόν,
206 1057 251 1081 καὶ
274 1056 320 1084 τὴν
340 1058 386 1082 τοῦ
402 1058 560 1090 Μονογινοῡς
585 1054 676 1081 οὐσίαν
696 1054 756 1091 ἐρεῖ.
784 1057 852 1091 Πρός

51 1100 80 1127 δὲ
110 1102 158 1129 τὴν
177 1100 301 1128 τοιαύτην
320 1100 416 1125 ἔννοιαν
445 1097 519 1125 δοκεῖ
543 1108 588 1134 μοι
613 1100 629 1128 ἡ
657 1103 702 1125 τοῦ
733 1098 852 1136 ἀπαραλ-

50 1145 156 1174 λάκτως
171 1145 262 1180 ὁμοίου
287 1146 354 1180 φωνὴ
376 1143 471 1179 μᾶλλον
502 1145 567 1181 ἤπερ
595 1144 609 1172 ἡ
640 1147 686 1170 τοῦ
712 1144 852 1179 ὀμοουσίου

49 1192 199 1226 ἁρμόττειν.
233 1191 287 1219 Φῶς
309 1189 360 1226 γὰρ
383 1189 446 1224 φωτὶ
474 1186 607 1224 μηδεμίαν
636 1187 660 1214 ἔν
689 1192 725 1223 τῷ
757 1187 853 1224 μᾶλλον

48 1237 96 1260 καὶ
119 1234 196 1262 ἧττον
217 1235 260 1261 τὴν
283 1231 410 1269 διαφορὰν
432 1234 505 1268 ἕχον,
532 1234 626 1258 ταυτὸν
655 1233 700 1268 μὲν
723 1232 770 1258 οὐκ
790 1231 853 1259 εἶναι

49 1277 137 1312 (dion
150 1276 174 1304 ἐν
191 1275 249 1313 ἰδίᾳ
263 1281 410 1313 περιγραφῇ
437 1281 481 1307 τῆς
505 1276 598 1307 οὐσίας
625 1276 694 1302 ἐστὶν
711 1276 852 1313 ἑκάτερον),

50 1324 143 1359 ὅμοιον
173 1319 202 1347 δὲ
230 1321 287 1347 κατ’
312 1321 404 1347 οὐσίαν
433 1320 546 1357 ἀκριϐῶς
575 1320 787 1357 ἀπαραλλάκτως,
810 1321 853 1358 ὀρ-

51 1369 104 1397 Θώς
120 1367 150 1392 ἂν
172 1364 246 1402 οἶμαι
271 1365 401 1401 λέγεσθαι.
428 1367 485 1392 Εἴτε
504 1363 548 1391 οὖν
572 1367 670 1396 ταύτας
693 1367 747 1402 χρὴ
769 1364 854 1393 διαλέ-

49 1411 150 1447 γεσθαι
177 1411 224 1440 τὰς
249 1409 355 1444 ἑννοίας,
381 1412 430 1436 εἴτε
455 1410 542 1447 ἐτέρας
567 1410 673 1446 μείζους
699 1410 853 1445 ἀντιλαϐεῖν,

52 1457 88 1487 ὡς
115 1456 196 1491 σοφὸς
224 1455 310 1492 ἰατρὸς
334 1455 389 1489 (καὶ
412 1455 463 1491 γὰρ
484 1454 635 1491 ἑξςφήναμίν
661 1464 704 1481 σοι
727 1456 760 1481 τὰ
778 1454 802 1481 ἓν
821 1458 852 1491 τῇ

52 1498 179 1537 καρδίᾳ),
193 1501 221 1525 τὸ
236 1500 280 1535 μὲν
304 1498 454 1536 ὰρῥωστοῡν
468 1501 555 1532 ἴασαι,
575 1501 604 1525 τὸ
624 1497 653 1526 δὲ
669 1500 765 1537 σαθρὸν
794 1500 856 1526 ὑπο-
871 1517 891 1544 C

53 1544 181 1582 στήριξον
198 1554 204 1560 ·
227 1545 303 1570 παντὶ
328 1541 358 1570 δὲ
382 1545 471 1580 τρόπῳ
505 1543 651 1580 βεϐαίωσον
679 1545 756 1580 ἡμᾶς.
789 1545 856 1574 Τοὺς

51 1590 120 1625 μετὰ
153 1592 198 1619 τῆς
231 1587 362 1619 εὐλαϐείας
395 1597 443 1614 σου
474 1586 601 1624 ἀδελφοὺς
626 1587 791 1624 ἀσπάζομαι,
811 1590 856 1614 καὶ

52 1633 124 1665 ἀξιῶ
153 1633 216 1668 μιτὰ
242 1636 290 1658 σοῡ
314 1633 441 1668 εὔχεσθαι
470 1633 533 1669 ὑπὲρ
554 1633 636 1669 ἡμῶν,
658 1633 699 1658 ἰνα
722 1633 854 1669 σωθῶμεν.

49 1681 83 1703 Ὀ
114 1676 218 1713 ἑταῖρος
243 1679 396 1714 Γρηγόριος,
423 1678 465 1703 τὸν
487 1678 552 1713 μετὰ
574 1681 622 1702 τῶν
654 1677 746 1712 γονέων
771 1676 856 1713 ﬂetu-

49 1731 98 1755 νος
134 1720 205 1757 βίον,
237 1721 324 1751 αὐτοῖς
359 1722 494 1748 σύνεστιν.
526 1721 660 1756 ’Υγιαίνων
694 1720 855 1748 ἔπιπλεῖστον

52 1765 221 1801 φυλαχθείης
236 1766 308 1801 ἡμῖν,
334 1764 434 1801 ὠφελῶν
458 1766 525 1801 ἡμᾶς
549 1767 594 1791 καὶ
620 1768 676 1796 ταῖς
697 1765 790 1800 εὐχαῖς
811 1767 855 1792 καὶ

51 1814 85 1846 τῇ
101 1812 210 1844 γνώσει.

907 217 925 238 a
943 210 1034 237 sacris
1049 209 1151 238 litteris
1175 210 1325 245 ejecerint,
1348 209 1473 245 dignare
1492 209 1663 245 signiﬁcare
1677 209 1733 238 mi-

906 254 947 287 hi,
970 262 1030 290 quo
1052 256 1140 290 pacto
1163 255 1265 282 Patres
1291 262 1327 282 eo
1350 254 1395 282 usi
1416 254 1535 289 fuerint,
1556 255 1584 282 et
1604 261 1644 282 an
1663 254 1732 284 nul-

905 297 958 325 libi
981 299 1011 326 in
1041 298 1192 334 Scriptura
1217 298 1368 326 inveneris
1395 298 1537 334 positum.
1567 299 1643 327 Nam
1673 305 1731 334 pa-

906 350 976 370 nem
995 342 1106 370 dictum
1130 343 1272 375 ἐπιούσιον,
1297 345 1325 371 et
1348 343 1496 379 populum
1520 344 1682 379 πιριούσιον,
1702 344 1732 372 et

907 386 933 414 si
946 387 1019 422 quid
1034 387 1140 421 simile,
1159 387 1247 423 quasi
1263 387 1335 415 nihil
1350 387 1481 415 habeant
1493 386 1541 415 hic
1554 395 1729 421 commune,

905 431 1066 467 despuunt.
1086 431 1197 459 Deinde
1214 439 1285 459 vero
1303 433 1332 459 et
1347 431 1384 459 de
1398 431 1466 468 ipso
1481 431 1730 460 consubstantiali

905 476 1038 511 (propter
1056 476 1139 511 quod
1155 478 1227 512 puto
1252 484 1303 504 eos
1327 476 1384 505 ista
1408 476 1567 509 adornare,
1593 476 1646 512 qui
1660 476 1732 504 sub-

906 520 1047 549 stantiam
1067 521 1185 556 penitus
1209 520 1401 555 transﬁgunt,
1426 523 1458 548 ut
1483 520 1604 548 nullum
1628 520 1731 550 locum

903 563 1075 599 relinquant
1100 564 1415 599 consubstantialitati)
1442 564 1609 600 disceptare
1642 564 1731 593 nobis

904 608 1002 637 fusius
1022 609 1103 641 velis,
1121 616 1213 645 quem
1232 617 1355 637 sensum
1379 608 1501 642 habeat,
1524 611 1553 636 et
1573 609 1730 645 quomodo

905 653 1063 682 salubriter
1087 654 1266 689 proferatur,
1293 653 1325 682 in
1353 653 1453 686 rebus,
1477 653 1508 682 in
1538 653 1651 689 quibus
1675 662 1731 683 nec

905 705 1000 733 genus
1015 705 1177 725 commune
1195 698 1420 734 superpositum
1437 697 1577 729 cernitur,
1597 705 1653 727 nec
1665 706 1731 728 ma-

905 741 1006 770 teriale
1020 742 1189 777 subjectum
1207 742 1291 779 prius
1313 742 1469 776 exsistens,
1490 750 1546 770 nec
1560 742 1730 772 distributio

905 787 994 822 primi
1014 786 1044 815 in
1069 787 1248 815 secundum.
1271 787 1335 819 Qua
1354 786 1445 821 igitur
1462 786 1578 816 ratione
1592 789 1731 823 oporteat

872 839 892 867 Β
907 831 1005 859 dicere
1027 830 1134 858 Filium
1152 831 1231 859 Patri
1249 830 1552 865 consubstantialem,
1566 831 1597 859 in
1611 831 1730 861 nullum

906 875 1119 912 praedictorum
1143 882 1286 903 sensuum
1312 875 1485 910 incidenda,
1513 875 1560 904 {ao
1583 877 1614 904 ut
1641 875 1731 904 nobis

907 919 1051 956 prolixius
1076 919 1215 955 explices.
1245 921 1304 948 Nos
1332 919 1482 955 siquidem
1508 920 1729 956 existimamus,

907 963 1057 1000 quidquid
1083 972 1119 992 ex
1142 963 1316 1000 hypothesi,
1348 963 1442 992 Patris
1468 964 1638 993 substantia
1665 972 1733 993 esse

908 1011 1055 1043 sumatur,
1071 1009 1151 1037 idem
1164 1008 1289 1037 omnino
1310 1016 1375 1037 esse
1396 1010 1425 1038 et
1447 1008 1648 1038 substantiam
1669 1009 1733 1038 Filii

908 1053 987 1080 sumi
1001 1053 1171 1081 necessario
1180 1052 1290 1081 debere
1303 1062 1309 1085 ;
1322 1053 1399 1081 adeo
1417 1055 1448 1081 ut
1462 1053 1486 1081 si
1501 1054 1569 1089 quis
1591 1053 1733 1082 substan-

909 1097 980 1125 tiam
997 1097 1092 1126 Putris
1108 1097 1304 1134 appellaverit
1315 1097 1418 1127 lumen
1431 1097 1488 1126 sub
1504 1097 1733 1133 intelligentiam

909 1142 1030 1172 cadens,
1048 1144 1205 1174 aeternum,
1230 1141 1417 1176 ingenitum;
1442 1141 1590 1177 Unigeniti
1611 1150 1734 1179 quoque

909 1185 1110 1215 substantiam
1125 1188 1286 1214 vacaturus
1302 1186 1339 1215 sit
1352 1185 1456 1214 lumen
1483 1186 1540 1214 sub
1565 1185 1733 1222 intelligen-

909 1230 981 1259 tiam
997 1230 1120 1264 cadens,
1134 1233 1291 1263 aeternum,
1316 1231 1463 1265 genitum.
1484 1232 1517 1259 ln
1538 1231 1621 1259 hunc
1642 1239 1733 1267 porro

911 1282 1033 1302 sensum
1052 1274 1126 1306 mihi
1144 1275 1270 1309 videtur,
1287 1267 1523 1303 vocem‘simitis
1543 1283 1608 1304 szne
1630 1275 1736 1304 discri-

909 1319 1005 1353 mine,
1030 1319 1126 1354 magis
1151 1326 1333 1354 congruere,
1359 1327 1454 1355 quam
1479 1327 1586 1349 vocem
1613 1320 1737 1349 consub-

909 1364 1074 1392 stantial't's.
1094 1365 1168 1393 Nam
1190 1363 1242 1393 lux
1264 1371 1333 1399 quas
1348 1372 1418 1392 cum
1432 1363 1499 1392 luce
1514 1363 1629 1393 nullam
1642 1364 1736 1393 habet

911 1408 1078 1437 secundum
1091 1408 1188 1444 magis
1198 1411 1227 1437 et
1241 1409 1342 1436 minus
1356 1408 1568 1441 diil‘erentiam,
1581 1411 1660 1438 recte
1671 1409 1736 1445 qui-

911 1453 980 1481 dem
1003 1461 1072 1481 mea
1090 1453 1237 1481 sententia
1252 1453 1310 1481 dici
1328 1455 1436 1489 potest,
1457 1461 1519 1482 non
1536 1453 1646 1481 eadem
1670 1460 1736 1482 esse

911 1505 979 1526 eum
1004 1497 1064 1530 illa,
1089 1496 1338 1533 quandoquidem
1363 1497 1393 1524 in
1409 1497 1533 1533 propria
1558 1497 1735 1527 substantiae

911 1542 1158 1571 determinatione
1172 1544 1299 1578 utraque
1322 1542 1469 1576 consistit;
1495 1542 1548 1570 sed
1571 1542 1677 1571 similis
1693 1550 1736 1571 se-

911 1587 1045 1615 cundum
1063 1586 1266 1615 substantiam
1280 1586 1416 1615 absolute
1428 1594 1464 1614 ac
1478 1594 1532 1623 per
1546 1587 1659 1616 omnia.
1671 1587 1737 1617 Sive

910 1639 982 1666 ergo
1001 1631 1056 1659 has
1072 1633 1209 1666 oporteat
1231 1630 1330 1667 eloqui
1347 1631 1556 1666 cogitationes,
1578 1631 1641 1661 sive
1660 1632 1737 1661 alias

909 1676 1040 1711 majores
1056 1683 1220 1709 assumere,
1237 1677 1271 1703 tu
1293 1678 1440 1712 tanquam
1461 1677 1575 1712 peritus
1597 1677 1737 1707 medicus

908 1720 973 1756 (tibi
987 1721 1068 1748 enim
1079 1728 1146 1756 quae
1160 1719 1251 1748 corde
1264 1720 1397 1755 gerimus
1411 1720 1538 1748 fecimus
1552 1721 1737 1757 manifesta),

909 1765 993 1802 quod
1007 1765 1130 1801 quidem
1145 1772 1260 1800 aegrum
1282 1767 1327 1795 est
1344 1773 1429 1800 sana,
1450 1765 1533 1802 quod
1550 1774 1621 1795 vero
1637 1766 1737 1796 debile

912 1808 1049 1842 suﬁulci;
1066 1808 1149 1839 omni
1169 1811 1270 1838 autem
1292 1809 1385 1837 modo
1407 1809 1555 1838 conﬁrma
1578 1818 1645 1838 nos.
1670 1812 1737 1840 Fra-

51 1856 116 1882 tres
133 1853 187 1891 qui
203 1855 256 1882 tua
272 1861 339 1880 cum
356 1853 464 1888 pietate
475 1853 589 1888 degunt
604 1853 712 1886 saluto,
728 1855 756 1881 et
770 1861 855 1889 rogo,
867 1855 901 1881 ut
915 1861 977 1882 una
994 1855 1092 1881 tecum
1113 1861 1169 1890 pro
1183 1853 1271 1881 nobis
1287 1855 1381 1888 orent,
1400 1861 1462 1889 quo
1481 1853 1608 1882 salutem
1631 1862 1736 1883 conse-

51 1905 202 1934 quamur.
219 1897 309 1934 464
327 1897 441 1927 Sodalis
458 1897 627 1933 Gregorius,
650 1897 742 1926 electa.
761 1906 831 1926 cum
853 1897 1030 1934 parentibus
1053 1897 1125 1932 vita,
1145 1897 1228 1933 apud
1247 1905 1299 1926 eos
1317 1899 1370 1926 est.
1393 1897 1490 1925 Sanus
1509 1898 1548 1926 ad
1568 1897 1736 1934 plurimum

50 1945 178 1981 tempus
193 1942 380 1971 conserveris
395 1942 496 1978 nobis,
510 1942 659 1978 adjuvans
672 1950 728 1971 nos
744 1944 773 1971 et
785 1942 925 1978 precibus
936 1945 964 1971 et
977 1942 1123 1971 doctrina.

331 2033 499 2058 ΕΠΙΣΤΟΛΗ
519 2031 584 2058 ΤΞΒ¹

1163 2031 1282 2063 EPISTO
1287 2031 1330 2062 LA
1346 2031 1489 2060 CCCLXlI"

52 2093 267 2128 Respondetur
277 2093 459 2128 praecedenti
473 2093 616 2128 epistolae,
628 2096 655 2122 et
666 2093 811 2130 quomodo
822 2094 912 2122 Pater
925 2096 953 2122 et
968 2094 1064 2121 Filius
1074 2101 1166 2121 unum
1181 2094 1242 2121 sint
1257 2094 1430 2128 exponitur,
1443 2094 1588 2129 exemptis
1598 2102 1613 2123 e
1623 2097 1736 2125 natura

745 2138 877 2166 humana
893 2138 1043 2167 adductis.

290 2199 415 2236 Βασιλείῳ
436 2200 624 2237 Ἀπολινιὶριος.

94 2261 221 2291 Φιλοθέως
258 2263 399 2294 πιστεύεις,
433 2264 477 2288 καὶ
509 2262 649 2298 φιλολόγοις
682 2262 778 2296 ζητεῖς,
811 2264 857 2288 καὶ

51 2306 121 2343 παρ’
142 2307 218 2342 ἡμῶν
242 2308 272 2333 τό
294 2307 428 2343 πρόθυμον
451 2306 577 2342 ὀφείλεται
602 2304 648 2332 διὰ
672 2308 719 2335 τήν
741 2307 857 2341 ἀγάπην,

49 2350 77 2376 εἰ
97 2353 144 2376 καὶ
163 2352 194 2376 τύ
220 2352 306 2377 ἰκανὸν
320 2354 356 2385 τῷ
371 2350 438 2386 λόγῳ
460 2353 495 2386 μὴ
512 2351 609 2384 ἕποιτο,
634 2349 680 2376 διά
704 2360 731 2376 τι
749 2352 778 2377 τὸ
796 2351 859 2386 ἠμέ-

47 2404 129 2431 τιρον
151 2393 246 2430 ἐνδιὲς,
262 2397 306 2421 καὶ
325 2396 354 2420 τὸ
369 2398 415 2421 τοῦ
436 2396 588 2431 πράγματος
611 2395 745 2431 ὑπερφυές.
772 2395 860 2421 Oricia

46 2442 116 2475 μία,
137 2439 187 2466 οὐκ
217 2439 320 2476 ἀριθμῷ
347 2442 424 2475 μόνον
455 2439 566 2474 λέγεται,
595 2440 682 2476 ὥσπερ
709 2439 799 2475 λέγεις,
815 2442 860 2466 καὶ

44 2486 82 2510 τὰ
99 2483 125 2510 ἐν
151 2486 201 2519 μιᾷ
219 2487 377 2521 περιγραφῇ,
402 2483 464 2510 ἀλλὰ
486 2486 531 2510 καὶ
556 2482 628 2513 ἰδίως
649 2483 790 2520 ἀνθρώπων
811 2482 859 2510 δύο

46 2531 102 2556 καὶ
117 2528 197 2555 ἄλλον
212 2529 320 2555 ὁτουοῦν
341 2533 391 2554 τῶν
413 2529 480 2555 κατὰ
503 2531 575 2564 γένος
605 2528 754 2565 ἐνιζομένων
768 2539 774 2546 ·
795 2530 860 2556 ὥστε

45 2574 141 2608 ταύτῃ
158 2582 187 2608 γε
202 2572 247 2598 καὶ
262 2571 310 2598 δύο
325 2575 370 2598 καὶ
389 2572 494 2598 πλείονα
514 2573 570 2608 (27)
591 2575 684 2599 ταυτὸν
704 2571 769 2599 εἶναι
793 2574 861 2600 κατὰ

44 2619 104 2645 τήν
129 2617 233 2650 οὐσίαν,
257 2618 321 2643 καθὸ
347 2619 392 2643 καὶ
418 2619 511 2647 πάντες
527 2618 658 2654 ἄνθρωποι
679 2615 766 2653 Ἀδάμ
785 2617 860 2653 ἐσμεν

46 2662 94 2691 εἷς
109 2663 188 2693 ὄντες,
205 2661 250 2687 χαί
272 2660 355 2687 Δαϐίὸ
380 2662 392 2687 ὁ
412 2665 458 2687 τοῦ
474 2659 557 2687 Δαϐὶὸ
572 2662 638 2694 υἱὸς,
662 2663 697 2692 ὡς
714 2663 809 2687 ταυτὸν
825 2662 859 2687 ὡν

95 2741 153 2776 (27)
172 2742 250 2769 Fort.
266 2740 393 2771 πλείονας.
407 2741 505 2769 ϐοτει..

1156 2199 1271 2228 Basilio
1283 2199 1306 2226 Α
1311 2199 1491 2234 patinarias.

951 2263 985 2290 Ut
1000 2263 1050 2290 Dei
1070 2264 1225 2290 amantem
1237 2262 1336 2290 virum
1352 2261 1438 2290 decet
1456 2262 1564 2298 credis,
1575 2264 1604 2292 et
1625 2265 1658 2293 ut
1669 2263 1739 2292 doc-

913 2307 998 2335 trinm
1012 2306 1166 2334 studiosus
1183 2306 1293 2343 quaeris
1307 2315 1313 2341 ;
1330 2308 1421 2343 atque
1434 2315 1452 2335 a
1475 2307 1564 2335 nobis
1579 2311 1740 2345 promptus

914 2351 1032 2379 animus
1046 2351 1172 2378 debetur
1187 2353 1309 2387 propter
1324 2351 1513 2386 cbaritatem,
1528 2351 1596 2381 licet
1617 2353 1742 2387 scientia

915 2395 1067 2424 sufﬁciens
1079 2403 1140 2423 non
1161 2398 1315 2432 sequatur,
1336 2403 1406 2424 cum
1424 2395 1464 2425 ob
1479 2392 1676 2432 indigentiam
1688 2406 1742 2427 nov

914 2442 1019 2474 stram,
1041 2442 1105 2468 tum
1116 2440 1156 2468 ob
1176 2440 1217 2468 rei
1234 2440 1474 2469 immensitatem.
1485 2442 1549 2471 Una
1562 2442 1741 2480 substantia,

915 2492 977 2512 non
991 2492 1120 2512 numero
1134 2484 1233 2512 solum
1257 2484 1374 2518 dicitur,
1397 2485 1661 2521 quemadmodum
1686 2487 1740 2523 ais,

914 2530 944 2557 et
970 2528 1053 2565 quod
1078 2530 1124 2556 est
1144 2528 1177 2556 in
1197 2536 1258 2557 una
1283 2528 1550 2563 determinatione;
1574 2530 1628 2558 sed
1651 2530 1743 2563 etiam

915 2574 1035 2609 proprie
1061 2572 1193 2600 duorum
1220 2573 1380 2601 hominum
1408 2575 1437 2601 et
1458 2574 1579 2602 alterius
1605 2574 1741 2610 cujusve,

914 2617 968 2652 qui
985 2617 1016 2644 in
1032 2624 1141 2651 genere
1161 2617 1348 2646 adunantur:
1366 2617 1407 2645 ita
1422 2619 1452 2645 ut
1469 2617 1527 2645 hac
1547 2617 1662 2646 ratione
1681 2618 1743 2651 duo

916 2669 951 2688 ac
963 2660 1065 2696 plures
1090 2660 1170 2688 idem
1197 2660 1255 2688 sint
1275 2661 1443 2689 secundum
1468 2661 1689 2699 substantiam;
1712 2662 1743 2689 in

953 2742 961 2751 ‘
983 2741 1024 2768 Ex
1039 2740 1223 2769 Monument.
1240 2741 1324 2770 Eccl.
1343 2741 1395 2769 Gr.
1414 2742 1435 2768 t.
1456 2741 1489 2774 ll,
1504 2748 1534 2781 p.
1550 2741 1596 2768 86.
