1997 3143
74 139 148 167 1105
508 139 516 171 ι
531 136 772 169 EPlSTOLARUM
793 141 880 170 CLAS

962 141 1008 169 ΙΙΙ.
1028 141 1136 170 EPIST.
1155 140 1308 170 CCCLXIV.
1685 141 1753 169 1106

73 208 111 228 ex
126 200 178 228 illo
191 209 197 234 ;
215 208 277 228 non
288 201 475 237 primitivum
493 201 657 238 exemplar,
674 202 727 230 sed
742 202 854 239 imago.
870 203 921 232 Hie
932 203 1205 237 consubstantialis,
1220 203 1372 240 praecipue
1386 210 1476 239 super
1490 201 1594 230 omnia
1614 203 1642 230 et
1665 209 1755 238 pecu-

73 244 205 278 liariter;
221 253 284 273 non
299 248 444 282 tanquam
461 254 496 274 ea
511 255 579 282 qum
593 249 661 274 sunt
672 247 807 282 ejusdem
822 248 949 284 generis,
961 256 1023 276 non
1035 251 1179 283 tanquam
1195 255 1232 276 ea
1246 256 1314 284 quae
1330 247 1488 275 distributa
1504 249 1591 281 sunt;
1605 246 1657 274 sed
1672 243 1755 275 velut

72 297 111 317 ex
127 297 191 317 uno
206 297 316 325 genere
330 298 452 327 unaque
468 291 567 327 specie
580 290 755 326 divinitatis,
768 300 830 320 una
845 295 874 321 et
888 292 954 321 sola
965 292 1135 328 progenies,
1154 291 1309 320 individuo
1324 294 1352 320 et
1373 291 1556 327 incorporali
1570 298 1752 327 progressu:

72 341 130 370 per
140 342 232 370 quem
245 335 330 371 quod
339 337 463 371 generat
478 342 605 364 manens
620 335 650 363 in
661 336 835 371 generativa
850 337 1042 374 proprietate,
1059 337 1205 374 processit
1217 337 1247 365 in
1263 337 1395 372 genitam
1410 336 1634 373 proprietatem.

346 426 484 451 ΕΗῙΣΤΟΑ
490 427 511 451 Η
531 424 608 452 ΤΞΓ.

1173 426 1340 454 EPISTOLA
1353 426 1519 455 CCCLXlll'.

73 476 241 505 Laudatur
259 484 355 512 supra
367 478 443 506 alios
457 478 609 513 Scipturw
623 478 801 513 interpretes
811 478 1036 543 nﬁplqlinariztis,
1052 479 1090 508 ab
1117 487 1206 516 eoque
1226 480 1352 514 petitur,
1367 482 1400 507 ut
1424 486 1454 507 se
1469 479 1505 507 de
1519 479 1605 507 rebus
1619 479 1752 508 obscuris

774 522 808 542 eo
848 522 866 542 ιι
905 523 946 543 pa
962 523 991 543 ta
1007 522 1054 543 ur.

774 522 892 542 consum
904 522 1054 550 patiatur.

383 583 564 622 ’Λπολιναρίῳ.

109 639 152 672 Τῷ
172 635 289 673 δεσπότῃ
311 647 372 673 μου,
396 641 432 673 τῷ
454 636 656 674 αἱδεσιμωτάτῳ
676 637 770 674 male,
797 638 874 665 Ἀπο-

70 680 191 717 λιναρίῳ,
225 681 368 712 Βασίλειος.
403 683 582 719 Διημάρτομεν
619 687 669 709 τῶν
708 684 873 719 προφάσεων,

73 722 161 750 δι’ὧν
191 723 248 754 ἐνῆν
275 729 426 761 προσειπεῖν
450 736 497 752 σου
521 729 568 756 τὴν
593 726 735 760 εὐλάϐειαν,
757 729 874 763 καίτοιγε

74 767 163 801 ἡδέως
189 769 220 795 ἂν
253 768 295 796 ἐπὶ
320 773 376 801 τοῖς
401 771 554 808 γράμμασιν
579 772 684 802 ἐκείνοις
712 770 875 798 ἐπιστείλαν-

73 823 126 844 τες.
141 815 170 840 Σὲ
195 815 244 850 γὰρ
269 813 294 840 ἓν
323 819 408 852 σιωπῇ
439 817 559 851 κατέχειν
579 818 625 845 τὴν
642 814 740 845 ἡδονὴν
759 815 798 842 ἐπ’
813 815 876 842 ἑκεί-

73 868 131 890 νοις
154 859 285 894 ἥσθημεν.
305 858 403 889 Ὀντως
430 860 481 896 γὰρ
515 860 577 896 ἡμῖν
604 858 693 891 ἔδοξας
719 858 755 890 οἷς
783 861 878 887 πεπνύ-

77 904 153 929 σθαι·
184 907 233 928 τῶν
260 903 449 940 ἐρμηνευόντων
475 902 504 930 δὲ
533 907 607 930 σκιαὶ
636 903 775 931 ἀίσσουσιν
808 905 875 940 (30)·

77 947 163 978 οὕτως
174 946 211 973 ἐπ’
226 946 357 984 ἀσφαλοῦς
374 952 421 979 τῆς
436 946 552 979 διανοίας
573 951 620 978 τὴν
648 948 773 984 εξήγησιν
794 949 876 984 οἶγων.

78 994 132 1018 Καὶ
159 995 204 1018 νῦν
233 989 267 1021 δὴ
293 991 367 1019 πλέον
393 993 405 1018 ὁ
433 994 493 1030 ἔρως
514 997 558 1023 τῆς
578 995 698 1029 γνώσεως
730 997 779 1020 τῶν
807 994 878 1020 θείων

75 1036 171 1073 λογίων
198 1037 307 1064 ἅπτεται
326 1041 371 1068 τῆς
391 1037 485 1074 ψυχῆς
505 1048 566 1074 μου.
592 1037 732 1074 Προϐα).ιῖν
763 1040 808 1074 μὲν
835 1036 879 1065 οὖν

78 1091 123 1107 σοι
150 1085 199 1107 τῶν
227 1081 408 1120 ἀπορουμένων
437 1083 496 1109 τινὰ
526 1082 639 1116 ἀποκνῶ,
656 1085 691 1119 μὴ
722 1081 791 1114 δοξω
814 1085 880 1121 πέρα

76 1129 126 1152 τοῦ
158 1128 253 1163 μέτρου
280 1126 449 1164 ἐμφορεῖσθαι
468 1131 513 1158 τῆς
541 1127 700 1164 παρρησίας.
729 1130 830 1163 Σιωπᾷν
851 1126 880 1154 δὲ

77 1171 158 1198 παὶιν
184 1171 214 1198 οὗ
238 1176 364 1210 καρτερῶ,
388 1171 488 1199 ὠδίνων
514 1174 558 1198 καὶ
582 1173 619 1199 ἔτι
640 1171 795 1210 προσλαϐεῖν
817 1172 881 1209 ἐφιέ-

79 1225 164 1253 μενος.
196 1215 320 1254 Ἀριστον
345 1215 389 1243 οὖν
417 1227 463 1253 μοι
495 1218 624 1253 κατεφάνη
666 1218 797 1243 πυθέσθαι
821 1226 879 1250 σου,

1245 586 1435 621 Apolinario.

967 640 1093 668 Domino
1111 647 1188 672 meo,
1204 640 1455 668 reverendissimo
1466 640 1558 673 fratri,
1569 639 1752 676 Apolinario,

929 685 1066 713 Basilius.
1084 685 1198 721 Elapsw
1221 687 1291 713 sunt
1311 685 1496 719 occasiones,
1513 684 1625 721 quibus
1644 684 1754 713 licebat

929 730 1068 766 pietatem
1084 732 1165 758 tuam
1177 729 1299 766 alloqui,
1308 729 1362 757 etsi
1372 729 1510 758 lubenter
1522 729 1678 757 adlitteras
1687 729 1753 758 illas

929 774 1184 810 rescripserimus.
1200 775 1237 802 Te
1258 774 1338 802 enim
1361 774 1392 802 in
1413 774 1529 802 silentio
1553 774 1688 802 obtinere
1701 782 1752 802 vo-

929 819 1075 856 luptatem
1086 819 1118 847 in
1132 819 1187 847 illis
1203 818 1290 862 laetati
1308 827 1422 847 sumus.
1444 821 1518 847 Nam
1536 827 1641 847 revera
1665 819 1752 847 nobis

930 864 1012 892 visus
1027 872 1058 891 es
1070 864 1149 892 solus
1163 871 1267 898 sapere
1282 872 1288 890 :
1305 863 1501 900 interpretum
1516 866 1617 892 autem
1641 863 1753 892 umbra

932 909 1060 936 volitant
1077 917 1083 936 :
1099 908 1140 936 ita.
1163 908 1203 936 ad
1230 907 1361 935 solidum
1385 915 1507 936 sensum
1533 908 1753 944 expositionem

931 952 1027 981 ducis.
1044 954 1077 980 Et
1091 954 1168 980 certe
1185 959 1265 979 nunc
1284 951 1564 987 cognoscendorum
1580 952 1753 980 divinorum

932 997 1120 1033 eloquiorum
1141 996 1251 1032 cupido
1276 996 1423 1032 majorem
1450 996 1480 1024 in
1504 997 1631 1025 modum
1661 997 1757 1032 tangit

933 1042 1070 1070 animum
1094 1049 1207 1069 meum.
1235 1042 1271 1069 At
1296 1041 1350 1069 tibi
1379 1049 1545 1077 proponere
1560 1041 1699 1077 quaedam
1721 1049 1757 1069 ex

934 1085 1034 1113 dubiis
1051 1093 1109 1113 non
1126 1085 1234 1120 audeo,
1248 1093 1285 1112 ne
1301 1085 1402 1113 videar
1417 1085 1494 1113 ultra
1507 1085 1634 1113 modum
1647 1085 1760 1114 ﬁducia

934 1129 1052 1167 repleri.
1070 1130 1176 1158 Tacere
1192 1138 1264 1157 vero
1278 1130 1385 1158 iterum
1399 1137 1462 1158 non
1486 1131 1633 1164 sustineo,
1657 1133 1760 1167 partu-

935 1175 1026 1207 riens,
1040 1174 1202 1211 adhucque
1221 1177 1405 1203 antevertere
1433 1175 1575 1210 gestiens.
1597 1176 1694 1208 Quare
1709 1182 1761 1211 op—

937 1219 1045 1247 timum
1069 1218 1151 1247 factu
1180 1219 1294 1254 censui,
1311 1221 1344 1247 ut
1368 1222 1562 1256 percontarer
1573 1227 1610 1248 ex
1633 1221 1671 1254 te,
1687 1227 1762 1247 num

80 1267 191 1302 πότερον
221 1264 291 1301 ἓφίης
316 1266 389 1302 ἡμῖν,
418 1265 438 1291 ὦ
474 1266 613 1302 θαυμάσιε,
644 1265 740 1302 ἐρωτᾷν
774 1275 800 1292 τι
832 1270 881 1292 τῶν

940 1265 1141 1300 permissurus
1167 1263 1255 1291 nobis
1280 1263 1331 1298 sis,
1357 1272 1374 1292 o
1405 1263 1594 1298 admiranda,
1624 1264 1764 1292 nonnihil

82 1309 277 1346 ἀπορουμένων,
303 1310 317 1340 ἦ
347 1312 402 1348 χρὴ
429 1312 476 1340 τὴν
498 1311 616 1347 ἡσυχίαν
641 1311 723 1346 οἴγειν.
748 1309 883 1347 Ὀπὸτςρον

84 1352 153 1380 δ’ἆν
169 1353 308 1392 ἀποκρίνῃ,
332 1359 409 1381 τοῦτο
435 1355 576 1392 φρλάξομεν
597 1359 643 1381 τοῦ
669 1355 771 1382 λοιποῦ.
791 1354 884 1392 Ἐῥρω-

84 1401 161 1435 μένον
189 1408 217 1425 τι
240 1401 285 1426 καὶ
318 1400 428 1436 εὔθυμον
461 1401 506 1426 καὶ
535 1400 742 1437 ύπερευχὸμενον
779 1400 884 1435 ἕχοιμέν

87 1452 116 1470 σε
134 1441 286 1474 διαπαντός.

355 1518 522 1542 ΕΠΙΣΤΟΔΗ
546 1515 624 1543 ΤΞΔ’.

938 1309 1121 1344 interrogare
1143 1308 1181 1336 de
1207 1308 1418 1344 controversis,
1435 1316 1475 1336 an
1503 1311 1640 1344 oporteat
1663 1311 1763 1337 tenere

939 1352 1100 1382 silentium.
1117 1352 1268 1381 Utrumvis
1290 1360 1381 1388 porro
1394 1353 1590 1388 respondeas,
1605 1352 1636 1380 id
1664 1353 1765 1381 obser-

938 1397 1080 1426 vabimus
1095 1397 1247 1433 deinceps.
1267 1397 1380 1425 Sanum
1391 1397 1553 1433 laetumque
1567 1399 1594 1424 et
1608 1405 1664 1433 pro
1675 1397 1764 1425 nobis

940 1444 1076 1471 orantem
1092 1443 1119 1470 te
1132 1441 1342 1478 possideamus
1354 1449 1484 1477 semper.

1141 1512 1312 1541 EPISTOLA
1330 1513 1515 1541 CCCLXIV“.

126 1569 271 1598 Basiliam
284 1570 405 1606 frustra
421 1571 577 1606 quaesitum
593 1570 624 1597 in
641 1569 831 1604 Cappadocia
845 1569 867 1606 Α
873 1567 1043 1603 patinarias
1056 1566 1158 1595 oblata
1174 1567 1328 1606 occasione
1340 1574 1396 1606 per
1408 1567 1532 1606 litteras
1545 1566 1669 1606 satutat.
1683 1567 1766 1606 Nun-

88 1606 148 1634 tiat
163 1606 276 1634 venisse
284 1601 441 1641 episcopos
455 1606 632 1641 Egyptios,
652 1601 807 1640 ascripta
821 1601 920 1641 allata
932 1611 993 1632 esse
1004 1610 1129 1641 prorsus
1141 1603 1310 1641 necessaria
1325 1602 1366 1630 ad
1379 1610 1427 1641 eos
1443 1601 1633 1641 refellendos,
1650 1603 1700 1638 qui
1714 1610 1766 1631 an-

90 1644 141 1669 tea
154 1645 256 1676 aperte
274 1638 534 1674 co‘ntradicebaiit;
544 1638 988 1672 huncocculte‘contradicunt,
1003 1639 1176 1676 introducto
1188 1639 1283 1666 simili
1295 1638 1459 1676 secundum
1474 1638 1766 1676 essentiargmtcon-

88 1674 284 1714 sybstantiale
307 1677 481 1714 abrogetur.
507 1678 597 1706 Sana
609 1677 681 1712 ﬁdei
699 1677 900 1710 defensionem
913 1675 1026 1704 nemini
1045 1675 1142 1710 magis
1166 1681 1331 1709 congruere
1343 1674 1492 1704 declarat.
1509 1681 1599 1710 quam
1615 1674 1723 1702 Basilio
1739 1677 1766 1703 et

89 1712 245 1748 Gregorio.

322 1757 447 1794 Βασιλείῳ
467 1757 656 1793 Ἀπολινάριος.

123 1814 166 1846 Τῷ
191 1809 306 1847 δεσπότῃ
333 1820 395 1847 μου,
417 1815 453 1846 τῷ
470 1811 644 1846 ποθοινοτάτῳ
669 1808 780 1846 ἀδελφῷ,
808 1812 888 1835 Βασι-

1186 1754 1297 1783 Basilio
1316 1754 1523 1789 Apotinarius.

979 1808 1107 1837 Domino
1152 1816 1230 1844 meo,
1261 1808 1486 1844 exoptatissimo
1522 1807 1613 1843 fratri,
1649 1808 1766 1843 Basilio,

87 1855 156 1891 λείῳ,
175 1855 354 1891 Ἀπολινάριος
373 1855 397 1881 ἐν
423 1857 511 1891 Κυρίῳ
538 1858 652 1893 χαίρειν-
671 1858 725 1881 Ποῦ
744 1856 788 1890 μὶν
817 1856 883 1890 ἤμην

944 1853 1135 1889 Apolinarius
1161 1853 1192 1880 in
1218 1852 1344 1880 Domino
1378 1852 1518 1880 salutem.
1548 1852 1675 1880 Ubinam
1701 1852 1767 1888 ipse

88 1900 178 1935 αὐτὸς,
202 1898 327 1935 δέσποτα,
356 1904 406 1926 ποῦ
431 1897 461 1926 δὲ
489 1900 504 1928 ἡ
539 1901 708 1928 ποθεινοτάτη
741 1901 809 1935 φωνὴ
844 1901 888 1925 καὶ

87 1946 201 1982 γράμμα
221 1946 251 1970 τὸ
282 1945 410 1978 σύνηθες
436 1946 462 1970 τί
484 1942 514 1970 δὲ
537 1944 566 1970 οὐ
581 1946 670 1980 παρὼν
686 1943 798 1980 ἀμύνεις,
813 1944 827 1973 ἦ
842 1946 887 1969 καὶ

88 1989 163 2016 ἀπὼν
196 1988 388 2026 παρακελεύεις,
423 1988 535 2024 πολέμου
568 1990 695 2015 τοσούτου
736 1989 804 2014 κατὰ
840 1992 888 2019 τῆς

88 2033 223 2064 εὐσεϐείας
244 2033 395 2071 ἐρρωγοτος,
429 2035 474 2059 καὶ
500 2034 572 2069 ἡμῶν
597 2034 649 2060 οἷον
674 2032 697 2059 ἓν
717 2035 784 2070 μέσῃ
799 2042 887 2069 παρα-

87 2078 161 2110 τάξει
185 2077 305 2114 βοώντων
333 2079 397 2115 πρὸς
425 2079 487 2108 τοὺς
511 2077 630 2114 ἑταίρους
651 2076 698 2104 διὰ
720 2080 767 2107 τὴν
788 2077 816 2104 ἐκ
837 2081 886 2104 τῶν

87 2123 218 2160 πολεμίων
252 2122 333 2159 βίαν;
361 2123 390 2149 Σὲ
418 2120 458 2156 δὲ,
484 2121 542 2148 οὐδ’
569 2123 638 2153 ὃπως
661 2122 690 2148 ἂν
720 2123 885 2158 ζητήσωμεν,

89 2171 198 2205 ἔχομεν’
232 2167 287 2194 ἐπεὶ
319 2166 388 2204 μηδὶ
419 2167 448 2194 οὗ
486 2168 626 2204 τυγχάνεις
653 2166 795 2205 διατρίϐων
821 2168 888 2204 εὑρί-

90 2223 198 2250 σκομεν.
215 2212 283 2239 Ἀλλ’
307 2211 426 2243 ὶζήτησα
449 2213 494 2249 μὲν
515 2212 541 2238 ἐν
619 2211 810 2247 Καππαδοκῶν,
834 2211 888 2238 ἐπεὶ

89 2260 136 2284 καὶ
163 2258 247 2288 οὕτως
270 2257 392 2293 ἤγγελλον
412 2258 436 2283 οἱ
459 2256 483 2282 ἐν
506 2259 595 2293 Πόντῳ
624 2267 666 2284 σοι
693 2259 885 2294 περιτυχόντες,

89 2302 251 2339 iuvar/ﬂeat
271 2311 299 2328 σε
321 2304 416 2331 ήᾶττον
442 2301 585 2333 ἔπανθξιιψ
613 2301 666 2338 οὐχ
688 2302 760 2340 ιῦρον
777 2300 806 2328 δὲ
827 2302 888 2328 ἔνθα

90 2347 213 2377 ἤλπιζον.
238 2349 292 2373 Νῦν
317 2344 347 2372 δὶς
369 2346 409 2372 ἔτι
438 2355 466 2372 σε
488 2347 556 2372 κατὰ
580 2348 626 2376 τὴν
661 2346 740 2376 αὐτὴν
762 2344 890 2382 διά-γοντα

89 2394 184 2428 χώραν
206 2391 333 2425 ἀκούσας,
362 2390 438 2421 εὐθὺς
460 2395 497 2426 τῷ
522 2394 624 2427 μηνῡτῇ
652 2393 698 2417 καὶ
722 2392 752 2417 τὸ
780 2391 891 2428 γράμμα

90 2436 262 2473 ὶνεχεὶρησα.
288 2435 368 2472 Ὅπερ
398 2434 547 2472 δεξάμενος,
572 2438 608 2470 μὴ
635 2438 744 2462 καὶτοῦ
768 2435 890 2473 ἀντιγρά-

91 2492 145 2518 φειν
161 2481 284 2518 ἀπόσχῃ,
300 2482 333 2511 ὡς
355 2483 400 2507 καὶ
427 2482 520 2507 τούτου
540 2479 798 2517 συναποδημοῦντος.
819 2480 890 2507 Ἶσθι

942 1905 1036 1930 eram,
1053 1897 1186 1932 domine,
1202 1897 1253 1925 ubi
1279 1905 1350 1925 vero
1374 1896 1628 1925 desideratissima
1653 1904 1724 1930 vox,
1738 1898 1768 1924 et

942 1944 1091 1970 consuetae
1105 1942 1208 1970 litterie
1219 1942 1233 1969 ?
1248 1949 1302 1969 cur
1316 1944 1416 1969 autem
1431 1949 1493 1969 non
1517 1948 1650 1977 praesens
1665 1940 1767 1968 defen-

942 1986 1000 2021 dis,
1022 1986 1180 2014 autetiam
1201 1985 1312 2014 absens
1331 1985 1505 2017 cohortaris,
1521 1987 1604 2013 tanto
1617 1984 1697 2012 bello
1712 1985 1766 2012 ad-

941 2038 1047 2058 versus
1076 2030 1217 2066 pietatem
1241 2033 1425 2065 erumpente,
1448 2029 1597 2065 nobisque
1623 2028 1701 2057 velut
1734 2029 1765 2057 in

942 2074 1044 2103 media
1072 2075 1135 2103 acie
1159 2075 1359 2103 clamantibus
1375 2074 1414 2103 ad
1440 2074 1550 2107 socios,
1567 2076 1689 2110 propter
1713 2073 1766 2101 ho-

944 2120 1033 2147 stium
1048 2119 1109 2148 vim
1120 2118 1133 2145 ?
1143 2119 1184 2147 Te
1199 2121 1309 2152 autem,
1326 2127 1364 2147 ne
1378 2119 1502 2155 quidem
1515 2119 1670 2155 quomodo
1685 2126 1766 2154 qum’

944 2164 1030 2192 situri
1043 2164 1149 2197 simus,
1164 2163 1358 2198 intelligimus
1376 2163 1642 2199 :quandoquidem
1653 2170 1708 2190 nec
1719 2163 1764 2190 in-

942 2209 1081 2237 venimus
1094 2208 1195 2236 locum
1212 2207 1301 2244 466
1314 2208 1345 2235 in
1370 2215 1432 2244 quo
1458 2208 1594 2235 versaris.
1611 2207 1669 2235 Sed
1696 2214 1765 2234 con-

941 2253 1050 2290 quisivi
1063 2253 1196 2290 quidem,
1212 2253 1242 2280 in
1255 2253 1458 2289 Cappadocia,
1474 2253 1544 2289 quia
1555 2253 1597 2280 sic
1610 2252 1766 2281 nuntiave-

942 2301 1010 2327 rant
1024 2299 1076 2335 qui
1096 2301 1123 2326 te
1138 2298 1217 2326 nacti
1232 2297 1350 2326 fuerant
1370 2297 1400 2325 in
1421 2297 1526 2334 Ponto,
1543 2297 1718 2334 promisisse
1737 2300 1764 2326 te

943 2343 1001 2372 cito
1024 2351 1215 2371 reversurum
1235 2350 1291 2371 nec
1319 2342 1416 2378 reperi
1444 2342 1496 2370 ubi
1512 2350 1713 2379 speraveram.
1730 2345 1766 2371 At

942 2396 1024 2416 nunc
1040 2396 1110 2416 cum
1125 2388 1273 2416 audierim
1288 2389 1315 2415 te
1327 2387 1427 2415 adhuc
1439 2395 1476 2416 ea
1490 2387 1520 2415 in
1539 2388 1661 2423 regione
1685 2395 1767 2416 com-

943 2433 1064 2468 morari,
1089 2433 1190 2461 statim
1209 2435 1237 2461 et
1266 2432 1357 2460 indici
1377 2432 1536 2468 epistolam
1563 2432 1681 2461 tradidi.
1701 2433 1767 2465 Qua

945 2481 1078 2514 accepta,
1099 2485 1172 2506 cave
1191 2485 1229 2505 ne
1243 2485 1304 2505 non
1325 2477 1483 2510 rescribas,
1499 2477 1582 2513 quod
1611 2479 1640 2505 et
1665 2476 1690 2504 is
1704 2484 1767 2504 una

91 2525 131 2563 δι,
155 2528 190 2557 ὡς
217 2526 242 2552 ἐν
270 2529 308 2561 τῷ
335 2525 432 2562 μεταξὺ
458 2528 560 2562 γέγονεν
589 2525 736 2552 ἓπισκόπων
759 2524 883 2562 ἐπιδημίο

946 2522 1160 2559 peregrinetur.
1187 2522 1265 2550 Scito
1287 2523 1398 2556 autem,
1418 2521 1503 2557 quod
1518 2521 1671 2556 interjecto
1694 2523 1768 2548 tem-

91 2575 141 2598 τῶν
171 2570 217 2597 ἀπ’
238 2570 382 2607 Αἰγύπτου,
403 2573 448 2597 καὶ
471 2571 615 2607 γράμματα
634 2568 742 2599 διεδόθη
765 2571 891 2607 σύμφωνα

91 2616 213 2646 παλαιοῖς
236 2616 401 2653 γράμμασιν,
422 2618 477 2646 τοῖς
502 2624 530 2641 “'e
552 2616 630 2645 θείοις
653 2614 750 2649 αὐτοις,
775 2619 820 2641 καῖ
838 2619 890 2646 τοὶς

92 2661 152 2688 καθ’
183 2661 330 2697 ὁμοφωνίαν
366 2664 416 2686 τῶν
450 2661 523 2686 θείων
559 2660 585 2686 ἦν
614 2662 713 2696 Νικαίᾳ
742 2663 889 2697 γραφεῖσιν.

130 2724 187 2760 (30)
200 2721 262 2752 ’oo‘.
273 2724 306 2759 K,
319 2724 382 2751 495.

129 2769 192 2797 Ἐκ
204 2768 392 2797 Monument.
404 2767 490 2796 Eccl.
507 2767 558 2796 Gr.
574 2769 593 2796 t.
608 2766 641 2803 Ιῐ,
657 2773 688 2803 p.
704 2767 750 2796 89.

946 2575 1018 2604 pore
1046 2567 1232 2595 advenerunt
1260 2566 1393 2602 episcopi
1427 2565 1563 2601 Egyptii,
1596 2567 1625 2593 et
1656 2565 1768 2601 scripta.

946 2611 1078 2648 antiquis
1111 2611 1227 2648 scriptis
1263 2610 1470 2647 congruentia,
1499 2616 1616 2637 necnon
1658 2608 1768 2637 divinis

945 2656 1137 2694 ipsis,iisque
1161 2663 1229 2692 quae
1246 2654 1457 2684 convenienter
1470 2653 1578 2682 divinis
1600 2654 1771 2690 conscripta

982 2721 1004 2731 η
1021 2719 1094 2748 Ibid.
1107 2727 1137 2755 p.
1152 2721 1196 2747 90.
