  <div class='ocr_page' id='page_1' title='image "/cluster/home/n/w/nwhite01/storage/ocr_20150623/32/njp.32101077772539/575.png"; bbox 0 0 1997 3143; ppageno 0'>
   <div class='ocr_carea' id='block_1_1' title="bbox 254 118 322 146">
    <p class='ocr_par' dir='ltr' id='par_1_1' title="bbox 254 118 322 146">
     <span class='ocr_line' id='line_1_1' title="bbox 254 118 322 146; baseline 0 0"><span class='ocrx_word' id='word_1_1' title='bbox 254 118 322 146; x_wconf 76' lang='lat' dir='ltr'>H07</span> 
     </span>
    </p>
   </div>
   <div class='ocr_carea' id='block_1_2' title="bbox 934 117 1250 148">
    <p class='ocr_par' dir='ltr' id='par_1_2' title="bbox 934 117 1250 148">
     <span class='ocr_line' id='line_1_2' title="bbox 934 117 1250 148; baseline 0.003 -1"><span class='ocrx_word' id='word_1_2' title='bbox 934 118 964 147; x_wconf 91' lang='lat' dir='ltr'>S.</span> <span class='ocrx_word' id='word_1_3' title='bbox 991 117 1117 147; x_wconf 77' lang='lat' dir='ltr'>BASILII</span> <span class='ocrx_word' id='word_1_4' title='bbox 1141 119 1250 148; x_wconf 79' lang='lat' dir='ltr'>MAGNl</span> 
     </span>
    </p>
   </div>
   <div class='ocr_carea' id='block_1_3' title="bbox 1857 120 1913 149">
    <p class='ocr_par' dir='ltr' id='par_1_3' title="bbox 1857 120 1913 149">
     <span class='ocr_line' id='line_1_3' title="bbox 1857 120 1913 149; baseline 0.018 -1"><span class='ocrx_word' id='word_1_5' title='bbox 1857 120 1913 149; x_wconf 88' lang='lat' dir='ltr'>ll08</span> 
     </span>
    </p>
   </div>
   <div class='ocr_carea' id='block_1_4' title="bbox 252 179 1081 219">
    <p class='ocr_par' dir='ltr' id='par_1_4' title="bbox 252 179 1078 210">
     <span class='ocr_line' id='line_1_4' title="bbox 252 179 1078 210; baseline 0 -1"><span class='ocrx_word' id='word_1_6' title='bbox 252 179 374 209; x_wconf 82' lang='lat' dir='ltr'>fuerunt</span> <span class='ocrx_word' id='word_1_7' title='bbox 397 181 510 209; x_wconf 60' lang='lat' dir='ltr'>Nicaeae.</span> <span class='ocrx_word' id='word_1_8' title='bbox 524 181 697 210; x_wconf 88' lang='lat' dir='ltr'>Necessaria</span> <span class='ocrx_word' id='word_1_9' title='bbox 716 183 817 210; x_wconf 90' lang='lat' dir='ltr'>autem</span> <span class='ocrx_word' id='word_1_10' title='bbox 829 183 891 209; x_wconf 90' lang='lat' dir='ltr'>erat</span> <span class='ocrx_word' id='word_1_11' title='bbox 901 181 1078 209; x_wconf 87' lang='lat' dir='ltr'>eorumdem</span> 
     </span>
    </p>
   </div>
   <div class='ocr_carea' id='block_1_5' title="bbox 1138 179 1912 219">
    <p class='ocr_par' dir='ltr' id='par_1_5' title="bbox 1138 180 1912 219">
     <span class='ocr_line' id='line_1_5' title="bbox 1138 180 1912 219; baseline 0.004 -12"><span class='ocrx_word' id='word_1_12' title='bbox 1138 182 1279 217; x_wconf 70' lang='grc' dir='ltr'>Ἀναγκαία</span> <span class='ocrx_word' id='word_1_13' title='bbox 1307 181 1337 209; x_wconf 67' lang='grc' dir='ltr'>δὲ</span> <span class='ocrx_word' id='word_1_14' title='bbox 1363 180 1394 212; x_wconf 77' lang='grc' dir='ltr'>ἦν</span> <span class='ocrx_word' id='word_1_15' title='bbox 1418 191 1474 219; x_wconf 78' lang='grc' dir='ltr'>μετ,</span> <span class='ocrx_word' id='word_1_16' title='bbox 1504 182 1651 218; x_wconf 73' lang='grc' dir='ltr'>ἐξηγήσεως</span> <span class='ocrx_word' id='word_1_17' title='bbox 1678 186 1729 209; x_wconf 82' lang='grc' dir='ltr'>τῶν</span> <span class='ocrx_word' id='word_1_18' title='bbox 1764 182 1843 209; x_wconf 71' lang='grc' dir='ltr'>αὐτῶν</span> <span class='ocrx_word' id='word_1_19' title='bbox 1874 184 1912 210; x_wconf 75' lang='grc' dir='ltr'>ἐπ-</span> 
     </span>
    </p>
   </div>
   <div class='ocr_carea' id='block_1_6' title="bbox 253 226 1080 263">
    <p class='ocr_par' dir='ltr' id='par_1_6' title="bbox 253 226 1080 263">
     <span class='ocr_line' id='line_1_6' title="bbox 253 226 1080 263; baseline 0.001 -10"><span class='ocrx_word' id='word_1_20' title='bbox 253 232 324 253; x_wconf 89' lang='lat' dir='ltr'>cum</span> <span class='ocrx_word' id='word_1_21' title='bbox 353 227 565 262; x_wconf 78' lang='lat' dir='ltr'>explanatione</span> <span class='ocrx_word' id='word_1_22' title='bbox 578 226 720 263; x_wconf 83' lang='lat' dir='ltr'>repetitio,</span> <span class='ocrx_word' id='word_1_23' title='bbox 738 229 861 262; x_wconf 76' lang='lat' dir='ltr'>propter</span> <span class='ocrx_word' id='word_1_24' title='bbox 884 227 1009 254; x_wconf 88' lang='lat' dir='ltr'>minime</span> <span class='ocrx_word' id='word_1_25' title='bbox 1035 235 1080 254; x_wconf 89' lang='lat' dir='ltr'>sa-</span> 
     </span>
    </p>
   </div>
   <div class='ocr_carea' id='block_1_7' title="bbox 252 268 1079 308">
    <p class='ocr_par' dir='ltr' id='par_1_7' title="bbox 252 268 1079 308">
     <span class='ocr_line' id='line_1_7' title="bbox 252 268 1079 308; baseline 0.001 -10"><span class='ocrx_word' id='word_1_26' title='bbox 252 277 326 298; x_wconf 85' lang='lat' dir='ltr'>nam</span> <span class='ocrx_word' id='word_1_27' title='bbox 336 278 521 307; x_wconf 88' lang='lat' dir='ltr'>pravamque</span> <span class='ocrx_word' id='word_1_28' title='bbox 529 273 685 299; x_wconf 83' lang='lat' dir='ltr'>contextus</span> <span class='ocrx_word' id='word_1_29' title='bbox 693 268 978 308; x_wconf 79' lang='lat' dir='ltr'>interpretationem,</span> <span class='ocrx_word' id='word_1_30' title='bbox 986 279 1079 307; x_wconf 88' lang='lat' dir='ltr'>quam</span> 
     </span>
    </p>
   </div>
   <div class='ocr_carea' id='block_1_8' title="bbox 253 314 1079 352">
    <p class='ocr_par' dir='ltr' id='par_1_8' title="bbox 253 314 1079 352">
     <span class='ocr_line' id='line_1_8' title="bbox 253 314 1079 352; baseline 0.001 -10"><span class='ocrx_word' id='word_1_31' title='bbox 253 314 272 342; x_wconf 85' lang='lat' dir='ltr'>ii</span> <span class='ocrx_word' id='word_1_32' title='bbox 301 315 530 343; x_wconf 79' lang='lat' dir='ltr'>introduxerant</span> <span class='ocrx_word' id='word_1_33' title='bbox 550 316 602 352; x_wconf 88' lang='lat' dir='ltr'>qui</span> <span class='ocrx_word' id='word_1_34' title='bbox 625 318 727 351; x_wconf 87' lang='lat' dir='ltr'>aperte</span> <span class='ocrx_word' id='word_1_35' title='bbox 751 315 874 352; x_wconf 86' lang='lat' dir='ltr'>quidem</span> <span class='ocrx_word' id='word_1_36' title='bbox 899 315 971 343; x_wconf 90' lang='lat' dir='ltr'>olim</span> <span class='ocrx_word' id='word_1_37' title='bbox 1008 323 1079 343; x_wconf 91' lang='lat' dir='ltr'>cou-</span> 
     </span>
    </p>
   </div>
   <div class='ocr_carea' id='block_1_9' title="bbox 253 359 1080 396">
    <p class='ocr_par' dir='ltr' id='par_1_9' title="bbox 253 359 1080 396">
     <span class='ocr_line' id='line_1_9' title="bbox 253 359 1080 396; baseline 0.001 -10"><span class='ocrx_word' id='word_1_38' title='bbox 253 359 452 394; x_wconf 86' lang='lat' dir='ltr'>tradicebant,</span> <span class='ocrx_word' id='word_1_39' title='bbox 473 368 553 388; x_wconf 90' lang='lat' dir='ltr'>nunc</span> <span class='ocrx_word' id='word_1_40' title='bbox 574 368 646 388; x_wconf 88' lang='lat' dir='ltr'>vero</span> <span class='ocrx_word' id='word_1_41' title='bbox 660 360 927 388; x_wconf 79' lang='lat' dir='ltr'>contradictionem</span> <span class='ocrx_word' id='word_1_42' title='bbox 943 360 999 388; x_wconf 87' lang='lat' dir='ltr'>sub</span> <span class='ocrx_word' id='word_1_43' title='bbox 1011 368 1080 396; x_wconf 89' lang='lat' dir='ltr'>spe-</span> 
     </span>
    </p>
   </div>
   <div class='ocr_carea' id='block_1_10' title="bbox 254 404 1080 433">
    <p class='ocr_par' dir='ltr' id='par_1_10' title="bbox 254 404 1080 433">
     <span class='ocr_line' id='line_1_10' title="bbox 254 404 1080 433; baseline 0 -1"><span class='ocrx_word' id='word_1_44' title='bbox 254 404 298 432; x_wconf 89' lang='lat' dir='ltr'>cie</span> <span class='ocrx_word' id='word_1_45' title='bbox 327 404 524 433; x_wconf 86' lang='lat' dir='ltr'>enarrationis</span> <span class='ocrx_word' id='word_1_46' title='bbox 546 404 664 433; x_wconf 80' lang='lat' dir='ltr'>celant:</span> <span class='ocrx_word' id='word_1_47' title='bbox 692 405 745 433; x_wconf 89' lang='lat' dir='ltr'>ubi</span> <span class='ocrx_word' id='word_1_48' title='bbox 762 407 824 432; x_wconf 90' lang='lat' dir='ltr'>erat</span> <span class='ocrx_word' id='word_1_49' title='bbox 838 405 1080 433; x_wconf 88' lang='lat' dir='ltr'>consubstantia-</span> 
     </span>
    </p>
   </div>
   <div class='ocr_carea' id='block_1_11' title="bbox 255 448 1081 485">
    <p class='ocr_par' dir='ltr' id='par_1_11' title="bbox 255 448 1081 485">
     <span class='ocr_line' id='line_1_11' title="bbox 255 448 1081 485; baseline 0.001 -8"><span class='ocrx_word' id='word_1_50' title='bbox 255 448 345 477; x_wconf 84' lang='lat' dir='ltr'>litatis</span> <span class='ocrx_word' id='word_1_51' title='bbox 359 449 494 484; x_wconf 83' lang='lat' dir='ltr'>maligna</span> <span class='ocrx_word' id='word_1_52' title='bbox 509 449 677 485; x_wconf 87' lang='lat' dir='ltr'>abrogatio,</span> <span class='ocrx_word' id='word_1_53' title='bbox 692 449 781 485; x_wconf 82' lang='lat' dir='ltr'>quasi</span> <span class='ocrx_word' id='word_1_54' title='bbox 804 457 863 477; x_wconf 86' lang='lat' dir='ltr'>non</span> <span class='ocrx_word' id='word_1_55' title='bbox 890 449 1012 477; x_wconf 76' lang='lat' dir='ltr'>deberet</span> <span class='ocrx_word' id='word_1_56' title='bbox 1037 449 1081 478; x_wconf 50' lang='lat' dir='ltr'>ina</span> 
     </span>
    </p>
   </div>
   <div class='ocr_carea' id='block_1_12' title="bbox 204 493 1080 534">
    <p class='ocr_par' dir='ltr' id='par_1_12' title="bbox 204 493 1080 534">
     <span class='ocr_line' id='line_1_12' title="bbox 204 493 1080 534; baseline 0.001 -13"><span class='ocrx_word' id='word_1_57' title='bbox 204 529 211 534; x_wconf 83' lang='lat'>_</span> <span class='ocrx_word' id='word_1_58' title='bbox 254 493 347 528; x_wconf 80' lang='lat' dir='ltr'>telligi</span> <span class='ocrx_word' id='word_1_59' title='bbox 370 494 456 529; x_wconf 81' lang='lat' dir='ltr'>juxta</span> <span class='ocrx_word' id='word_1_60' title='bbox 484 493 577 521; x_wconf 84' lang='lat' dir='ltr'>ullam</span> <span class='ocrx_word' id='word_1_61' title='bbox 602 495 735 522; x_wconf 65' lang='lat' dir='ltr'>Graecam</span> <span class='ocrx_word' id='word_1_62' title='bbox 754 493 1005 528; x_wconf 85' lang='lat' dir='ltr'>abnegationem;</span> <span class='ocrx_word' id='word_1_63' title='bbox 1025 501 1080 530; x_wconf 87' lang='lat' dir='ltr'>pro</span> 
     </span>
    </p>
   </div>
   <div class='ocr_carea' id='block_1_13' title="bbox 255 537 1080 566">
    <p class='ocr_par' dir='ltr' id='par_1_13' title="bbox 255 537 1080 566">
     <span class='ocr_line' id='line_1_13' title="bbox 255 537 1080 566; baseline 0.001 -1"><span class='ocrx_word' id='word_1_64' title='bbox 255 537 504 566; x_wconf 86' lang='lat' dir='ltr'>consubstantiali</span> <span class='ocrx_word' id='word_1_65' title='bbox 525 540 626 566; x_wconf 88' lang='lat' dir='ltr'>autem</span> <span class='ocrx_word' id='word_1_66' title='bbox 647 538 894 566; x_wconf 88' lang='lat' dir='ltr'>introducebatur</span> <span class='ocrx_word' id='word_1_67' title='bbox 921 539 1015 566; x_wconf 85' lang='lat' dir='ltr'>simile</span> <span class='ocrx_word' id='word_1_68' title='bbox 1035 546 1080 566; x_wconf 90' lang='lat' dir='ltr'>se-</span> 
     </span>
    </p>
   </div>
   <div class='ocr_carea' id='block_1_14' title="bbox 256 581 1079 618">
    <p class='ocr_par' dir='ltr' id='par_1_14' title="bbox 256 581 1079 618">
     <span class='ocr_line' id='line_1_14' title="bbox 256 581 1079 618; baseline 0.001 -9"><span class='ocrx_word' id='word_1_69' title='bbox 256 582 392 610; x_wconf 85' lang='lat' dir='ltr'>cundum</span> <span class='ocrx_word' id='word_1_70' title='bbox 421 581 622 609; x_wconf 81' lang='lat' dir='ltr'>substantiam</span> <span class='ocrx_word' id='word_1_71' title='bbox 653 590 659 609; x_wconf 93' lang='lat'>:</span> <span class='ocrx_word' id='word_1_72' title='bbox 683 582 765 618; x_wconf 90' lang='lat' dir='ltr'>quod</span> <span class='ocrx_word' id='word_1_73' title='bbox 789 582 990 617; x_wconf 83' lang='lat' dir='ltr'>excogitatum</span> <span class='ocrx_word' id='word_1_74' title='bbox 1025 585 1079 615; x_wconf 83' lang='lat' dir='ltr'>est,</span> 
     </span>
    </p>
   </div>
   <div class='ocr_carea' id='block_1_15' title="bbox 257 625 1082 655">
    <p class='ocr_par' dir='ltr' id='par_1_15' title="bbox 257 625 1082 655">
     <span class='ocr_line' id='line_1_15' title="bbox 257 625 1082 655; baseline 0 -1"><span class='ocrx_word' id='word_1_75' title='bbox 257 626 381 655; x_wconf 83' lang='lat' dir='ltr'>confuse</span> <span class='ocrx_word' id='word_1_76' title='bbox 397 626 588 654; x_wconf 88' lang='lat' dir='ltr'>nominatum</span> <span class='ocrx_word' id='word_1_77' title='bbox 605 628 649 654; x_wconf 90' lang='lat' dir='ltr'>est</span> <span class='ocrx_word' id='word_1_78' title='bbox 661 625 807 654; x_wconf 80' lang='lat' dir='ltr'>malitiose</span> <span class='ocrx_word' id='word_1_79' title='bbox 820 626 1002 654; x_wconf 89' lang='lat' dir='ltr'>intellectum</span> <span class='ocrx_word' id='word_1_80' title='bbox 1017 635 1024 654; x_wconf 83' lang='lat'>:</span> <span class='ocrx_word' id='word_1_81' title='bbox 1045 627 1082 654; x_wconf 91' lang='lat' dir='ltr'>si-</span> 
     </span>
    </p>
   </div>
   <div class='ocr_carea' id='block_1_16' title="bbox 257 670 1082 708">
    <p class='ocr_par' dir='ltr' id='par_1_16' title="bbox 257 670 1082 708">
     <span class='ocr_line' id='line_1_16' title="bbox 257 670 1082 708; baseline 0.001 -9"><span class='ocrx_word' id='word_1_82' title='bbox 257 670 382 708; x_wconf 85' lang='lat' dir='ltr'>quidem</span> <span class='ocrx_word' id='word_1_83' title='bbox 396 671 570 704; x_wconf 83' lang='lat' dir='ltr'>similitudo,</span> <span class='ocrx_word' id='word_1_84' title='bbox 585 679 686 699; x_wconf 88' lang='lat' dir='ltr'>rerum</span> <span class='ocrx_word' id='word_1_85' title='bbox 708 673 752 699; x_wconf 88' lang='lat' dir='ltr'>est</span> <span class='ocrx_word' id='word_1_86' title='bbox 775 680 843 708; x_wconf 68' lang='lat' dir='ltr'>quae</span> <span class='ocrx_word' id='word_1_87' title='bbox 863 673 933 699; x_wconf 87' lang='lat' dir='ltr'>sunt</span> <span class='ocrx_word' id='word_1_88' title='bbox 960 671 991 700; x_wconf 90' lang='lat' dir='ltr'>in</span> <span class='ocrx_word' id='word_1_89' title='bbox 1013 671 1082 700; x_wconf 87' lang='lat' dir='ltr'>sub-</span> 
     </span>
    </p>
   </div>
   <div class='ocr_carea' id='block_1_17' title="bbox 257 715 1082 752">
    <p class='ocr_par' dir='ltr' id='par_1_17' title="bbox 257 715 1082 752">
     <span class='ocr_line' id='line_1_17' title="bbox 257 715 1082 752; baseline 0.001 -9"><span class='ocrx_word' id='word_1_90' title='bbox 257 715 376 750; x_wconf 81' lang='lat' dir='ltr'>stantia,</span> <span class='ocrx_word' id='word_1_91' title='bbox 393 723 456 743; x_wconf 88' lang='lat' dir='ltr'>non</span> <span class='ocrx_word' id='word_1_92' title='bbox 481 723 550 752; x_wconf 67' lang='lat' dir='ltr'>quae</span> <span class='ocrx_word' id='word_1_93' title='bbox 575 715 787 744; x_wconf 83' lang='lat' dir='ltr'>substantiales</span> <span class='ocrx_word' id='word_1_94' title='bbox 811 718 901 744; x_wconf 90' lang='lat' dir='ltr'>sunt:</span> <span class='ocrx_word' id='word_1_95' title='bbox 926 724 988 752; x_wconf 91' lang='lat' dir='ltr'>quo</span> <span class='ocrx_word' id='word_1_96' title='bbox 1007 716 1082 744; x_wconf 82' lang='lat' dir='ltr'>scili-</span> 
     </span>
    </p>
   </div>
   <div class='ocr_carea' id='block_1_18' title="bbox 255 760 1081 798">
    <p class='ocr_par' dir='ltr' id='par_1_18' title="bbox 255 760 1081 798">
     <span class='ocr_line' id='line_1_18' title="bbox 255 760 1081 798; baseline 0.001 -10"><span class='ocrx_word' id='word_1_97' title='bbox 255 763 301 788; x_wconf 86' lang='lat' dir='ltr'>cet</span> <span class='ocrx_word' id='word_1_98' title='bbox 316 761 357 789; x_wconf 87' lang='lat' dir='ltr'>sic</span> <span class='ocrx_word' id='word_1_99' title='bbox 372 760 540 789; x_wconf 84' lang='lat' dir='ltr'>substantia</span> <span class='ocrx_word' id='word_1_100' title='bbox 562 761 738 789; x_wconf 86' lang='lat' dir='ltr'>assimiliata</span> <span class='ocrx_word' id='word_1_101' title='bbox 770 761 992 796; x_wconf 81' lang='lat' dir='ltr'>intelligeretur,</span> <span class='ocrx_word' id='word_1_102' title='bbox 1008 769 1081 798; x_wconf 88' lang='lat' dir='ltr'>qua-</span> 
     </span>
    </p>
   </div>
   <div class='ocr_carea' id='block_1_19' title="bbox 253 804 1080 842">
    <p class='ocr_par' dir='ltr' id='par_1_19' title="bbox 253 804 1080 842">
     <span class='ocr_line' id='line_1_19' title="bbox 253 804 1080 842; baseline 0.001 -10"><span class='ocrx_word' id='word_1_103' title='bbox 253 804 290 833; x_wconf 88' lang='lat' dir='ltr'>lis</span> <span class='ocrx_word' id='word_1_104' title='bbox 304 805 392 833; x_wconf 81' lang='lat' dir='ltr'>fuerit</span> <span class='ocrx_word' id='word_1_105' title='bbox 408 805 490 833; x_wconf 82' lang='lat' dir='ltr'>verbi</span> <span class='ocrx_word' id='word_1_106' title='bbox 504 805 601 840; x_wconf 87' lang='lat' dir='ltr'>gratia</span> <span class='ocrx_word' id='word_1_107' title='bbox 616 806 714 833; x_wconf 85' lang='lat' dir='ltr'>statua</span> <span class='ocrx_word' id='word_1_108' title='bbox 727 807 865 842; x_wconf 87' lang='lat' dir='ltr'>respectu</span> <span class='ocrx_word' id='word_1_109' title='bbox 881 805 1080 842; x_wconf 83' lang='lat' dir='ltr'>imperatoris.</span> 
     </span>
    </p>
   </div>
   <div class='ocr_carea' id='block_1_20' title="bbox 254 849 1082 886">
    <p class='ocr_par' dir='ltr' id='par_1_20' title="bbox 254 849 1082 886">
     <span class='ocr_line' id='line_1_20' title="bbox 254 849 1082 886; baseline 0 -9"><span class='ocrx_word' id='word_1_110' title='bbox 254 849 363 878; x_wconf 80' lang='lat' dir='ltr'>Contra</span> <span class='ocrx_word' id='word_1_111' title='bbox 384 857 453 886; x_wconf 66' lang='lat' dir='ltr'>qua:</span> <span class='ocrx_word' id='word_1_112' title='bbox 477 849 656 885; x_wconf 87' lang='lat' dir='ltr'>rescriptum</span> <span class='ocrx_word' id='word_1_113' title='bbox 681 851 726 877; x_wconf 88' lang='lat' dir='ltr'>est</span> <span class='ocrx_word' id='word_1_114' title='bbox 753 849 836 886; x_wconf 91' lang='lat' dir='ltr'>quod</span> <span class='ocrx_word' id='word_1_115' title='bbox 853 849 891 878; x_wconf 89' lang='lat' dir='ltr'>ab</span> <span class='ocrx_word' id='word_1_116' title='bbox 907 849 1082 878; x_wconf 88' lang='lat' dir='ltr'>hominibus</span> 
     </span>
    </p>
   </div>
   <div class='ocr_carea' id='block_1_21' title="bbox 1135 225 1913 265">
    <p class='ocr_par' dir='ltr' id='par_1_21' title="bbox 1135 225 1913 265">
     <span class='ocr_line' id='line_1_21' title="bbox 1135 225 1913 265; baseline -0.004 -13"><span class='ocrx_word' id='word_1_117' title='bbox 1135 226 1270 262; x_wconf 72' lang='grc' dir='ltr'>ανάληψις,</span> <span class='ocrx_word' id='word_1_118' title='bbox 1299 225 1346 253; x_wconf 79' lang='grc' dir='ltr'>διὰ</span> <span class='ocrx_word' id='word_1_119' title='bbox 1380 229 1424 256; x_wconf 73' lang='grc' dir='ltr'>τὴν</span> <span class='ocrx_word' id='word_1_120' title='bbox 1450 236 1502 263; x_wconf 75' lang='grc' dir='ltr'>ονχ</span> <span class='ocrx_word' id='word_1_121' title='bbox 1528 228 1588 264; x_wconf 77' lang='grc' dir='ltr'>ὑγιῆ</span> <span class='ocrx_word' id='word_1_122' title='bbox 1616 232 1663 254; x_wconf 80' lang='grc' dir='ltr'>τῶν</span> <span class='ocrx_word' id='word_1_123' title='bbox 1693 231 1813 265; x_wconf 81' lang='grc' dir='ltr'>κειμένων</span> <span class='ocrx_word' id='word_1_124' title='bbox 1835 229 1913 264; x_wconf 78' lang='grc' dir='ltr'>παρεξ-</span> 
     </span>
    </p>
   </div>
   <div class='ocr_carea' id='block_1_22' title="bbox 1133 271 1913 310">
    <p class='ocr_par' dir='ltr' id='par_1_22' title="bbox 1133 271 1913 310">
     <span class='ocr_line' id='line_1_22' title="bbox 1133 271 1913 310; baseline 0.003 -13"><span class='ocrx_word' id='word_1_125' title='bbox 1133 274 1239 307; x_wconf 76' lang='grc' dir='ltr'>ἠγησιν,</span> <span class='ocrx_word' id='word_1_126' title='bbox 1262 271 1291 301; x_wconf 72' lang='grc' dir='ltr'>ἢν</span> <span class='ocrx_word' id='word_1_127' title='bbox 1313 272 1417 308; x_wconf 75' lang='grc' dir='ltr'>εἰσῆγον</span> <span class='ocrx_word' id='word_1_128' title='bbox 1446 272 1470 298; x_wconf 86' lang='grc' dir='ltr'>οἰ</span> <span class='ocrx_word' id='word_1_129' title='bbox 1494 272 1574 298; x_wconf 83' lang='grc' dir='ltr'>πάλαι</span> <span class='ocrx_word' id='word_1_130' title='bbox 1609 274 1652 309; x_wconf 71' lang='grc' dir='ltr'>μὲν</span> <span class='ocrx_word' id='word_1_131' title='bbox 1689 273 1810 310; x_wconf 64' lang='grc' dir='ltr'>ἆντικρυδ</span> <span class='ocrx_word' id='word_1_132' title='bbox 1834 273 1913 299; x_wconf 79' lang='grc' dir='ltr'>αντιλὲ-</span> 
     </span>
    </p>
   </div>
   <div class='ocr_carea' id='block_1_23' title="bbox 1132 315 1912 354">
    <p class='ocr_par' dir='ltr' id='par_1_23' title="bbox 1132 315 1912 354">
     <span class='ocr_line' id='line_1_23' title="bbox 1132 315 1912 354; baseline 0.004 -12"><span class='ocrx_word' id='word_1_133' title='bbox 1132 326 1230 352; x_wconf 63' lang='grc' dir='ltr'>γοντες,</span> <span class='ocrx_word' id='word_1_134' title='bbox 1255 320 1299 342; x_wconf 82' lang='grc' dir='ltr'>νῦν</span> <span class='ocrx_word' id='word_1_135' title='bbox 1330 315 1359 343; x_wconf 72' lang='grc' dir='ltr'>δὲ</span> <span class='ocrx_word' id='word_1_136' title='bbox 1381 319 1428 345; x_wconf 78' lang='grc' dir='ltr'>τὴν</span> <span class='ocrx_word' id='word_1_137' title='bbox 1450 315 1596 353; x_wconf 77' lang='grc' dir='ltr'>ἀντιλογίαν</span> <span class='ocrx_word' id='word_1_138' title='bbox 1626 316 1774 353; x_wconf 77' lang='grc' dir='ltr'>ἐξηγήσεως</span> <span class='ocrx_word' id='word_1_139' title='bbox 1809 321 1912 354; x_wconf 75' lang='grc' dir='ltr'>σχήματι</span> 
     </span>
    </p>
   </div>
   <div class='ocr_carea' id='block_1_24' title="bbox 1135 360 1912 399">
    <p class='ocr_par' dir='ltr' id='par_1_24' title="bbox 1135 360 1912 399">
     <span class='ocr_line' id='line_1_24' title="bbox 1135 360 1912 399; baseline 0.001 -11"><span class='ocrx_word' id='word_1_140' title='bbox 1135 360 1349 397; x_wconf 75' lang='grc' dir='ltr'>μεθοδεύσαντες.</span> <span class='ocrx_word' id='word_1_141' title='bbox 1374 363 1433 388; x_wconf 84' lang='grc' dir='ltr'>ἔνθα</span> <span class='ocrx_word' id='word_1_142' title='bbox 1456 361 1486 391; x_wconf 82' lang='grc' dir='ltr'>ἧν</span> <span class='ocrx_word' id='word_1_143' title='bbox 1516 363 1530 391; x_wconf 83' lang='grc' dir='ltr'>ἡ</span> <span class='ocrx_word' id='word_1_144' title='bbox 1558 367 1604 388; x_wconf 87' lang='grc' dir='ltr'>τοῦ</span> <span class='ocrx_word' id='word_1_145' title='bbox 1623 364 1768 399; x_wconf 83' lang='grc' dir='ltr'>ὁμοουσὶου</span> <span class='ocrx_word' id='word_1_146' title='bbox 1787 367 1912 399; x_wconf 74' lang='grc' dir='ltr'>κακοῦργος</span> 
     </span>
    </p>
   </div>
   <div class='ocr_carea' id='block_1_25' title="bbox 1134 406 1911 444">
    <p class='ocr_par' dir='ltr' id='par_1_25' title="bbox 1134 406 1911 444">
     <span class='ocr_line' id='line_1_25' title="bbox 1134 406 1911 444; baseline 0.003 -12"><span class='ocrx_word' id='word_1_147' title='bbox 1134 406 1272 444; x_wconf 73' lang='grc' dir='ltr'>ἀναίρεσις·</span> <span class='ocrx_word' id='word_1_148' title='bbox 1299 407 1334 437; x_wconf 88' lang='grc' dir='ltr'>ὡς</span> <span class='ocrx_word' id='word_1_149' title='bbox 1362 407 1408 432; x_wconf 71' lang='grc' dir='ltr'>οὐκ</span> <span class='ocrx_word' id='word_1_150' title='bbox 1433 406 1573 442; x_wconf 76' lang='grc' dir='ltr'>ὀφείλοντος</span> <span class='ocrx_word' id='word_1_151' title='bbox 1589 408 1707 434; x_wconf 81' lang='grc' dir='ltr'>νοεῖσθαι</span> <span class='ocrx_word' id='word_1_152' title='bbox 1726 408 1785 434; x_wconf 80' lang='grc' dir='ltr'>κατ’</span> <span class='ocrx_word' id='word_1_153' title='bbox 1807 406 1911 443; x_wconf 67' lang='grc' dir='ltr'>οὐδεμίαν</span> 
     </span>
    </p>
   </div>
   <div class='ocr_carea' id='block_1_26' title="bbox 1133 450 1912 488">
    <p class='ocr_par' dir='ltr' id='par_1_26' title="bbox 1133 450 1912 488">
     <span class='ocr_line' id='line_1_26' title="bbox 1133 450 1912 488; baseline 0.003 -12"><span class='ocrx_word' id='word_1_154' title='bbox 1133 451 1243 487; x_wconf 78' lang='grc' dir='ltr'>ἄρνησιν</span> <span class='ocrx_word' id='word_1_155' title='bbox 1265 451 1424 480; x_wconf 76' lang='grc' dir='ltr'>Ἑλληνικήν·</span> <span class='ocrx_word' id='word_1_156' title='bbox 1454 450 1635 487; x_wconf 72' lang='grc' dir='ltr'>ἂντεισαγωγὴ</span> <span class='ocrx_word' id='word_1_157' title='bbox 1665 451 1696 478; x_wconf 70' lang='grc' dir='ltr'>δὲ</span> <span class='ocrx_word' id='word_1_158' title='bbox 1720 456 1766 478; x_wconf 81' lang='grc' dir='ltr'>τοῦ</span> <span class='ocrx_word' id='word_1_159' title='bbox 1791 453 1912 488; x_wconf 74' lang='grc' dir='ltr'>ὁμοουσίου</span> 
     </span>
    </p>
   </div>
   <div class='ocr_carea' id='block_1_27' title="bbox 1132 495 1913 533">
    <p class='ocr_par' dir='ltr' id='par_1_27' title="bbox 1132 495 1913 533">
     <span class='ocr_line' id='line_1_27' title="bbox 1132 495 1913 533; baseline 0.003 -12"><span class='ocrx_word' id='word_1_160' title='bbox 1132 496 1161 522; x_wconf 82' lang='grc' dir='ltr'>τὸ</span> <span class='ocrx_word' id='word_1_161' title='bbox 1189 496 1276 531; x_wconf 82' lang='grc' dir='ltr'>ὅμοιον</span> <span class='ocrx_word' id='word_1_162' title='bbox 1304 496 1362 522; x_wconf 82' lang='grc' dir='ltr'>κατ’</span> <span class='ocrx_word' id='word_1_163' title='bbox 1391 497 1492 531; x_wconf 74' lang='grc' dir='ltr'>οὐσίαν,</span> <span class='ocrx_word' id='word_1_164' title='bbox 1517 497 1578 532; x_wconf 83' lang='grc' dir='ltr'>ὅπερ</span> <span class='ocrx_word' id='word_1_165' title='bbox 1605 495 1779 528; x_wconf 75' lang='grc' dir='ltr'>ἐπετηδεύθη,</span> <span class='ocrx_word' id='word_1_166' title='bbox 1809 496 1913 533; x_wconf 71' lang='grc' dir='ltr'>χυδαίως</span> 
     </span>
    </p>
   </div>
   <div class='ocr_carea' id='block_1_28' title="bbox 1134 540 1913 578">
    <p class='ocr_par' dir='ltr' id='par_1_28' title="bbox 1134 540 1913 578">
     <span class='ocr_line' id='line_1_28' title="bbox 1134 540 1913 578; baseline 0.003 -12"><span class='ocrx_word' id='word_1_167' title='bbox 1134 542 1288 577; x_wconf 66' lang='grc' dir='ltr'>ὀνομασθὲν,</span> <span class='ocrx_word' id='word_1_168' title='bbox 1306 543 1350 567; x_wconf 85' lang='grc' dir='ltr'>καὶ</span> <span class='ocrx_word' id='word_1_169' title='bbox 1377 542 1513 571; x_wconf 76' lang='grc' dir='ltr'>κακοήθως</span> <span class='ocrx_word' id='word_1_170' title='bbox 1534 542 1634 569; x_wconf 73' lang='grc' dir='ltr'>νοηθέψ</span> <span class='ocrx_word' id='word_1_171' title='bbox 1656 540 1749 570; x_wconf 76' lang='grc' dir='ltr'>ἐπειδὴ</span> <span class='ocrx_word' id='word_1_172' title='bbox 1775 542 1790 570; x_wconf 86' lang='grc' dir='ltr'><strong>ἠ</strong></span> <span class='ocrx_word' id='word_1_173' title='bbox 1811 543 1913 578; x_wconf 66' lang='grc' dir='ltr'>ὁμοιότης</span> 
     </span>
    </p>
   </div>
   <div class='ocr_carea' id='block_1_29' title="bbox 1133 584 1913 621">
    <p class='ocr_par' dir='ltr' id='par_1_29' title="bbox 1133 584 1913 621">
     <span class='ocr_line' id='line_1_29' title="bbox 1133 584 1913 621; baseline 0.001 -10"><span class='ocrx_word' id='word_1_174' title='bbox 1133 590 1183 611; x_wconf 83' lang='grc' dir='ltr'>τῶν</span> <span class='ocrx_word' id='word_1_175' title='bbox 1208 585 1232 611; x_wconf 74' lang='grc' dir='ltr'>ἐν</span> <span class='ocrx_word' id='word_1_176' title='bbox 1259 585 1346 621; x_wconf 47' lang='grc' dir='ltr'>οὐσίᾳἓ</span> <span class='ocrx_word' id='word_1_177' title='bbox 1368 587 1424 611; x_wconf 78' lang='grc' dir='ltr'>ἐστὶ</span> <span class='ocrx_word' id='word_1_178' title='bbox 1464 589 1513 611; x_wconf 79' lang='grc' dir='ltr'>τῶν</span> <span class='ocrx_word' id='word_1_179' title='bbox 1550 584 1696 612; x_wconf 71' lang='grc' dir='ltr'>οὐσιωδῶν-</span> <span class='ocrx_word' id='word_1_180' title='bbox 1725 587 1767 611; x_wconf 86' lang='grc' dir='ltr'>ῖνα</span> <span class='ocrx_word' id='word_1_181' title='bbox 1795 585 1826 614; x_wconf 67' lang='grc' dir='ltr'>δὴ</span> <span class='ocrx_word' id='word_1_182' title='bbox 1850 597 1913 615; x_wconf 73' lang='grc' dir='ltr'>ουτως</span> 
     </span>
    </p>
   </div>
   <div class='ocr_carea' id='block_1_30' title="bbox 1134 628 1915 667">
    <p class='ocr_par' dir='ltr' id='par_1_30' title="bbox 1134 628 1915 667">
     <span class='ocr_line' id='line_1_30' title="bbox 1134 628 1915 667; baseline 0 -12"><span class='ocrx_word' id='word_1_183' title='bbox 1134 630 1285 665; x_wconf 81' lang='grc' dir='ltr'>ὡμοιωμένη</span> <span class='ocrx_word' id='word_1_184' title='bbox 1302 629 1381 655; x_wconf 65' lang='grc' dir='ltr'>οὐσία</span> <span class='ocrx_word' id='word_1_185' title='bbox 1395 628 1474 659; x_wconf 75' lang='grc' dir='ltr'>οὐσία</span> <span class='ocrx_word' id='word_1_186' title='bbox 1488 633 1590 663; x_wconf 79' lang='grc' dir='ltr'>νοῆται,</span> <span class='ocrx_word' id='word_1_187' title='bbox 1603 629 1653 660; x_wconf 85' lang='grc' dir='ltr'>οἶος</span> <span class='ocrx_word' id='word_1_188' title='bbox 1665 629 1695 655; x_wconf 82' lang='grc' dir='ltr'>ἂν</span> <span class='ocrx_word' id='word_1_189' title='bbox 1711 631 1750 659; x_wconf 80' lang='grc' dir='ltr'>εἴη</span> <span class='ocrx_word' id='word_1_190' title='bbox 1767 631 1810 656; x_wconf 89' lang='grc' dir='ltr'>καὶ</span> <span class='ocrx_word' id='word_1_191' title='bbox 1824 628 1915 667; x_wconf 74' lang='grc' dir='ltr'>ἀνδριὰς</span> 
     </span>
    </p>
   </div>
   <div class='ocr_carea' id='block_1_31' title="bbox 1133 672 1915 711">
    <p class='ocr_par' dir='ltr' id='par_1_31' title="bbox 1133 672 1915 711">
     <span class='ocr_line' id='line_1_31' title="bbox 1133 672 1915 711; baseline 0 -11"><span class='ocrx_word' id='word_1_192' title='bbox 1133 674 1199 710; x_wconf 84' lang='grc' dir='ltr'>πρὸς</span> <span class='ocrx_word' id='word_1_193' title='bbox 1228 672 1350 710; x_wconf 84' lang='grc' dir='ltr'>βασιλέα.</span> <span class='ocrx_word' id='word_1_194' title='bbox 1383 675 1451 711; x_wconf 86' lang='grc' dir='ltr'>Πρὸς</span> <span class='ocrx_word' id='word_1_195' title='bbox 1476 674 1539 711; x_wconf 81' lang='grc' dir='ltr'>ἅπερ</span> <span class='ocrx_word' id='word_1_196' title='bbox 1570 672 1730 711; x_wconf 71' lang='grc' dir='ltr'>ἀπεγράφη,</span> <span class='ocrx_word' id='word_1_197' title='bbox 1754 675 1783 700; x_wconf 90' lang='grc' dir='ltr'>τὸ</span> <span class='ocrx_word' id='word_1_198' title='bbox 1807 675 1853 700; x_wconf 68' lang='grc' dir='ltr'>ὑπὸ</span> <span class='ocrx_word' id='word_1_199' title='bbox 1877 679 1915 700; x_wconf 80' lang='grc' dir='ltr'>τῶν</span> 
     </span>
    </p>
   </div>
   <div class='ocr_carea' id='block_1_32' title="bbox 1134 716 1914 755">
    <p class='ocr_par' dir='ltr' id='par_1_32' title="bbox 1134 716 1914 755">
     <span class='ocr_line' id='line_1_32' title="bbox 1134 716 1914 755; baseline 0.001 -11"><span class='ocrx_word' id='word_1_200' title='bbox 1134 717 1246 745; x_wconf 76' lang='grc' dir='ltr'>εὐσεϐεῖν</span> <span class='ocrx_word' id='word_1_201' title='bbox 1275 716 1381 744; x_wconf 68' lang='grc' dir='ltr'>εἰδότων</span> <span class='ocrx_word' id='word_1_202' title='bbox 1417 721 1461 744; x_wconf 86' lang='grc' dir='ltr'>καὶ</span> <span class='ocrx_word' id='word_1_203' title='bbox 1489 718 1663 755; x_wconf 68' lang='grc' dir='ltr'>βουλομένων,</span> <span class='ocrx_word' id='word_1_204' title='bbox 1689 719 1731 745; x_wconf 85' lang='grc' dir='ltr'>ὅτι</span> <span class='ocrx_word' id='word_1_205' title='bbox 1763 719 1814 754; x_wconf 79' lang='grc' dir='ltr'>οὑχ</span> <span class='ocrx_word' id='word_1_206' title='bbox 1843 719 1914 755; x_wconf 76' lang='grc' dir='ltr'>ὅμοιον</span> 
     </span>
    </p>
   </div>
   <div class='ocr_carea' id='block_1_33' title="bbox 1135 761 1915 799">
    <p class='ocr_par' dir='ltr' id='par_1_33' title="bbox 1135 761 1915 799">
     <span class='ocr_line' id='line_1_33' title="bbox 1135 761 1915 799; baseline -0.001 -10"><span class='ocrx_word' id='word_1_207' title='bbox 1135 764 1202 798; x_wconf 72' lang='grc' dir='ltr'>Θὲῷ,</span> <span class='ocrx_word' id='word_1_208' title='bbox 1219 762 1282 788; x_wconf 80' lang='grc' dir='ltr'>ἀλλὰ</span> <span class='ocrx_word' id='word_1_209' title='bbox 1309 764 1373 789; x_wconf 81' lang='grc' dir='ltr'>Θεὸν</span> <span class='ocrx_word' id='word_1_210' title='bbox 1400 761 1478 792; x_wconf 76' lang='grc' dir='ltr'>δηλοῖ</span> <span class='ocrx_word' id='word_1_211' title='bbox 1503 765 1532 789; x_wconf 82' lang='grc' dir='ltr'>τὸ</span> <span class='ocrx_word' id='word_1_212' title='bbox 1557 764 1707 799; x_wconf 55' lang='lat' dir='ltr'>ouantia-iw,</span> <span class='ocrx_word' id='word_1_213' title='bbox 1720 764 1756 794; x_wconf 85' lang='grc' dir='ltr'>ὡς</span> <span class='ocrx_word' id='word_1_214' title='bbox 1778 763 1915 799; x_wconf 62' lang='lat' dir='ltr'>amr/innuat</span> 
     </span>
    </p>
   </div>
   <div class='ocr_carea' id='block_1_34' title="bbox 1134 806 1914 844">
    <p class='ocr_par' dir='ltr' id='par_1_34' title="bbox 1134 806 1914 844">
     <span class='ocr_line' id='line_1_34' title="bbox 1134 806 1914 844; baseline -0.003 -11"><span class='ocrx_word' id='word_1_215' title='bbox 1134 809 1242 843; x_wconf 77' lang='grc' dir='ltr'>γνήσιον</span> <span class='ocrx_word' id='word_1_216' title='bbox 1260 808 1304 833; x_wconf 82' lang='grc' dir='ltr'>καὶ</span> <span class='ocrx_word' id='word_1_217' title='bbox 1331 811 1378 838; x_wconf 78' lang='grc' dir='ltr'>τῆς</span> <span class='ocrx_word' id='word_1_218' title='bbox 1398 807 1480 838; x_wconf 76' lang='grc' dir='ltr'>αὐτῆς</span> <span class='ocrx_word' id='word_1_219' title='bbox 1499 806 1591 838; x_wconf 67' lang='grc' dir='ltr'>οὐσίας</span> <span class='ocrx_word' id='word_1_220' title='bbox 1610 811 1645 843; x_wconf 78' lang='grc' dir='ltr'>τῷ</span> <span class='ocrx_word' id='word_1_221' title='bbox 1672 810 1845 844; x_wconf 80' lang='grc' dir='ltr'>γεγεννηκότι.</span> <span class='ocrx_word' id='word_1_222' title='bbox 1864 811 1914 834; x_wconf 68' lang='grc' dir='ltr'>Συν-</span> 
     </span>
    </p>
   </div>
   <div class='ocr_carea' id='block_1_35' title="bbox 1136 849 1914 888">
    <p class='ocr_par' dir='ltr' id='par_1_35' title="bbox 1136 849 1914 888">
     <span class='ocr_line' id='line_1_35' title="bbox 1136 849 1914 888; baseline -0.001 -10"><span class='ocrx_word' id='word_1_223' title='bbox 1136 853 1254 887; x_wconf 83' lang='grc' dir='ltr'>εισὴγετο</span> <span class='ocrx_word' id='word_1_224' title='bbox 1280 849 1309 878; x_wconf 64' lang='grc' dir='ltr'>δὲ</span> <span class='ocrx_word' id='word_1_225' title='bbox 1337 853 1382 878; x_wconf 76' lang='grc' dir='ltr'>καὶ</span> <span class='ocrx_word' id='word_1_226' title='bbox 1410 854 1439 878; x_wconf 86' lang='grc' dir='ltr'>τὸ</span> <span class='ocrx_word' id='word_1_227' title='bbox 1466 854 1525 888; x_wconf 82' lang='grc' dir='ltr'>περὶ</span> <span class='ocrx_word' id='word_1_228' title='bbox 1556 852 1714 888; x_wconf 79' lang='grc' dir='ltr'>Πνεύματος,</span> <span class='ocrx_word' id='word_1_229' title='bbox 1739 854 1773 882; x_wconf 80' lang='grc' dir='ltr'>ὡς</span> <span class='ocrx_word' id='word_1_230' title='bbox 1807 853 1852 878; x_wconf 76' lang='grc' dir='ltr'>ὑπὸ</span> <span class='ocrx_word' id='word_1_231' title='bbox 1876 856 1914 877; x_wconf 76' lang='grc' dir='ltr'>τῶν</span> 
     </span>
    </p>
   </div>
   <div class='ocr_carea' id='block_1_36' title="bbox 252 894 1081 932">
    <p class='ocr_par' dir='ltr' id='par_1_36' title="bbox 252 894 1081 931">
     <span class='ocr_line' id='line_1_36' title="bbox 252 894 1081 931; baseline 0 -9"><span class='ocrx_word' id='word_1_232' title='bbox 252 895 339 931; x_wconf 91' lang='lat' dir='ltr'>pium</span> <span class='ocrx_word' id='word_1_233' title='bbox 351 894 465 930; x_wconf 84' lang='lat' dir='ltr'>dogma</span> <span class='ocrx_word' id='word_1_234' title='bbox 479 894 731 929; x_wconf 81' lang='lat' dir='ltr'>cognoscentibus</span> <span class='ocrx_word' id='word_1_235' title='bbox 755 896 783 922; x_wconf 92' lang='lat' dir='ltr'>et</span> <span class='ocrx_word' id='word_1_236' title='bbox 807 894 989 923; x_wconf 86' lang='lat' dir='ltr'>sectantibus</span> <span class='ocrx_word' id='word_1_237' title='bbox 1002 896 1081 923; x_wconf 88' lang='lat' dir='ltr'>tene-</span> 
     </span>
    </p>
   </div>
   <div class='ocr_carea' id='block_1_37' title="bbox 1138 894 1914 932">
    <p class='ocr_par' dir='ltr' id='par_1_37' title="bbox 1138 894 1914 932">
     <span class='ocr_line' id='line_1_37' title="bbox 1138 894 1914 932; baseline -0.001 -10"><span class='ocrx_word' id='word_1_238' title='bbox 1138 897 1255 932; x_wconf 80' lang='grc' dir='ltr'>[Ιατέρων</span> <span class='ocrx_word' id='word_1_239' title='bbox 1284 894 1308 922; x_wconf 74' lang='grc' dir='ltr'>ἓν</span> <span class='ocrx_word' id='word_1_240' title='bbox 1332 900 1363 932; x_wconf 79' lang='grc' dir='ltr'>τῇ</span> <span class='ocrx_word' id='word_1_241' title='bbox 1393 896 1458 925; x_wconf 70' lang='grc' dir='ltr'>αὐτῆ</span> <span class='ocrx_word' id='word_1_242' title='bbox 1486 898 1575 923; x_wconf 78' lang='grc' dir='ltr'>πίστει</span> <span class='ocrx_word' id='word_1_243' title='bbox 1605 900 1640 931; x_wconf 78' lang='grc' dir='ltr'>τῷ</span> <span class='ocrx_word' id='word_1_244' title='bbox 1675 901 1734 932; x_wconf 84' lang='grc' dir='ltr'>Θεῷ</span> <span class='ocrx_word' id='word_1_245' title='bbox 1767 898 1810 922; x_wconf 86' lang='grc' dir='ltr'>καὶ</span> <span class='ocrx_word' id='word_1_246' title='bbox 1829 900 1860 931; x_wconf 77' lang='grc' dir='ltr'>τῷ</span> <span class='ocrx_word' id='word_1_247' title='bbox 1873 897 1914 930; x_wconf 77' lang='grc' dir='ltr'>Υιῷ</span> 
     </span>
    </p>
   </div>
   <div class='ocr_carea' id='block_1_38' title="bbox 253 938 1081 973">
    <p class='ocr_par' dir='ltr' id='par_1_38' title="bbox 253 938 1081 973">
     <span class='ocr_line' id='line_1_38' title="bbox 253 938 1081 973; baseline 0 -6"><span class='ocrx_word' id='word_1_248' title='bbox 253 941 310 973; x_wconf 85' lang='lat' dir='ltr'>tur,</span> <span class='ocrx_word' id='word_1_249' title='bbox 327 939 451 967; x_wconf 89' lang='lat' dir='ltr'>nomine</span> <span class='ocrx_word' id='word_1_250' title='bbox 467 938 790 968; x_wconf 87' lang='lat' dir='ltr'>consubstantialitatis</span> <span class='ocrx_word' id='word_1_251' title='bbox 809 939 914 967; x_wconf 83' lang='lat' dir='ltr'>Filium</span> <span class='ocrx_word' id='word_1_252' title='bbox 934 939 1081 967; x_wconf 89' lang='lat' dir='ltr'>declarari</span> 
     </span>
    </p>
   </div>
   <div class='ocr_carea' id='block_1_39' title="bbox 251 983 1082 1020">
    <p class='ocr_par' dir='ltr' id='par_1_39' title="bbox 251 983 1082 1020">
     <span class='ocr_line' id='line_1_39' title="bbox 251 983 1082 1020; baseline -0.001 -8"><span class='ocrx_word' id='word_1_253' title='bbox 251 991 314 1012; x_wconf 91' lang='lat' dir='ltr'>non</span> <span class='ocrx_word' id='word_1_254' title='bbox 327 983 455 1012; x_wconf 84' lang='lat' dir='ltr'>similem</span> <span class='ocrx_word' id='word_1_255' title='bbox 464 984 536 1018; x_wconf 89' lang='lat' dir='ltr'>Deo,</span> <span class='ocrx_word' id='word_1_256' title='bbox 546 983 601 1011; x_wconf 92' lang='lat' dir='ltr'>sed</span> <span class='ocrx_word' id='word_1_257' title='bbox 612 984 716 1017; x_wconf 87' lang='lat' dir='ltr'>Deum,</span> <span class='ocrx_word' id='word_1_258' title='bbox 725 985 829 1020; x_wconf 90' lang='lat' dir='ltr'>utpote</span> <span class='ocrx_word' id='word_1_259' title='bbox 840 984 1003 1019; x_wconf 83' lang='lat' dir='ltr'>genuinam</span> <span class='ocrx_word' id='word_1_260' title='bbox 1012 991 1082 1020; x_wconf 82' lang='lat' dir='ltr'>pro-</span> 
     </span>
    </p>
   </div>
   <div class='ocr_carea' id='block_1_40' title="bbox 251 1028 1079 1065">
    <p class='ocr_par' dir='ltr' id='par_1_40' title="bbox 251 1028 1079 1065">
     <span class='ocr_line' id='line_1_40' title="bbox 251 1028 1079 1065; baseline 0.001 -9"><span class='ocrx_word' id='word_1_261' title='bbox 251 1028 311 1056; x_wconf 89' lang='lat' dir='ltr'>lem</span> <span class='ocrx_word' id='word_1_262' title='bbox 326 1028 524 1065; x_wconf 84' lang='lat' dir='ltr'>ejusdemque</span> <span class='ocrx_word' id='word_1_263' title='bbox 539 1036 610 1057; x_wconf 89' lang='lat' dir='ltr'>cum</span> <span class='ocrx_word' id='word_1_264' title='bbox 625 1028 760 1063; x_wconf 82' lang='lat' dir='ltr'>genitore</span> <span class='ocrx_word' id='word_1_265' title='bbox 781 1028 964 1056; x_wconf 76' lang='lat' dir='ltr'>substantiae.</span> <span class='ocrx_word' id='word_1_266' title='bbox 986 1028 1079 1057; x_wconf 90' lang='lat' dir='ltr'>Simul</span> 
     </span>
    </p>
   </div>
   <div class='ocr_carea' id='block_1_41' title="bbox 252 1072 1079 1109">
    <p class='ocr_par' dir='ltr' id='par_1_41' title="bbox 252 1072 1079 1109">
     <span class='ocr_line' id='line_1_41' title="bbox 252 1072 1079 1109; baseline -0.001 -8"><span class='ocrx_word' id='word_1_267' title='bbox 252 1073 342 1102; x_wconf 86' lang='lat' dir='ltr'>etiam</span> <span class='ocrx_word' id='word_1_268' title='bbox 366 1073 492 1102; x_wconf 88' lang='lat' dir='ltr'>allatum</span> <span class='ocrx_word' id='word_1_269' title='bbox 520 1073 575 1102; x_wconf 85' lang='lat' dir='ltr'>fuit</span> <span class='ocrx_word' id='word_1_270' title='bbox 598 1072 681 1109; x_wconf 90' lang='lat' dir='ltr'>quod</span> <span class='ocrx_word' id='word_1_271' title='bbox 705 1072 743 1101; x_wconf 87' lang='lat' dir='ltr'>ad</span> <span class='ocrx_word' id='word_1_272' title='bbox 770 1073 912 1108; x_wconf 85' lang='lat' dir='ltr'>Spiritum</span> <span class='ocrx_word' id='word_1_273' title='bbox 940 1073 1079 1108; x_wconf 82' lang='lat' dir='ltr'>pertinet,</span> 
     </span>
    </p>
   </div>
   <div class='ocr_carea' id='block_1_42' title="bbox 251 1116 1080 1154">
    <p class='ocr_par' dir='ltr' id='par_1_42' title="bbox 251 1116 1080 1154">
     <span class='ocr_line' id='line_1_42' title="bbox 251 1116 1080 1154; baseline -0.002 -8"><span class='ocrx_word' id='word_1_274' title='bbox 251 1118 306 1154; x_wconf 86' lang='lat' dir='ltr'>qui</span> <span class='ocrx_word' id='word_1_275' title='bbox 332 1118 476 1146; x_wconf 89' lang='lat' dir='ltr'>nimirum</span> <span class='ocrx_word' id='word_1_276' title='bbox 501 1126 518 1146; x_wconf 87' lang='lat' dir='ltr'>a</span> <span class='ocrx_word' id='word_1_277' title='bbox 542 1117 681 1145; x_wconf 89' lang='lat' dir='ltr'>Patribus</span> <span class='ocrx_word' id='word_1_278' title='bbox 702 1117 733 1145; x_wconf 90' lang='lat' dir='ltr'>in</span> <span class='ocrx_word' id='word_1_279' title='bbox 751 1117 858 1145; x_wconf 88' lang='lat' dir='ltr'>eadem</span> <span class='ocrx_word' id='word_1_280' title='bbox 871 1116 943 1145; x_wconf 89' lang='lat' dir='ltr'>ﬁdei</span> <span class='ocrx_word' id='word_1_281' title='bbox 959 1117 1080 1153; x_wconf 83' lang='lat' dir='ltr'>exposi-</span> 
     </span>
    </p>
   </div>
   <div class='ocr_carea' id='block_1_43' title="bbox 252 1161 1079 1198">
    <p class='ocr_par' dir='ltr' id='par_1_43' title="bbox 252 1161 1079 1198">
     <span class='ocr_line' id='line_1_43' title="bbox 252 1161 1079 1198; baseline -0.002 -7"><span class='ocrx_word' id='word_1_282' title='bbox 252 1163 332 1191; x_wconf 88' lang='lat' dir='ltr'>tione</span> <span class='ocrx_word' id='word_1_283' title='bbox 356 1163 434 1191; x_wconf 82' lang='lat' dir='ltr'>Patri</span> <span class='ocrx_word' id='word_1_284' title='bbox 465 1164 493 1190; x_wconf 88' lang='lat' dir='ltr'>et</span> <span class='ocrx_word' id='word_1_285' title='bbox 524 1162 594 1190; x_wconf 84' lang='lat' dir='ltr'>Filio</span> <span class='ocrx_word' id='word_1_286' title='bbox 618 1161 791 1198; x_wconf 85' lang='lat' dir='ltr'>apponitur,</span> <span class='ocrx_word' id='word_1_287' title='bbox 817 1161 889 1198; x_wconf 87' lang='lat' dir='ltr'>quia</span> <span class='ocrx_word' id='word_1_288' title='bbox 915 1161 947 1189; x_wconf 91' lang='lat' dir='ltr'>in</span> <span class='ocrx_word' id='word_1_289' title='bbox 973 1161 1079 1190; x_wconf 90' lang='lat' dir='ltr'>eadem</span> 
     </span>
    </p>
   </div>
   <div class='ocr_carea' id='block_1_44' title="bbox 1135 938 1914 977">
    <p class='ocr_par' dir='ltr' id='par_1_44' title="bbox 1135 938 1914 977">
     <span class='ocr_line' id='line_1_44' title="bbox 1135 938 1914 977; baseline -0.003 -11"><span class='ocrx_word' id='word_1_290' title='bbox 1135 942 1263 977; x_wconf 67' lang='grc' dir='ltr'>κειμένου,</span> <span class='ocrx_word' id='word_1_291' title='bbox 1293 940 1333 966; x_wconf 86' lang='grc' dir='ltr'>ὅτι</span> <span class='ocrx_word' id='word_1_292' title='bbox 1354 941 1422 967; x_wconf 83' lang='grc' dir='ltr'>ἔστιν</span> <span class='ocrx_word' id='word_1_293' title='bbox 1450 941 1475 966; x_wconf 79' lang='grc' dir='ltr'>ἐν</span> <span class='ocrx_word' id='word_1_294' title='bbox 1510 945 1541 976; x_wconf 81' lang='grc' dir='ltr'>τῇ</span> <span class='ocrx_word' id='word_1_295' title='bbox 1572 940 1634 977; x_wconf 76' lang='grc' dir='ltr'>αὐτῇ</span> <span class='ocrx_word' id='word_1_296' title='bbox 1667 942 1784 970; x_wconf 74' lang='grc' dir='ltr'>θεότητι.</span> <span class='ocrx_word' id='word_1_297' title='bbox 1810 942 1857 969; x_wconf 80' lang='grc' dir='ltr'>Τὴν</span> <span class='ocrx_word' id='word_1_298' title='bbox 1880 938 1914 965; x_wconf 75' lang='grc' dir='ltr'>οὖν</span> 
     </span>
    </p>
   </div>
   <div class='ocr_carea' id='block_1_45' title="bbox 1134 984 1348 1015">
    <p class='ocr_par' dir='ltr' id='par_1_45' title="bbox 1134 984 1348 1015">
     <span class='ocr_line' id='line_1_45' title="bbox 1134 984 1348 1015; baseline 0 -4"><span class='ocrx_word' id='word_1_299' title='bbox 1134 989 1179 1015; x_wconf 84' lang='grc' dir='ltr'>τῆς</span> <span class='ocrx_word' id='word_1_300' title='bbox 1217 984 1243 1011; x_wconf 74' lang='grc' dir='ltr'>εὖ</span> <span class='ocrx_word' id='word_1_301' title='bbox 1248 984 1348 1015; x_wconf 65' lang='grc' dir='ltr'>σεϐείας</span> 
     </span>
    </p>
   </div>
   <div class='ocr_carea' id='block_1_46' title="bbox 1134 1025 1915 1066">
    <p class='ocr_par' dir='ltr' id='par_1_46' title="bbox 1134 1025 1915 1066">
     <span class='ocr_line' id='line_1_46' title="bbox 1134 1025 1915 1066; baseline -0.001 -11"><span class='ocrx_word' id='word_1_302' title='bbox 1134 1029 1201 1055; x_wconf 81' lang='grc' dir='ltr'>οὕτω</span> <span class='ocrx_word' id='word_1_303' title='bbox 1221 1033 1343 1065; x_wconf 81' lang='grc' dir='ltr'>μετεῖναι,</span> <span class='ocrx_word' id='word_1_304' title='bbox 1369 1030 1403 1060; x_wconf 81' lang='grc' dir='ltr'>ὡς</span> <span class='ocrx_word' id='word_1_305' title='bbox 1432 1030 1475 1055; x_wconf 79' lang='grc' dir='ltr'>τὸν</span> <span class='ocrx_word' id='word_1_306' title='bbox 1503 1028 1734 1062; x_wconf 73' lang='grc' dir='ltr'>σπουδαιότατον,</span> <span class='ocrx_word' id='word_1_307' title='bbox 1760 1029 1813 1066; x_wconf 77' lang='grc' dir='ltr'>ἅμα</span> <span class='ocrx_word' id='word_1_308' title='bbox 1836 1033 1868 1064; x_wconf 86' lang='grc' dir='ltr'>τῷ</span> <span class='ocrx_word' id='word_1_309' title='bbox 1882 1025 1915 1054; x_wconf 77' lang='grc' dir='ltr'>δι-</span> 
     </span>
    </p>
   </div>
   <div class='ocr_carea' id='block_1_47' title="bbox 1135 1071 1915 1112">
    <p class='ocr_par' dir='ltr' id='par_1_47' title="bbox 1135 1071 1915 1112">
     <span class='ocr_line' id='line_1_47' title="bbox 1135 1071 1915 1112; baseline -0.001 -12"><span class='ocrx_word' id='word_1_310' title='bbox 1135 1075 1219 1110; x_wconf 80' lang='grc' dir='ltr'>σπὸτῃ</span> <span class='ocrx_word' id='word_1_311' title='bbox 1236 1083 1285 1109; x_wconf 78' lang='grc' dir='ltr'>μου</span> <span class='ocrx_word' id='word_1_312' title='bbox 1311 1076 1456 1112; x_wconf 78' lang='grc' dir='ltr'>Γρηγορίῳ,</span> <span class='ocrx_word' id='word_1_313' title='bbox 1473 1074 1500 1105; x_wconf 83' lang='grc' dir='ltr'>ὃς</span> <span class='ocrx_word' id='word_1_314' title='bbox 1526 1072 1583 1100; x_wconf 71' lang='grc' dir='ltr'>οὐδ’</span> <span class='ocrx_word' id='word_1_315' title='bbox 1610 1073 1690 1105; x_wconf 73' lang='grc' dir='ltr'>αὐτὸς</span> <span class='ocrx_word' id='word_1_316' title='bbox 1705 1071 1845 1110; x_wconf 70' lang='grc' dir='ltr'>οὐδαμόθεν</span> <span class='ocrx_word' id='word_1_317' title='bbox 1861 1073 1915 1110; x_wconf 75' lang='grc' dir='ltr'>γρά-</span> 
     </span>
    </p>
   </div>
   <div class='ocr_carea' id='block_1_48' title="bbox 1134 1115 1917 1156">
    <p class='ocr_par' dir='ltr' id='par_1_48' title="bbox 1134 1115 1917 1156">
     <span class='ocr_line' id='line_1_48' title="bbox 1134 1115 1917 1156; baseline -0.003 -12"><span class='ocrx_word' id='word_1_318' title='bbox 1134 1127 1184 1154; x_wconf 73' lang='grc' dir='ltr'>φει,</span> <span class='ocrx_word' id='word_1_319' title='bbox 1206 1115 1268 1144; x_wconf 70' lang='grc' dir='ltr'>οὐδὲ</span> <span class='ocrx_word' id='word_1_320' title='bbox 1283 1128 1405 1155; x_wconf 84' lang='grc' dir='ltr'>σημαινει</span> <span class='ocrx_word' id='word_1_321' title='bbox 1420 1118 1543 1150; x_wconf 76' lang='grc' dir='ltr'>καθάπαξ</span> <span class='ocrx_word' id='word_1_322' title='bbox 1559 1116 1635 1145; x_wconf 67' lang='grc' dir='ltr'>οὐδέν</span> <span class='ocrx_word' id='word_1_323' title='bbox 1649 1128 1655 1153; x_wconf 84' lang='grc'><strong>;</strong></span> <span class='ocrx_word' id='word_1_324' title='bbox 1676 1118 1805 1156; x_wconf 78' lang='grc' dir='ltr'>Ἐρρωσο,</span> <span class='ocrx_word' id='word_1_325' title='bbox 1819 1116 1917 1144; x_wconf 74' lang='grc' dir='ltr'>δέσποτα</span> 
     </span>
    </p>
   </div>
   <div class='ocr_carea' id='block_1_49' title="bbox 1134 1163 1312 1191">
    <p class='ocr_par' dir='ltr' id='par_1_49' title="bbox 1134 1163 1312 1191">
     <span class='ocr_line' id='line_1_49' title="bbox 1134 1163 1312 1191; baseline 0.011 -3"><span class='ocrx_word' id='word_1_326' title='bbox 1134 1163 1312 1191; x_wconf 81' lang='grc' dir='ltr'>ποθεινότατε.</span> 
     </span>
    </p>
   </div>
   <div class='ocr_carea' id='block_1_50' title="bbox 1389 983 1914 1022">
    <p class='ocr_par' dir='ltr' id='par_1_50' title="bbox 1389 983 1914 1022">
     <span class='ocr_line' id='line_1_50' title="bbox 1389 983 1914 1022; baseline -0.004 -11"><span class='ocrx_word' id='word_1_327' title='bbox 1389 986 1484 1015; x_wconf 80' lang='grc' dir='ltr'>ταύτης</span> <span class='ocrx_word' id='word_1_328' title='bbox 1522 985 1672 1022; x_wconf 75' lang='grc' dir='ltr'>πρεσϐειαν,</span> <span class='ocrx_word' id='word_1_329' title='bbox 1705 987 1764 1012; x_wconf 83' lang='grc' dir='ltr'>τίνα</span> <span class='ocrx_word' id='word_1_330' title='bbox 1807 984 1867 1014; x_wconf 74' lang='grc' dir='ltr'>εἰκὸς</span> <span class='ocrx_word' id='word_1_331' title='bbox 1891 983 1914 1012; x_wconf 69' lang='grc' dir='ltr'>ἦν</span> 
     </span>
    </p>
   </div>
   <div class='ocr_carea' id='block_1_51' title="bbox 253 1205 1916 1243">
    <p class='ocr_par' dir='ltr' id='par_1_51' title="bbox 253 1205 1916 1243">
     <span class='ocr_line' id='line_1_51' title="bbox 253 1205 1916 1243; baseline -0.002 -8"><span class='ocrx_word' id='word_1_332' title='bbox 253 1207 367 1235; x_wconf 87' lang='lat' dir='ltr'>exsistit</span> <span class='ocrx_word' id='word_1_333' title='bbox 382 1206 545 1235; x_wconf 87' lang='lat' dir='ltr'>divinitate.</span> <span class='ocrx_word' id='word_1_334' title='bbox 562 1206 657 1242; x_wconf 82' lang='lat' dir='ltr'>Hujus</span> <span class='ocrx_word' id='word_1_335' title='bbox 673 1206 762 1241; x_wconf 82' lang='lat' dir='ltr'>igitur</span> <span class='ocrx_word' id='word_1_336' title='bbox 777 1205 834 1242; x_wconf 67' lang='lat' dir='ltr'>piae</span> <span class='ocrx_word' id='word_1_337' title='bbox 848 1206 1001 1234; x_wconf 66' lang='lat' dir='ltr'>sententia:</span> <span class='ocrx_word' id='word_1_338' title='bbox 1020 1205 1212 1242; x_wconf 84' lang='lat' dir='ltr'>legationem,</span> <span class='ocrx_word' id='word_1_339' title='bbox 1230 1215 1320 1243; x_wconf 87' lang='lat' dir='ltr'>quem</span> <span class='ocrx_word' id='word_1_340' title='bbox 1336 1206 1436 1235; x_wconf 83' lang='lat' dir='ltr'>decuit</span> <span class='ocrx_word' id='word_1_341' title='bbox 1460 1206 1536 1235; x_wconf 86' lang='lat' dir='ltr'>adeo</span> <span class='ocrx_word' id='word_1_342' title='bbox 1556 1207 1710 1243; x_wconf 84' lang='lat' dir='ltr'>persequi,</span> <span class='ocrx_word' id='word_1_343' title='bbox 1739 1215 1773 1235; x_wconf 87' lang='lat' dir='ltr'>ac</span> <span class='ocrx_word' id='word_1_344' title='bbox 1795 1209 1819 1234; x_wconf 88' lang='lat' dir='ltr'>te</span> <span class='ocrx_word' id='word_1_345' title='bbox 1837 1206 1916 1234; x_wconf 87' lang='lat' dir='ltr'>virum</span> 
     </span>
    </p>
   </div>
   <div class='ocr_carea' id='block_1_52' title="bbox 253 1249 1916 1288">
    <p class='ocr_par' dir='ltr' id='par_1_52' title="bbox 253 1249 1916 1288">
     <span class='ocr_line' id='line_1_52' title="bbox 253 1249 1916 1288; baseline -0.002 -9"><span class='ocrx_word' id='word_1_346' title='bbox 253 1251 506 1288; x_wconf 84' lang='lat' dir='ltr'>laudatissimum,</span> <span class='ocrx_word' id='word_1_347' title='bbox 520 1259 583 1280; x_wconf 88' lang='lat' dir='ltr'>una</span> <span class='ocrx_word' id='word_1_348' title='bbox 597 1259 667 1279; x_wconf 88' lang='lat' dir='ltr'>cum</span> <span class='ocrx_word' id='word_1_349' title='bbox 683 1250 808 1278; x_wconf 90' lang='lat' dir='ltr'>domino</span> <span class='ocrx_word' id='word_1_350' title='bbox 823 1258 892 1278; x_wconf 88' lang='lat' dir='ltr'>meo</span> <span class='ocrx_word' id='word_1_351' title='bbox 908 1249 1060 1285; x_wconf 83' lang='lat' dir='ltr'>Gregorio,</span> <span class='ocrx_word' id='word_1_352' title='bbox 1076 1250 1130 1287; x_wconf 91' lang='lat' dir='ltr'>qui</span> <span class='ocrx_word' id='word_1_353' title='bbox 1156 1251 1267 1286; x_wconf 88' lang='lat' dir='ltr'>pariter</span> <span class='ocrx_word' id='word_1_354' title='bbox 1289 1251 1371 1280; x_wconf 91' lang='lat' dir='ltr'>nullo</span> <span class='ocrx_word' id='word_1_355' title='bbox 1394 1259 1431 1279; x_wconf 86' lang='lat' dir='ltr'>ex</span> <span class='ocrx_word' id='word_1_356' title='bbox 1444 1251 1511 1279; x_wconf 89' lang='lat' dir='ltr'>loco</span> <span class='ocrx_word' id='word_1_357' title='bbox 1527 1251 1640 1285; x_wconf 87' lang='lat' dir='ltr'>scribit,</span> <span class='ocrx_word' id='word_1_358' title='bbox 1657 1260 1714 1280; x_wconf 90' lang='lat' dir='ltr'>nec</span> <span class='ocrx_word' id='word_1_359' title='bbox 1731 1250 1777 1280; x_wconf 85' lang='lat' dir='ltr'>vel</span> <span class='ocrx_word' id='word_1_360' title='bbox 1794 1249 1876 1278; x_wconf 87' lang='lat' dir='ltr'>semel</span> <span class='ocrx_word' id='word_1_361' title='bbox 1888 1249 1916 1277; x_wconf 86' lang='lat' dir='ltr'>de</span> 
     </span>
    </p>
   </div>
   <div class='ocr_carea' id='block_1_53' title="bbox 253 1293 1330 1334">
    <p class='ocr_par' dir='ltr' id='par_1_53' title="bbox 253 1293 1330 1334">
     <span class='ocr_line' id='line_1_53' title="bbox 253 1293 1330 1334; baseline -0.004 -9"><span class='ocrx_word' id='word_1_362' title='bbox 253 1296 400 1334; x_wconf 88' lang='lat' dir='ltr'>quapiam</span> <span class='ocrx_word' id='word_1_363' title='bbox 412 1305 444 1325; x_wconf 89' lang='lat' dir='ltr'>re</span> <span class='ocrx_word' id='word_1_364' title='bbox 460 1297 616 1325; x_wconf 87' lang='lat' dir='ltr'>certiorem</span> <span class='ocrx_word' id='word_1_365' title='bbox 632 1295 718 1324; x_wconf 81' lang='lat' dir='ltr'>fecit?</span> <span class='ocrx_word' id='word_1_366' title='bbox 731 1293 816 1329; x_wconf 83' lang='lat' dir='ltr'>Vale,</span> <span class='ocrx_word' id='word_1_367' title='bbox 827 1295 950 1324; x_wconf 88' lang='lat' dir='ltr'>domine</span> <span class='ocrx_word' id='word_1_368' title='bbox 965 1295 1097 1324; x_wconf 84' lang='lat' dir='ltr'>maxime</span> <span class='ocrx_word' id='word_1_369' title='bbox 1113 1295 1330 1324; x_wconf 85' lang='lat' dir='ltr'>desiderabilis.</span> 
     </span>
    </p>
   </div>
   <div class='ocr_carea' id='block_1_54' title="bbox 565 1358 912 1387">
    <p class='ocr_par' dir='ltr' id='par_1_54' title="bbox 565 1358 912 1387">
     <span class='ocr_line' id='line_1_54' title="bbox 565 1358 912 1387; baseline -0.003 0"><span class='ocrx_word' id='word_1_370' title='bbox 565 1358 737 1387; x_wconf 81' lang='lat' dir='ltr'>EPlSTOLA</span> <span class='ocrx_word' id='word_1_371' title='bbox 752 1358 912 1386; x_wconf 83' lang='lat' dir='ltr'>CCCLXV&#39;.</span> 
     </span>
    </p>
   </div>
   <div class='ocr_carea' id='block_1_55' title="bbox 289 1404 939 1440">
    <p class='ocr_par' dir='ltr' id='par_1_55' title="bbox 289 1404 939 1440">
     <span class='ocr_line' id='line_1_55' title="bbox 289 1404 939 1440; baseline -0.002 -8"><span class='ocrx_word' id='word_1_372' title='bbox 289 1405 326 1433; x_wconf 84' lang='grc' dir='ltr'>[η</span> <span class='ocrx_word' id='word_1_373' title='bbox 343 1412 458 1433; x_wconf 85' lang='lat' dir='ltr'>summa</span> <span class='ocrx_word' id='word_1_374' title='bbox 471 1404 666 1440; x_wconf 69' lang='lat' dir='ltr'>Cappadociae</span> <span class='ocrx_word' id='word_1_375' title='bbox 677 1404 860 1440; x_wconf 79' lang='lat' dir='ltr'>calamitate,</span> <span class='ocrx_word' id='word_1_376' title='bbox 873 1411 939 1440; x_wconf 74' lang='lat' dir='ltr'>cum</span> 
     </span>
    </p>
   </div>
   <div class='ocr_carea' id='block_1_56' title="bbox 1360 1358 1618 1385">
    <p class='ocr_par' dir='ltr' id='par_1_56' title="bbox 1360 1358 1618 1385">
     <span class='ocr_line' id='line_1_56' title="bbox 1360 1358 1618 1385; baseline 0 0"><span class='ocrx_word' id='word_1_377' title='bbox 1360 1361 1525 1385; x_wconf 83' lang='grc' dir='ltr'>ΕΟΙΣΤΟΚΗ</span> <span class='ocrx_word' id='word_1_378' title='bbox 1541 1358 1618 1385; x_wconf 85' lang='grc' dir='ltr'>ΤΞΕ’.</span> 
     </span>
    </p>
   </div>
   <div class='ocr_carea' id='block_1_57' title="bbox 954 1401 1914 1438">
    <p class='ocr_par' dir='ltr' id='par_1_57' title="bbox 954 1401 1914 1438">
     <span class='ocr_line' id='line_1_57' title="bbox 954 1401 1914 1438; baseline -0.003 -7"><span class='ocrx_word' id='word_1_379' title='bbox 954 1403 1044 1438; x_wconf 83' lang='lat' dir='ltr'>ﬂuvii</span> <span class='ocrx_word' id='word_1_380' title='bbox 1054 1402 1212 1430; x_wconf 78' lang='lat' dir='ltr'>inundatio</span> <span class='ocrx_word' id='word_1_381' title='bbox 1223 1410 1270 1430; x_wconf 82' lang='lat' dir='ltr'>res</span> <span class='ocrx_word' id='word_1_382' title='bbox 1280 1403 1462 1430; x_wconf 81' lang='lat' dir='ltr'>necessarias</span> <span class='ocrx_word' id='word_1_383' title='bbox 1472 1411 1486 1431; x_wconf 76' lang='grc' dir='ltr'><em>ρ</em></span> <span class='ocrx_word' id='word_1_384' title='bbox 1497 1403 1603 1431; x_wconf 78' lang='lat' dir='ltr'>vicinis</span> <span class='ocrx_word' id='word_1_385' title='bbox 1611 1404 1776 1436; x_wconf 76' lang='lat' dir='ltr'>provinciis</span> <span class='ocrx_word' id='word_1_386' title='bbox 1784 1401 1914 1431; x_wconf 76' lang='lat' dir='ltr'>advehere</span> 
     </span>
    </p>
   </div>
   <div class='ocr_carea' id='block_1_58' title="bbox 254 1438 1910 1476">
    <p class='ocr_par' dir='ltr' id='par_1_58' title="bbox 254 1438 1910 1476">
     <span class='ocr_line' id='line_1_58' title="bbox 254 1438 1910 1476; baseline -0.003 -7"><span class='ocrx_word' id='word_1_387' title='bbox 254 1449 314 1469; x_wconf 85' lang='lat' dir='ltr'>non</span> <span class='ocrx_word' id='word_1_388' title='bbox 329 1441 451 1472; x_wconf 78' lang='lat' dir='ltr'>sineret,</span> <span class='ocrx_word' id='word_1_389' title='bbox 467 1438 596 1476; x_wconf 70' lang='lat' dir='ltr'>rogatur</span> <span class='ocrx_word' id='word_1_390' title='bbox 611 1439 800 1472; x_wconf 84' lang='lat' dir='ltr'>Theodosius,</span> <span class='ocrx_word' id='word_1_391' title='bbox 817 1441 850 1467; x_wconf 79' lang='lat' dir='ltr'>ut</span> <span class='ocrx_word' id='word_1_392' title='bbox 863 1439 999 1474; x_wconf 83' lang='lat' dir='ltr'>ﬂuvium,</span> <span class='ocrx_word' id='word_1_393' title='bbox 1015 1438 1117 1474; x_wconf 78' lang='lat' dir='ltr'>pontis</span> <span class='ocrx_word' id='word_1_394' title='bbox 1137 1439 1346 1467; x_wconf 80' lang='lat' dir='ltr'>commoditate</span> <span class='ocrx_word' id='word_1_395' title='bbox 1360 1438 1506 1473; x_wconf 79' lang='lat' dir='ltr'>adhibita,</span> <span class='ocrx_word' id='word_1_396' title='bbox 1521 1439 1615 1467; x_wconf 82' lang='lat' dir='ltr'>veluti</span> <span class='ocrx_word' id='word_1_397' title='bbox 1630 1439 1766 1468; x_wconf 83' lang='lat' dir='ltr'>Rubrum</span> <span class='ocrx_word' id='word_1_398' title='bbox 1782 1445 1859 1466; x_wconf 85' lang='lat' dir='ltr'>mare</span> <span class='ocrx_word' id='word_1_399' title='bbox 1873 1444 1910 1471; x_wconf 85' lang='lat' dir='ltr'>pe-</span> 
     </span>
    </p>
   </div>
   <div class='ocr_carea' id='block_1_59' title="bbox 253 1476 631 1511">
    <p class='ocr_par' dir='ltr' id='par_1_59' title="bbox 253 1476 631 1511">
     <span class='ocr_line' id='line_1_59' title="bbox 253 1476 631 1511; baseline -0.003 -7"><span class='ocrx_word' id='word_1_400' title='bbox 253 1477 341 1504; x_wconf 81' lang='lat' dir='ltr'>dibus</span> <span class='ocrx_word' id='word_1_401' title='bbox 353 1477 493 1511; x_wconf 81' lang='lat' dir='ltr'>pervium</span> <span class='ocrx_word' id='word_1_402' title='bbox 508 1476 631 1510; x_wconf 79' lang='lat' dir='ltr'>efﬁciat.</span> 
     </span>
    </p>
   </div>
   <div class='ocr_carea' id='block_1_60' title="bbox 353 1519 985 1555">
    <p class='ocr_par' dir='ltr' id='par_1_60' title="bbox 353 1519 985 1555">
     <span class='ocr_line' id='line_1_60' title="bbox 353 1519 985 1555; baseline -0.002 -7"><span class='ocrx_word' id='word_1_403' title='bbox 353 1520 482 1550; x_wconf 83' lang='lat' dir='ltr'>Basilius</span> <span class='ocrx_word' id='word_1_404' title='bbox 497 1528 607 1555; x_wconf 81' lang='lat' dir='ltr'>magno</span> <span class='ocrx_word' id='word_1_405' title='bbox 625 1520 803 1555; x_wconf 79' lang='lat' dir='ltr'>imperatori</span> <span class='ocrx_word' id='word_1_406' title='bbox 813 1519 985 1547; x_wconf 80' lang='lat' dir='ltr'>Theodosio.</span> 
     </span>
    </p>
   </div>
   <div class='ocr_carea' id='block_1_61' title="bbox 291 1564 1084 1600">
    <p class='ocr_par' dir='ltr' id='par_1_61' title="bbox 291 1564 1084 1600">
     <span class='ocr_line' id='line_1_61' title="bbox 291 1564 1084 1600; baseline -0.005 -6"><span class='ocrx_word' id='word_1_407' title='bbox 291 1565 452 1594; x_wconf 86' lang='lat' dir='ltr'>Calamitas</span> <span class='ocrx_word' id='word_1_408' title='bbox 480 1565 589 1594; x_wconf 87' lang='lat' dir='ltr'>accidit</span> <span class='ocrx_word' id='word_1_409' title='bbox 614 1565 645 1593; x_wconf 90' lang='lat' dir='ltr'>in</span> <span class='ocrx_word' id='word_1_410' title='bbox 673 1564 795 1600; x_wconf 80' lang='lat' dir='ltr'>regione</span> <span class='ocrx_word' id='word_1_411' title='bbox 821 1567 933 1600; x_wconf 84' lang='lat' dir='ltr'>nostra,</span> <span class='ocrx_word' id='word_1_412' title='bbox 965 1571 1024 1591; x_wconf 89' lang='lat' dir='ltr'>non</span> <span class='ocrx_word' id='word_1_413' title='bbox 1047 1571 1084 1590; x_wconf 84' lang='lat' dir='ltr'>ex</span> 
     </span>
    </p>
   </div>
   <div class='ocr_carea' id='block_1_62' title="bbox 256 1607 1084 1646">
    <p class='ocr_par' dir='ltr' id='par_1_62' title="bbox 256 1607 1084 1646">
     <span class='ocr_line' id='line_1_62' title="bbox 256 1607 1084 1646; baseline -0.004 -8"><span class='ocrx_word' id='word_1_414' title='bbox 256 1618 402 1646; x_wconf 89' lang='lat' dir='ltr'>corporeo</span> <span class='ocrx_word' id='word_1_415' title='bbox 422 1618 505 1645; x_wconf 78' lang='lat' dir='ltr'>casn,</span> <span class='ocrx_word' id='word_1_416' title='bbox 535 1610 589 1637; x_wconf 87' lang='lat' dir='ltr'>sed</span> <span class='ocrx_word' id='word_1_417' title='bbox 617 1617 653 1638; x_wconf 86' lang='lat' dir='ltr'>ex</span> <span class='ocrx_word' id='word_1_418' title='bbox 675 1617 824 1645; x_wconf 83' lang='lat' dir='ltr'>aquarum</span> <span class='ocrx_word' id='word_1_419' title='bbox 851 1608 981 1637; x_wconf 83' lang='lat' dir='ltr'>eﬂluvio.</span> <span class='ocrx_word' id='word_1_420' title='bbox 1001 1607 1084 1636; x_wconf 87' lang='lat' dir='ltr'>Unde</span> 
     </span>
    </p>
   </div>
   <div class='ocr_carea' id='block_1_63' title="bbox 257 1651 1085 1690">
    <p class='ocr_par' dir='ltr' id='par_1_63' title="bbox 257 1651 1085 1690">
     <span class='ocr_line' id='line_1_63' title="bbox 257 1651 1085 1690; baseline -0.002 -8"><span class='ocrx_word' id='word_1_421' title='bbox 257 1657 360 1683; x_wconf 79' lang='lat' dir='ltr'>autem</span> <span class='ocrx_word' id='word_1_422' title='bbox 384 1654 453 1688; x_wconf 87' lang='lat' dir='ltr'>hoc,</span> <span class='ocrx_word' id='word_1_423' title='bbox 480 1654 672 1690; x_wconf 88' lang='lat' dir='ltr'>patefaciam.</span> <span class='ocrx_word' id='word_1_424' title='bbox 697 1653 828 1681; x_wconf 87' lang='lat' dir='ltr'>Plurima</span> <span class='ocrx_word' id='word_1_425' title='bbox 853 1653 930 1681; x_wconf 87' lang='lat' dir='ltr'>nivis</span> <span class='ocrx_word' id='word_1_426' title='bbox 964 1651 1085 1680; x_wconf 86' lang='lat' dir='ltr'>emissio</span> 
     </span>
    </p>
   </div>
   <div class='ocr_carea' id='block_1_64' title="bbox 257 1696 1086 1733">
    <p class='ocr_par' dir='ltr' id='par_1_64' title="bbox 257 1696 1086 1733">
     <span class='ocr_line' id='line_1_64' title="bbox 257 1696 1086 1733; baseline -0.002 -7"><span class='ocrx_word' id='word_1_427' title='bbox 257 1698 337 1726; x_wconf 88' lang='lat' dir='ltr'>facta.</span> <span class='ocrx_word' id='word_1_428' title='bbox 350 1701 394 1726; x_wconf 86' lang='lat' dir='ltr'>est</span> <span class='ocrx_word' id='word_1_429' title='bbox 410 1698 440 1726; x_wconf 94' lang='lat' dir='ltr'>in</span> <span class='ocrx_word' id='word_1_430' title='bbox 454 1700 589 1726; x_wconf 89' lang='lat' dir='ltr'>nostram</span> <span class='ocrx_word' id='word_1_431' title='bbox 609 1697 764 1733; x_wconf 87' lang='lat' dir='ltr'>paludem.</span> <span class='ocrx_word' id='word_1_432' title='bbox 786 1698 849 1730; x_wconf 88' lang='lat' dir='ltr'>Qua</span> <span class='ocrx_word' id='word_1_433' title='bbox 864 1696 1001 1724; x_wconf 85' lang='lat' dir='ltr'>nondum</span> <span class='ocrx_word' id='word_1_434' title='bbox 1018 1703 1086 1724; x_wconf 89' lang='lat' dir='ltr'>con-</span> 
     </span>
    </p>
   </div>
   <div class='ocr_carea' id='block_1_65' title="bbox 259 1740 1087 1779">
    <p class='ocr_par' dir='ltr' id='par_1_65' title="bbox 259 1740 1087 1779">
     <span class='ocr_line' id='line_1_65' title="bbox 259 1740 1087 1779; baseline -0.004 -8"><span class='ocrx_word' id='word_1_435' title='bbox 259 1743 368 1778; x_wconf 84' lang='lat' dir='ltr'>gelata,</span> <span class='ocrx_word' id='word_1_436' title='bbox 381 1742 555 1779; x_wconf 83' lang='lat' dir='ltr'>supervenit</span> <span class='ocrx_word' id='word_1_437' title='bbox 568 1743 676 1769; x_wconf 84' lang='lat' dir='ltr'>ventus</span> <span class='ocrx_word' id='word_1_438' title='bbox 699 1741 826 1776; x_wconf 86' lang='lat' dir='ltr'>calidus,</span> <span class='ocrx_word' id='word_1_439' title='bbox 843 1740 993 1776; x_wconf 89' lang='lat' dir='ltr'>simulque</span> <span class='ocrx_word' id='word_1_440' title='bbox 1007 1740 1087 1768; x_wconf 83' lang='lat' dir='ltr'>cadit</span> 
     </span>
    </p>
   </div>
   <div class='ocr_carea' id='block_1_66' title="bbox 259 1785 1088 1821">
    <p class='ocr_par' dir='ltr' id='par_1_66' title="bbox 259 1785 1088 1821">
     <span class='ocr_line' id='line_1_66' title="bbox 259 1785 1088 1821; baseline -0.004 -6"><span class='ocrx_word' id='word_1_441' title='bbox 259 1787 399 1816; x_wconf 84' lang='lat' dir='ltr'>australis</span> <span class='ocrx_word' id='word_1_442' title='bbox 429 1787 537 1816; x_wconf 90' lang='lat' dir='ltr'>imber.</span> <span class='ocrx_word' id='word_1_443' title='bbox 566 1788 664 1819; x_wconf 85' lang='lat' dir='ltr'>Quare</span> <span class='ocrx_word' id='word_1_444' title='bbox 687 1786 786 1814; x_wconf 89' lang='lat' dir='ltr'>subita</span> <span class='ocrx_word' id='word_1_445' title='bbox 803 1785 999 1821; x_wconf 81' lang='lat' dir='ltr'>confertaque</span> <span class='ocrx_word' id='word_1_446' title='bbox 1022 1787 1088 1813; x_wconf 85' lang='lat' dir='ltr'>orta</span> 
     </span>
    </p>
   </div>
   <div class='ocr_carea' id='block_1_67' title="bbox 259 1829 1087 1868">
    <p class='ocr_par' dir='ltr' id='par_1_67' title="bbox 259 1829 1087 1868">
     <span class='ocr_line' id='line_1_67' title="bbox 259 1829 1087 1868; baseline -0.004 -8"><span class='ocrx_word' id='word_1_447' title='bbox 259 1832 483 1868; x_wconf 84' lang='lat' dir='ltr'>liquefactione,</span> <span class='ocrx_word' id='word_1_448' title='bbox 511 1831 652 1859; x_wconf 79' lang='lat' dir='ltr'>immensi</span> <span class='ocrx_word' id='word_1_449' title='bbox 679 1831 753 1858; x_wconf 88' lang='lat' dir='ltr'>moti</span> <span class='ocrx_word' id='word_1_450' title='bbox 783 1832 852 1858; x_wconf 92' lang='lat' dir='ltr'>sunt</span> <span class='ocrx_word' id='word_1_451' title='bbox 876 1829 994 1864; x_wconf 87' lang='lat' dir='ltr'>ﬂuctus,</span> <span class='ocrx_word' id='word_1_452' title='bbox 1017 1837 1087 1857; x_wconf 91' lang='lat' dir='ltr'>cum</span> 
     </span>
    </p>
   </div>
   <div class='ocr_carea' id='block_1_68' title="bbox 260 1874 1087 1913">
    <p class='ocr_par' dir='ltr' id='par_1_68' title="bbox 260 1874 1087 1913">
     <span class='ocr_line' id='line_1_68' title="bbox 260 1874 1087 1913; baseline -0.005 -8"><span class='ocrx_word' id='word_1_453' title='bbox 260 1877 384 1913; x_wconf 91' lang='lat' dir='ltr'>perenni</span> <span class='ocrx_word' id='word_1_454' title='bbox 414 1876 506 1904; x_wconf 89' lang='lat' dir='ltr'>ﬂuvio</span> <span class='ocrx_word' id='word_1_455' title='bbox 530 1875 674 1912; x_wconf 83' lang='lat' dir='ltr'>permisti,</span> <span class='ocrx_word' id='word_1_456' title='bbox 697 1883 732 1903; x_wconf 91' lang='lat' dir='ltr'>ac</span> <span class='ocrx_word' id='word_1_457' title='bbox 759 1874 961 1902; x_wconf 84' lang='lat' dir='ltr'>exundatione</span> <span class='ocrx_word' id='word_1_458' title='bbox 991 1882 1087 1910; x_wconf 89' lang='lat' dir='ltr'>eaque</span> 
     </span>
    </p>
   </div>
   <div class='ocr_carea' id='block_1_69' title="bbox 260 1919 1087 1958">
    <p class='ocr_par' dir='ltr' id='par_1_69' title="bbox 260 1919 1087 1958">
     <span class='ocr_line' id='line_1_69' title="bbox 260 1919 1087 1958; baseline -0.004 -8"><span class='ocrx_word' id='word_1_459' title='bbox 260 1923 443 1958; x_wconf 90' lang='lat' dir='ltr'>personante</span> <span class='ocrx_word' id='word_1_460' title='bbox 455 1924 632 1956; x_wconf 88' lang='lat' dir='ltr'>superantes</span> <span class='ocrx_word' id='word_1_461' title='bbox 644 1923 706 1948; x_wconf 89' lang='lat' dir='ltr'>tum</span> <span class='ocrx_word' id='word_1_462' title='bbox 727 1919 862 1955; x_wconf 83' lang='lat' dir='ltr'>linguam</span> <span class='ocrx_word' id='word_1_463' title='bbox 877 1921 941 1948; x_wconf 86' lang='lat' dir='ltr'>tum</span> <span class='ocrx_word' id='word_1_464' title='bbox 953 1919 1087 1947; x_wconf 88' lang='lat' dir='ltr'>oculum.</span> 
     </span>
    </p>
   </div>
   <div class='ocr_carea' id='block_1_70' title="bbox 260 1963 1089 2002">
    <p class='ocr_par' dir='ltr' id='par_1_70' title="bbox 260 1963 1089 2002">
     <span class='ocr_line' id='line_1_70' title="bbox 260 1963 1089 2002; baseline -0.001 -10"><span class='ocrx_word' id='word_1_465' title='bbox 260 1966 288 1993; x_wconf 87' lang='lat' dir='ltr'>Is</span> <span class='ocrx_word' id='word_1_466' title='bbox 303 1968 349 1994; x_wconf 88' lang='lat' dir='ltr'>est</span> <span class='ocrx_word' id='word_1_467' title='bbox 360 1965 413 2002; x_wconf 90' lang='lat' dir='ltr'>qui</span> <span class='ocrx_word' id='word_1_468' title='bbox 423 1965 512 1993; x_wconf 87' lang='lat' dir='ltr'>nobis</span> <span class='ocrx_word' id='word_1_469' title='bbox 527 1967 606 1993; x_wconf 87' lang='lat' dir='ltr'>sorte</span> <span class='ocrx_word' id='word_1_470' title='bbox 623 1964 729 1999; x_wconf 82' lang='lat' dir='ltr'>obtigit</span> <span class='ocrx_word' id='word_1_471' title='bbox 742 1963 858 1991; x_wconf 88' lang='lat' dir='ltr'>vicinus</span> <span class='ocrx_word' id='word_1_472' title='bbox 874 1963 993 1997; x_wconf 86' lang='lat' dir='ltr'>ﬂuvius,</span> <span class='ocrx_word' id='word_1_473' title='bbox 1007 1971 1089 1991; x_wconf 91' lang='lat' dir='ltr'>ema-</span> 
     </span>
    </p>
   </div>
   <div class='ocr_carea' id='block_1_71' title="bbox 261 2007 1089 2045">
    <p class='ocr_par' dir='ltr' id='par_1_71' title="bbox 261 2007 1089 2045">
     <span class='ocr_line' id='line_1_71' title="bbox 261 2007 1089 2045; baseline -0.004 -7"><span class='ocrx_word' id='word_1_474' title='bbox 261 2017 340 2038; x_wconf 89' lang='lat' dir='ltr'>nans</span> <span class='ocrx_word' id='word_1_475' title='bbox 365 2010 488 2045; x_wconf 89' lang='lat' dir='ltr'>quidem</span> <span class='ocrx_word' id='word_1_476' title='bbox 511 2017 547 2037; x_wconf 80' lang='lat' dir='ltr'>ex</span> <span class='ocrx_word' id='word_1_477' title='bbox 571 2009 722 2043; x_wconf 85' lang='lat' dir='ltr'>Armenia,</span> <span class='ocrx_word' id='word_1_478' title='bbox 737 2007 926 2036; x_wconf 90' lang='lat' dir='ltr'>descendens</span> <span class='ocrx_word' id='word_1_479' title='bbox 953 2015 1022 2036; x_wconf 85' lang='lat' dir='ltr'>vero</span> <span class='ocrx_word' id='word_1_480' title='bbox 1049 2007 1089 2035; x_wconf 87' lang='lat' dir='ltr'>ad</span> 
     </span>
    </p>
   </div>
   <div class='ocr_carea' id='block_1_72' title="bbox 262 2053 1089 2089">
    <p class='ocr_par' dir='ltr' id='par_1_72' title="bbox 262 2053 1089 2089">
     <span class='ocr_line' id='line_1_72' title="bbox 262 2053 1089 2089; baseline -0.002 -7"><span class='ocrx_word' id='word_1_481' title='bbox 262 2054 499 2082; x_wconf 86' lang='lat' dir='ltr'>sacratissimum</span> <span class='ocrx_word' id='word_1_482' title='bbox 511 2053 613 2082; x_wconf 84' lang='lat' dir='ltr'>laeum</span> <span class='ocrx_word' id='word_1_483' title='bbox 627 2053 871 2087; x_wconf 87' lang='lat' dir='ltr'>Sebastenorum,</span> <span class='ocrx_word' id='word_1_484' title='bbox 881 2053 909 2080; x_wconf 89' lang='lat' dir='ltr'>in</span> <span class='ocrx_word' id='word_1_485' title='bbox 920 2060 1010 2089; x_wconf 90' lang='lat' dir='ltr'>quem</span> <span class='ocrx_word' id='word_1_486' title='bbox 1020 2060 1089 2080; x_wconf 89' lang='lat' dir='ltr'>vere</span> 
     </span>
    </p>
   </div>
   <div class='ocr_carea' id='block_1_73' title="bbox 261 2096 1091 2134">
    <p class='ocr_par' dir='ltr' id='par_1_73' title="bbox 261 2096 1091 2134">
     <span class='ocr_line' id='line_1_73' title="bbox 261 2096 1091 2134; baseline -0.001 -9"><span class='ocrx_word' id='word_1_487' title='bbox 261 2097 420 2132; x_wconf 86' lang='lat' dir='ltr'>nominati,</span> <span class='ocrx_word' id='word_1_488' title='bbox 448 2106 484 2125; x_wconf 85' lang='lat' dir='ltr'>ac</span> <span class='ocrx_word' id='word_1_489' title='bbox 509 2097 648 2133; x_wconf 85' lang='lat' dir='ltr'>generosi</span> <span class='ocrx_word' id='word_1_490' title='bbox 670 2097 871 2134; x_wconf 81' lang='lat' dir='ltr'>quadraginta</span> <span class='ocrx_word' id='word_1_491' title='bbox 908 2096 1012 2125; x_wconf 91' lang='lat' dir='ltr'>Christi</span> <span class='ocrx_word' id='word_1_492' title='bbox 1037 2096 1091 2124; x_wconf 92' lang='lat' dir='ltr'>mi-</span> 
     </span>
    </p>
   </div>
   <div class='ocr_carea' id='block_1_74' title="bbox 262 2140 1090 2178">
    <p class='ocr_par' dir='ltr' id='par_1_74' title="bbox 262 2140 1090 2178">
     <span class='ocr_line' id='line_1_74' title="bbox 262 2140 1090 2178; baseline -0.004 -7"><span class='ocrx_word' id='word_1_493' title='bbox 262 2143 338 2178; x_wconf 87' lang='lat' dir='ltr'>lites,</span> <span class='ocrx_word' id='word_1_494' title='bbox 349 2142 432 2177; x_wconf 78' lang='lat' dir='ltr'>gravi</span> <span class='ocrx_word' id='word_1_495' title='bbox 447 2143 540 2170; x_wconf 88' lang='lat' dir='ltr'>borea</span> <span class='ocrx_word' id='word_1_496' title='bbox 564 2142 654 2170; x_wconf 86' lang='lat' dir='ltr'>ﬂante</span> <span class='ocrx_word' id='word_1_497' title='bbox 670 2141 754 2169; x_wconf 79' lang='lat' dir='ltr'>inﬁxi</span> <span class='ocrx_word' id='word_1_498' title='bbox 775 2143 856 2169; x_wconf 89' lang='lat' dir='ltr'>sunt.</span> <span class='ocrx_word' id='word_1_499' title='bbox 880 2143 921 2168; x_wconf 87' lang='lat' dir='ltr'>Ac</span> <span class='ocrx_word' id='word_1_500' title='bbox 939 2140 1009 2168; x_wconf 91' lang='lat' dir='ltr'>inde</span> <span class='ocrx_word' id='word_1_501' title='bbox 1027 2140 1090 2172; x_wconf 87' lang='lat' dir='ltr'>(ad-</span> 
     </span>
    </p>
   </div>
   <div class='ocr_carea' id='block_1_75' title="bbox 262 2184 1086 2223">
    <p class='ocr_par' dir='ltr' id='par_1_75' title="bbox 262 2184 1086 2223">
     <span class='ocr_line' id='line_1_75' title="bbox 262 2184 1086 2223; baseline 0 -8"><span class='ocrx_word' id='word_1_502' title='bbox 262 2188 345 2216; x_wconf 89' lang='lat' dir='ltr'>mitte</span> <span class='ocrx_word' id='word_1_503' title='bbox 359 2195 418 2221; x_wconf 89' lang='lat' dir='ltr'>me,</span> <span class='ocrx_word' id='word_1_504' title='bbox 435 2187 547 2223; x_wconf 91' lang='lat' dir='ltr'>optime</span> <span class='ocrx_word' id='word_1_505' title='bbox 558 2187 732 2223; x_wconf 86' lang='lat' dir='ltr'>imperator,</span> <span class='ocrx_word' id='word_1_506' title='bbox 747 2194 817 2214; x_wconf 86' lang='lat' dir='ltr'>vera</span> <span class='ocrx_word' id='word_1_507' title='bbox 832 2185 990 2215; x_wconf 84' lang='lat' dir='ltr'>dicentem)</span> <span class='ocrx_word' id='word_1_508' title='bbox 1000 2184 1086 2221; x_wconf 71' lang='grc'>467</span> 
     </span>
    </p>
   </div>
   <div class='ocr_carea' id='block_1_76' title="bbox 261 2229 1090 2266">
    <p class='ocr_par' dir='ltr' id='par_1_76' title="bbox 261 2229 1090 2266">
     <span class='ocr_line' id='line_1_76' title="bbox 261 2229 1090 2266; baseline -0.004 -6"><span class='ocrx_word' id='word_1_509' title='bbox 261 2233 310 2261; x_wconf 87' lang='lat' dir='ltr'>ille</span> <span class='ocrx_word' id='word_1_510' title='bbox 338 2233 447 2260; x_wconf 87' lang='lat' dir='ltr'>ﬂuvius</span> <span class='ocrx_word' id='word_1_511' title='bbox 464 2231 654 2260; x_wconf 79' lang='lat' dir='ltr'>circumdans</span> <span class='ocrx_word' id='word_1_512' title='bbox 676 2239 742 2265; x_wconf 86' lang='lat' dir='ltr'>nos,</span> <span class='ocrx_word' id='word_1_513' title='bbox 758 2230 837 2258; x_wconf 86' lang='lat' dir='ltr'>velut</span> <span class='ocrx_word' id='word_1_514' title='bbox 863 2237 935 2265; x_wconf 83' lang='lat' dir='ltr'>gens</span> <span class='ocrx_word' id='word_1_515' title='bbox 946 2229 1090 2266; x_wconf 63' lang='lat' dir='ltr'>quaedam</span> 
     </span>
    </p>
   </div>
   <div class='ocr_carea' id='block_1_77' title="bbox 1216 1516 1858 1555">
    <p class='ocr_par' dir='ltr' id='par_1_77' title="bbox 1216 1516 1858 1555">
     <span class='ocr_line' id='line_1_77' title="bbox 1216 1516 1858 1555; baseline 0.002 -11"><span class='ocrx_word' id='word_1_516' title='bbox 1216 1518 1349 1549; x_wconf 84' lang='grc' dir='ltr'>Βασίλειος</span> <span class='ocrx_word' id='word_1_517' title='bbox 1359 1522 1395 1554; x_wconf 84' lang='grc' dir='ltr'>τῷ</span> <span class='ocrx_word' id='word_1_518' title='bbox 1409 1518 1513 1555; x_wconf 83' lang='grc' dir='ltr'>μεγάλῳ</span> <span class='ocrx_word' id='word_1_519' title='bbox 1529 1517 1635 1555; x_wconf 82' lang='grc' dir='ltr'>βασιλεῖ</span> <span class='ocrx_word' id='word_1_520' title='bbox 1643 1519 1701 1554; x_wconf 74' lang='grc'>(31)</span> <span class='ocrx_word' id='word_1_521' title='bbox 1719 1516 1858 1545; x_wconf 83' lang='grc' dir='ltr'>Θεοδοσίω.</span> 
     </span>
    </p>
   </div>
   <div class='ocr_carea' id='block_1_78' title="bbox 1175 1562 1914 1600">
    <p class='ocr_par' dir='ltr' id='par_1_78' title="bbox 1175 1562 1914 1600">
     <span class='ocr_line' id='line_1_78' title="bbox 1175 1562 1914 1600; baseline -0.003 -11"><span class='ocrx_word' id='word_1_522' title='bbox 1175 1563 1260 1593; x_wconf 64' lang='lat' dir='ltr'>milia;</span> <span class='ocrx_word' id='word_1_523' title='bbox 1287 1562 1421 1592; x_wconf 77' lang='grc' dir='ltr'>ἀπήντησε</span> <span class='ocrx_word' id='word_1_524' title='bbox 1434 1566 1464 1592; x_wconf 84' lang='grc' dir='ltr'>τῆ</span> <span class='ocrx_word' id='word_1_525' title='bbox 1485 1563 1544 1589; x_wconf 78' lang='grc' dir='ltr'>καθ’</span> <span class='ocrx_word' id='word_1_526' title='bbox 1562 1564 1640 1599; x_wconf 78' lang='grc' dir='ltr'>ἡμᾶς,</span> <span class='ocrx_word' id='word_1_527' title='bbox 1660 1566 1749 1600; x_wconf 72' lang='grc' dir='ltr'>χώρᾳ,</span> <span class='ocrx_word' id='word_1_528' title='bbox 1765 1562 1809 1589; x_wconf 76' lang='grc' dir='ltr'>οὐκ</span> <span class='ocrx_word' id='word_1_529' title='bbox 1829 1571 1854 1588; x_wconf 73' lang='grc' dir='ltr'>εκ</span> <span class='ocrx_word' id='word_1_530' title='bbox 1874 1570 1914 1587; x_wconf 81' lang='grc' dir='ltr'>σω-</span> 
     </span>
    </p>
   </div>
   <div class='ocr_carea' id='block_1_79' title="bbox 1139 1606 1914 1644">
    <p class='ocr_par' dir='ltr' id='par_1_79' title="bbox 1139 1606 1914 1644">
     <span class='ocr_line' id='line_1_79' title="bbox 1139 1606 1914 1644; baseline -0.006 -10"><span class='ocrx_word' id='word_1_531' title='bbox 1139 1612 1251 1644; x_wconf 79' lang='grc' dir='ltr'>ματικῆς</span> <span class='ocrx_word' id='word_1_532' title='bbox 1284 1610 1455 1644; x_wconf 76' lang='grc' dir='ltr'>περιπετείας,</span> <span class='ocrx_word' id='word_1_533' title='bbox 1486 1606 1539 1633; x_wconf 77' lang='grc' dir='ltr'>ἀλλ’</span> <span class='ocrx_word' id='word_1_534' title='bbox 1565 1607 1592 1639; x_wconf 72' lang='grc' dir='ltr'><strong>ἐξ</strong></span> <span class='ocrx_word' id='word_1_535' title='bbox 1626 1606 1731 1634; x_wconf 72' lang='grc' dir='ltr'>ὑδάτων</span> <span class='ocrx_word' id='word_1_536' title='bbox 1771 1606 1914 1644; x_wconf 74' lang='grc' dir='ltr'>ἐπιρρύσεως.</span> 
     </span>
    </p>
   </div>
   <div class='ocr_carea' id='block_1_80' title="bbox 1140 1650 1915 1688">
    <p class='ocr_par' dir='ltr' id='par_1_80' title="bbox 1140 1650 1915 1688">
     <span class='ocr_line' id='line_1_80' title="bbox 1140 1650 1915 1688; baseline 0.001 -10"><span class='ocrx_word' id='word_1_537' title='bbox 1140 1653 1220 1678; x_wconf 81' lang='grc' dir='ltr'>Πόθεν</span> <span class='ocrx_word' id='word_1_538' title='bbox 1252 1651 1282 1678; x_wconf 76' lang='grc' dir='ltr'>δὲ</span> <span class='ocrx_word' id='word_1_539' title='bbox 1317 1655 1404 1685; x_wconf 78' lang='grc' dir='ltr'>τοῦτο,</span> <span class='ocrx_word' id='word_1_540' title='bbox 1441 1650 1563 1680; x_wconf 81' lang='grc' dir='ltr'>δηλώσω.</span> <span class='ocrx_word' id='word_1_541' title='bbox 1595 1654 1687 1688; x_wconf 76' lang='grc' dir='ltr'>Γέγονε</span> <span class='ocrx_word' id='word_1_542' title='bbox 1716 1650 1838 1679; x_wconf 80' lang='grc' dir='ltr'>καταϐολὴ</span> <span class='ocrx_word' id='word_1_543' title='bbox 1869 1651 1915 1685; x_wconf 67' lang='grc' dir='ltr'>χιό·</span> 
     </span>
    </p>
   </div>
   <div class='ocr_carea' id='block_1_81' title="bbox 1139 1692 1916 1733">
    <p class='ocr_par' dir='ltr' id='par_1_81' title="bbox 1139 1692 1916 1733">
     <span class='ocr_line' id='line_1_81' title="bbox 1139 1692 1916 1733; baseline -0.001 -11"><span class='ocrx_word' id='word_1_544' title='bbox 1139 1707 1187 1722; x_wconf 88' lang='grc' dir='ltr'>νων</span> <span class='ocrx_word' id='word_1_545' title='bbox 1205 1697 1260 1731; x_wconf 80' lang='grc'>(32)</span> <span class='ocrx_word' id='word_1_546' title='bbox 1287 1696 1367 1726; x_wconf 83' lang='grc' dir='ltr'>πολλὴ</span> <span class='ocrx_word' id='word_1_547' title='bbox 1390 1700 1421 1725; x_wconf 86' lang='grc' dir='ltr'><em>τῆ</em></span> <span class='ocrx_word' id='word_1_548' title='bbox 1438 1696 1496 1723; x_wconf 83' lang='grc' dir='ltr'>καθ’</span> <span class='ocrx_word' id='word_1_549' title='bbox 1512 1697 1582 1733; x_wconf 79' lang='grc' dir='ltr'>ἡμᾶς</span> <span class='ocrx_word' id='word_1_550' title='bbox 1602 1696 1691 1733; x_wconf 80' lang='grc' dir='ltr'>λίμνῃ.</span> <span class='ocrx_word' id='word_1_551' title='bbox 1709 1699 1792 1726; x_wconf 78' lang='grc' dir='ltr'>Μήτι-ω</span> <span class='ocrx_word' id='word_1_552' title='bbox 1811 1693 1838 1721; x_wconf 71' lang='lat' dir='ltr'>ci&quot;:</span> <span class='ocrx_word' id='word_1_553' title='bbox 1852 1692 1916 1721; x_wconf 66' lang='grc' dir='ltr'>ωὶτὶς</span> 
     </span>
    </p>
   </div>
   <div class='ocr_carea' id='block_1_82' title="bbox 1140 1738 1914 1779">
    <p class='ocr_par' dir='ltr' id='par_1_82' title="bbox 1140 1738 1914 1779">
     <span class='ocr_line' id='line_1_82' title="bbox 1140 1738 1914 1779; baseline 0.001 -13"><span class='ocrx_word' id='word_1_554' title='bbox 1140 1740 1384 1779; x_wconf 81' lang='grc' dir='ltr'>κρυσταλλωθείσης</span> <span class='ocrx_word' id='word_1_555' title='bbox 1411 1742 1476 1775; x_wconf 67' lang='lat'>(33‘,</span> <span class='ocrx_word' id='word_1_556' title='bbox 1511 1741 1654 1776; x_wconf 81' lang='grc' dir='ltr'>ἐπιγίνεται</span> <span class='ocrx_word' id='word_1_557' title='bbox 1694 1745 1793 1777; x_wconf 76' lang='grc' dir='ltr'>πνεῦμα</span> <span class='ocrx_word' id='word_1_558' title='bbox 1831 1738 1914 1774; x_wconf 59' lang='grc' dir='ltr'>θερμέων</span> 
     </span>
    </p>
   </div>
   <div class='ocr_carea' id='block_1_83' title="bbox 1140 1781 1915 1822">
    <p class='ocr_par' dir='ltr' id='par_1_83' title="bbox 1140 1781 1915 1822">
     <span class='ocr_line' id='line_1_83' title="bbox 1140 1781 1915 1822; baseline 0.001 -11"><span class='ocrx_word' id='word_1_559' title='bbox 1140 1788 1185 1811; x_wconf 84' lang='grc' dir='ltr'>καὶ</span> <span class='ocrx_word' id='word_1_560' title='bbox 1208 1785 1302 1822; x_wconf 75' lang='grc' dir='ltr'>ὄμϐρος</span> <span class='ocrx_word' id='word_1_561' title='bbox 1317 1787 1402 1816; x_wconf 84' lang='grc' dir='ltr'>νότιος</span> <span class='ocrx_word' id='word_1_562' title='bbox 1429 1786 1574 1821; x_wconf 79' lang='grc' dir='ltr'>συμπίπτει</span> <span class='ocrx_word' id='word_1_563' title='bbox 1599 1785 1664 1822; x_wconf 70' lang='grc' dir='ltr'>αὐτῇ</span> <span class='ocrx_word' id='word_1_564' title='bbox 1681 1785 1747 1821; x_wconf 79' lang='grc'>(34),</span> <span class='ocrx_word' id='word_1_565' title='bbox 1767 1784 1866 1821; x_wconf 82' lang='grc' dir='ltr'>Ἀθρόας</span> <span class='ocrx_word' id='word_1_566' title='bbox 1882 1781 1915 1807; x_wconf 68' lang='grc' dir='ltr'>οὖν</span> 
     </span>
    </p>
   </div>
   <div class='ocr_carea' id='block_1_84' title="bbox 1140 1827 1916 1866">
    <p class='ocr_par' dir='ltr' id='par_1_84' title="bbox 1140 1827 1916 1866">
     <span class='ocr_line' id='line_1_84' title="bbox 1140 1827 1916 1866; baseline 0 -10"><span class='ocrx_word' id='word_1_567' title='bbox 1140 1832 1278 1866; x_wconf 80' lang='grc' dir='ltr'>γενομένης</span> <span class='ocrx_word' id='word_1_568' title='bbox 1310 1833 1358 1860; x_wconf 81' lang='grc' dir='ltr'>τῆς</span> <span class='ocrx_word' id='word_1_569' title='bbox 1395 1829 1500 1864; x_wconf 77' lang='grc' dir='ltr'>τήξιως,</span> <span class='ocrx_word' id='word_1_570' title='bbox 1530 1829 1671 1856; x_wconf 80' lang='grc' dir='ltr'>ὰνείκαστα</span> <span class='ocrx_word' id='word_1_571' title='bbox 1696 1829 1798 1858; x_wconf 73' lang='grc' dir='ltr'>ἐκινήθη</span> <span class='ocrx_word' id='word_1_572' title='bbox 1820 1827 1916 1865; x_wconf 73' lang='grc' dir='ltr'>ῥεύματα</span> 
     </span>
    </p>
   </div>
   <div class='ocr_carea' id='block_1_85' title="bbox 1142 1870 1914 1911">
    <p class='ocr_par' dir='ltr' id='par_1_85' title="bbox 1142 1870 1914 1911">
     <span class='ocr_line' id='line_1_85' title="bbox 1142 1870 1914 1911; baseline -0.005 -10"><span class='ocrx_word' id='word_1_573' title='bbox 1142 1874 1238 1911; x_wconf 78' lang='grc' dir='ltr'>ἆεννάῳ</span> <span class='ocrx_word' id='word_1_574' title='bbox 1272 1878 1380 1911; x_wconf 77' lang='grc' dir='ltr'>ποταμῷ</span> <span class='ocrx_word' id='word_1_575' title='bbox 1409 1876 1647 1911; x_wconf 64' lang='grc' dir='ltr'>σννεπιμέγνύμῇα</span> <span class='ocrx_word' id='word_1_576' title='bbox 1669 1879 1706 1911; x_wconf 86' lang='grc' dir='ltr'>τῷ</span> <span class='ocrx_word' id='word_1_577' title='bbox 1734 1874 1800 1907; x_wconf 70' lang='grc' dir='ltr'>ἇλυι,</span> <span class='ocrx_word' id='word_1_578' title='bbox 1829 1870 1914 1904; x_wconf 77' lang='grc' dir='ltr'>ἐναὺλῳ.</span> 
     </span>
    </p>
   </div>
   <div class='ocr_carea' id='block_1_86' title="bbox 1142 1909 1914 1956">
    <p class='ocr_par' dir='ltr' id='par_1_86' title="bbox 1142 1909 1914 1956">
     <span class='ocr_line' id='line_1_86' title="bbox 1142 1909 1914 1956; baseline -0.005 -10"><span class='ocrx_word' id='word_1_579' title='bbox 1142 1929 1169 1946; x_wconf 73' lang='grc' dir='ltr'>τε</span> <span class='ocrx_word' id='word_1_580' title='bbox 1199 1909 1263 1954; x_wconf 73' lang='grc' dir='ltr'>ὄντι,</span> <span class='ocrx_word' id='word_1_581' title='bbox 1301 1909 1704 1956; x_wconf 19' lang='grc' dir='ltr'>ὑπέρϐαἰνονταγ(35)’7λώσσῂ</span> <span class='ocrx_word' id='word_1_582' title='bbox 1734 1920 1777 1945; x_wconf 81' lang='grc' dir='ltr'>καὶ</span> <span class='ocrx_word' id='word_1_583' title='bbox 1804 1915 1914 1952; x_wconf 57' lang='grc' dir='ltr'>ὀρθαλμῷ-</span> 
     </span>
    </p>
   </div>
   <div class='ocr_carea' id='block_1_87' title="bbox 1143 1958 1916 2000">
    <p class='ocr_par' dir='ltr' id='par_1_87' title="bbox 1143 1958 1916 2000">
     <span class='ocr_line' id='line_1_87' title="bbox 1143 1958 1916 2000; baseline -0.004 -10"><span class='ocrx_word' id='word_1_584' title='bbox 1143 1964 1225 1994; x_wconf 82' lang='grc' dir='ltr'>Οὗτος</span> <span class='ocrx_word' id='word_1_585' title='bbox 1244 1965 1256 1990; x_wconf 82' lang='grc' dir='ltr'><strong><em>ὁ</em></strong></span> <span class='ocrx_word' id='word_1_586' title='bbox 1280 1964 1369 2000; x_wconf 84' lang='grc' dir='ltr'>λαχὼν</span> <span class='ocrx_word' id='word_1_587' title='bbox 1395 1965 1458 2000; x_wconf 77' lang='grc' dir='ltr'>ἡμῖν</span> <span class='ocrx_word' id='word_1_588' title='bbox 1472 1966 1564 2000; x_wconf 79' lang='grc' dir='ltr'>γείτων</span> <span class='ocrx_word' id='word_1_589' title='bbox 1583 1966 1700 2000; x_wconf 70' lang='grc' dir='ltr'>ποταμός</span> <span class='ocrx_word' id='word_1_590' title='bbox 1715 1974 1721 1980; x_wconf 94' lang='grc'><strong>·</strong></span> <span class='ocrx_word' id='word_1_591' title='bbox 1744 1961 1862 1991; x_wconf 70' lang='grc' dir='ltr'>ἐκϐλύζων</span> <span class='ocrx_word' id='word_1_592' title='bbox 1881 1958 1916 1994; x_wconf 68' lang='grc' dir='ltr'>μὶν</span> 
     </span>
    </p>
   </div>
   <div class='ocr_carea' id='block_1_88' title="bbox 1143 2004 1915 2046">
    <p class='ocr_par' dir='ltr' id='par_1_88' title="bbox 1143 2004 1915 2046">
     <span class='ocr_line' id='line_1_88' title="bbox 1143 2004 1915 2046; baseline -0.001 -11"><span class='ocrx_word' id='word_1_593' title='bbox 1143 2009 1171 2035; x_wconf 79' lang='grc' dir='ltr'>ἐκ</span> <span class='ocrx_word' id='word_1_594' title='bbox 1185 2013 1232 2039; x_wconf 85' lang='grc' dir='ltr'>τῆς</span> <span class='ocrx_word' id='word_1_595' title='bbox 1256 2013 1305 2035; x_wconf 86' lang='grc' dir='ltr'>τῶν</span> <span class='ocrx_word' id='word_1_596' title='bbox 1327 2009 1477 2046; x_wconf 76' lang='grc' dir='ltr'>Ἀρμενίων,</span> <span class='ocrx_word' id='word_1_597' title='bbox 1506 2007 1708 2045; x_wconf 74' lang='grc' dir='ltr'>ἕκϐιϐαζὸμενος</span> <span class='ocrx_word' id='word_1_598' title='bbox 1723 2006 1752 2034; x_wconf 67' lang='grc' dir='ltr'>δὲ</span> <span class='ocrx_word' id='word_1_599' title='bbox 1775 2006 1796 2033; x_wconf 81' lang='grc' dir='ltr'>ἐν</span> <span class='ocrx_word' id='word_1_600' title='bbox 1814 2008 1842 2034; x_wconf 79' lang='grc' dir='ltr'>τῆ</span> <span class='ocrx_word' id='word_1_601' title='bbox 1858 2004 1915 2040; x_wconf 80' lang='grc' dir='ltr'>ἱερω-</span> 
     </span>
    </p>
   </div>
   <div class='ocr_carea' id='block_1_89' title="bbox 1142 2051 1915 2089">
    <p class='ocr_par' dir='ltr' id='par_1_89' title="bbox 1142 2051 1915 2089">
     <span class='ocr_line' id='line_1_89' title="bbox 1142 2051 1915 2089; baseline -0.006 -10"><span class='ocrx_word' id='word_1_602' title='bbox 1142 2055 1208 2089; x_wconf 73' lang='grc' dir='ltr'>τάτῃ</span> <span class='ocrx_word' id='word_1_603' title='bbox 1234 2053 1309 2089; x_wconf 76' lang='grc' dir='ltr'>λίμνῃ</span> <span class='ocrx_word' id='word_1_604' title='bbox 1348 2057 1398 2079; x_wconf 81' lang='grc' dir='ltr'>τῶν</span> <span class='ocrx_word' id='word_1_605' title='bbox 1424 2052 1599 2085; x_wconf 75' lang='grc' dir='ltr'>Σεϐαστηνῶν,</span> <span class='ocrx_word' id='word_1_606' title='bbox 1629 2052 1665 2084; x_wconf 76' lang='grc' dir='ltr'>εἰς</span> <span class='ocrx_word' id='word_1_607' title='bbox 1694 2052 1723 2082; x_wconf 72' lang='grc' dir='ltr'>ἢν</span> <span class='ocrx_word' id='word_1_608' title='bbox 1749 2053 1772 2078; x_wconf 89' lang='grc' dir='ltr'>οἱ</span> <span class='ocrx_word' id='word_1_609' title='bbox 1794 2051 1915 2086; x_wconf 66' lang='grc' dir='ltr'>φερώνυμα</span> 
     </span>
    </p>
   </div>
   <div class='ocr_carea' id='block_1_90' title="bbox 1143 2096 1915 2135">
    <p class='ocr_par' dir='ltr' id='par_1_90' title="bbox 1143 2096 1915 2135">
     <span class='ocr_line' id='line_1_90' title="bbox 1143 2096 1915 2135; baseline -0.01 -11"><span class='ocrx_word' id='word_1_610' title='bbox 1143 2101 1188 2125; x_wconf 83' lang='grc' dir='ltr'>καὶ</span> <span class='ocrx_word' id='word_1_611' title='bbox 1215 2101 1328 2134; x_wconf 87' lang='grc' dir='ltr'>γενναῖοι</span> <span class='ocrx_word' id='word_1_612' title='bbox 1352 2107 1549 2135; x_wconf 79' lang='grc' dir='ltr'>τεσσαρακοντα</span> <span class='ocrx_word' id='word_1_613' title='bbox 1570 2101 1617 2123; x_wconf 79' lang='grc' dir='ltr'>τοῦ</span> <span class='ocrx_word' id='word_1_614' title='bbox 1635 2100 1752 2133; x_wconf 79' lang='grc' dir='ltr'>Χριστοῦ</span> <span class='ocrx_word' id='word_1_615' title='bbox 1779 2096 1915 2131; x_wconf 81' lang='grc' dir='ltr'>στρατιῶται</span> 
     </span>
    </p>
   </div>
   <div class='ocr_carea' id='block_1_91' title="bbox 1145 2135 1915 2182">
    <p class='ocr_par' dir='ltr' id='par_1_91' title="bbox 1145 2135 1915 2182">
     <span class='ocr_line' id='line_1_91' title="bbox 1145 2135 1915 2182; baseline -0.013 -13"><span class='ocrx_word' id='word_1_616' title='bbox 1145 2142 1238 2180; x_wconf 84' lang='grc' dir='ltr'>βορέου</span> <span class='ocrx_word' id='word_1_617' title='bbox 1269 2140 1354 2168; x_wconf 79' lang='grc' dir='ltr'>δεινοῦ</span> <span class='ocrx_word' id='word_1_618' title='bbox 1378 2143 1534 2172; x_wconf 80' lang='grc' dir='ltr'>πνεύσαντος</span> <span class='ocrx_word' id='word_1_619' title='bbox 1554 2142 1609 2177; x_wconf 80' lang='grc'>(36)</span> <span class='ocrx_word' id='word_1_620' title='bbox 1631 2141 1798 2178; x_wconf 67' lang='grc' dir='ltr'>ἐνεπαρησαν.</span> <span class='ocrx_word' id='word_1_621' title='bbox 1815 2135 1915 2182; x_wconf 54' lang='lat' dir='ltr'>maca</span> 
     </span>
    </p>
   </div>
   <div class='ocr_carea' id='block_1_92' title="bbox 1146 2182 1914 2224">
    <p class='ocr_par' dir='ltr' id='par_1_92' title="bbox 1146 2182 1914 2224">
     <span class='ocr_line' id='line_1_92' title="bbox 1146 2182 1914 2224; baseline -0.003 -11"><span class='ocrx_word' id='word_1_622' title='bbox 1146 2186 1231 2223; x_wconf 79' lang='grc' dir='ltr'>(δέξαι</span> <span class='ocrx_word' id='word_1_623' title='bbox 1259 2197 1290 2223; x_wconf 84' lang='grc' dir='ltr'>με</span> <span class='ocrx_word' id='word_1_624' title='bbox 1327 2188 1356 2213; x_wconf 80' lang='grc' dir='ltr'>τὸ</span> <span class='ocrx_word' id='word_1_625' title='bbox 1379 2186 1473 2217; x_wconf 67' lang='grc' dir='ltr'>ἀληθὲς</span> <span class='ocrx_word' id='word_1_626' title='bbox 1505 2186 1621 2222; x_wconf 80' lang='grc' dir='ltr'>λέγοντα,</span> <span class='ocrx_word' id='word_1_627' title='bbox 1653 2184 1786 2224; x_wconf 83' lang='grc' dir='ltr'>κράτιστε)</span> <span class='ocrx_word' id='word_1_628' title='bbox 1815 2182 1914 2224; x_wconf 40' lang='grc' dir='ltr'>οὗτος-ο</span> 
     </span>
    </p>
   </div>
   <div class='ocr_carea' id='block_1_93' title="bbox 1143 2222 1915 2269">
    <p class='ocr_par' dir='ltr' id='par_1_93' title="bbox 1143 2222 1915 2269">
     <span class='ocr_line' id='line_1_93' title="bbox 1143 2222 1915 2269; baseline -0.012 -12"><span class='ocrx_word' id='word_1_629' title='bbox 1143 2231 1304 2269; x_wconf 77' lang='grc' dir='ltr'>περικυκλῶν</span> <span class='ocrx_word' id='word_1_630' title='bbox 1333 2232 1404 2268; x_wconf 80' lang='grc' dir='ltr'>ἡμᾶς</span> <span class='ocrx_word' id='word_1_631' title='bbox 1431 2233 1517 2268; x_wconf 82' lang='grc' dir='ltr'>ὥσπερ</span> <span class='ocrx_word' id='word_1_632' title='bbox 1546 2231 1616 2262; x_wconf 85' lang='grc' dir='ltr'>ἔθνος</span> <span class='ocrx_word' id='word_1_633' title='bbox 1642 2222 1761 2267; x_wconf 78' lang='grc' dir='ltr'>πολέμιον</span> <span class='ocrx_word' id='word_1_634' title='bbox 1787 2222 1915 2269; x_wconf 19' lang='grc' dir='ltr'>*ῶννφοϐε-</span> 
     </span>
    </p>
   </div>
   <div class='ocr_carea' id='block_1_94' title="bbox 263 2268 1081 2314">
    <p class='ocr_par' dir='ltr' id='par_1_94' title="bbox 263 2275 1079 2312">
     <span class='ocr_line' id='line_1_94' title="bbox 263 2275 1079 2312; baseline -0.004 -8"><span class='ocrx_word' id='word_1_635' title='bbox 263 2277 387 2305; x_wconf 86' lang='lat' dir='ltr'>inimica</span> <span class='ocrx_word' id='word_1_636' title='bbox 408 2279 437 2304; x_wconf 88' lang='lat' dir='ltr'>et</span> <span class='ocrx_word' id='word_1_637' title='bbox 463 2276 675 2309; x_wconf 81' lang='lat' dir='ltr'>formidabilis,</span> <span class='ocrx_word' id='word_1_638' title='bbox 704 2283 765 2304; x_wconf 90' lang='lat' dir='ltr'>non</span> <span class='ocrx_word' id='word_1_639' title='bbox 788 2282 898 2312; x_wconf 86' lang='lat' dir='ltr'>parum</span> <span class='ocrx_word' id='word_1_640' title='bbox 912 2281 969 2302; x_wconf 87' lang='lat' dir='ltr'>nos</span> <span class='ocrx_word' id='word_1_641' title='bbox 991 2275 1079 2302; x_wconf 88' lang='lat' dir='ltr'>terret</span> 
     </span>
    </p>
   </div>
   <div class='ocr_carea' id='block_1_95' title="bbox 1138 2268 1914 2314">
    <p class='ocr_par' dir='ltr' id='par_1_95' title="bbox 1145 2268 1914 2314">
     <span class='ocr_line' id='line_1_95' title="bbox 1145 2268 1914 2314; baseline 0.005 -12"><span class='ocrx_word' id='word_1_642' title='bbox 1145 2268 1206 2314; x_wconf 66' lang='grc' dir='ltr'>ρῶν⁷</span> <span class='ocrx_word' id='word_1_643' title='bbox 1227 2276 1255 2302; x_wconf 73' lang='grc' dir='ltr'>οὐ</span> <span class='ocrx_word' id='word_1_644' title='bbox 1280 2281 1377 2314; x_wconf 80' lang='grc' dir='ltr'>μικρῶς</span> <span class='ocrx_word' id='word_1_645' title='bbox 1403 2277 1474 2312; x_wconf 83' lang='grc' dir='ltr'>ἡμᾶς</span> <span class='ocrx_word' id='word_1_646' title='bbox 1497 2274 1607 2312; x_wconf 76' lang='grc' dir='ltr'>ἐκφοϐεῖ.</span> <span class='ocrx_word' id='word_1_647' title='bbox 1635 2278 1703 2302; x_wconf 76' lang='grc' dir='ltr'>Ποσὶ</span> <span class='ocrx_word' id='word_1_648' title='bbox 1728 2275 1776 2311; x_wconf 81' lang='grc' dir='ltr'>γὰρ</span> <span class='ocrx_word' id='word_1_649' title='bbox 1805 2268 1914 2314; x_wconf 71' lang='grc' dir='ltr'>μηδέποῖί</span> 
     </span>
    </p>
   </div>
   <div class='ocr_carea' id='block_1_96' title="bbox 262 2318 1090 2356">
    <p class='ocr_par' dir='ltr' id='par_1_96' title="bbox 262 2318 1090 2356">
     <span class='ocr_line' id='line_1_96' title="bbox 262 2318 1090 2356; baseline -0.002 -8"><span class='ocrx_word' id='word_1_650' title='bbox 262 2321 350 2349; x_wconf 88' lang='lat' dir='ltr'>Nullo</span> <span class='ocrx_word' id='word_1_651' title='bbox 375 2321 457 2348; x_wconf 91' lang='lat' dir='ltr'>enim</span> <span class='ocrx_word' id='word_1_652' title='bbox 487 2328 624 2356; x_wconf 84' lang='lat' dir='ltr'>unquam</span> <span class='ocrx_word' id='word_1_653' title='bbox 649 2320 694 2348; x_wconf 88' lang='lat' dir='ltr'>vel</span> <span class='ocrx_word' id='word_1_654' title='bbox 715 2323 849 2356; x_wconf 86' lang='lat' dir='ltr'>tempore</span> <span class='ocrx_word' id='word_1_655' title='bbox 863 2318 911 2347; x_wconf 83' lang='lat' dir='ltr'>vel</span> <span class='ocrx_word' id='word_1_656' title='bbox 933 2318 1026 2347; x_wconf 89' lang='lat' dir='ltr'>modo</span> <span class='ocrx_word' id='word_1_657' title='bbox 1040 2326 1090 2354; x_wconf 90' lang='lat' dir='ltr'>pe-</span> 
     </span>
    </p>
   </div>
   <div class='ocr_carea' id='block_1_97' title="bbox 263 2363 1091 2402">
    <p class='ocr_par' dir='ltr' id='par_1_97' title="bbox 263 2363 1091 2402">
     <span class='ocr_line' id='line_1_97' title="bbox 263 2363 1091 2402; baseline -0.004 -9"><span class='ocrx_word' id='word_1_658' title='bbox 263 2365 354 2394; x_wconf 88' lang='lat' dir='ltr'>dibus</span> <span class='ocrx_word' id='word_1_659' title='bbox 382 2365 586 2401; x_wconf 88' lang='lat' dir='ltr'>permeabilis,</span> <span class='ocrx_word' id='word_1_660' title='bbox 615 2373 676 2393; x_wconf 86' lang='lat' dir='ltr'>non</span> <span class='ocrx_word' id='word_1_661' title='bbox 698 2365 842 2402; x_wconf 88' lang='lat' dir='ltr'>permittit</span> <span class='ocrx_word' id='word_1_662' title='bbox 860 2366 892 2391; x_wconf 93' lang='lat' dir='ltr'>ut</span> <span class='ocrx_word' id='word_1_663' title='bbox 912 2363 1091 2391; x_wconf 62' lang='lat' dir='ltr'>necessariis</span> 
     </span>
    </p>
   </div>
   <div class='ocr_carea' id='block_1_98' title="bbox 262 2409 1091 2445">
    <p class='ocr_par' dir='ltr' id='par_1_98' title="bbox 262 2409 1091 2445">
     <span class='ocr_line' id='line_1_98' title="bbox 262 2409 1091 2445; baseline -0.002 -8"><span class='ocrx_word' id='word_1_664' title='bbox 262 2410 351 2438; x_wconf 87' lang='lat' dir='ltr'>nobis</span> <span class='ocrx_word' id='word_1_665' title='bbox 368 2417 404 2437; x_wconf 88' lang='lat' dir='ltr'>ac</span> <span class='ocrx_word' id='word_1_666' title='bbox 419 2410 506 2437; x_wconf 88' lang='lat' dir='ltr'>utiles</span> <span class='ocrx_word' id='word_1_667' title='bbox 521 2410 671 2445; x_wconf 84' lang='lat' dir='ltr'>regiones,</span> <span class='ocrx_word' id='word_1_668' title='bbox 686 2409 884 2438; x_wconf 86' lang='lat' dir='ltr'>transvebant</span> <span class='ocrx_word' id='word_1_669' title='bbox 905 2415 1021 2436; x_wconf 85' lang='lat' dir='ltr'>merces</span> <span class='ocrx_word' id='word_1_670' title='bbox 1034 2414 1091 2444; x_wconf 92' lang='lat' dir='ltr'>op-</span> 
     </span>
    </p>
   </div>
   <div class='ocr_carea' id='block_1_99' title="bbox 262 2451 1091 2491">
    <p class='ocr_par' dir='ltr' id='par_1_99' title="bbox 262 2451 1091 2491">
     <span class='ocr_line' id='line_1_99' title="bbox 262 2451 1091 2491; baseline -0.004 -8"><span class='ocrx_word' id='word_1_671' title='bbox 262 2457 419 2491; x_wconf 87' lang='lat' dir='ltr'>portunas.</span> <span class='ocrx_word' id='word_1_672' title='bbox 440 2454 620 2488; x_wconf 85' lang='lat' dir='ltr'>Galatarum,</span> <span class='ocrx_word' id='word_1_673' title='bbox 648 2455 784 2490; x_wconf 82' lang='lat' dir='ltr'>inquam,</span> <span class='ocrx_word' id='word_1_674' title='bbox 797 2455 826 2481; x_wconf 90' lang='lat' dir='ltr'>et</span> <span class='ocrx_word' id='word_1_675' title='bbox 847 2451 1091 2489; x_wconf 84' lang='lat' dir='ltr'>Paphlagonum,</span> 
     </span>
    </p>
   </div>
   <div class='ocr_carea' id='block_1_100' title="bbox 262 2495 1092 2536">
    <p class='ocr_par' dir='ltr' id='par_1_100' title="bbox 262 2495 1092 2536">
     <span class='ocr_line' id='line_1_100' title="bbox 262 2495 1092 2536; baseline -0.004 -9"><span class='ocrx_word' id='word_1_676' title='bbox 262 2502 291 2528; x_wconf 88' lang='lat' dir='ltr'>et</span> <span class='ocrx_word' id='word_1_677' title='bbox 319 2499 626 2536; x_wconf 86' lang='lat' dir='ltr'>Hellenopontiorum,</span> <span class='ocrx_word' id='word_1_678' title='bbox 640 2506 695 2535; x_wconf 88' lang='lat' dir='ltr'>per</span> <span class='ocrx_word' id='word_1_679' title='bbox 720 2505 798 2534; x_wconf 86' lang='lat' dir='ltr'>quas</span> <span class='ocrx_word' id='word_1_680' title='bbox 815 2499 843 2525; x_wconf 92' lang='lat' dir='ltr'>et</span> <span class='ocrx_word' id='word_1_681' title='bbox 864 2505 900 2525; x_wconf 83' lang='lat' dir='ltr'>ex</span> <span class='ocrx_word' id='word_1_682' title='bbox 913 2495 1024 2533; x_wconf 83' lang='lat' dir='ltr'>quibus</span> <span class='ocrx_word' id='word_1_683' title='bbox 1039 2496 1092 2524; x_wconf 91' lang='lat' dir='ltr'>ob-</span> 
     </span>
    </p>
   </div>
   <div class='ocr_carea' id='block_1_101' title="bbox 261 2539 1091 2578">
    <p class='ocr_par' dir='ltr' id='par_1_101' title="bbox 261 2539 1091 2578">
     <span class='ocr_line' id='line_1_101' title="bbox 261 2539 1091 2578; baseline -0.005 -8"><span class='ocrx_word' id='word_1_684' title='bbox 261 2542 387 2570; x_wconf 88' lang='lat' dir='ltr'>veniunt</span> <span class='ocrx_word' id='word_1_685' title='bbox 408 2549 475 2578; x_wconf 80' lang='lat' dir='ltr'>quae</span> <span class='ocrx_word' id='word_1_686' title='bbox 497 2541 585 2569; x_wconf 90' lang='lat' dir='ltr'>nobis</span> <span class='ocrx_word' id='word_1_687' title='bbox 600 2542 670 2568; x_wconf 90' lang='lat' dir='ltr'>sunt</span> <span class='ocrx_word' id='word_1_688' title='bbox 684 2539 858 2568; x_wconf 84' lang='lat' dir='ltr'>necessaria</span> <span class='ocrx_word' id='word_1_689' title='bbox 872 2539 1023 2576; x_wconf 74' lang='lat' dir='ltr'>praecipue</span> <span class='ocrx_word' id='word_1_690' title='bbox 1037 2546 1091 2576; x_wconf 91' lang='lat' dir='ltr'>pa-</span> 
     </span>
    </p>
   </div>
   <div class='ocr_carea' id='block_1_102' title="bbox 299 2594 866 2630">
    <p class='ocr_par' dir='ltr' id='par_1_102' title="bbox 299 2594 866 2630">
     <span class='ocr_line' id='line_1_102' title="bbox 299 2594 866 2630; baseline -0.005 -6"><span class='ocrx_word' id='word_1_691' title='bbox 299 2596 307 2605; x_wconf 91' lang='lat'>&#39;</span> <span class='ocrx_word' id='word_1_692' title='bbox 323 2597 365 2624; x_wconf 84' lang='lat' dir='ltr'>Ex</span> <span class='ocrx_word' id='word_1_693' title='bbox 377 2596 513 2624; x_wconf 78' lang='lat' dir='ltr'>Monum.</span> <span class='ocrx_word' id='word_1_694' title='bbox 528 2594 614 2623; x_wconf 79' lang='lat' dir='ltr'>Eccl.</span> <span class='ocrx_word' id='word_1_695' title='bbox 626 2594 675 2622; x_wconf 85' lang='lat' dir='ltr'>Gr.</span> <span class='ocrx_word' id='word_1_696' title='bbox 691 2595 711 2622; x_wconf 90' lang='lat' dir='ltr'>t.</span> <span class='ocrx_word' id='word_1_697' title='bbox 728 2595 761 2627; x_wconf 88' lang='lat' dir='ltr'>Il,</span> <span class='ocrx_word' id='word_1_698' title='bbox 775 2601 805 2630; x_wconf 88' lang='lat' dir='ltr'>p.</span> <span class='ocrx_word' id='word_1_699' title='bbox 821 2596 866 2622; x_wconf 87' lang='lat'>97.</span> 
     </span>
    </p>
   </div>
   <div class='ocr_carea' id='block_1_103' title="bbox 298 2637 805 2676">
    <p class='ocr_par' dir='ltr' id='par_1_103' title="bbox 298 2637 805 2676">
     <span class='ocr_line' id='line_1_103' title="bbox 298 2637 805 2676; baseline -0.004 -8"><span class='ocrx_word' id='word_1_700' title='bbox 298 2640 353 2674; x_wconf 31' lang='lat'>(3‘!)</span> <span class='ocrx_word' id='word_1_701' title='bbox 369 2640 421 2669; x_wconf 83' lang='lat' dir='ltr'>Al.</span> <span class='ocrx_word' id='word_1_702' title='bbox 434 2644 468 2675; x_wconf 80' lang='grc' dir='ltr'>τῷ</span> <span class='ocrx_word' id='word_1_703' title='bbox 484 2638 589 2676; x_wconf 79' lang='grc' dir='ltr'>βασιλεῖ</span> <span class='ocrx_word' id='word_1_704' title='bbox 600 2640 726 2666; x_wconf 87' lang='lat' dir='ltr'>tantum.</span> <span class='ocrx_word' id='word_1_705' title='bbox 738 2637 805 2666; x_wconf 80' lang='lat' dir='ltr'>Cor.</span> 
     </span>
    </p>
   </div>
   <div class='ocr_carea' id='block_1_104' title="bbox 297 2684 591 2719">
    <p class='ocr_par' dir='ltr' id='par_1_104' title="bbox 297 2684 591 2719">
     <span class='ocr_line' id='line_1_104' title="bbox 297 2684 591 2719; baseline -0.01 -7"><span class='ocrx_word' id='word_1_706' title='bbox 297 2684 356 2719; x_wconf 83' lang='lat'>(32)</span> <span class='ocrx_word' id='word_1_707' title='bbox 366 2684 417 2711; x_wconf 88' lang='lat' dir='ltr'>Al.</span> <span class='ocrx_word' id='word_1_708' title='bbox 433 2687 535 2719; x_wconf 78' lang='grc' dir='ltr'>χιόνος.</span> <span class='ocrx_word' id='word_1_709' title='bbox 553 2685 591 2711; x_wconf 84' lang='lat' dir='ltr'>in.</span> 
     </span>
    </p>
   </div>
   <div class='ocr_carea' id='block_1_105' title="bbox 297 2727 786 2764">
    <p class='ocr_par' dir='ltr' id='par_1_105' title="bbox 297 2727 786 2764">
     <span class='ocr_line' id='line_1_105' title="bbox 297 2727 786 2764; baseline 0.004 -11"><span class='ocrx_word' id='word_1_710' title='bbox 297 2729 352 2763; x_wconf 83' lang='lat'>(33)</span> <span class='ocrx_word' id='word_1_711' title='bbox 364 2728 416 2756; x_wconf 83' lang='lat' dir='ltr'>Al.</span> <span class='ocrx_word' id='word_1_712' title='bbox 430 2727 581 2764; x_wconf 79' lang='grc' dir='ltr'>κρυστάλλῳ</span> <span class='ocrx_word' id='word_1_713' title='bbox 593 2729 732 2763; x_wconf 83' lang='grc' dir='ltr'>παγείσης.</span> <span class='ocrx_word' id='word_1_714' title='bbox 749 2728 786 2755; x_wconf 83' lang='lat' dir='ltr'>lD.</span> 
     </span>
    </p>
   </div>
   <div class='ocr_carea' id='block_1_106' title="bbox 296 2770 568 2807">
    <p class='ocr_par' dir='ltr' id='par_1_106' title="bbox 296 2770 568 2807">
     <span class='ocr_line' id='line_1_106' title="bbox 296 2770 568 2807; baseline 0 -8"><span class='ocrx_word' id='word_1_715' title='bbox 296 2770 354 2807; x_wconf 75' lang='lat'>(34)</span> <span class='ocrx_word' id='word_1_716' title='bbox 368 2771 416 2799; x_wconf 83' lang='lat' dir='ltr'>Al.</span> <span class='ocrx_word' id='word_1_717' title='bbox 436 2771 517 2807; x_wconf 73' lang='grc' dir='ltr'>αὐτῷ,</span> <span class='ocrx_word' id='word_1_718' title='bbox 530 2773 568 2799; x_wconf 82' lang='lat' dir='ltr'>In.</span> 
     </span>
    </p>
   </div>
   <div class='ocr_carea' id='block_1_107' title="bbox 1144 2311 1914 2358">
    <p class='ocr_par' dir='ltr' id='par_1_107' title="bbox 1144 2311 1914 2358">
     <span class='ocr_line' id='line_1_107' title="bbox 1144 2311 1914 2358; baseline -0.004 -10"><span class='ocrx_word' id='word_1_719' title='bbox 1144 2322 1327 2358; x_wconf 81' lang='grc' dir='ltr'>περαιούμενος</span> <span class='ocrx_word' id='word_1_720' title='bbox 1354 2321 1411 2357; x_wconf 81' lang='grc'>(37)</span> <span class='ocrx_word' id='word_1_721' title='bbox 1436 2321 1502 2347; x_wconf 78' lang='grc' dir='ltr'>κατά</span> <span class='ocrx_word' id='word_1_722' title='bbox 1525 2329 1584 2346; x_wconf 87' lang='grc' dir='ltr'>τινα</span> <span class='ocrx_word' id='word_1_723' title='bbox 1604 2321 1700 2358; x_wconf 83' lang='grc' dir='ltr'>χρόνον</span> <span class='ocrx_word' id='word_1_724' title='bbox 1720 2320 1735 2349; x_wconf 75' lang='grc' dir='ltr'><strong><em>ἦ</em></strong></span> <span class='ocrx_word' id='word_1_725' title='bbox 1758 2319 1853 2355; x_wconf 59' lang='grc' dir='ltr'>τρόπον,</span> <span class='ocrx_word' id='word_1_726' title='bbox 1878 2311 1914 2358; x_wconf 64' lang='grc' dir='ltr'>τάξ</span> 
     </span>
    </p>
   </div>
   <div class='ocr_carea' id='block_1_108' title="bbox 1145 2356 1914 2402">
    <p class='ocr_par' dir='ltr' id='par_1_108' title="bbox 1145 2356 1914 2402">
     <span class='ocr_line' id='line_1_108' title="bbox 1145 2356 1914 2402; baseline -0.007 -10"><span class='ocrx_word' id='word_1_727' title='bbox 1145 2356 1290 2402; x_wconf 70' lang='grc' dir='ltr'>ἀναγκαίας</span> <span class='ocrx_word' id='word_1_728' title='bbox 1303 2367 1366 2402; x_wconf 70' lang='grc' dir='ltr'>ἧμιν</span> <span class='ocrx_word' id='word_1_729' title='bbox 1385 2375 1430 2392; x_wconf 86' lang='grc' dir='ltr'>και</span> <span class='ocrx_word' id='word_1_730' title='bbox 1446 2364 1587 2396; x_wconf 69' lang='grc' dir='ltr'>λυσιτελεῖς</span> <span class='ocrx_word' id='word_1_731' title='bbox 1607 2356 1738 2401; x_wconf 72' lang='grc' dir='ltr'>πατρίδας</span> <span class='ocrx_word' id='word_1_732' title='bbox 1752 2363 1779 2389; x_wconf 81' lang='grc' dir='ltr'>οὐ</span> <span class='ocrx_word' id='word_1_733' title='bbox 1800 2356 1914 2402; x_wconf 53' lang='grc' dir='ltr'>συγχωξᾷ</span> 
     </span>
    </p>
   </div>
   <div class='ocr_carea' id='block_1_109' title="bbox 1146 2397 1911 2448">
    <p class='ocr_par' dir='ltr' id='par_1_109' title="bbox 1146 2397 1911 2448">
     <span class='ocr_line' id='line_1_109' title="bbox 1146 2397 1911 2448; baseline -0.008 -10"><span class='ocrx_word' id='word_1_734' title='bbox 1146 2397 1372 2448; x_wconf 45' lang='grc' dir='ltr'>διακομίζειν-τὰ</span> <span class='ocrx_word' id='word_1_735' title='bbox 1400 2410 1591 2448; x_wconf 72' lang='grc' dir='ltr'>ἐμπορςυὸμινα</span> <span class='ocrx_word' id='word_1_736' title='bbox 1618 2397 1761 2438; x_wconf 65' lang='grc' dir='ltr'>ἐπιτήδεια.</span> <span class='ocrx_word' id='word_1_737' title='bbox 1797 2407 1858 2439; x_wconf 63' lang='lat' dir='ltr'>Afyw</span> <span class='ocrx_word' id='word_1_738' title='bbox 1885 2397 1911 2426; x_wconf 73' lang='grc' dir='ltr'>δὴ</span> 
     </span>
    </p>
   </div>
   <div class='ocr_carea' id='block_1_110' title="bbox 1145 2449 1912 2491">
    <p class='ocr_par' dir='ltr' id='par_1_110' title="bbox 1145 2449 1912 2491">
     <span class='ocr_line' id='line_1_110' title="bbox 1145 2449 1912 2491; baseline -0.005 -9"><span class='ocrx_word' id='word_1_739' title='bbox 1145 2461 1195 2483; x_wconf 83' lang='grc' dir='ltr'>τῶν</span> <span class='ocrx_word' id='word_1_740' title='bbox 1232 2456 1350 2482; x_wconf 77' lang='grc' dir='ltr'>Γαλατῶν</span> <span class='ocrx_word' id='word_1_741' title='bbox 1386 2457 1432 2482; x_wconf 83' lang='grc' dir='ltr'>καὶ</span> <span class='ocrx_word' id='word_1_742' title='bbox 1484 2455 1658 2491; x_wconf 71' lang='grc' dir='ltr'>Παφλαγόνων</span> <span class='ocrx_word' id='word_1_743' title='bbox 1693 2455 1736 2480; x_wconf 81' lang='grc' dir='ltr'>καὶ</span> <span class='ocrx_word' id='word_1_744' title='bbox 1769 2449 1912 2478; x_wconf 65' lang='grc' dir='ltr'>Ἐλληνοπσν·</span> 
     </span>
    </p>
   </div>
   <div class='ocr_carea' id='block_1_111' title="bbox 1144 2496 1911 2541">
    <p class='ocr_par' dir='ltr' id='par_1_111' title="bbox 1144 2496 1911 2541">
     <span class='ocr_line' id='line_1_111' title="bbox 1144 2496 1911 2541; baseline 0 -13"><span class='ocrx_word' id='word_1_745' title='bbox 1144 2504 1204 2528; x_wconf 87' lang='grc' dir='ltr'>τίων</span> <span class='ocrx_word' id='word_1_746' title='bbox 1227 2502 1293 2537; x_wconf 83' lang='lat'>(38),</span> <span class='ocrx_word' id='word_1_747' title='bbox 1308 2499 1345 2527; x_wconf 88' lang='grc' dir='ltr'>δι’</span> <span class='ocrx_word' id='word_1_748' title='bbox 1373 2501 1407 2526; x_wconf 81' lang='grc' dir='ltr'>ὧν</span> <span class='ocrx_word' id='word_1_749' title='bbox 1426 2509 1471 2527; x_wconf 84' lang='grc' dir='ltr'>και</span> <span class='ocrx_word' id='word_1_750' title='bbox 1487 2499 1513 2532; x_wconf 77' lang='grc' dir='ltr'>ἐξ</span> <span class='ocrx_word' id='word_1_751' title='bbox 1528 2498 1560 2526; x_wconf 81' lang='grc' dir='ltr'>ὧν</span> <span class='ocrx_word' id='word_1_752' title='bbox 1576 2501 1608 2526; x_wconf 82' lang='grc' dir='ltr'>τὰ</span> <span class='ocrx_word' id='word_1_753' title='bbox 1630 2499 1755 2536; x_wconf 73' lang='grc' dir='ltr'>ἀναγκαῖα</span> <span class='ocrx_word' id='word_1_754' title='bbox 1775 2497 1830 2541; x_wconf 59' lang='grc' dir='ltr'>ἡμῖν</span> <span class='ocrx_word' id='word_1_755' title='bbox 1843 2496 1911 2541; x_wconf 45' lang='lat'>“9°:-</span> 
     </span>
    </p>
   </div>
   <div class='ocr_carea' id='block_1_112' title="bbox 1146 2537 1910 2584">
    <p class='ocr_par' dir='ltr' id='par_1_112' title="bbox 1146 2537 1910 2584">
     <span class='ocr_line' id='line_1_112' title="bbox 1146 2537 1910 2584; baseline -0.01 -10"><span class='ocrx_word' id='word_1_756' title='bbox 1146 2555 1212 2581; x_wconf 72' lang='grc' dir='ltr'>εστι,</span> <span class='ocrx_word' id='word_1_757' title='bbox 1229 2545 1344 2583; x_wconf 79' lang='grc' dir='ltr'>μάλιστά</span> <span class='ocrx_word' id='word_1_758' title='bbox 1362 2546 1378 2575; x_wconf 83' lang='grc' dir='ltr'><strong>ἠ</strong></span> <span class='ocrx_word' id='word_1_759' title='bbox 1394 2549 1441 2572; x_wconf 86' lang='grc' dir='ltr'>τοῦ</span> <span class='ocrx_word' id='word_1_760' title='bbox 1454 2546 1534 2584; x_wconf 76' lang='grc' dir='ltr'>ἄρτου</span> <span class='ocrx_word' id='word_1_761' title='bbox 1557 2543 1690 2581; x_wconf 72' lang='grc' dir='ltr'>δαψίλιιου</span> <span class='ocrx_word' id='word_1_762' title='bbox 1715 2537 1857 2580; x_wconf 69' lang='grc' dir='ltr'>νρυμὼδους</span> <span class='ocrx_word' id='word_1_763' title='bbox 1875 2537 1910 2559; x_wconf 63' lang='grc' dir='ltr'>οὗ·</span> 
     </span>
    </p>
   </div>
   <div class='ocr_carea' id='block_1_113' title="bbox 1179 2634 1575 2674">
    <p class='ocr_par' dir='ltr' id='par_1_113' title="bbox 1179 2634 1575 2674">
     <span class='ocr_line' id='line_1_113' title="bbox 1179 2634 1575 2674; baseline 0 -9"><span class='ocrx_word' id='word_1_764' title='bbox 1179 2638 1238 2671; x_wconf 83' lang='grc'>(31)</span> <span class='ocrx_word' id='word_1_765' title='bbox 1255 2637 1307 2665; x_wconf 84' lang='lat' dir='ltr'>Al.</span> <span class='ocrx_word' id='word_1_766' title='bbox 1320 2634 1520 2674; x_wconf 75' lang='grc' dir='ltr'>ὑπερϐάλλοντα.</span> <span class='ocrx_word' id='word_1_767' title='bbox 1534 2637 1575 2665; x_wconf 78' lang='lat' dir='ltr'>ID.</span> 
     </span>
    </p>
   </div>
   <div class='ocr_carea' id='block_1_114' title="bbox 1181 2680 1578 2717">
    <p class='ocr_par' dir='ltr' id='par_1_114' title="bbox 1181 2680 1578 2717">
     <span class='ocr_line' id='line_1_114' title="bbox 1181 2680 1578 2717; baseline -0.008 -7"><span class='ocrx_word' id='word_1_768' title='bbox 1181 2681 1234 2717; x_wconf 85' lang='lat'>(36)</span> <span class='ocrx_word' id='word_1_769' title='bbox 1247 2681 1298 2709; x_wconf 72' lang='lat' dir='ltr'>AI.</span> <span class='ocrx_word' id='word_1_770' title='bbox 1314 2680 1523 2712; x_wconf 76' lang='grc' dir='ltr'>ἐπιπνεύσαντος.</span> <span class='ocrx_word' id='word_1_771' title='bbox 1540 2682 1578 2708; x_wconf 79' lang='lat' dir='ltr'>ID-</span> 
     </span>
    </p>
   </div>
   <div class='ocr_carea' id='block_1_115' title="bbox 1179 2726 1527 2764">
    <p class='ocr_par' dir='ltr' id='par_1_115' title="bbox 1179 2726 1527 2764">
     <span class='ocr_line' id='line_1_115' title="bbox 1179 2726 1527 2764; baseline 0.003 -11"><span class='ocrx_word' id='word_1_772' title='bbox 1179 2728 1231 2760; x_wconf 85' lang='lat'>(3&#39;7)</span> <span class='ocrx_word' id='word_1_773' title='bbox 1252 2726 1302 2754; x_wconf 85' lang='lat' dir='ltr'>Al.</span> <span class='ocrx_word' id='word_1_774' title='bbox 1319 2728 1473 2764; x_wconf 73' lang='grc' dir='ltr'>περὼμινος.</span> <span class='ocrx_word' id='word_1_775' title='bbox 1488 2727 1527 2754; x_wconf 88' lang='lat' dir='ltr'>ID.</span> 
     </span>
    </p>
   </div>
   <div class='ocr_carea' id='block_1_116' title="bbox 1178 2769 1578 2805">
    <p class='ocr_par' dir='ltr' id='par_1_116' title="bbox 1178 2769 1578 2805">
     <span class='ocr_line' id='line_1_116' title="bbox 1178 2769 1578 2805; baseline 0 -8"><span class='ocrx_word' id='word_1_776' title='bbox 1178 2770 1232 2805; x_wconf 87' lang='lat'>(38)</span> <span class='ocrx_word' id='word_1_777' title='bbox 1248 2770 1299 2798; x_wconf 83' lang='lat' dir='ltr'>Al.</span> <span class='ocrx_word' id='word_1_778' title='bbox 1310 2769 1524 2800; x_wconf 82' lang='grc' dir='ltr'>Ἑλλησποντίων.</span> <span class='ocrx_word' id='word_1_779' title='bbox 1539 2771 1578 2797; x_wconf 89' lang='lat' dir='ltr'>ID.</span> 
     </span>
    </p>
   </div>
  </div>
