1997 3143
247 107 316 135 HM

933 108 964 136 S.
984 108 1113 138 BASILII
1131 107 1250 145 MAGNI]

1850 113 1918 143 “ll

245 168 400 196 confessio
414 176 420 196 :
439 175 456 195 a
471 168 580 204 quavis
593 175 624 196 re
640 168 759 196 mortali
770 169 1030 204 semetabstrahit,
1041 172 1070 198 et

1135 170 1210 197 ἰαίνει
1225 171 1282 205 (46)
1297 180 1343 196 του
1362 172 1456 200 θνητοῦ
1480 172 1586 207 παντὸς,
1611 171 1698 208 ὥσπερ
1718 176 1794 208 σῶμα
1818 174 1919 209 ἔχουσα

245 212 342 240 instar
358 212 492 248 corporis
519 212 610 240 habet
639 213 780 249 Spiritum
804 214 864 248 Dei,
887 217 916 242 et
940 215 1000 243 Deo
1014 222 1071 242 n05

246 257 432 290 commiscet,
444 256 636 285 aemulatione
646 257 780 293 qualibet
790 260 879 294 atque
895 258 1007 287 invidia
1019 267 1070 287 ca-

245 308 326 329 rens.
343 302 416 328 Nam
428 301 480 337 qui
493 308 602 337 corpus
611 304 701 337 amat,
713 302 763 330 alii
773 302 894 330 invidet.
907 303 962 336 Qui
970 305 1071 331 autem

247 345 448 381 corruptionis
463 345 606 374 morbum
621 345 650 374 in
671 354 723 374 cor
742 354 804 375 non
821 347 960 381 admittit,
974 347 1072 376 labori

248 389 370 418 cuilibet
382 390 526 426 deinceps
537 390 712 419 sustinendo
727 399 783 427 par
801 393 864 424 est;
879 394 907 420 et
928 391 995 420 licet
1009 400 1072 420 cor-

248 442 321 471 pore
337 434 514 468 occumbat,
529 434 603 464 vivit
628 435 856 464 immortalitati.
872 438 933 464 lmo
958 437 984 464 si
1009 444 1072 465 rem

249 479 378 515 perfecte
402 487 632 514 cognoscamus,
654 480 838 508 continentia
864 480 982 509 videtur
1006 489 1074 509 esse

251 523 400 559 Deus,qui
416 523 490 551 nihil
503 523 758 560 concupiscit,sed
773 524 877 552 omnia
887 525 918 552 in
933 533 964 553 se
972 525 1072 561 habet,

252 568 390 604 nihilque
400 568 522 604 appetit,
534 576 590 596 nec
601 568 663 596 sive
680 569 774 596 oculis
793 569 854 597 sive
864 569 988 597 auribus
1002 578 1075 606 pas-

253 612 372 640 sionem
394 612 562 648 experitur;
579 613 632 640 sed
651 613 734 640 nulla
758 621 790 640 re
804 613 952 648 indigens,
967 613 1075 649 plenus

253 665 473 694 usquequaque
486 660 539 686 est.
555 658 803 694 Concupiscentia
813 658 938 686 morbus
956 662 1000 686 est
1015 659 1078 686 ani-

254 710 331 737 mae;
348 702 461 730 sanitas
486 702 634 738 ejusdem,
657 703 849 731 continentia.
866 704 1077 733 Verumtamen

254 745 338 774 haud
352 746 383 774 in
394 754 456 774 una
466 746 565 783 specie
578 746 791 775 continentiam
801 750 919 784 oportet
929 751 1075 784 spectare,

254 791 346 819 veluti
356 791 435 820 circa
461 799 509 819 res
530 799 693 826 venercas;
709 792 762 820 sed
777 794 806 820 et
820 793 850 820 in
866 793 923 821 alia
935 801 967 821 re
980 793 1076 830 quali-

1123 219 1168 241 τοῡ
1182 218 1249 242 Θεοῦ
1275 216 1304 240 τὸ
1330 219 1433 251 Πνεῦμα
1445 226 1451 232 ·
1475 218 1519 242 καὶ
1542 219 1598 251 Θεῷ
1608 218 1752 252 μίσγεσθαι
1771 221 1848 251 ποιεῖ,
1862 220 1918 244 οὔτε

1125 259 1202 290 ζῆλον
1218 261 1322 295 ἔχουσα
1338 261 1396 286 οὔτε
1412 261 1514 295 φθόνον.
1524 260 1553 286 Ὀ
1567 261 1618 296 γὰρ
1633 260 1695 298 ἐρῶν
1707 264 1835 297 σώματος,
1845 262 1918 300 έτέρῳ

1126 301 1306 339 διαφθονιῖται
1321 313 1326 319 ·
1344 305 1357 330 ὁ
1373 302 1403 330 δὲ
1425 307 1461 340 μὴ
1487 306 1662 341 κομισάμενος
1684 305 1716 336 εἰς
1739 305 1853 342 καρδίαν
1873 311 1917 338 τῆς

1125 349 1219 385 φθορᾶς
1239 350 1286 377 τὴν
1298 350 1385 382 νόσον,
1400 348 1510 386 ἕῤῥωται
1530 349 1618 376 λοιπὸν
1642 352 1712 386 πόνῳ
1726 353 1815 381 παντὶ,
1830 354 1917 388 καίπερ

1126 392 1261 419 ἀποθανὼν
1277 394 1322 429 μὲν
1347 397 1382 428 τῷ
1397 396 1512 429 σώματι,
1531 395 1580 425 ζῶν
1604 392 1634 420 δὲ
1647 398 1678 430 τῇ
1705 393 1851 432 ἀφθαρσίᾳ.
1873 398 1919 422 Καί

1126 447 1171 474 μοι
1185 437 1286 468 τελείως
1312 439 1545 474 καταμανθάνοντι,
1571 438 1708 476 ὶγιροὶτιια
1729 437 1805 466 δοκεῖ
1826 441 1839 466 ὁ
1863 442 1921 470 Θεὸς

1127 481 1202 516 εἶναι,
1216 483 1255 508 ὅτι
1270 480 1383 518 μηδενὸς
1396 482 1526 519 ἱπιθυμεῖ,
1540 482 1603 509 ἀλλὰ
1622 484 1706 509 πάντα
1717 485 1775 519 ἔχει
1791 483 1816 510 ἐν
1830 484 1920 520 ἑαυτῷ·

1127 529 1172 553 καὶ
1205 524 1308 557 οὐδενὸς
1339 526 1466 564 ὀρέγεται,
1496 524 1558 553 οὐδὲ
1591 528 1647 562 ἔχει
1674 528 1755 558 πάθος
1778 531 1838 565 περὶ
1867 530 1923 560 τοὺς

1129 571 1287 608 ὀφθαλμοὺς,
1302 569 1364 597 οὐδὲ
1378 573 1436 608 περὶ
1452 572 1485 597 τὰ
1499 571 1567 597 ὧτα⁴
1589 570 1652 598 ἀλλὰ
1668 571 1786 603 ἀνενδεὴς
1800 573 1845 606 ὧν,
1857 573 1923 602 πλή-

1128 626 1177 654 ρης
1191 613 1227 642 δι’
1241 615 1300 642 ὅλον
1316 615 1396 643 ἒστίν.
1410 616 1553 652 Ἐπιθυμία
1566 618 1642 647 νόσος
1657 615 1713 642 ἐστὶ
1722 617 1818 653 ψυχῆς
1829 628 1835 634 ·
1852 618 1926 653 ὑγεία

1130 658 1169 694 δὲ,
1185 660 1331 698 ὂγκροξτιια.
1345 659 1382 686 Οὐ
1404 662 1480 696 μόνον
1507 659 1537 687 δὲ
1551 662 1610 697 περὶ
1626 660 1650 687 ἓν
1670 659 1739 692 εἶδος
1759 662 1807 690 τὴν
1832 661 1926 699 ἄγκρὶ-

1128 715 1197 732 τειαν
1213 703 1254 731 δεῖ
1268 705 1340 742 ὁρᾷν,
1354 705 1407 731 οἷον
1422 706 1502 731 ἔναιεν
1522 703 1694 742 ἀφροδισίων,
1716 705 1781 732 ἀλλά
1799 708 1846 732 καὶ
1870 709 1926 743 περὶ

1129 751 1163 776 τὰ
1177 750 1242 776 ἄλλα
1256 750 1307 776 ὃσα
1323 749 1445 786 ἐπιθυμεῖ
1457 750 1472 778 ἡ
1489 749 1566 785 ψυχὴ
1589 754 1683 784 κακῶς,
1708 750 1755 777 οὐκ
1778 750 1924 788 ἀρκουμένη

1129 798 1185 825 τοῖς
1200 793 1367 830 ἀναγκαίοις·
1383 796 1482 830 γίνεται
1496 795 1586 830 φθόνος
1609 792 1656 820 διὰ
1673 796 1798 832 χρυσίον,
1811 797 1857 821 καὶ
1870 793 1926 822 ἀδι-

255 835 316 871 bet,
332 844 426 872 quam
441 836 544 865 anima
563 844 655 872 prave
680 837 803 873 appetit,
818 838 994 866 necessariis
1015 846 1077 867 non

1135 841 1237 876 ιιήματα
1252 840 1334 876 μυρία
1346 836 1384 864 δι’
1396 838 1481 875 ἐτέρας
1492 838 1642 875 ἐπιθυμίας.
1658 841 1708 865 Καὶ
1718 840 1748 865 τὸ
1760 841 1797 875 μὴ
1813 840 1925 875 μεθύειν,

256 883 404 909 contenta.
421 881 555 916 Gignitur
567 881 689 916 invidia,
703 882 743 909 ob
755 890 876 916 aurum,
892 885 920 911 et
934 883 1077 919 improbi-

256 927 332 953 tates
362 926 548 958 innumerae,
574 926 614 954 ob
637 926 712 955 alias
740 927 928 964 cupiditates.
955 929 1021 956 Jam
1049 931 1078 957 et

255 969 396 998 ebrietate
421 978 531 1004 carere,
547 970 730 999 continentia
751 973 812 1005 est;
829 974 857 1000 et
881 972 938 1000 cibi
954 972 1078 1009 crapula

254 1022 316 1043 non
327 1015 469 1051 dirumpi,
485 1018 513 1043 et
526 1023 636 1051 corpus
649 1024 738 1044 suum
753 1017 903 1051 cohibere,
924 1018 1076 1045 continen-

254 1059 295 1088 tia
311 1061 365 1089 est.
381 1061 454 1088 Item
468 1060 570 1096 pravis
585 1060 736 1088 dominari
750 1061 990 1096 cogitationibus.
1004 1070 1079 1099 quo-

255 1105 309 1133 ties
325 1105 459 1132 animam
473 1104 576 1132 turbat
592 1105 695 1140 aliqua
710 1105 871 1141 phantasia
887 1114 985 1143 neque
998 1107 1080 1136 bona

255 1156 355 1185 neque
379 1148 496 1177 veritati
520 1150 720 1184 consentiens,
743 1158 854 1187 corque
869 1151 900 1179 in
925 1159 1021 1180 vanas
1037 1153 1081 1180 di-

257 1193 360 1221 strahit
376 1201 472 1221 curas.
491 1195 615 1222 Prorsus
630 1201 686 1222 nos
706 1194 816 1222 liberos
834 1199 958 1231 praestat
983 1197 1079 1225 conti-

256 1238 369 1272 nentia,
385 1238 458 1280 quia
473 1238 564 1266 simul
589 1238 741 1267 medicina
765 1239 919 1277 virtusque
934 1243 978 1269 est
994 1251 1000 1269 :
1019 1249 1080 1270 non

258 1283 336 1310 enim
350 1283 580 1318 temperantiam
595 1283 693 1318 docet,
710 1284 763 1312 sed
777 1285 900 1321 prtebet.
913 1286 1009 1314 Gratia
1019 1286 1080 1321 Dei,

258 1327 442 1355 continentia
457 1329 511 1355 est.
533 1327 622 1356 Jesus
639 1328 705 1364 ipsa
723 1330 907 1358 continentia
927 1331 1010 1359 visus
1027 1334 1080 1364 est,

258 1379 328 1400 cum
343 1374 421 1400 terra
441 1373 578 1409 marique
598 1373 691 1401 levior
705 1373 778 1402 fuit:
794 1382 866 1403 nam
881 1383 980 1412 neque
995 1376 1081 1404 tellus

258 1416 343 1445 illum
355 1417 486 1454 portavit
500 1425 598 1454 neque
609 1426 692 1446 mare
704 1427 711 1452 ;
728 1418 781 1446 sed
794 1419 880 1447 sicuti
890 1428 973 1448 mare
988 1421 1083 1449 calca-

258 1462 310 1496 vit,
322 1462 364 1490 ita
373 1462 468 1490 telluri
481 1462 564 1490 oneri
578 1470 640 1491 non
652 1463 714 1491 fuit.
723 1465 796 1492 Nam
810 1464 835 1492 si
845 1472 881 1492 ex
892 1466 1083 1501 corruptione

259 1514 341 1535 mors
357 1507 501 1543 sequitur,
526 1515 562 1535 ex
593 1508 792 1544 corruptionis
813 1511 914 1537 autem
943 1509 1084 1538 immuni-
1099 1520 1119 1548 ο

259 1553 329 1585 tate,
344 1551 573 1586 immortalitas;
597 1553 700 1588 utique
724 1554 808 1581 Iesus
831 1553 971 1582 deitatem
986 1556 1083 1591 magis

259 1603 322 1631 prie
338 1604 369 1623 se
386 1595 452 1624 tulit
471 1604 564 1632 quam
580 1597 794 1625 mortalitatem
809 1599 876 1632 (42).
897 1598 1085 1635 Manducavit

260 1639 395 1675 bibitque
403 1640 545 1675 singulari
555 1640 656 1673 modo,
664 1641 738 1678 quin
749 1641 917 1678 quidquam
929 1651 1084 1672 comesum

261 1692 298 1711 ex
313 1692 344 1711 se
359 1684 498 1712 redderet
513 1685 569 1719 (43)
582 1693 588 1712 :
602 1687 684 1713 tanta
698 1686 810 1722 quippe
825 1686 878 1715 fuit
893 1687 922 1715 in
938 1695 973 1716 eo
987 1689 1084 1717 conti-

261 1729 370 1756 nentiae
396 1729 452 1764 vis,
470 1731 500 1756 ut
523 1728 608 1757 cibus
636 1730 667 1757 in
691 1738 726 1758 eo
751 1738 812 1758 non
832 1735 1084 1768 corrumperetur,

261 1773 333 1810 quia
358 1773 424 1810 ipse
447 1775 534 1802 Jesus
558 1774 806 1811 corruptibilitate
825 1776 947 1804 carebat
967 1777 1034 1813 (44).
1057 1778 1086 1806 Si

262 1818 355 1846 modo
370 1818 472 1855 aliqua
486 1819 669 1847 continentia
691 1817 722 1847 in
749 1819 837 1848 nobis
855 1820 900 1854 sit,
917 1821 1086 1857 superior-es

262 1863 404 1892 omnibus
420 1871 535 1891 sumus.
552 1865 626 1892 Nam
637 1866 665 1892 et
680 1865 803 1899 angelos
815 1864 1087 1903 audivimus,post-

261 1916 354 1945 quam
367 1908 585 1937 incontinentes
600 1910 671 1936 sunt
683 1909 789 1944 effecti,
801 1908 875 1937 caelo
886 1913 1007 1946 propter
1017 1919 1087 1938 con-

262 1954 478 1989 cupiscentiam
502 1954 671 1990 praecipites
695 1956 778 1982 actos
794 1954 882 1982 :victi
905 1957 974 1983 sunt
994 1955 1084 1991 enim,

262 2005 324 2025 non
339 1997 396 2033 ipsi
410 2005 463 2033 per
478 2005 509 2025 se
519 1997 748 2026 descenderunt.
759 1998 835 2031 Quid
847 1999 925 2027 enim
940 1999 998 2028 illic
1013 2008 1085 2035 age-

262 2043 307 2069 ret
321 2041 447 2069 morbus
467 2041 525 2075 hic,
552 2041 576 2069 si
590 2042 645 2077 (45)
659 2042 834 2078 hujusmodi
857 2043 961 2071 oculus
973 2044 1086 2073 ibidem

1132 882 1269 921 ἐγκράτειά
1284 882 1354 909 ἔστιν
1365 890 1372 897 ⁸
1393 885 1438 909 καὶ
1452 884 1481 908 τὸ
1496 883 1533 919 μὰ
1553 881 1764 920 διαῤῥὴγνυσθαι
1783 884 1927 920 ὑπερεμπι-

1132 928 1257 964 πλάμενον
1273 927 1342 963 (47).
1364 929 1414 954 Καὶ
1426 928 1456 953 τὸ
1470 931 1571 964 κρατεῖν
1586 931 1632 953 τοῦ
1649 930 1778 964 σώματος,
1791 928 1929 965 ἐγκράτεια

1133 972 1213 1004 ἔστιν,
1241 974 1285 998 οιαὶ
1303 974 1333 998 τό
1359 973 1485 1009 κυριεύειν
1507 971 1638 1008 λογισμῶν
1656 976 1785 1009 πονηρῶν.
1814 973 1930 1003 Ποσάκις

1133 1016 1252 1054 ἐτάραξεν
1267 1016 1360 1053 ψυχὴν
1374 1017 1467 1050 ἔννοια,
1483 1016 1530 1042 οὐκ
1545 1015 1630 1052 ἀγαθὴ
1647 1015 1714 1043 οὖσα
1737 1018 1796 1043 οὔτε
1823 1016 1929 1052 ἂὶηθὴς,

1134 1064 1178 1087 καὶ
1193 1059 1306 1097 καρδίαν
1319 1059 1435 1097 ἔμέρισεν
1450 1060 1487 1091 εἰς
1500 1059 1581 1086 πολλὰ
1596 1061 1739 1097 φροντίζειν
1757 1065 1846 1092 κενῶς.
1867 1062 1930 1087 Πάν-

1134 1116 1185 1136 τως
1200 1104 1329 1142 ὶλευθεροῖ
1351 1105 1366 1134 ἡ
1392 1103 1539 1142 ὶγκράτεια,
1556 1105 1610 1140 ἅμα
1626 1105 1806 1143 θεραπεύουσα
1820 1107 1866 1132 καὶ
1886 1103 1930 1132 δύ-

1133 1160 1211 1187 ναμις
1244 1148 1329 1176 οὖσα·
1358 1149 1387 1175 οὐ
1415 1151 1466 1185 γὰρ
1497 1147 1621 1176 διδάσκει
1653 1151 1834 1187 σωφροσύνην,
1869 1149 1930 1176 ἀλλὰ

1134 1197 1256 1233 παρέχει.
1273 1196 1357 1232 Χάρις
1381 1194 1450 1220 ἐστιν
1465 1197 1532 1220 Θεοῦ
1552 1193 1698 1232 ἔγκρηίτεια.
1714 1195 1818 1225 Ἰησοῦς
1840 1194 1929 1232 ἐγχρά-

1135 1249 1192 1266 τεια
1206 1239 1297 1275 ἐφάνη,
1311 1240 1356 1265 καὶ
1368 1242 1402 1275 γῇ
1414 1240 1459 1264 καὶ
1473 1237 1591 1275 θαλάσσῃ
1606 1242 1699 1275 κοῦφος
1708 1241 1854 1275 γενόμενος.
1867 1241 1929 1265 οὔτε

1135 1286 1184 1321 γὰρ
1208 1288 1241 1320 γῆ
1268 1283 1410 1309 ἐϐάστασεν
1430 1282 1518 1317 αὐτὸν,
1548 1284 1606 1309 οὒτε
1628 1282 1746 1318 πελάγη·
1775 1282 1831 1309 ἀλλ’
1846 1283 1928 1320 ὥσπερ

1137 1328 1264 1357 ἐπάτησεν
1290 1327 1433 1361 Θάλασσαν,
1450 1327 1529 1358 οὕτως
1550 1326 1596 1353 οὐχ
1611 1327 1737 1364 ἑϐοίρησεν
1757 1329 1805 1357 τὴν
1828 1331 1889 1364 γῆν,
1905 1327 1931 1355 Εἰ

1137 1374 1187 1411 γὰρ
1201 1371 1228 1399 ἐκ
1243 1376 1288 1399 τοῦ
1311 1372 1462 1409 φθείρεσθαι
1476 1373 1506 1397 τὸ
1526 1371 1672 1406 ἀποθανεῖν,
1692 1371 1718 1398 ἐκ
1735 1370 1765 1399 δε
1777 1376 1824 1398 τοῦ
1840 1373 1932 1409 φθορὰν

1137 1421 1173 1455 μὴ
1191 1420 1271 1455 ἔχειν,
1291 1419 1320 1443 τὸ
1346 1420 1381 1454 μὴ
1410 1416 1556 1450 ἀποθανεῖν,
1573 1418 1681 1446 θεότητα
1704 1417 1717 1443 ὁ
1732 1417 1838 1448 Ίὴσοῦς
1854 1418 1933 1456 εἰργά-

1139 1463 1206 1496 ζετο,
1236 1462 1265 1489 οὐ
1294 1461 1573 1491 ὼητότητα.’Ἡσθιεν
1603 1463 1648 1488 καὶ
1667 1462 1749 1488 ἔπινεν
1779 1460 1864 1495 ἰδίως,
1891 1462 1933 1488 οὐχ

1140 1505 1286 1538 ἀποδιδοὺς
1300 1507 1333 1533 τὰ
1348 1506 1478 1543 βρώματα
1488 1515 1495 1522 '
1511 1507 1624 1536 τοσαύτη
1645 1505 1670 1532 ἐν
1685 1505 1755 1541 αὐτῷ
1769 1506 1784 1535 ἡ
1800 1505 1934 1544 ἱγκράτεια

1140 1550 1249 1588 δύναμις
1266 1549 1306 1585 ἧν,
1330 1552 1397 1577 ὥστε
1420 1553 1456 1587 μὴ
1474 1551 1604 1588 φθαρῆναι
1618 1553 1665 1580 τὴν
1684 1552 1782 1588 τροφὴν
1804 1550 1830 1577 ἰν
1857 1550 1933 1586 αὐτῷ,

1140 1596 1193 1623 ἐπεὶ
1205 1598 1234 1623 τὸ
1255 1596 1406 1633 φθείρεσθαι
1424 1595 1502 1626 αὐτὸς
1520 1594 1567 1621 οὔκ
1589 1594 1669 1631 εἶχεν.
1681 1594 1784 1631 Ὀλίγον
1795 1604 1823 1621 τι
1838 1594 1864 1621 ἑν
1877 1596 1933 1631 ἡμῖν

1140 1640 1212 1677 ἑάνῇ
1238 1640 1384 1677 ἐγκράτεια,
1412 1638 1535 1676 ἀνώτεροι
1558 1639 1677 1665 ἁπάντων
1703 1637 1789 1676 ἐσμέν.
1813 1641 1865 1665 Καὶ
1888 1640 1932 1675 γὰρ

1140 1685 1262 1722 ἀγγεἿρυς
1284 1684 1432 1720 ἠκούσαμεν
1454 1683 1574 1720 δικρατεῖς
1588 1685 1718 1720 γεγονέναι
1739 1685 1934 1710 κατασπασθέν·

1139 1741 1186 1761 τας
1199 1730 1309 1767 οὐρανοῦ
1337 1727 1374 1755 δι’
1395 1728 1544 1765 ἐπιθυμίαν.
1564 1727 1694 1755 Ἑάλωσαν
1708 1729 1770 1766 γὰρ,
1786 1728 1852 1764 οὒχὶ
1867 1730 1935 1755 χατέ-

1141 1775 1224 1804 ϐησαν
1236 1782 1243 1789 ·
1268 1776 1294 1800 τί
1307 1775 1358 1811 γὰρ
1380 1774 1502 1810 ἔπραττεν
1518 1772 1570 1800 ἐκεῖ
1591 1773 1657 1802 αὕτη
1684 1774 1699 1802 ἡ
1716 1775 1800 1807 νόσος,
1818 1772 1840 1799 εἰ
1851 1775 1887 1809 μή
1902 1781 1934 1802 τις

1141 1820 1192 1847 ἐκεῖ
1206 1823 1323 1850 τοιοῦτος
1339 1817 1470 1854 ὀφθαλμὸς
1486 1815 1534 1852 Eu;
1561 1818 1609 1844 Διὰ
1633 1821 1709 1844 τοῦτο
1728 1818 1790 1853 ἔφην
1801 1825 1808 1832 ·
1837 1817 1934 1853 Ὀλίγον

1141 1863 1291 1901 ἐγκράτειαν
1307 1863 1348 1889 ἐὰν
1363 1863 1474 1898 ἔχωμεν,
1496 1863 1541 1888 καὶ
1563 1865 1609 1888 τοῦ
1632 1861 1693 1898 βίον
1721 1864 1757 1898 μή
1780 1861 1933 1898 έρασθῶμεν,

1142 1908 1196 1935 ἀλλ’
1207 1908 1306 1934 αἰώνων
1317 1912 1367 1934 τῶν
1376 1907 1520 1944 ἁνωτέρων,
1534 1906 1585 1933 ἐκεῖ
1600 1907 1792 1943 εὑρεθησόμεθα
1805 1907 1870 1932 ὅπου
1882 1905 1936 1932 ἀνι-

1141 1955 1273 1990 πέμπομεν
1300 1953 1343 1978 τόν
1358 1955 1426 1978 νοῦν·
1443 1954 1516 1978 Δοκεῖ
1534 1952 1583 1988 γὰρ
1606 1951 1736 1987 ὀφθαλμὸν
1759 1948 1825 1977 εἶναι
1839 1955 1934 1983 τοῦτον,

1141 2000 1183 2024 τόν
1198 2000 1230 2024 τὰ
1255 1997 1336 2034 ἀφανῆ
1353 1994 1417 2023 ἰδεῖν
1434 1994 1587 2032 δυνάμενον.
1604 1998 1654 2022 Καὶ
1674 1996 1724 2033 γὰρ
1744 1995 1858 2031 λέγεται·
1876 1999 1936 2024 Νοῦς

1141 2044 1199 2080 ὁρᾷ⁷
1215 2044 1259 2068 καὶ
1273 2045 1332 2072 νοῦς
1346 2040 1443 2068 ἀκούει.
1459 2041 1548 2067 Ταῦτά
1564 2049 1606 2066 σοι
1618 2039 1694 2075 ὀλίγα
1708 2037 1849 2073 δοκοῦντα,
1861 2039 1937 2066 πολλὰ

262 2086 441 2114 exstitisset?
461 2088 619 2122 Propterea
643 2086 704 2115 dixi
723 2096 729 2115 :
747 2087 972 2124 Aliquantulum
995 2089 1079 2117 conti-

1140 2089 1271 2124 γέγραφα·
1289 2087 1329 2112 ὅτι
1353 2085 1448 2114 ἑκάστη
1472 2084 1549 2118 λέξις,
1571 2088 1630 2116 νοῦς
1645 2084 1732 2110 ἐστιν’
1752 2086 1799 2110 καὶ
1814 2082 1885 2112 οἶδα,
1899 2085 1935 2110 ὃτι

262 2130 371 2158 nentiae
387 2129 411 2158 si
427 2130 455 2158 in
469 2130 556 2159 nobis
573 2131 620 2165 sit,
637 2133 665 2159 et
678 2131 828 2160 mundum
841 2132 966 2161 minimc
980 2133 1079 2169 diliga-

1140 2131 1264 2168 ἀνα-γνοὺς
1280 2131 1358 2159 αἰσθή
1364 2140 1396 2167 σῃ
1405 2151 1412 2158 .

261 2184 341 2212 mus,
356 2176 409 2204 sed
431 2176 563 2205 coelestia
587 2176 706 2213 saecula,
732 2177 790 2205 illic
814 2177 1003 2206 inveniemur
1023 2185 1085 2214 quo
1100 2180 1232 2205 mentem
1247 2176 1473 2215 intenderimus.
1488 2174 1540 2203 Hic
1567 2174 1647 2202 enim
1657 2173 1775 2202 videtur
1787 2181 1856 2202 esse
1871 2181 1935 2202 ocu-

260 2221 320 2256 lus,
336 2221 388 2258 qui
405 2221 566 2249 invisibilia
577 2229 697 2249 cernere
713 2224 823 2258 potest;
840 2230 912 2250 nam
928 2222 1018 2251 etiam
1033 2222 1125 2258 vulgo
1140 2221 1199 2250 dici
1207 2221 1301 2249 solet:
1319 2221 1399 2249 lens
1412 2219 1506 2252 videt,
1521 2221 1549 2247 et
1568 2226 1654 2247 mens
1668 2218 1763 2247 audit.
1775 2219 1876 2247 Pauca
1885 2217 1932 2247 tibi

260 2265 326 2294 haec
340 2265 488 2301 videntur,
505 2266 558 2295 sed
573 2266 668 2294 multa
684 2274 739 2301 ego
753 2267 859 2304 scripsi
876 2275 882 2295 :
898 2267 1006 2295 etenim
1028 2266 1270 2304 unumquodque
1295 2265 1432 2301 verbum,
1455 2272 1563 2293 sensus
1587 2264 1713 2301 quidam
1725 2265 1784 2298 est;
1800 2265 1891 2300 atque
1905 2262 1932 2291 id

261 2311 324 2339 scio
339 2313 367 2339 te
376 2311 526 2346 legentem
536 2310 599 2339 fore
609 2311 810 2346 cogniturum.

297 2399 354 2435 (42)
371 2399 455 2427 Ludit
473 2399 702 2436 quodammodo
727 2400 851 2428 Basilius
879 2401 909 2428 in
925 2400 1082 2429 vocabulis

261 2435 374 2472 ϐιότητα
384 2437 413 2463 et
429 2435 583 2468 θνηέότητα,
598 2436 680 2472 quod
695 2436 794 2464 Latine
805 2436 868 2464 ﬁeri
879 2436 994 2472 nequit.

294 2471 352 2508 (43)
366 2471 425 2508 Hac
449 2479 540 2508 super
558 2479 589 2499 re
603 2471 842 2508 reverentissime
857 2471 1083 2508 theologiceque

257 2507 361 2543 scribit
372 2507 550 2543 Athanasius
562 2507 692 2536 Corinthi
703 2507 863 2543 episcopus
873 2507 903 2535 in
914 2507 1083 2542 fragmento

256 2542 406 2579 quodnos
418 2542 569 2571 edidimus
581 2544 633 2571 ΑΛ.
649 2542 729 2579 classi
742 2544 760 2570 t.
776 2542 850 2578 X,’p.
860 2544 990 2579 499-500,
999 2543 1081 2579 quod

255 2578 537 2615 ίύοἱρὶιεΖητοῦμε-ι,
560 2578 581 2604 εἰ
605 2579 619 2608 ἠ
645 2578 779 2615 πλήρωσις
794 2583 843 2615 τῶν
869 2578 1018 2615 βρωμάτων
1038 2578 1080 2605 ἐπὶ

255 2613 373 2652 Χριστοῦ
389 2613 510 2652 ἑξιξκτητο
520 2616 565 2652 καὶ
575 2613 776 2652 ﬁrmam-Erat
788 2613 943 2652 enim'lijec
957 2622 1080 2651 quoque

254 2649 316 2678 una
331 2657 366 2678 ex
377 2649 598 2684 olijectionibus
612 2649 831 2678 haereticorum.
847 2650 953 2678 Deﬁnit
966 2649 1076 2684 autem,

254 2693 364 2722 corpus
379 2684 484 2722 Christi
509 2685 565 2722 hac
585 2685 615 2722 in
630 2693 662 2712 re
681 2685 771 2722 fuisse
792 2686 906 2722 caeteris
927 2686 1077 2722 superius,

255 2720 340 2749 sicuti
355 2720 445 2749 etiam
461 2720 491 2748 in
516 2720 636 2749 insolita
658 2720 822 2749 nativitate.
849 2721 943 2749 Utitur
956 2720 1077 2749 duouue

253 2756 434 2785 Athanasius
452 2756 590 2793 exemplo
607 2756 742 2785 trinitatis
758 2756 837 2785 illius
853 2757 935 2793 apud
945 2756 1078 2786 Abraha-

1139 2407 1224 2429 mum
1237 2398 1435 2433 convivantis,
1443 2399 1654 2435 nequeitamen
1667 2396 1796 2435 naturali
1809 2398 1931 2427 necessi-

1137 2436 1190 2464 tati
1203 2434 1453 2475 obtemperantis;
1467 2434 1644 2475 quoditem
1663 2434 1700 2475 de
1728 2434 1846 2475 Christo
1867 2436 1931 2471 post

1137 2469 1387 2500 resurrectionem
1402 2469 1508 2498 edente
1523 2469 1752 2504 intelligendum
1764 2469 1846 2497 dicit.

1172 2509 1228 2537 (44)
1241 2509 1305 2535 Non
1319 2508 1438 2540 natura,
1459 2505 1513 2533 sed
1532 2505 1629 2540 gratia
1643 2507 1671 2533 et
1685 2505 1882 2534 inhabitantis
1891 2504 1927 2533 di-

1135 2543 1268 2579 vinitatis
1291 2541 1583 2579 privilegio.Videsi_s
1609 2547 1686 2577 opus
1707 2541 1808 2579 _Severi_
1832 2541 1928 2579 Antio—

1135 2578 1222 2607 cheni
1240 2576 1345 2606 contra
1358 2576 1618 2613 inc'orrupticolas,
1632 2576 1717 2613 apud
1732 2584 1788 2605 nos
1800 2576 1831 2604 in
1847 2576 1926 2613 Spici-

1133 2613 1203 2641 lenio
1217 2615 1307 2641 Rom..
1323 2615 1345 2641 t.
1364 2614 1394 2641 X.

1144 2614 1203 2647 egit)
1217 2615 1307 2647 Rom.,
1323 2615 1345 2642 t.
1364 2614 1394 2641 X.

1159 2623 1203 2650 gl!)
1217 2623 1307 2647 "0771.,
1323 2623 1345 2642 ῐ.
1364 2623 1394 2641 Δ.

1168 2652 1226 2685 (45)
1248 2651 1355 2681 Graece,
1377 2648 1398 2675 εἰ
1412 2650 1448 2685 μή
1464 2658 1514 2680 τις.
1532 2647 1590 2677 Sed
1603 2651 1639 2685 μή
1655 2648 1828 2676 redundare
1847 2647 1921 2676 vide-

1131 2687 1189 2719 tur,
1206 2687 1329 2722 propter
1339 2692 1375 2713 ea
1387 2692 1456 2722 quae
1464 2686 1648 2722 sequuntur.

1167 2719 1222 2755 (46)
1239 2719 1475 2756 Ἀἶποϐαίνειξϐοά
1487 2719 1586 2756 prima.
1598 2727 1693 2748 manu
1712 2719 1872 2756 ὰποσϐέννει.

1159 2757 1214 2793 (4-7)
1222 2755 1520 2794 ’Υπεριμπιμπλάμενόν.
1532 2756 1729 2785 Primamanu
1736 2755 1915 2792 πιμπλάμενον.
