1997 3143
261 155 328 184 1115

737 156 920 185 ΑΡΡΕΝΟῘΧ.
936 172 966 178 -
987 157 1158 186 SYMEONIS
1178 156 1454 186 METAPHRASTE.

1863 156 1923 183 1116

553 359 977 448 ΗΘΙΚΟΙ
1036 359 1086 446 Α

1144 360 1398 447 )I‘OI
1461 353 1640 445 KA'

978 491 1219 516 ΕΚΛΕΧΘΕΝΤΕΣ

396 561 488 605 ΔΙΑ
528 562 757 607 ΣΥΜΕΩΝ
799 563 918 607 ΤΟΥ
956 564 1280 607 ΜΑΓΙΣΤΡΟΥ
1318 565 1415 607 ΚΑΙ
1454 561 1812 607 ΛΟΓΟΘΕΤΟΥ

297 646 342 672 Ἐκ
356 651 448 672 πασῶν
464 651 512 672 τῶν
526 652 710 683 πραγματειῶν
725 651 770 673 τοῦ
781 646 805 673 ἂν
821 647 906 683 ἁγίοις
922 649 1022 683 Haupt};
1037 649 1109 683 ἡμῶν
1125 647 1260 673 Βασιλιίου
1276 646 1452 684 ἀρχιεπισκου
1466 649 1622 682 Καισαρείας
1637 649 1684 675 τῆς
1700 642 1899 674 Καππαδοκίας.

466 819 909 881 SERMONES
954 818 1280 880 VIGINTI
1333 818 1739 892 QUATUOR

891 937 971 976 DE
1013 935 1310 976 MORIBUS

289 1019 356 1050 Per
371 1019 578 1059 Symeonem
596 1019 804 1062 Magistrum
817 1018 1103 1062 _e_t_Log_o_thelam
1121 1017 1239 1062 selecti
1257 1026 1299 1049 ex
1314 1017 1478 1062 omnibus
1491 1016 1654 1062 operibus
1668 1016 1778 1049 sancti
1795 1015 1907 1048 Patris

617 1057 727 1091 nostri
745 1058 867 1091 Basilii
883 1057 1134 1099 archiepiscopi
1152 1058 1325 1090 Caesarea}
1339 1057 1578 1099 Cappadociae.

386 1227 476 1264 469
493 1228 549 1256 DE
572 1229 744 1257 VIRTUTE
762 1229 819 1256 ET
840 1227 957 1255 VITIO.

600 1292 714 1320 SERMO
733 1292 754 1318 l.

299 1354 323 1379 1.
343 1352 381 1387 (1)
405 1352 549 1380 Dominus
567 1355 669 1381 noster
688 1352 774 1380 Jesus
790 1351 922 1380 Christus
941 1350 1085 1388 apostolis

261 1396 334 1427 suis,
350 1397 472 1432 Euntes,
488 1397 703 1433 inquit,docele
715 1404 815 1425 omnes
829 1400 937 1432 gentes,
948 1398 1086 1424 docentes

260 1442 339 1476 ipsos
352 1442 371 1475 ¹,
388 1449 449 1469 non
468 1442 532 1469 haec
553 1441 676 1478 quidem
691 1441 866 1475 observare,
883 1441 932 1469 illa
949 1449 1019 1468 vero
1035 1449 1086 1468 ne-

260 1485 381 1521 gligere:
393 1486 446 1514 sed
454 1493 573 1514 servare
583 1487 682 1514 omnia
693 1493 878 1521 quacunque
886 1486 1029 1514 mandavi
1039 1493 1084 1513 υο-

262 1529 304 1557 bis
313 1530 334 1563 ²,
345 1530 439 1564 idest,
454 1537 493 1558 ne
507 1530 669 1558 minimum
684 1530 809 1566 quidem
822 1538 926 1558 eorum
935 1530 1085 1566 praeterire

260 1581 328 1610 quae
343 1575 518 1611 praescripta
536 1577 607 1603 sunt
622 1576 670 1610 (2).
681 1575 796 1603 Etenim
812 1575 836 1602 si
851 1582 913 1602 non
923 1574 1026 1602 omnia
1041 1582 1085 1602 es-

261 1621 327 1646 sent
345 1619 434 1646 nobis
449 1619 620 1648 necessaria
633 1619 672 1647 ad
689 1619 792 1648 salutis
810 1619 1010 1655 propOSitum,
1024 1626 1086 1646 non

261 1662 364 1697 utique
378 1663 481 1691 omnia
497 1665 642 1692 mandata
654 1664 780 1692 fuissent
791 1665 978 1700 conscripta:
988 1670 1086 1700 neque

261 1705 366 1734 fuisset
378 1707 538 1741 sancitum,
548 1710 579 1736 ut
594 1708 764 1736 necessario
775 1711 964 1736 servarentur
972 1708 1084 1736 omnia.

261 1750 298 1784 (3)
311 1751 370 1778 Nos
388 1758 458 1778 vero
475 1751 500 1778 si
516 1751 562 1778 vel
580 1752 704 1780 unicum
728 1752 908 1780 mandatum
922 1752 1085 1780 confecisse

261 1801 318 1822 nos
338 1794 519 1823 arbitremur
534 1796 644 1832 (neque
663 1796 743 1824 enim
762 1796 926 1824 confecisse
939 1796 1084 1824 dixerim:

262 1839 363 1868 omnia
380 1839 530 1876 siquidem
546 1840 621 1868 inter
639 1849 671 1868 se
687 1841 838 1869 cohaerent
853 1839 1020 1868 secundum
1040 1848 1086 1868 sa-

1097 1228 1122 1254 Δ

1316 1229 1390 1254 ΠΕΡΙ
1406 1229 1530 1254 ΑΡΕΤΗΣ
1550 1229 1607 1254 ΚΑΙ
1623 1228 1756 1254 ΚΔΚΙΑΣ.

1434 1292 1453 1316 Λ
1459 1292 1543 1316 ΟΓΟΣ
1568 1289 1610 1318 Δί.

1180 1353 1203 1379 Ι.
1224 1351 1253 1378 Ὀ
1272 1353 1317 1388 μὶν
1340 1353 1432 1389 Κύριος
1450 1353 1523 1389 ἡμῶν
1546 1352 1648 1383 Ἰησοῦς
1666 1353 1783 1388 Χριστὸς
1802 1355 1858 1383 τοῖς
1877 1350 1933 1377 ἀπο-

1142 1395 1252 1430 στόλοις,
1297 1398 1484 1433 Πορευθέντες,
1519 1400 1602 1433 φησὶ,
1632 1398 1818 1433 μαθητεύσατε
1856 1398 1934 1422 πάντα

1140 1442 1173 1467 τὰ
1205 1442 1276 1475 ἔθνη,
1297 1439 1470 1472 διδάσκοντες
1492 1441 1594 1475 αὐτοὺς,
1619 1441 1683 1477 οὐχὶ
1704 1442 1737 1467 τὰ
1840 1444 1931 1477 τηρεῖν,

1140 1489 1190 1510 τῶν
1224 1483 1254 1511 δε
1280 1484 1394 1521 ἀμελεῖν,
1418 1485 1482 1512 ἀλλὰ
1508 1489 1595 1522 τηρεῖν
1621 1486 1705 1511 πάντα
1738 1485 1789 1511 ὃσα
1819 1484 1932 1511 ἐνετειλά-

1140 1539 1191 1565 μην
1216 1529 1294 1565 ὑμῖν,
1320 1531 1441 1556 τουτέστι
1468 1527 1538 1566 μηδὲ
1561 1531 1653 1567 μικρόν
1682 1539 1708 1556 τι
1736 1533 1859 1567 παρεῖναι
1887 1533 1931 1554 τῶν

1141 1571 1359 1610 διατεταγμένων.
1386 1574 1415 1600 Εἰ
1428 1575 1480 1611 γὰρ
1504 1576 1540 1610 μὴ
1564 1575 1649 1600 πάντα
1672 1575 1735 1610 ἡμῖν
1750 1576 1810 1611 τρὸς
1828 1575 1873 1600 τὸν
1890 1578 1933 1603 τῆς

1142 1620 1273 1654 σωτηρίας
1305 1617 1401 1644 σϐοπὸν
1421 1617 1620 1654 ἀναγκαῖα-ἧν,
1645 1618 1700 1645 οὒτ’
1729 1619 1760 1644 ἃν
1787 1617 1931 1654 ἐγράφησαν

1140 1665 1223 1688 πᾶσαι
1253 1664 1280 1688 αἱ
1309 1661 1418 1694 ἐντολαὶ,
1437 1662 1489 1690 οὒτ’
1509 1663 1539 1689 ἄν
1558 1664 1646 1694 πάσας
1668 1663 1823 1699 φυλαχθῆαι
1843 1661 1932 1699 διηγα-

1140 1707 1229 1743 ρεύθη.
1249 1706 1337 1743 Ἡμεῖς
1365 1705 1394 1734 δὲ
1417 1709 1479 1744 μίαν
1503 1717 1552 1734 που
1574 1711 1623 1734 τῶν
1644 1707 1748 1733 ἐντολῶν
1770 1710 1933 1736 πεποιηκέναι

1139 1753 1292 1787 νομίσαντες
1312 1751 1352 1787 (οὐ
1375 1753 1424 1788 φὰρ
1451 1751 1481 1778 ἂν
1506 1754 1584 1788 φαίην
1608 1752 1649 1778 ὃτι
1669 1754 1933 1783 ποιήσαντες-πᾶσαι

1139 1796 1190 1832 γὰρ
1204 1794 1317 1824 ἀλλήλων
1333 1797 1448 1832 ἔχονται,
1478 1797 1545 1822 κατὰ
1564 1798 1608 1822 τὸν
1632 1796 1692 1832 ὑγιῆ
1715 1800 1762 1822 τοῦ
1787 1797 1932 1829 σκοποῡμ)

1139 1839 1223 1875 λόγον,
1253 1840 1288 1871 ὡξ
1311 1839 1334 1866 ἰν
1361 1843 1392 1876 τῇ
1417 1839 1491 1866 λύσει
1517 1838 1563 1871 τῆς
1586 1843 1646 1877 μιᾶς
1666 1843 1711 1866 καὶ
1731 1841 1776 1871 τὰς
1797 1840 1890 1871 λοιπὰς
1911 1840 1934 1870 ἐξ

260 1891 333 1912 nam
349 1884 432 1920 scopi
449 1883 488 1912 ad
505 1892 596 1920 quem
612 1884 740 1913 tendunt
753 1886 912 1918 rationem,
928 1885 969 1912 sic
981 1887 1013 1912 ut
1024 1892 1084 1912 uno

1144 1883 1256 1920 ὶνάγκης
1285 1884 1534 1920 συγκαταλύσανθαι),
1571 1884 1619 1911 οὐκ
1642 1884 1684 1911 ἐπὶ
1716 1888 1772 1915 τοῖς
1803 1885 1933 1922 παρεθεῖσι

261 1928 394 1956 exsoluta
409 1936 534 1956 necesse
550 1929 587 1956 sit
601 1929 660 1957 alia
672 1930 763 1957 etiam
776 1929 864 1957 simul
878 1929 1084 1965 exsolvi),non

261 1972 301 2000 ob
316 1980 352 2000 ea
366 1980 434 2008 quae
448 1974 696 2008 praetermisimus
709 1973 785 2002 iram
800 1976 1021 2009 exspectamus,
1031 1973 1086 2001 sed

262 2019 385 2052 propter
403 2016 476 2044 illud
496 2017 581 2053 quod
607 2017 746 2046 videmur
767 2018 937 2054 peregisse,
962 2017 1087 2054 praemia

263 2059 474 2096 praestolamur
495 2070 501 2088 :
526 2061 610 2089 haud
625 2061 751 2090 scientes
763 2070 848 2093 eum,
864 2062 915 2098 qui
931 2070 967 2090 ex
982 2062 1087 2090 decem

263 2103 382 2131 talentis
396 2104 453 2132 sibi
468 2105 638 2133 commissis
650 2113 745 2133 unum
758 2108 809 2134 aut
822 2105 949 2134 alterum
962 2106 1089 2134 retinue-

262 2147 308 2181 rit,
325 2148 442 2184 reliqua
454 2157 526 2178 vero
540 2150 713 2185 reddiderit,
725 2158 788 2178 non
803 2150 934 2186 probum
945 2150 986 2178 ob
1000 2150 1088 2186 plura

262 2192 418 2228 persoluta
434 2195 568 2229 agnosci,
582 2194 635 2222 sed
650 2194 826 2230 improbum
844 2197 871 2222 et
891 2203 1033 2231 rapacem
1048 2195 1088 2222 ob

262 2245 430 2273 paucorum
441 2239 640 2275 direptionem
651 2239 747 2274 argui.
763 2239 840 2272 Quid
848 2242 948 2268 autem
963 2239 1031 2268 dico
1043 2239 1088 2267 di-

262 2282 705 2319 reptionem?quandoquidem
716 2284 740 2311 is
753 2284 801 2312 cui
809 2284 1015 2312 concreditum
1027 2283 1090 2312 fue-

262 2328 309 2352 rat
324 2326 470 2354 talentum
486 2335 593 2360 unum,
611 2336 646 2356 ac
659 2328 768 2355 deinde
781 2327 811 2355 id
825 2328 909 2364 quod
923 2330 1088 2364 acceperat,

263 2369 414 2404 integrum
437 2379 473 2398 ac
494 2371 641 2400 intactum
662 2372 802 2408 reddidit,
824 2375 983 2408 propterea
1006 2372 1090 2408 quod

263 2413 406 2441 traditum
419 2414 565 2443 talentum
580 2416 683 2445 fenore
699 2425 761 2445 non
775 2417 1091 2450 auxerit,condemna-

264 2460 311 2486 tur
321 2459 348 2486 δε
363 2462 391 2486 et
405 2460 461 2494 qui.
471 2467 525 2495 per
539 2460 721 2489 decennium
737 2463 854 2498 patrem
876 2461 1045 2495 honoravit,
1062 2463 1091 2489 et

263 2504 368 2539 postea
377 2511 470 2532 unam
481 2504 627 2533 duntaxat
635 2506 757 2542 plagam
769 2505 968 2539 incussit,non
980 2508 1013 2533 ut
1022 2506 1091 2541 pius

264 2549 292 2575 et
301 2548 455 2576 beneﬁcus
467 2549 582 2578 honore
594 2549 731 2583 afﬁcitur,
748 2550 801 2578 sed
815 2552 847 2578 ut
861 2550 1013 2586 parricida
1023 2558 1092 2579 con-

302 2629 309 2646 ¹
324 2630 424 2658 Matth.
441 2630 594 2663 xvvruJQ.
632 2631 643 2648 ³
654 2630 730 2659 ibid.
744 2633 790 2660 20.
828 2631 950 2660 “Matth.
963 2641 1031 2667 xxv,
1041 2634 1134 2663 24-30.

299 2702 337 2736 (1)
357 2702 398 2729 Ex
413 2701 558 2735 asceticis,
574 2703 637 2730 328.

300 2737 339 2771 (2)
360 2737 445 2770 [bid.,
462 2739 522 2765 329.

299 2772 338 2808 (3)
358 2772 444 2807 lbid,,
457 2773 520 2801 328.

1140 1931 1187 1957 τὴν
1212 1928 1292 1965 ὀργὴν
1316 1927 1523 1965 ἑχδεχόμεμεθα,
1547 1929 1600 1955 ἀλλ’
1626 1928 1668 1955 ἐπὶ
1689 1933 1725 1965 τῷ
1749 1930 1934 1966 κατορθωθέντι

1142 1971 1220 2003 δῆθεν
1246 1974 1292 2003 τὰς
1316 1975 1395 2009 τιμὰς
1418 1972 1590 2010 ἀναμένομεν·
1608 1974 1655 2000 οὐκ
1685 1972 1799 2006 εἰδότες,
1814 1973 1848 2004 ὡς
1872 1974 1885 1999 ό
1911 1972 1934 1998 ἐκ

1141 2022 1191 2044 τῶν
1216 2016 1281 2045 δέκα
1307 2018 1437 2044 ταλάντων
1465 2022 1510 2048 τῆς
1542 2019 1767 2056 παρακαταθήκης
1793 2018 1818 2044 ἓν
1845 2027 1894 2044 που
1920 2018 1932 2045 ἦ

1143 2060 1192 2089 δύο
1224 2064 1377 2098 κατασχὼν,
1400 2063 1434 2089 τὰ
1454 2060 1483 2088 δε
1504 2062 1584 2088 λοιπὰ
1607 2062 1742 2096 ἀποτίσας,
1763 2062 1827 2098 οὐχὶ
1847 2062 1935 2097 εὐγνώ-

1143 2117 1197 2142 μων
1213 2105 1260 2134 διὰ
1278 2110 1325 2136 τὴν
1345 2106 1467 2133 ἀπότισιν
1489 2111 1538 2133 τῶν
1558 2107 1680 2133 πλειόνων
1699 2107 1865 2143 γνωρίζεται,
1887 2106 1934 2132 ἀλλ’

1143 2150 1234 2182 ἄδικος
1253 2153 1298 2178 καὶ
1320 2151 1474 2182 πλεονέκτης
1495 2151 1537 2178 ἔπι
1571 2155 1602 2188 τῇ
1631 2155 1682 2177 τῶν
1709 2151 1849 2177 ἓλαττονων
1874 2152 1933 2177 ἀπο-

1145 2199 1266 2234 στερήσει
1307 2196 1461 2232 έλέγχεται.
1501 2197 1533 2222 Τί
1566 2194 1596 2222 δὲ
1637 2195 1701 2232 λέγω
1739 2195 1933 2232 ἀποστερήσῃς

1144 2242 1220 2268 ὁπότε
1243 2241 1256 2266 ὁ
1281 2242 1310 2268 τὸ
1341 2240 1365 2267 ἓν
1398 2241 1520 2267 τάλαντον
1543 2241 1712 2274 πιστευθεὶς,
1739 2238 1795 2266 εἶτα
1830 2238 1934 2268 ἀποδοὺς

1145 2286 1224 2312 ἐκεῖνο
1247 2286 1311 2312 αὐτὸ
1341 2284 1479 2322 ὁλόκληρον
1505 2287 1551 2312 καὶ
1579 2285 1698 2322 ἀκέραιον
1730 2286 1743 2311 ὃ
1776 2284 1916 2316 ὑπεδέξατο
1929 2305 1934 2315 ,

1144 2331 1184 2357 ὅτι
1213 2332 1248 2367 μὴ
1275 2331 1486 2368 προσειργάσατο
1519 2330 1556 2365 τῷ
1585 2328 1709 2362 δοθίντι,
1737 2332 1933 2367 κατακρίνεται·

1144 2377 1190 2400 καὶ
1214 2375 1226 2400 ὁ
1249 2373 1315 2401 δέκα
1340 2376 1383 2403 ἔτη
1405 2376 1448 2400 τὸν
1464 2376 1566 2411 πατέρα
1592 2377 1720 2410 τιμήσας,
1743 2377 1806 2410 μίαι
1831 2372 1861 2400 δὲ
1879 2372 1935 2400 πλη-

1144 2421 1194 2455 γὴν
1214 2419 1321 2455 ὕστερον
1350 2418 1465 2455 ἐμϐαλὼν
1489 2420 1569 2454 μόνην
1586 2440 1594 2453 ,
1621 2418 1674 2454 οὔχ
1700 2420 1734 2448 ὡς
1753 2418 1888 2454 εὐεργέτης
1905 2426 1934 2442 τι’

1145 2466 1235 2500 μᾶται,
1268 2462 1322 2490 ἀλλ’
1343 2465 1376 2494 ὡς
1399 2462 1558 2501 πατραλοίας
1584 2461 1801 2493 καταδικάζεται.
1833 2462 1862 2489 Ὀ
1887 2463 1935 2487 τοί-

1144 2519 1189 2535 νυν
1216 2508 1240 2536 ἑν
1266 2512 1384 2547 προκοπῇ
1409 2511 1542 2545 γενόμενος
1569 2507 1671 2544 ἀγαθων
1698 2508 1791 2545 ἔργων,
1814 2506 1869 2534 εἶτα
1891 2516 1934 2533 πα-

1144 2552 1325 2591 λινδρομήσας
1352 2555 1415 2590 πρὸς
1429 2553 1475 2583 τὴν
1500 2553 1616 2590 ἀρχαίαν
1639 2553 1790 2587 συνήθειαν,
1812 2552 1842 2579 οὐ
1867 2554 1934 2588 μόνον

1179 2705 1217 2746 (li)
1235 2708 1287 2732 Τοῦ
1303 2714 1416 2746 trigonoe.
1437 2705 1740 2769 Longﬁjgraaferenda
1748 2704 1866 2733 videtur
1878 2703 1933 2745 haec

1179 2742 1294 2769 rintura
1313 2749 1340 2769 e1
1364 2749 1460 2769 quam
1480 2749 1515 2769 ex
1571 2743 1599 2769 et
1622 2742 1791 2769 contextus.
1806 2744 1852 2767 τοῦ
1866 2739 1932 2769 λοτου

1144 2739 1294 2784 scriptura
1313 2741 1340 2770 ei
1364 2749 1460 2778 quam
1480 2739 1599 2770 eihibet
1622 2742 1791 2776 contextus,
1806 2744 1852 2767 τοῦ
1866 2739 1932 2774 λόγου

1145 2786 1192 2803 ne
1196 2786 1252 2804 πον.
