1997 3143
68 148 142 176 1117

622 151 736 179 SERMO
751 152 771 178 Ι.
786 166 818 172 -—
829 150 874 178 DE
887 151 1034 180 VIRTUTE
1048 152 1089 179 ET
1101 151 1195 179 VlTlO

1677 147 1744 176 1118

67 211 112 236 τόν
129 209 172 235 ἐπὶ
197 213 252 241 τοῖς
278 213 512 247 προπεπονημένοις
526 202 623 248 μισθὸν
639 211 784 249 ἐζημιώθη,
805 212 868 239 ἀλλὰ

924 213 1091 241 damnatur.
1106 214 1143 248 (6)
1161 212 1216 245 Qui
1226 219 1298 247 ergo
1309 212 1338 240 in
1350 212 1438 240 bouis
1450 209 1592 247 operibus
1607 217 1746 245 progres-

67 257 114 280 καὶ
142 253 289 291 βαρυτέρας
312 254 431 286 ἀξιοῦται
450 260 497 287 τῆς
523 259 711 294 κατακρίσεως,
736 258 776 283 ὅτι
806 267 867 292 γευ-

70 300 182 334 σάμενος
212 298 288 324 καλὸν
309 303 377 325 Θεοῦ
398 300 481 336 ῥῆμα,
507 303 551 327 καὶ¹
572 303 691 336 γνώσεως
719 304 866 338 μυστηρὶου

69 342 292 375 ἁξιωθεὶς,πάντα
304 343 460 380 προέδωκεν,
477 343 559 381 ἡδονῇ
575 344 692 382 βραχείᾳ
708 344 865 376 δελεασθεὶς,

923 266 991 285 sum
1002 257 1191 290 fecit,deinde
1200 264 1270 284 vero
1279 256 1318 283 ad
1328 255 1576 284 consuetudinem
1588 254 1744 290 antiquam

921 302 1086 333 revertitur,
1098 309 1159 329 non
1169 301 1304 336 priorum
1317 300 1409 328 modo
1422 299 1561 327 laborum
1574 297 1744 326 mercedem

923 346 1097 381 amittit,sed
1104 346 1194 373 etiam
1203 345 1369 380 graviorem
1379 343 1663 372 condemnationem
1673 341 1743 369 sub-

68 387 89 415 it
105 396 112 421 ;
126 387 211 423 quod
224 395 293 415 cum
308 388 356 416 Dei
371 388 496 417 verbum
511 388 627 418 bonum
641 390 853 425 degustaverit,
867 391 1060 426 mysteriique
1081 389 1249 424 cognitione
1272 389 1411 424 dignatus
1428 389 1474 423 sit,
1485 388 1614 425 perdidit
1629 386 1740 422 omnia,

68 431 154 459 brevi
169 432 321 467 voluptate
334 432 496 461 inescatus.

105 478 134 503 2.
159 478 217 502 Δέον
246 476 290 502 οὖν
314 478 394 513 ἡμᾶς,
419 479 488 515 εἴπερ
517 478 645 514 ἐθελοιμεν
672 478 794 515 ἀσφαλῶς
820 489 866 508 την

68 521 240 557 ὑποκειμένην
263 519 325 547 ὁδόν
356 526 402 548 τοῦ
434 521 495 558 βίον
523 521 691 560 διαδραμεῖν,
711 526 756 549 καὶ
781 533 866 560 παρα-

69 569 170 594 στῆσαι
186 569 291 602 Χριστῷ
305 568 352 595 τὴν
367 566 460 602 ψυχήν
478 577 506 593 τε
527 567 592 602 ὁμοῦ
607 569 651 593 καὶ
677 570 706 594 τό
730 572 806 603 σῶμα
821 572 866 598 τῆς

67 608 95 635 ἐκ
117 614 167 635 τῶν
187 611 342 645 τραυμάτων
367 611 500 645 αἱσγύνης
522 610 648 648 ἐλεύθερα,
674 614 718 638 καὶ
741 614 802 643 τοὺς
824 613 866 639 ἐπὶ

128 655 186 689 νίκῃ
228 655 369 690 στεφάνους
401 654 497 688 λαϐεῖν,
528 655 703 694 ἐγρηγορότας
733 657 865 694 περιάγειν

67 698 108 723 ἀεὶ
140 699 200 728 τοὺς
228 702 275 729 τῆς
309 698 404 735 ψυχῆς
437 699 594 736 ὀφθαλμοὺς,
627 703 672 727 καὶ
704 702 788 727 πάντα
820 702 867 727 ὑπ-

67 743 184 768 οπτεύειν
217 743 267 768 ὅσα
297 745 402 781 τερπνὰ,
429 746 474 770 καὶ
502 743 597 780 μηδενὶ
622 744 800 782 προσερείδειν
820 748 866 775 τὴν

67 788 178 818 ἔννοιαν,
205 785 275 823 μηδὲ
304 788 326 814 εἰ
344 790 448 825 χρυσὸς
469 791 585 824 φαίνοιτο
613 787 704 825 χύδην
727 792 866 827 προκείμε-

66 841 118 866 νος,
148 832 248 867 ἕτοιμος
269 832 303 863 εἰς
329 834 375 863 τὰς
399 837 448 858 τῶν
474 832 636 869 βουλομένων
669 838 761 870 χεῖρας
788 834 866 864 ἐλθεῖν

67 875 193 909 (Πλοῦτος
225 877 286 913 γὰρ,
327 879 416 912 φησιν,
450 876 492 903 ἐὰν
527 878 584 914 ῥέῃ,
619 880 654 914 μὴ
693 879 867 915 προσ-τίθεσθε

66 918 197 956 καρδίᾳ)·
213 919 283 956 μηδὲ
297 921 319 947 εὶ
337 925 369 957 γῆ
399 920 585 957 βλαστάνουσα
604 925 690 948 πᾶσαν
702 923 740 957 (1)
756 925 865 959 τρυφὴν,

66 966 114 990 καὶ
142 964 288 996 πολυτελέῑς
317 963 476 992 δεικνύουσα
505 967 600 997 σκηνάς
628 966 724 1002 (Ἠμῶν
756 968 807 1003 γὰρ
837 968 866 992 τὸ

67 1008 211 1045 πολίτευμα
244 1009 268 1035 ἐν
294 1009 402 1046 οὐρανῷ,
442 1009 468 1041 ἐξ
495 1010 526 1036 οὗ
554 1013 598 1036 καὶ
619 1015 727 1048 Σωτῆρα
754 1010 866 1038 ἀπεκδε-

67 1055 173 1090 χόμεθα
196 1056 342 1090 Χριστόν)’
357 1053 426 1090 μηδὲ
445 1055 467 1081 εἰ
494 1060 611 1092 χορεῖαι,
636 1058 681 1082 καὶ
704 1060 798 1092 κῶμοι,
822 1059 867 1083 καὶ

67 1100 166 1135 μέθαι,
205 1102 250 1126 καὶ
290 1099 497 1136 καταυλούμεναι
536 1101 664 1138 τράπεζαι
698 1102 868 1134 (Ματαιότης

65 1145 130 1180 γὰρ,
164 1146 239 1180 φησὶ,
270 1147 463 1180 ματαιοτὴτων,
492 1146 525 1171 τὰ
563 1146 649 1172 πάντα
687 1147 842 1182 ματαιότης)
859 1154 866 1161 '

67 1187 139 1224 μηδὲ
172 1189 194 1215 εὶ
227 1190 352 1225 σωμάτων
391 1189 472 1219 κάλλη
509 1192 671 1226 προτείνοιτο
708 1191 756 1225 (2),
796 1192 868 1229 παρὰ

66 1238 187 1270 πονηρῶν
219 1233 315 1269 ψυχῶν
348 1233 515 1270 ἔνοικούμενα
540 1234 616 1270 (Ἀπὸ
650 1238 792 1272 προσώπου
816 1236 866 1273 γὰρ

66 1280 193 1314 γυναικός
225 1279 260 1308 ὡς
293 1277 343 1304 ἀπὸ
376 1281 518 1316 προσώπου
556 1281 633 1315 ὄφεως
670 1283 756 1316 φεῦγε,
789 1282 867 1315 φησιν

67 1322 81 1346 ὁ
98 1322 187 1357 σοφός)
202 1329 208 1336 ”
232 1321 302 1358 μηδὲ
331 1322 352 1348 εἰ
368 1321 521 1349 δυναστεῖαι
533 1325 573 1359 (3)
588 1325 633 1350 καὶ
647 1322 809 1360 τυραννίδες,
824 1326 868 1350 καὶ

68 1364 220 1402 δορυφόρων
236 1366 251 1395 ἢ
277 1366 392 1392 κολάκων
414 1367 500 1404 ἑσμοὶ,
514 1366 584 1404 μηδὲ
606 1367 627 1394 εἰ
652 1369 740 1404 θρόνος
768 1367 869 1403 ὑψηλός

68 1413 115 1436 καὶ
134 1409 262 1448 λαμπρὸς,
288 1411 431 1443 ὑποζεύξας
457 1413 514 1440 ἔθνη
536 1414 580 1438 καὶ
595 1412 680 1443 πόλεις
701 1412 733 1442 εἰς
749 1410 867 1438 δουλείαν

69 1455 213 1481 ἀκούσιον·
238 1458 313 1482 Πᾶσα
340 1453 479 1494 γὰροὰρξ
505 1459 612 1493 χόρτος,
640 1459 684 1483 καὶ
710 1460 783 1483 πᾶσα
802 1454 868 1488 δόξα

69 1499 207 1537 ἀνθρώπου
241 1501 275 1531 ὡς
300 1501 377 1530 ἄνθος
408 1503 508 1537 χόρτου
526 1510 531 1516 ·

70 1547 116 1571 καὶ
141 1547 170 1571 τὸ
204 1545 279 1576 ἄνθος
307 1545 418 1576 ἐξέπεσε.
444 1547 552 1577 Τούτοις
577 1547 627 1583 γὰρ
651 1544 684 1575 δὴ
719 1549 784 1572 πᾶσι
813 1550 866 1576 τοῖς

68 1590 139 1616 οὕτω
162 1594 278 1627 τερπνοῖς
300 1591 312 1616 ό
340 1592 424 1621 κοινὸς
448 1591 613 1620 ὑποκάθηται
639 1589 782 1626 δυσμενὴς,
805 1590 867 1617 ἀνοι-

69 1636 153 1670 μένων
185 1637 248 1660 πότε
286 1635 323 1670 (4)
353 1639 407 1665 τοῖς
435 1635 574 1672 ὁρωμένοις
602 1633 788 1668 δελεασθέντες,
822 1639 868 1666 τῆς

68 1681 119 1716 μὲν
143 1679 239 1710 εὐθείας
273 1679 438 1717 ἐκτραπῶμεν
464 1678 538 1713 ὁδοῦ,
559 1681 622 1716 πρὸς
649 1678 678 1706 δὲ
706 1681 749 1705 τὸν
771 1679 867 1706 ἐκείνου

68 1723 151 1759 λόχον
175 1723 282 1755 ἑαυτοὺς
304 1723 488 1760 ἀποκλίνωμεν.
508 1726 557 1750 Καὶ
578 1722 633 1754 δέος
652 1723 727 1757 πολὺ,
748 1726 782 1759 μή
807 1734 869 1750 ποτε

69 1766 286 1805 προσδραμόντες
310 1768 463 1805 ἀφυλάκτως
487 1768 586 1801 αὐτοῖς,
611 1770 656 1795 καὶ
681 1770 727 1798 τὴν
758 1768 785 1794 ἐκ
822 1773 870 1799 τῆς

70 1811 239 1843 ἀπολαύσεως
276 1811 365 1849 τέρψιν
408 1811 483 1839 οὐδὲν
520 1813 681 1849 ἡγησάμενοι
723 1812 868 1851 βλαϐερὸν,

70 1857 275 1894 ἐγκεκρυμμένον
295 1861 326 1893 τῇ
351 1860 439 1894 πρώτῃ
463 1858 551 1893 γεύσει
568 1859 597 1883 τὸ
617 1861 663 1883 τοῦ
688 1855 810 1884 διαϐόλου
831 1860 869 1892 (5)

68 1903 236 1937 καταπίωμεν
264 1902 406 1939 ἄγκιστρον
424 1910 430 1916 ·
463 1899 518 1928 εἶτα
548 1903 597 1928 ὑπό
629 1903 733 1936 τούτου,
760 1903 793 1928 τὰ
824 1903 870 1938 μὲν

70 1945 179 1981 ἑκόντες,
208 1947 242 1972 τὰ
273 1944 302 1972 δὲ
335 1947 450 1980 ἄκοντες,
485 1944 669 1983 προσδεθῶμεν
694 1946 792 1980 αὐτοῖς,
825 1948 870 1972 καὶ

68 1992 134 2026 πρὸς
148 1992 177 2016 τὸ
198 1990 303 2028 φοϐερὸν
322 1995 368 2017 τοῦ
381 1991 480 2028 λῃστοῦ
501 1993 672 2027 καταγώγιον,
693 1993 736 2017 τὸν
751 1992 869 2026 θάνατον,

69 2035 188 2071 λάθωμεν
216 2035 379 2067 ἐλκυσθέντες
402 2036 452 2062 ὑπὸ
479 2039 528 2062 τῶν
558 2034 669 2064 ἡδονῶν.
696 2037 728 2062 Αἱ
750 2037 795 2072 μὲν
818 2036 869 2073 γὰρ

70 2079 172 2117 ἀρεταὶ,
201 2080 260 2106 ὅταν
290 2079 316 2111 ἐξ
345 2079 489 2116 ἐπιμελείας
523 2081 675 2116 συναφθῶσι
711 2083 742 2116 τῇ
778 2081 869 2116 φύσει,

69 2126 186 2162 ἡμέτερα
215 2127 338 2160 κτήματα
367 2127 478 2160 γίνεται,
509 2127 553 2150 καὶ
587 2125 644 2150 οὔτε
670 2124 713 2151 ἐπὶ
743 2128 793 2160 γῆς
819 2134 870 2160 μο-

69 2170 205 2205 χθοῦντας
224 2170 292 2205 ἡμᾶς
322 2168 508 2205 ἀπολιμπάνειν
537 2168 667 2195 ἐθέλουσιν
687 2169 730 2204 (ἦν
749 2170 785 2205 μὴ
806 2169 870 2204 πρὸς

70 2212 133 2250 βίαν
162 2212 241 2243 αὐτὰς
268 2213 366 2244 ἑκόντες
397 2211 583 2249 ἀποδιώξωμεν
599 2217 657 2243 ταῖς
675 2217 723 2239 τῶν
745 2215 870 2250 χειρόνων

72 2257 254 2293 ἐπαγωγαῖς),
287 2258 370 2283 ἐκεῖσέ
405 2267 431 2284 τε
464 2257 632 2293 ἐπειγομένων
671 2259 870 2294 προτρέχουσι,

70 2305 117 2328 καὶ
149 2304 203 2332 τοῖς
232 2301 351 2338 ἀγγέλοις
388 2303 446 2331 τοὺς
477 2303 654 2338 κτησαμένους
688 2302 869 2336 συνάπτουσι,

71 2349 117 2372 καὶ
150 2345 286 2382 λάμπονσι
312 2344 349 2372 δι’
379 2345 470 2377 αἰῶνος
499 2347 549 2372 ὑπὸ
577 2348 634 2376 τοῖς
662 2349 707 2371 τοῦ
735 2348 872 2376 κτίσαντος

72 2390 229 2426 ὀφθαλμοῖς.
251 2390 365 2420 Πλοῦτος
387 2389 427 2425 δὲ,
454 2392 498 2417 καὶ¹
518 2389 669 2425 δυναστεία,
694 2393 738 2416 καὶ
764 2391 871 2428 περιφά-

71 2445 137 2468 νεια,
157 2437 203 2461 καὶ
226 2437 321 2472 τρυφὴ,
345 2436 390 2461 καὶ
414 2438 464 2465 πᾶς
493 2435 505 2460 ὁ
527 2438 641 2465 τοιοῦτος
666 2434 755 2471 ὄχλος,
776 2435 788 2460 ὁ
812 2434 871 2461 καθ’

110 2498 119 2514 ⁵
134 2497 210 2525 Psal.
225 2505 283 2532 th,
299 2499 343 2526 11.
382 2498 392 2515 ε
409 2497 534 2534 Philipp.
549 2505 589 2531 II],
603 2499 648 2525 20.

109 2583 149 2617 (1)
163 2585 268 2609 Πᾶσαν.
288 2581 372 2607 Hanc
386 2586 492 2607 vocem
508 2577 612 2617 addidi
631 2585 667 2605 ex
676 2578 825 2617 contextu
831 2578 872 2617 _et

71 2613 176 2648 codice
187 2616 279 2652 Regio
294 2617 373 2648 1992,
387 2622 448 2651 quo
467 2613 636 2650 saepissime
650 2615 779 2652 utemur.
793 2613 872 2641 Alter

71 2654 163 2687 enim,
175 2647 285 2690 qui'est
301 2652 378 2690 4919,
394 2647 584 2690 non_m_agno
598 2648 666 2690 usui
680 2647 746 2690 fuit.

107 2691 147 2726 ('2)
158 2682 340 2727 ’Πῖοοτείνοιτα
355 2682 398 2715 Ita
411 2685 480 2715 cod.
496 2682 568 2721 Reg.
579 2686 608 2714 et
620 2685 784 2713 contextus.
796 2682 872 2711 Editi

71 2735 212 2752 ποοτεινοι.

90 2736 376 2797 ρῖἕῖιὲἱὶιδυνοιστιῖαι.
396 2757 509 2797 Vocula
524 2755 627 2797 addita
642 2762 681 2797 ex_
693 2754 833 2797 contextu
844 2755 873 2797 et

71 2789 201 2834 udoque
217 2795 330 2825 codice.
342 2796 407 2823 Mox
426 2793 581 2822 contextus
605 2790 641 2824 εἰς
664 2789 782 2818 δουλείαν
801 2789 872 2817 ἑκού-

565 1500 690 1546 ἐξηράνρη
721 1502 733 1527 ὁ
760 1504 866 1538 χόρτος,
886 1518 907 1546 c

687 2498 697 2515 ⁵
713 2496 806 2525 Eccle.
821 2505 841 2529 1,
854 2498 882 2526 2.

946 478 1065 515 2.470
1072 481 1215 517 (7)ltaque
1223 481 1247 508 si
1257 480 1347 508 modo
1353 479 1480 507 velimus
1489 479 1671 505 substratam
1677 475 1743 503 vitae

920 523 1002 550 viam
1018 526 1080 552 tuto
1096 532 1279 560 percurrere,
1295 527 1384 560 atque
1397 523 1531 550 animam
1543 520 1631 548 simul
1641 522 1670 547 et
1680 527 1743 547 cor—

921 575 978 603 pus
992 568 1150 597 vulnerum
1158 567 1495 605 turpitudineimmunia
1502 565 1605 594 offerre
1616 564 1741 596 Christo,

922 620 1112 648 coronasque
1136 613 1175 641 ob
1190 613 1346 641 victoriam
1363 611 1498 646 accipere
1518 619 1523 638 :
1543 611 1660 645 oportet
1686 615 1742 635 nos

922 657 1015 684 animi
1025 657 1128 685 oculos
1144 665 1263 693 semper
1272 657 1473 692 undecunque
1484 654 1642 689 vigilantes
1651 652 1744 680 circu-

921 708 1052 735 magere,
1069 704 1097 729 et
1112 704 1253 738 suspecta
1268 701 1378 730 habere
1398 706 1588 736 quaecunque
1607 696 1744 733 jucunda

922 747 1002 777 sunt,
1017 753 1071 773 nec
1087 749 1218 774 mentem
1230 746 1261 773 in
1271 746 1334 773 ulla
1344 754 1374 773 re
1389 742 1676 780 ejusmodideﬁgere
1687 750 1693 775 ;
1705 748 1742 768 ne

922 789 946 816 si
962 797 1069 817 aurum
1089 790 1212 826 quidem
1231 790 1369 818 videatur
1384 789 1448 817 fuse
1459 796 1609 824 sparsum.
1621 785 1744 822 quodin

922 834 1106 869 cupientium
1113 842 1222 861 manus
1229 834 1329 862 venire
1336 836 1475 870 paratum
1485 833 1520 860 sit
1527 832 1657 867 (Diuitiz
1663 830 1744 858 enim

921 878 1028 914 inquit,
1043 879 1070 906 si
1083 879 1227 914 afﬂuant,
1243 879 1336 906 nolite
1353 886 1405 906 cor
1426 876 1625 912 apponeret);
1645 882 1744 910 neque

921 922 946 949 si
958 923 1089 958 proferat
1104 925 1181 951 terra
1193 922 1314 951 delicias
1327 930 1433 950 omnes
1456 930 1491 949 ac
1511 922 1689 956 sumptuosa
1702 920 1744 946 ta-

920 966 1083 995 bernacula
1089 968 1179 1000 (Nam
1186 969 1287 995 nostra
1297 967 1480 995 conversatio
1490 965 1521 993 in
1533 965 1602 993 cazlo
1608 963 1744 997 est,unde

921 1012 1007 1038 etiam
1020 1011 1207 1039 Salvatorem
1219 1013 1421 1045 exspectamus
1432 1010 1586 1038 Christum
1594 1008 1627 1043 5);
1644 1015 1743 1043 neque

923 1055 947 1082 si
956 1055 1115 1090 chorem,et
1126 1056 1403 1088 commessationes,
1414 1058 1442 1082 et
1452 1054 1651 1088 ebrietates,et
1661 1059 1744 1079 men-

922 1107 962 1127 sae
973 1099 1114 1128 tibiarum
1125 1099 1255 1128 modulis
1270 1101 1446 1127 resonantes
1456 1093 1665 1134 proponantur
1676 1096 1745 1132 (Va-

921 1144 1002 1173 nitas
1009 1145 1097 1179 enim,
1106 1144 1212 1180 inquit,
1223 1144 1403 1178 vanitatum,
1414 1143 1514 1170 omnia
1527 1142 1643 1170 uanitas
1652 1141 1747 1174 tt1|;ne-

922 1197 981 1225 que
997 1190 1022 1217 si
1036 1189 1200 1217 oﬂerantur
1211 1196 1339 1225 corpora
1353 1187 1498 1222 formosa,
1512 1186 1542 1214 in
1558 1185 1670 1222 quibus
1681 1183 1747 1212 ani-

923 1243 980 1262 ma;
988 1242 1090 1270 pravae
1101 1233 1271 1262 inhabitant
1280 1233 1314 1268 (A
1323 1233 1403 1267 facie
1409 1231 1489 1260 enim
1496 1230 1630 1259 mulieris
1641 1229 1722 1257 velut
1730 1235 1748 1256 a

920 1279 1001 1314 facie
1013 1279 1159 1313 serpentis
1168 1279 1251 1313 fuge,
1262 1277 1360 1313 inquit
1372 1276 1497 1312 Sapiens
1507 1276 1540 1311 7);
1554 1282 1653 1310 neque
1665 1273 1747 1309 sipo-

922 1325 1051 1352 tentatus
1064 1322 1312 1357 dominatusque,
1329 1329 1364 1349 ac
1375 1320 1536 1348 satellitum
1547 1321 1599 1346 aut
1614 1317 1749 1345 adulato-

923 1375 989 1395 rum
1001 1369 1119 1400 turmre,
1136 1374 1234 1402 neque
1260 1365 1285 1393 si
1304 1364 1496 1401 promittatur
1521 1363 1598 1391 altus
1621 1362 1747 1390 thronus

923 1414 1013 1448 atque
1029 1410 1214 1447 splendidus,
1231 1412 1334 1445 gentes
1347 1417 1382 1437 ac
1394 1408 1528 1436 civitates
1537 1406 1668 1434 servituti
1684 1412 1746 1433 non

921 1455 1095 1483 voluntaria:
1112 1454 1274 1489 subjiciens
1287 1462 1293 1480 :
1312 1453 1412 1481 Omnis
1425 1452 1506 1480 enim
1520 1459 1589 1479 caro
1602 1450 1745 1485 fenum,et

922 1501 1018 1528 omnis
1030 1500 1129 1535 gloria
1142 1499 1269 1526 hominis
1281 1497 1428 1533 quasi/los
1437 1496 1504 1531 feni
1515 1505 1521 1523 ι
1534 1495 1615 1523 aruit
1627 1495 1743 1529 fenum,

922 1548 950 1573 et
960 1545 1016 1579 ﬂos
1035 1543 1168 1572 cecidit“.
1190 1543 1305 1570 Etenim
1321 1541 1379 1569 sub
1394 1541 1440 1569 his
1455 1539 1597 1568 omnibus
1610 1538 1686 1566 adeo
1698 1537 1745 1572 ju-

923 1588 1030 1617 cnndis
1054 1586 1224 1615 communis
1246 1586 1294 1614 ille
1320 1585 1414 1613 hostis
1436 1584 1542 1619 latitat,
1569 1584 1745 1618 exspectans

923 1632 1094 1669 ecquando,
1103 1631 1194 1659 rebus
1204 1630 1373 1666 conspectis
1382 1629 1506 1663 illecti,a
1517 1629 1597 1656 recta
1608 1626 1746 1654 deﬂecta-

922 1686 991 1706 mus
1007 1678 1065 1711 via,
1075 1685 1110 1704 ac
1123 1676 1265 1712 nosipsos
1276 1675 1305 1703 in
1316 1674 1393 1702 illius
1404 1673 1527 1702 insidias
1536 1671 1746 1707 conjiciamus.

924 1722 1091 1756 Quinetiam
1100 1720 1296 1749 metuendum
1304 1719 1391 1747 valde
1398 1720 1453 1753 est,
1462 1717 1625 1754 nequando
1635 1715 1672 1744 ad
1683 1715 1747 1742 haec

923 1768 1042 1796 incaute
1058 1768 1257 1798 accurrentes,
1266 1773 1299 1792 ac
1311 1762 1484 1800 perfruendi
1494 1762 1680 1797 voluptatem
1693 1759 1748 1787 mi—

923 1812 1004 1840 nime
1010 1811 1132 1840 noxiam
1142 1809 1272 1839 arbitrati
1277 1808 1534 1844 ,diabolihamum
1544 1805 1707 1841 dcglutiam
1713 1812 1747 1831 us

924 1857 956 1885 in
971 1857 1068 1893 primo
1094 1857 1184 1890 gustu
1207 1853 1406 1881 occultatum:
1427 1850 1545 1883 deinde,
1570 1857 1607 1877 ne
1627 1849 1666 1876 ab
1689 1848 1747 1875 hoc

925 1891 1021 1935 tracti,
1033 1900 1142 1936 partim
1155 1899 1292 1931 libentes,
1304 1897 1415 1932 partim
1426 1894 1509 1922 inviti
1520 1894 1566 1922 his
1577 1893 1668 1921 rebus
1680 1891 1746 1920 alli—

925 1953 1039 1981 gemur,
1048 1944 1267 1978 inscientesque
1275 1950 1292 1969 a
1302 1939 1505 1976 voluptatibus
1512 1938 1550 1966 ad
1561 1936 1746 1965 horrendum

923 1989 1047 2018 latronis
1060 1988 1225 2023 hospitium
1246 1986 1412 2019 trahamur,
1424 1984 1463 2012 ad
1474 1984 1601 2011 mortem
1623 1981 1746 2009 scilicet.

925 2034 961 2070 (8)
977 2035 1050 2062 Nam
1065 2033 1198 2065 virtutes,
1216 2038 1284 2058 cum
1301 2038 1337 2057 ex
1352 2029 1452 2057 studio
1466 2030 1495 2056 et
1505 2026 1660 2062 diligentia
1675 2033 1746 2053 con-

922 2079 1091 2114 junguntur
1098 2084 1168 2104 cum
1180 2077 1299 2107 natura,
1311 2076 1414 2101 nostra
1424 2071 1748 2108 ﬁuntpossessio,nos-

924 2131 983 2159 que
999 2130 1053 2150 nec
1066 2121 1096 2148 in
1113 2123 1190 2148 terra
1208 2118 1381 2146 laborantes
1401 2117 1536 2144 deserere
1560 2115 1672 2150 volunt,
1688 2114 1747 2142 nisi

926 2175 976 2195 eas
985 2175 1039 2203 per
1050 2165 1112 2193 vim
1122 2163 1200 2192 ultro
1210 2162 1415 2197 fugaverimus
1431 2160 1510 2188 vitiis
1521 2159 1708 2193 introductis,
1720 2161 1748 2186 et

925 2211 964 2239 ad
975 2202 1103 2239 futuram
1114 2209 1208 2236 vitam
1224 2206 1397 2234 festinantes
1409 2206 1603 2240 praecurrunt,
1616 2205 1645 2230 et
1657 2202 1748 2230 collo-

925 2257 994 2284 cant
1003 2255 1077 2283 inter
1087 2252 1210 2289 angelos
1222 2259 1311 2279 suum
1335 2256 1552 2286 possessorem,
1563 2249 1592 2276 et
1603 2247 1660 2275 sub
1676 2254 1746 2274 eon-

925 2300 1029 2328 ditoris
1056 2298 1150 2327 oculis
1170 2299 1315 2324 aeternum
1335 2294 1459 2329 fulgent.
1487 2292 1599 2320 Divitiae
1612 2299 1693 2324 vero,
1719 2292 1749 2318 et

925 2345 1111 2381 potentatus,
1123 2344 1151 2370 et
1166 2339 1322 2374 claritudo,
1335 2340 1363 2367 et
1378 2338 1502 2372 deliciae,
1518 2339 1546 2365 et
1556 2336 1654 2365 omnis
1670 2337 1749 2372 ejus-

925 2388 1009 2417 modi
1023 2387 1112 2415 turba
1121 2385 1255 2423 quotidie
1268 2392 1321 2420 per
1331 2385 1468 2411 nostram
1483 2381 1686 2418 insipientiam
1697 2389 1748 2408 au-

926 2440 1063 2470 gescens,
1072 2439 1171 2467 neque
1184 2429 1316 2458 introivit
1329 2427 1492 2456 nobiscum
1503 2427 1534 2454 in
1544 2427 1749 2461 vitam,neque

921 2497 930 2513 ⁷
946 2495 1032 2523 Eccli.
1047 2502 1106 2530 xxi.
1123 2496 1150 2521 2.
1189 2493 1199 2510 ⁸
1215 2495 1272 2520 lsa.
1287 2499 1334 2526 xL,
1349 2493 1375 2518 6.

926 2586 993 2609 σιον,
1006 2575 1147 2603 servituti
1158 2572 1338 2602 voluntariae
1353 2570 1524 2609 subjiciens:

973 2603 999 2646 4')
1011 2613 1086 2637 Πότε.
1095 2610 1194 2646 Minus
1203 2610 1280 2636 recte
1290 2603 1475 2646 recentiores
1486 2603 1631 2646 editipnes
1639 2604 1662 2629 εἰ
1674 2612 1748 2630 ποτε.

974 2637 1000 2682 ᾗ)
1015 2644 1257 2682 Atued).ou,_Minus
1268 2644 1349 2682 recte
1360 2642 1516 2682 contextus
1531 2637 1620 2666 δόλου.

961 2677 1001 2718 (6)
1015 2683 1056 2708 Ex
1067 2679 1243 2718 homil.x1v,
1260 2680 1292 2718 in
1308 2678 1444 2718 ebriosos,
1460 2677 1521 2704 122.

960 2708 1000 2752 (‘ii
1013 2718 1054 2744 Ex
1067 2714 1171 2752 homil.
1187 2708 1244 2748 χιι,
1262 2713 1346 2748 Quod
1369 2708 1456 2740 rebus
1470 2709 1632 2738 mundanis
1654 2708 1750 2738 adlige-

925 2752 1052 2781 rendum
1067 2759 1128 2779 non
1141 2751 1190 2784 sit,
1208 2752 1270 2778 163.

962 2788 1001 2824 (8)
1011 2787 1098 2822 Ibid.,
1113 2782 1197 2820 Quod
1207 2785 1304 2821 rebus,
1318 2785 1392 2818 etc.,
1406 2782 1465 2810 167.
