1997 3143
269 116 338 144 1119

757 117 943 146 APPENDIX.
959 133 993 139 —
1003 115 1175 146 SYMEONIS
1189 115 1456 145 METAPHRASTE

1862 119 1915 146 1120

267 187 337 208 cum
349 178 416 207 ullis
431 186 567 215 unquam
579 178 662 207 abiit:
677 178 767 207 sedin
778 187 963 216 unoquoque
973 180 1095 209 homine

1153 179 1248 216 ἡμέραν
1279 178 1306 204 ἐκ
1330 182 1378 209 τῆς
1407 179 1532 215 ἡμετέρας
1561 177 1650 208 ἀνοίας
1679 177 1844 214 αὐξανόμενος,
1872 181 1916 206 οὔτι

268 223 362 251 ﬁxum
375 226 402 251 et
421 226 519 251 ratum
535 226 648 258 manet,
664 224 747 260 quod
762 224 835 252 olim
852 232 869 252 a
882 225 964 260 justo
979 224 1095 252 dictum

268 269 321 295 est:
334 267 441 295 Nudus
457 275 590 303 egressus
600 275 664 296 sum
679 276 716 296 ex
725 272 808 297 utero
819 270 925 297 matris
937 277 1020 303 mete,
1036 277 1094 297 ηιμ

269 312 326 339 dus
338 312 427 340 etiam
443 314 612 340 revertar”.
625 314 664 348 (1)
685 314 788 341 Utrum
813 313 903 348 igitur
917 313 971 341 tibi
994 313 1095 341 utilius

270 356 486 391 temporariam
498 356 606 391 eligere
618 356 816 393 voluptatem,
829 359 857 385 et
870 365 924 394 per
934 365 1002 386 eam
1018 357 1095 386 acci-

270 407 341 436 pere
353 403 498 429 aeternam
507 404 634 430 mortem
648 411 654 429 :
667 410 707 430 an
717 402 824 430 virtute
835 402 1000 431 excolenda
1011 402 1096 431 labo-

271 452 318 472 res
334 447 362 473 et
376 453 528 474 erumnas
539 446 690 482 amplecti,
706 449 735 475 et
746 447 824 475 illius
836 455 893 484 ope
907 448 999 476 vitam
1010 450 1096 476 aeter-

272 497 344 517 nam
357 491 503 526 consequi
514 490 528 518 ?
539 491 578 526 (2)
588 492 661 519 Nam
673 492 807 528 corporis
821 491 957 528 pondera
967 499 1004 520 ex
1016 491 1096 520 truti-

269 541 313 562 na:
328 535 488 563 momentis
498 535 693 564 aestimamus:
707 535 760 564 sed
770 544 838 572 quae
849 536 880 564 in
890 536 950 565 vita
957 536 1098 571 eligenda.

272 581 351 610 sunt.
364 579 458 607 libero
472 580 581 608 anima:
598 580 721 608 arbitrio
743 581 928 608 secernimus
943 590 949 608 :
972 580 1055 616 quod
1067 581 1097 608 et

274 625 418 651 stateram
430 625 582 660 Scriptura
593 625 780 658 nominavit;
792 625 905 661 quippe
916 625 987 660 quia
998 632 1096 661 aequa-

270 666 329 694 lem
346 667 384 695 ad
396 670 557 704 utrumque
568 668 623 704 47
633 669 653 704 ι
668 668 892 697 inclinationem
902 669 1033 705 recipere
1043 677 1095 705 po-

273 713 338 739 test.
354 711 393 747 (3)
405 712 539 748 Exempli
547 721 650 747 causa,
665 713 804 741 scortatio
819 716 847 741 et
858 713 1002 749 pudicitia
1013 713 1096 749 apud

273 758 300 783 te
316 755 501 791 judicantur,
517 759 545 785 et
556 757 674 785 excelsa
685 760 736 785 tua
751 765 838 786 mens
854 757 1004 793 ejusmodi
1015 757 1094 793 judi-

273 799 319 827 cio
335 800 390 828 sibi
402 801 568 829 commisso
579 802 738 837 praesidet;
751 805 840 838 atque
851 801 1002 838 voluptate
1014 809 1095 830 scor-

1151 222 1318 259 συμπροῆλϐε
1339 224 1404 259 πρὸς
1438 224 1481 248 τὸν
1515 221 1573 258 βίον
1600 223 1673 258 ἡμῖν,
1708 223 1764 248 οὔτε
1795 223 1915 252 σνναπηῑλθέ

1149 277 1219 294 τισιν
1232 277 1238 284 ~
1265 266 1328 293 ἀλλὰ
1348 268 1376 293 τὸ
1395 271 1431 302 τῷ
1460 265 1555 303 δικαίῳ
1579 267 1659 293 πάλαι
1681 267 1767 304 ῥηθὲν,
1786 265 1824 292 ἐπὶ
1841 270 1915 297 παντὸς

1150 311 1286 349 ἀνθρώπου
1319 313 1419 347 πίπηγε
1449 314 1493 338 καὶ
1521 319 1627 349 κρατει⁴
1659 312 1754 347 Γυμνός
1778 310 1868 342 ἐξῆλθον
1893 311 1913 337 ἐι

1150 355 1250 386 κοιλίας
1281 357 1382 393 μητρός
1404 365 1465 392 μου,
1498 357 1596 392 γυμνὸς
1620 357 1664 382 καὶ
1697 354 1866 391 ἀπελεύσομαι.
1889 358 1913 382 Τί

1150 398 1194 427 οὖν
1224 409 1265 426 σοι
1302 399 1538 436 λυσιτελέστερον;
1572 402 1620 429 τὴν
1650 402 1804 436 πρόσκαιρον
1833 399 1913 426 ἑλέσθαι

1151 445 1230 477 ζωὴν,
1251 447 1295 471 καὶ
1316 443 1352 471 δι’
1374 444 1456 475 αὐτῆς
1475 445 1513 480 (7)
1537 446 1580 470 τὸν
1600 444 1700 470 αἰώνιον
1723 443 1804 470 λαϐεῖν
1819 445 1912 477 etiam,

1151 489 1166 518 ἦ
1182 491 1229 518 τὴν
1254 488 1278 515 ἐν
1298 492 1328 525 τῇ
1356 488 1469 518 ἀσκήσει
1494 493 1542 520 τῆς
1568 488 1662 525 ἀρετῆς
1689 488 1800 525 ἑλόμενον
1819 489 1914 514 κακοπά-

1151 534 1232 568 θειαν,
1254 535 1335 570 ταύτῃ
1356 533 1470 571 προξένῳ
1486 534 1644 570 χρήσασθαι
1659 537 1706 564 τῆς
1730 533 1827 559 αἰωνίου
1846 533 1914 566 ζωῆςς

1149 579 1188 604 Τὰ
1199 579 1244 614 μὲν
1259 579 1308 615 γὰρ
1328 581 1374 604 τοῦ
1390 581 1508 614 σώματος
1532 577 1614 616 βάρη,
1635 577 1748 608 ταῖςέπὶ
1770 581 1815 608 τῆς
1839 578 1917 613 τρυτά-

1149 633 1194 654 νης
1215 623 1308 660 ῥοπαῖς
1335 620 1511 658 δοκιμάζομεν
1533 633 1539 639 ·
1559 623 1592 648 τὰ
1618 621 1648 648 δε
1674 625 1718 648 τοῦ
1743 621 1800 658 βίον
1825 621 1917 654 ἐκλεκτά,

1149 672 1186 703 τῷ
1202 667 1363 703 αάτεξουσίῳ
1382 670 1428 697 τῆς
1451 667 1545 703 ψυχῆς
1561 665 1743 704 διακρίνομεν·
1762 667 1774 692 ὀ
1797 669 1837 692 καὶ
1858 666 1918 701 ζυγὸν

1151 713 1282 748 ὠνόμασεν
1298 712 1312 740 ἠ
1342 713 1440 748 Γραφὴ,
1459 709 1506 738 διὰ
1524 713 1553 738 τὸ
1569 712 1629 741 ἴσην
1654 710 1784 738 δύνασθαι
1805 709 1919 747 λαμϐάνειν

1150 759 1197 786 τὴν
1220 756 1301 794 ῥοπὴν
1332 755 1369 792 ἐφ’
1390 755 1507 794 ἑκάτερα.
1539 757 1599 782 Οἷὸν
1628 766 1654 782 τι
1674 755 1751 792 λέγω,
1777 758 1871 792 πορνεία
1886 757 1919 781 καὶ

1153 802 1306 838 σωφροσύνη
1333 802 1406 838 παρὰ
1428 802 1470 827 σοὶ
1493 802 1618 838 κρίνεται,
1644 803 1690 827 καὶ
1717 800 1812 836 ὑψηλὸς
1829 800 1920 836 προκαθ-

274 845 378 873 talionl
394 846 522 879 favente,
540 846 628 874 timor
644 847 694 874 Dei
709 847 1098 883 suppetiasvenitcastimo-

1153 845 1238 876 ἑξεταί
1258 854 1300 872 σοι
1319 845 1332 870 ὁ
1346 849 1415 878 νοῦς,
1431 847 1630 882 πεπιστευμένος
1648 846 1677 871 τό
1694 843 1873 882 δικαστήριον·
1887 846 1920 869 καὶ

274 889 341 917 nise.
355 890 441 922 Quod
453 891 476 918 si
488 890 633 919 damnato
647 891 939 927 peccato,victoriam
947 891 1098 928 pudicitia

275 933 448 968 dederis,de
459 942 490 962 re
503 935 682 963 sententiam
693 938 806 964 rectam
818 935 923 969 tulisti;
938 936 985 964 sin
997 939 1099 964 autem

275 978 313 1006 ad
322 978 507 1015 voluptatem
517 979 678 1013 inclinans,
688 980 910 1016 praeferendum
922 988 986 1009 esse
995 989 1100 1017 pecca-

275 1024 337 1050 tum
353 1024 539 1058 pronunties,
565 1023 722 1060 obliquum
751 1024 845 1052 fecisti
866 1025 1026 1060 judicium,
1047 1025 1099 1053 ob-

275 1067 386 1095 noxius
400 1067 496 1095 factus
509 1069 703 1096 exsecrationi
715 1068 792 1104 ejus,
803 1069 856 1105 qui
868 1069 960 1097 dixit:
978 1069 1035 1103 ναξ,
1047 1070 1100 1105 qui

275 1111 374 1140 dicitis
383 1119 521 1140 amarum
532 1112 628 1145 dulce,
639 1116 666 1140 et
675 1113 763 1141 dulce
770 1121 908 1142 amarum
919 1123 925 1141 :
937 1114 990 1149 qui
1000 1114 1097 1142 dicitis

276 1155 369 1184 lucem
391 1156 539 1188 tenebras,
558 1160 585 1184 et
605 1157 740 1185 tenebras
761 1157 855 1186 lucem
867 1158 900 1185 ιο.
918 1158 955 1193 (li)
972 1157 1098 1190 Quando

275 1199 496 1235 igitursingulas
510 1201 631 1228 virtutes
641 1209 710 1229 cum
724 1201 850 1237 singulis
862 1202 938 1230 vitiis
950 1202 1097 1238 judicium

277 1244 416 1276 subeunt,
433 1247 504 1272 tunc
523 1244 707 1280 judiciorum
722 1246 931 1275 rectitudinem
949 1247 1097 1276 ostendito

276 1288 308 1316 in.
327 1289 445 1317 occulto
461 1289 569 1317 animas
589 1292 647 1318 tuas
672 1290 824 1321 tribunali.
851 1294 1098 1328 praeceptumque

275 1333 364 1368 quasi
379 1341 564 1362 assessorem
582 1334 729 1363 adhibens
746 1335 809 1369 tibi,
825 1335 929 1364 odium
945 1337 976 1364 in
995 1337 1098 1373 nequi-

277 1377 350 1405 tiam
364 1381 447 1407 tuum
468 1383 714 1414 commonstrato,
732 1388 875 1409 aversans
890 1385 1024 1418 peccata,
1043 1381 1101 1410 vir-

280 1424 359 1450 tutes
375 1423 545 1459 praeferens.
557 1424 585 1453 Si
597 1424 675 1453 enim
692 1425 764 1453 facis
780 1428 812 1454 ut
827 1426 856 1453 in
870 1425 995 1461 singulis
1010 1426 1101 1454 actio-

278 1466 368 1494 nibus
384 1467 503 1497 vincant
516 1469 599 1505 apud
614 1472 641 1498 te
656 1469 790 1503 meliora,
807 1470 913 1498 beatus
929 1470 987 1498 eris
1002 1471 1039 1498 In
1055 1471 1103 1499 die

279 1511 346 1547 illa_
357 1520 423 1540 cum
435 1513 586 1548 judicabit
601 1515 745 1542 Dominus
760 1515 878 1544 occulta
892 1515 1044 1544 hominum
1061 1523 1103 1544 se-
1117 1529 1138 1558 ο

279 1556 408 1584 cundum
424 1559 610 1593 evangelium
618 1562 751 1587 nostrum
762 1560 782 1577 ¹¹
794 1567 801 1593 ;
815 1562 853 1593 et,
866 1560 1103 1595 Cogitationibus

279 1600 357 1628 inter
367 1609 396 1628 se
405 1603 746 1637 etaccusantibus,autct
756 1604 984 1639 defendentibus
997 1606 1029 1640 ”,
1041 1612 1103 1633 non

279 1644 376 1672 abibis
396 1646 616 1675 condemnatus
632 1648 714 1684 quod
727 1647 767 1676 ad
782 1648 862 1677 mala
882 1649 1070 1678 inclinaveris
1093 1658 1100 1678 :

281 1689 333 1716 sed
346 1689 470 1724 justitia:
480 1691 598 1719 coronis
611 1691 811 1726 honorabere,
832 1693 943 1730 quibus
963 1694 1102 1723 virtutem

280 1741 334 1769 per
347 1742 467 1763 omnem
484 1737 567 1763 tuam
582 1736 675 1764 vitam
689 1737 888 1765 coronaveris.
904 1740 941 1774 (5)
955 1739 1103 1771 Quemad-

281 1778 408 1807 modum
420 1780 498 1808 enim
515 1781 685 1816 sagittarius
698 1782 832 1817 jaculum
844 1783 884 1811 ad
897 1791 1024 1819 scopum
1034 1784 1103 1812 diri-

280 1823 331 1858 git,
344 1823 369 1851 si
383 1832 481 1861 neque
496 1825 655 1859 excedens,
671 1834 769 1862 neque
786 1826 941 1862 deﬁciens,
955 1835 1053 1864 neque
1071 1829 1102 1857 in

282 1867 456 1897 alterutram
472 1873 589 1906 partem
611 1870 767 1899 declinans
792 1871 930 1900 aberrat:
952 1872 994 1900 sic
1013 1873 1103 1908 judex

282 1912 371 1941 debet
385 1913 422 1942 ad
439 1914 470 1942 id
484 1915 567 1950 quod
585 1915 700 1951 justum
723 1918 767 1944 est
782 1916 950 1950 collineare,
966 1925 1021 1945 nec
1037 1926 1104 1954 per-

282 1965 425 1986 sonarum
440 1958 555 1986 habens
568 1960 715 1988 rationem
731 1961 907 1995 (Personam
918 1962 995 1990 enim
1013 1963 1044 1990 in
1053 1963 1104 1997 ju-

281 2001 358 2029 dicio
369 2010 544 2037 cognoscere
558 2003 665 2032 bonum
678 2013 738 2033 non
753 2008 795 2033 est
808 2005 852 2040 ‘3),
864 2013 962 2042 neque
975 2015 1104 2043 propen-

282 2045 365 2073 sione
381 2054 484 2081 agens,
499 2048 552 2075 sed
563 2051 676 2076 rectam
691 2049 876 2086 minimeque
891 2050 1046 2079 distortam
1062 2051 1102 2080 fe-

280 2097 350 2117 rens
369 2091 557 2120 sententiam.
573 2094 605 2121 Et
619 2101 688 2122 cum
705 2094 766 2122 duo
784 2094 823 2122 ab
843 2095 911 2131 ipso
919 2095 1101 2131 judicentur,

280 2142 411 2170 quorum
429 2136 504 2165 alter
515 2137 583 2173 plus
603 2146 701 2174 aequo,
718 2139 792 2167 alter
803 2139 904 2168 minus
921 2140 1042 2174 habeat,
1057 2141 1104 2169 de-

279 2178 331 2207 bet
342 2180 436 2215 judex
461 2181 568 2210 ambos
588 2183 666 2211 inter
690 2192 721 2212 se
747 2192 914 2220 exaequare,
936 2187 964 2212 et
987 2187 1103 2214 tantum

282 2224 378 2253 aufert
395 2225 420 2253 ei
433 2226 486 2262 qui
500 2226 568 2263 plus
581 2228 653 2255 satis
667 2227 769 2262 habet,
785 2232 936 2265 quantum
951 2229 977 2257 ei
992 2229 1044 2266 qui
1059 2229 1102 2258 in-

279 2268 390 2304 juriam
405 2271 530 2307 accepit,
545 2271 650 2300 deesse
665 2272 871 2309 deprehendit.

1152 891 1167 919 ἠ
1193 891 1238 926 μὲν
1260 888 1342 919 ἡδονὴ
1370 894 1510 927 συνηγοριῖ
1528 893 1558 927 τῇ
1581 892 1697 927 πορνείᾳ,
1718 890 1731 916 ὁ
1757 887 1784 916 δὲ
1803 890 1870 925 φόϐος
1885 892 1920 914 τοῦ

1154 938 1220 961 Θεοῦ
1235 938 1266 970 τῇ
1295 936 1447 972 σωφροσύνῃ
1467 937 1634 962 συνίσταται.
1652 934 1711 961 Ἐὰν
1740 935 1782 970 μὶν
1800 931 1840 960 οὖν
1860 943 1920 959 κατα-

1154 977 1266 1016 δικάσῃς
1287 981 1333 1009 τὴν
1360 979 1501 1017 ἁμαρτίαν,
1527 978 1580 1015 δῷς
1605 978 1634 1006 δὲ
1661 984 1770 1009 νικῆσαι
1783 980 1825 1008 τὴν
1843 985 1922 1014 eugepa-

1154 1025 1244 1058 σύνην,
1265 1024 1364 1050 εὐθεῖαν
1380 1024 1496 1053 ὶποιήσω
1519 1026 1567 1053 τὴν
1590 1025 1677 1062 κρίσιν
1701 1027 1746 1050 τοῦ
1768 1024 1922 1060 πράγματος·

1153 1067 1194 1094 ἐὰν
1210 1066 1239 1094 δὲ
1250 1072 1280 1105 τῇ
1299 1067 1381 1103 ἠδονῇ
1405 1067 1468 1099 δοὺς
1482 1070 1528 1098 τὴν
1552 1069 1646 1106 ῥοπὴν,
1672 1069 1854 1106 προτιμοτέραν
1875 1065 1924 1092 ἀπο-

1153 1115 1232 1149 φήνῃς
1261 1115 1308 1142 τὴν
1341 1113 1482 1150 ἁμαρτίαν,
1512 1113 1614 1140 σκολιὸν
1647 1112 1763 1143 ἐποιήσω
1789 1114 1815 1138 τὸ
1849 1115 1923 1148 κρίμα,

1152 1155 1279 1188 ὑποδικος
1309 1160 1440 1194 γενόμενος
1470 1162 1502 1194 τῇ
1532 1157 1583 1195 ἀρᾷ
1604 1161 1650 1184 τοῦ
1681 1155 1926 1189 εἰπόντος·οὐαὶ,οῐ

1151 1202 1265 1238 λέγοντες
1287 1204 1315 1228 τό
1344 1203 1436 1238 πικρὸν
1465 1201 1559 1238 γλυκὺ,
1588 1204 1634 1228 καὶ
1665 1204 1696 1229 τὸ
1732 1202 1811 1238 γλυκὺ
1832 1201 1920 1236 πικρόν.

1152 1248 1177 1273 οἱ
1208 1247 1322 1282 λέγοντες
1358 1248 1387 1272 τὸ
1416 1250 1468 1283 φῶς
1498 1249 1598 1279 σκότος,
1629 1249 1674 1273 καὶ
1709 1248 1739 1273 τὸ
1776 1248 1859 1276 σκότος
1881 1248 1927 1280 ψοζ’

1153 1291 1224 1318 Ἐπεὶ
1239 1289 1282 1317 οὖν
1306 1294 1380 1318 πᾶσα
1401 1290 1477 1328 ἀρετὴ
1494 1293 1559 1328 πρὸς
1574 1294 1660 1318 πᾶσαν
1685 1293 1779 1318 κακίαν
1801 1288 1928 1318 διαδικάζε-

1154 1345 1208 1369 ται,
1227 1338 1282 1362 τότε
1311 1333 1345 1365 δὴ
1371 1334 1502 1367 ἐπίδειξαι
1523 1338 1571 1366 τὴν
1596 1337 1729 1365 εὐθύτητα
1746 1340 1794 1362 τῶν
1819 1334 1927 1372 χριμάτων

1155 1380 1181 1406 ἐν
1195 1384 1230 1416 τῷ
1246 1384 1352 1417 κρυπτῷ
1377 1389 1424 1406 σον
1448 1383 1496 1411 τῆς
1523 1379 1615 1416 ψυχῆς
1638 1383 1777 1418 κριτηρίῳ,
1803 1381 1844 1405 καὶ
1869 1378 1928 1404 οἱονεὶ

1155 1423 1285 1462 πάρεδρον
1324 1428 1424 1460 σεαυτῷ
1447 1427 1494 1454 τήν
1522 1423 1620 1454 ἐντολὴν
1645 1426 1830 1462 ποιησάμενος,
1863 1421 1928 1453 δεῖξον

1156 1471 1184 1496 τὸ
1213 1471 1401 1507 μισοπόνηρον,
1431 1469 1650 1507 ἀποστρεφόμενος
1677 1472 1725 1507 μὲν
1751 1471 1794 1500 τὰς
1813 1469 1928 1505 ἁμαρτίας,

1157 1515 1304 1551 ὑπερτιμῶν
1333 1512 1363 1541 δὲ
1393 1515 1437 1545 τὰς
1467 1513 1568 1552 ἀρετάς.
1603 1515 1660 1541 Ἐὰν
1690 1516 1741 1552 γὰρ
1770 1514 1805 1551 ἐφ’
1840 1513 1930 1540 ἑκάστης

1157 1559 1274 1597 πράξεως
1297 1561 1370 1595 νικᾷν
1397 1561 1510 1596 ποιήσῃς
1538 1560 1610 1597 παρὰ
1630 1561 1673 1585 σοὶ
1695 1561 1729 1586 τὰ
1751 1558 1871 1596 βελτίονα,
1892 1564 1928 1592 μα-

1157 1605 1246 1642 κάριος
1284 1605 1328 1640 ἔσῃ
1363 1604 1403 1630 Ἐν
1430 1607 1461 1641 τῇ
1491 1606 1576 1641 ἡμέρᾳ
1606 1603 1702 1641 ἐκείνῃ,
1738 1605 1796 1631 ὅταν
1831 1603 1894 1639 κρίνῃ
1921 1608 1929 1624 θ

1157 1650 1222 1679 Θεὸς
1253 1650 1286 1675 τὰ
1319 1650 1423 1686 κρυπτὰ
1450 1653 1500 1675 τῶν
1525 1647 1664 1686 ἀνθρώπων
1691 1650 1756 1675 κατὰ
1783 1650 1809 1675 τὸ
1834 1645 1929 1681 Εὐαγγέ-

1155 1693 1208 1719 λιον
1237 1694 1329 1730 ἡμῶν,
1363 1696 1418 1726 καὶ,
1451 1693 1554 1725 Μεταξὺ
1588 1693 1704 1723 ἀλλήλων
1740 1698 1788 1720 τῶν
1821 1692 1929 1728 λογισμῶν

1156 1739 1381 1775 κατηγορούντων,
1416 1738 1431 1768 ἣ
1463 1740 1508 1764 καὶ
1543 1737 1767 1775 ἀπολογουμένων,
1800 1737 1843 1764 οὐκ
1871 1735 1930 1771 ἀπέρ-

1156 1793 1194 1819 χῃ
1211 1781 1472 1819 καταδεδικασμένος
1488 1781 1535 1809 διὰ
1557 1785 1603 1812 τὴν
1626 1785 1694 1821 πρὸς
1715 1785 1748 1810 τὰ
1762 1783 1841 1820 φαῦλα
1857 1781 1928 1818 ῥοπὴν,

1156 1826 1220 1853 ἀλλὰ
1242 1831 1295 1858 τοῖς
1316 1831 1362 1858 τῆς
1385 1825 1557 1859 δικαιοσύνης
1578 1829 1717 1865 τιμηθὴσῃ
1748 1828 1882 1864 στεφάνοις,
1901 1821 1930 1853 οἷς

1156 1873 1228 1909 παρὰ
1253 1873 1337 1898 πάντα
1362 1881 1409 1899 σου
1432 1874 1475 1898 τὸν
1500 1871 1558 1909 βίον
1574 1875 1617 1902 τὴν
1646 1872 1740 1909 ἀρετὴν
1763 1872 1928 1908 ἐστεράνωσας-

1155 1916 1255 1953 Ὠσπερ
1274 1917 1325 1953 γὰρ
1345 1917 1478 1948 ὁτοξότης
1500 1919 1565 1954 πρὸς
1588 1919 1631 1943 τὸν
1657 1919 1756 1944 σκοπὸν
1776 1916 1898 1943 ἀπευθύνει
1909 1914 1930 1938 τό

1157 1961 1242 1998 βελος,
1272 1954 1330 1987 δῦτε
1364 1961 1527 1998 ὑπερϐολαῖς,
1551 1964 1610 1988 οὔτε
1638 1962 1792 1998 ἓλλείψεσιν,
1811 1963 1864 1987 οὔτε
1887 1961 1930 1986 ταῖς

1157 2005 1192 2042 ἐφ’
1222 2006 1329 2043 ἑκάτερα
1354 2010 1535 2043 παρατροπαῖς
1569 2005 1723 2033 ἀποπλανῶν
1751 2009 1796 2036 τὴν
1827 2005 1929 2036 τοξείαν

1157 2050 1237 2082 οὕτως
1253 2051 1266 2077 ὁ
1281 2052 1371 2088 κριτὴς
1385 2050 1478 2086 ὀφείλει
1491 2055 1537 2077 τοῦ
1563 2050 1667 2078 δικαίου
1692 2048 1930 2086 καταστοχάζεσθαι,

1157 2097 1215 2122 οὔτε
1241 2098 1371 2132 πρόσωπα
1391 2094 1527 2131 λαμϐάνων
1556 2096 1707 2133 (Γνωρίζειν
1737 2097 1786 2133 γὰρ
1812 2097 1930 2132 πρόσωπον

1156 2138 1180 2165 ἐν
1207 2142 1292 2176 κρίσει
1323 2138 1352 2165 οὐ
1385 2139 1485 2175 καλὸν),
1519 2142 1578 2167 οὔτε
1614 2145 1694 2167 ποιῶν
1725 2142 1792 2167 κατὰ
1827 2136 1932 2176 πρόσκλι-

1157 2193 1198 2211 σιν
1224 2185 1271 2220 (8),
1295 2183 1348 2211 ἀλλ’
1368 2184 1468 2216 εὐθείας
1493 2187 1538 2211 καὶ
1564 2184 1760 2223 ἀδιαστρόφους
1778 2185 1880 2222 ἐκφέρων
1895 2182 1932 2210 τὰς

1156 2231 1266 2266 κρίσεις.
1296 2231 1346 2256 Καὶ
1379 2227 1429 2256 δύο
1458 2232 1611 2267 κρινομένων
1646 2231 1709 2268 παρ’
1736 2232 1813 2266 αὐτῷ,
1844 2231 1885 2255 τοῦ
1912 2234 1931 2251 τι

1156 2273 1374 2308 πλεονεκτοῦντος,
1390 2276 1434 2300 καὶ
1452 2278 1499 2301 τοῦ
1526 2277 1555 2301 τὸ
1584 2275 1687 2302 ἶλαι-τον
1716 2277 1831 2312 ἔχοντος,
1855 2271 1932 2308 ὄφείλει

282 2313 360 2344 αὐτὸς
393 2314 517 2341 ἵστασθαι
549 2314 677 2343 ἄπανισῶν
705 2316 797 2347 αὐτοὺς
820 2319 886 2354 πρὸς
911 2317 1046 2354 ἀλλήλους,
1075 2320 1120 2345 καὶ
1149 2321 1273 2345 τοσοῦτον
1302 2317 1417 2356 ἀφαιρῶν
1450 2323 1496 2346 τοῦ
1531 2319 1714 2357 ὑπερέχοντος,
1744 2320 1803 2346 ὅσον
1833 2316 1932 2344 ἐλαττούσ

281 2365 355 2392 μενον
374 2357 488 2395 ιύρίσκει
503 2361 546 2386 τὸν
561 2358 740 2397 ἀδικούμενον.

317 2403 344 2429 3.
362 2401 396 2437 (6)
417 2402 491 2431 Nam
505 2405 713 2439 possessiones
727 2404 849 2442 reliquae
868 2414 929 2436 non
948 2409 1018 2436 sunt
1032 2415 1102 2445 pos-

281 2453 433 2474 sessorum
446 2447 544 2483 magis
553 2455 646 2485 quam
653 2449 856 2486 quorumlibet
870 2459 922 2480 eas
937 2452 1103 2489 adipiscen-

316 2531 403 2561 9Job.
416 2541 436 2568 ι,
449 2535 495 2562 2t.
538 2533 561 2552 ¹⁰
575 2535 632 2563 lsa.
643 2542 671 2570 ν,
687 2536 732 2563 20.
772 2536 792 2560 ι¹
807 2536 891 2564 Rom.
904 2536 934 2572 it,
948 2537 991 2565 to.

423 2620 528 2664 ξιοωῆ.
543 2622 575 2651 in
589 2631 635 2658 ps.
652 2631 708 2660 ωτι,
723 2623 783 2653 197.

371 2658 535 2735 ἓξῇἰοιιιὶι.
550 2694 582 2722 in
594 2694 728 2730 princip.
743 2695 899 2731 Proverb,
917 2698 977 2725 106.

328 2729 356 2761 4)
371 2729 446 2758 Ibid.

327 2763 355 2798 5)
368 2764 444 2794 Ibid.
458 2767 517 2793 105.

1030 2538 1053 2555 ¹²
1068 2536 1142 2567 ibid.
1160 2539 1204 2566 15.

1191 2409 1217 2437 3.
1237 2409 1276 2436 Τὰ
1302 2409 1347 2446 μὲν
1378 2409 1429 2447 γὰρ
1452 2407 1518 2437 ἀλλα
1537 2413 1588 2436 τῶν
1615 2410 1764 2447 κτημάτων,
1793 2407 1821 2435 οὐ
1851 2404 1932 2443 μᾶλλον

1155 2456 1205 2480 τῶν
1231 2452 1344 2490 ἑχόντων
1380 2454 1394 2483 ἢ
1431 2455 1476 2481 καὶ
1509 2456 1658 2482 οὑτινοσοῦν
1692 2459 1742 2481 τῶν
1776 2453 1932 2488 ἐπιτυχόντων

1245 2538 1268 2556 ¹³
1282 2540 1368 2567 Prov.
1387 2547 1464 2575 xxrv,
1481 2540 1525 2567 23.

1207 2628 1233 2664 6)
1249 2627 1291 2667 Ex
1305 2636 1395 2667 serm.
1409 2629 1452 2667 pe
1467 2628 1597 2664 legendis
1607 2628 1690 2667 libris
1707 2628 1866 2667 gentilium.
1876 2623 1930 2667 .177-

1204 2662 1232 2699 7)
1248 2664 1285 2690 Δι’
1301 2665 1390 2695 αὐτῆς.
1408 2665 1454 2694 Sic
1468 2662 1592 2700 uterque
1607 2662 1717 2693 codex:
1725 2664 1798 2692 Editi
1809 2662 1843 2689 δι’
1855 2662 1929 2687 αὐτὴν·

1156 2699 1225 2737 Mog
1232 2699 1263 2727 in
1279 2702 1419 2737 contextu
1434 2704 1465 2730 τῆ
1471 2711 1482 2732 ς
1495 2699 1598 2726 αἰωνίου
1608 2705 1689 2737 τρυφῆ
1696 2711 1716 2732 ς.

1191 2735 1230 2770 (8)
1246 2735 1415 2772 Πρόσκλισιν.
1442 2730 1488 2765 Sic
1501 2736 1532 2764 in
1556 2730 1705 2765 contextu»
1716 2737 1793 2764 recte
1808 2730 1929 2772 emenda-

1155 2768 1362 2801 tuin‘est'.Editi
1374 2772 1659 2814 πρόκ).ησιν.υίϐι¹(ἶυθ
1671 2772 1766 2801 codex
1778 2768 1927 2809 πρόσκλησιν-
