1997 3143
103 120 170 150 H21

99 184 172 210 ἐστὶν
195 185 281 220 ὥσπερ
303 183 327 210 ἐν
352 182 448 219 παιδιᾷ
472 182 568 216 κύϐων,
597 181 663 220 τῇδε
688 181 794 207 κάκεῖσε
822 181 936 216 μετα-Λ

98 229 253 265 ϐαλλόμεναι
278 229 343 264 μόνη
372 226 401 254 δὲ
425 229 563 264 κτημάτων
599 228 614 256 ἡ
650 227 726 264 ἁρετὴ
764 225 899 262 ἀναφαίρε-

98 283 156 308 τον,
190 275 235 299 καὶ
279 273 357 303 ζῶντι
393 274 437 298 καὶ
476 271 659 301 τελευτήσαντι
701 272 898 308 παραμένουσα.

97 319 175 344 Ὀϐεν
201 316 235 347 δὴ
261 319 304 344 καὶ
323 317 403 343 Σόλων
419 326 464 353 μοι
480 314 552 343 δοκεῖ
577 317 640 353 πρὸς
655 317 713 346 τοὺς
728 315 851 353 εὐπόρους
866 314 901 341 εἰ·

98 366 157 389 πεῖν
171 364 213 398 τὸ,

248 448 252 452 Ι
349 415 438 450 Ἡμεῖς
453 414 539 445 αὐτοῖς
555 413 584 440 οὐ
601 412 795 450 διαμειψόμεθα

99 463 153 489 Τῆς
173 459 266 495 ἀρετῆς
285 459 328 484 τὸν
347 457 468 484 πλοῦτον·
489 457 542 484 ἐπεὶ
559 459 588 484 τὸ
604 458 648 494 μιν
660 455 770 493 ἔμπεδον
785 456 846 489 αἰεὶ,

192 505 324 540 Χρήματα
349 500 375 528 δ’
391 501 530 539 ἀνθρώπων
548 501 637 528 calore
655 501 728 532 ἄλλος
743 502 809 536 ἔχει.

136 586 182 610 Διό
212 583 303 620 ἀρετῆς
329 583 390 616 ὑμῖν
416 582 588 618 ἐπιμελητέον,
613 580 633 607 ὦ
658 582 799 618 ἄνθρωποι,
816 582 831 610 ἣ
855 583 900 607 καὶ

97 630 282 664 ναυαγήσαντι
310 629 509 662 συνεκνήχεται,
532 629 577 653 καὶ
596 626 638 652 ἐπι
662 629 709 657 τῆς
732 627 833 662 χέρσου
859 635 900 660 γε-

97 675 203 708 νόμενον
227 673 324 708 γυμνὸν
352 673 504 708 τιμιώτερον
531 669 663 701 ἀποδείξει
691 674 740 695 τῶν
776 668 899 705 εὐδαιμό-

96 729 158 745 νων,
190 719 241 743 Καὶ
269 716 336 743 οὕτω
357 715 506 752 βιώσωμεν,
528 718 561 745 ὡς
589 712 722 751 μηδέποτε
744 715 777 740 τὰ
807 713 900 750 παρελ-

99 763 179 788 ϐὀντα
204 763 338 797 κρείττονα
363 759 428 786 εἶναι
456 764 506 786 τῶν
535 759 685 795 μελλόντων·
719 757 796 788 Μηδὲ
821 758 898 784 εἴπω-

96 816 155 843 μεν,
185 806 225 832 ὃτι
250 806 277 831 αἱ
301 806 396 841 ἡμέραι
423 803 451 830 αἱ
476 806 599 841 πρότερον
622 802 719 839 ἀγαθαὶ
741 801 808 832 ἦσαν
834 803 898 839 ὑπὲρ

96 853 206 881 ταύτας.
233 850 291 876 Ἐὰν
320 850 370 886 γὰρ
405 849 432 874 αὶ
467 849 634 884 προάγουσαι
658 849 754 884 ἡμέραι
783 847 936 885 βελτίουςΒ

99 895 151 922 ὦσι
180 899 229 921 τῶν
255 895 320 931 μετὰ
352 897 445 927 ταῦτα,
477 892 638 928 λεχθήσεται
678 893 752 928 ἡμῖν.
776 895 901 918 Τοσαῦτα

102 940 209 966 ἐπάθετε
233 939 300 972 εἰκῆ,
329 937 531 975 ἀμαυρουμένων
561 941 611 963 τῶν
642 937 725 963 καλῶν
762 937 811 962 ὑπὸ
853 941 902 968 τῆς

101 984 126 1010 ἐν
142 988 198 1015 τοῖς
217 984 325 1017 ὕστερον
344 981 473 1018 ἀμελείας.
495 980 595 1018 Ὠσπερ
621 983 672 1018 γὰρ
696 981 708 1007 ὀ
731 980 902 1017 τελειοὺμενος

99 1033 153 1059 τοῖς
178 1027 323 1064 ἔμπροσθεν
343 1025 521 1059 ἐπεκτείνεται,
549 1026 630 1056 οὕτως
658 1026 670 1051 ὁ
695 1025 847 1061 ἁμαρτάνων
868 1025 902 1056 εἰς

98 1075 129 1100 τὸ
150 1073 260 1098 κατόπιν
291 1068 456 1100 ἁναποδιζει.
471 1071 517 1100 Τίς
545 1068 574 1096 δὲ
594 1071 689 1106 μείζων
718 1072 811 1101 κακίας
834 1069 902 1096 ἁπό-

99 1116 195 1151 ὃειξις,
217 1117 232 1145 ἡ
258 1116 273 1145 η
296 1118 342 1141 τοῦ
365 1115 466 1150 ἀγαθοῦ
481 1114 683 1150 ἐγκατάλειψις;
701 1117 762 1148 Καὶ,
777 1117 902 1151 πονηρίας

97 1160 242 1198 ὑπερϐολὴ,
266 1161 296 1186 τὸ
324 1159 469 1195 παροξῦναι
491 1160 534 1184 τὸν
562 1157 659 1194 ἀγαθὸν
679 1161 724 1184 καὶ
747 1162 839 1194 πρᾶον.
867 1160 902 1185 Τό

97 1208 150 1243 γὰρ
189 1206 303 1240 ἔσχατον
337 1202 361 1229 ἓν
391 1205 514 1239 πονηρίᾳ,
541 1205 586 1229 καὶ
623 1205 688 1239 πρὸς
726 1203 801 1229 ἑαυτό
832 1202 901 1230 ἔστιν

97 1251 268 1286 ἀσύμφωνον.
285 1250 330 1274 καὶ
360 1249 425 1274 ἔοικε
451 1249 479 1273 τὸ
501 1248 592 1280 κακὸν,
619 1247 648 1273 οὗ
670 1251 706 1282 τῷ
721 1246 811 1282 ἀγαθῷ
831 1247 901 1274 ἐναν-

98 1295 224 1322 τιοῦσθαι
247 1295 336 1330 μόνον,
365 1291 429 1318 ἀλλά
456 1294 502 1318 καὶ
529 1292 590 1318 αὐτὸ
618 1291 709 1327 ἑαυτῷ-
734 1291 833 1329 Ὠσπερ
856 1290 901 1318 οὖν

98 1342 214 1370 ἡττᾶται
239 1339 333 1368 σκότος
349 1340 380 1372 τῇ
410 1340 455 1362 τοῦ
476 1338 560 1372 φωτὸς
579 1338 723 1374 παρουσίᾳ,
740 1339 784 1363 καὶ
797 1340 901 1362 νικᾶται

97 1387 174 1414 νόσος
197 1387 229 1419 τῇ
267 1386 315 1413 τῆς
334 1381 422 1417 ὐγείας
451 1379 590 1417 ἐπιδημίᾳ,
615 1383 661 1406 καὶ
684 1381 698 1410 ἡ
722 1381 778 1407 κατ’
808 1381 901 1418 ἀρετὴν

99 1429 220 1466 προκοπή
246 1426 288 1453 ἐπὶ
307 1427 336 1452 τὸ
363 1426 451 1462 μεῖζον
476 1424 526 1451 ἀπὸ
554 1429 604 1452 τῶν
626 1425 764 1452 ἐλαττόνων
786 1428 833 1454 τὴν
855 1427 901 1451 αὔ-

101 1475 178 1506 ξησιν
208 1474 274 1508 ἔχει*
300 1471 367 1497 οὕτω
392 1473 437 1497 καὶ
461 1471 476 1500 ἡ
501 1474 550 1501 τῆς
577 1473 671 1501 κακίας
692 1472 773 1506 χύσις
787 1470 836 1497 ἀπὸ
851 1475 901 1497 τῶν

100 1517 296 1554 ὑποδεεστέρων
324 1520 374 1542 τῶν
394 1515 421 1546 ἐξ
445 1514 531 1552 ἀρχῆς
557 1515 598 1541 ἐπὶ
627 1517 655 1542 τὸ
672 1515 810 1545 ἀνήκεστον
833 1518 902 1552 φέρε-
917 1529 937 1556 C

100 1573 156 1591 ται,
169 1563 255 1599 Ἀρχή
275 1559 304 1587 δὲ
322 1561 386 1597 πρὸς
400 1562 446 1588 τὴν
467 1558 594 1594 ἀνάληψιν
614 1564 663 1585 τῶν
690 1560 784 1594 καλῶν,
802 1561 816 1589 ἠ
837 1559 899 1586 ἁνα-

103 1611 227 1643 χώρησις
262 1609 312 1631 τῶν
352 1608 448 1631 κακῶν.
476 1603 609 1630 Ἐκκλινον
637 1605 699 1641 γὰρ,
736 1607 826 1640 φησιν,
851 1604 902 1630 ἀπο

102 1654 197 1684 κακοῦ,
219 1652 264 1676 καὶ
287 1650 398 1678 ποίησον
422 1647 530 1683 ἀγαθόν.
560 1648 590 1674 Εἰ
623 1650 672 1686 γὰρ
710 1649 784 1680 εὐθύς
815 1659 901 1686 προσ-

101 1695 176 1722 έϐαλε
205 1704 248 1720 σοι
274 1695 307 1719 τὰ
329 1692 421 1726 τέλεια,
441 1691 599 1724 ἀπωκνησας
624 1691 654 1718 ἆν
671 1695 735 1729 πρὸς
752 1695 798 1723 τὴν
814 1692 902 1729 ἐγχεί-

99 1749 190 1778 ρησιν·
218 1740 274 1764 νυνὶ
294 1736 324 1764 δὲ
351 1741 402 1767 τοῖς
427 1736 621 1773 εὔληπτοτέροις
640 1747 668 1763 σε
681 1738 841 1774 προσεθίζει,
858 1739 901 1764 ἵνα

99 1783 306 1819 κατατολμὴσῃς
326 1786 376 1808 τῶν
392 1781 550 1817 ἐφεξῆς.“Ως
577 1782 628 1818 γὰρ
654 1781 696 1808 ἐπὶ
723 1786 770 1813 τῆς
803 1782 899 1819 κλίμα-

98 1839 142 1858 κος
169 1830 258 1865 πρώτη
284 1825 421 1857 ἀνάϐασις,
443 1825 459 1854 ἡ
476 1829 524 1856 τῆς
538 1829 586 1861 γῆς
610 1825 791 1862 ἀναχώρησις·
817 1827 899 1858 οὕτως

99 1873 142 1899 ἐπὶ
161 1875 207 1902 τῆς
227 1872 294 1897 κατὰ
312 1871 376 1896 Θεὸν
398 1869 537 1903 πολιτείας,
559 1869 632 1907 ἀρχὴ
653 1875 800 1907 προκοπῆς,
816 1872 829 1897 ὁ
850 1876 899 1898 τῶν

97 1921 185 1943 κακῶν
216 1917 363 1952 χωρισμός.
392 1913 457 1945 Ἐως
487 1915 532 1950 μὲν
560 1912 604 1940 οὖν
614 1915 707 1946 νήπιός
731 1915 801 1941 ἐστιν
837 1916 898 1942 ἕκα-

98 1971 159 1992 στος
181 1962 266 1997 ἡμῶν,
286 1961 316 1986 τὸ
340 1958 364 1985 ἑν
379 1962 415 1994 τῷ
438 1960 548 1995 παρόντι
567 1956 620 1987 ἡδὺ
643 1957 755 1993 διώκων,
772 1958 899 1996 οὐδεμίαν

96 2010 144 2032 τοῦ
175 2005 311 2042 μέλλοντος
338 2002 498 2040 κηδεμονίαν
523 2006 646 2029 ποιεῖται·
665 1996 730 2041 ἀνὴρ
750 2003 779 2030 δὲ
793 2007 899 2041 γενόμε-

95 2060 150 2083 νος,
177 2051 243 2087 μετὰ
281 2050 324 2076 τὸν
358 2048 524 2085 ἀπαρτισμὸν
547 2051 597 2073 τῶν
626 2048 737 2082 ἐννοιῶν,
768 2049 821 2075 οἷον
837 2050 898 2087 ὁρᾷν

97 2093 174 2122 δοκεῖ
196 2096 239 2120 τόν
264 2093 322 2130 βίον
342 2093 412 2128 αὐτῷ
436 2092 595 2128 σχιζόμενον
610 2094 676 2129 πρὸς
690 2093 784 2130 ἀρετὴν
797 2097 842 2120 καὶ
854 2104 898 2120 κα-

95 2141 164 2166 κίαν-
193 2142 238 2165 καὶ
264 2139 360 2164 πυκνόν
379 2139 445 2173 πρὸς
467 2136 584 2173 ἑκάτερον
599 2138 628 2163 τὸ
650 2139 721 2174 ιῇαμα
741 2142 788 2169 τῆς
805 2138 900 2175 ψυχῆς

95 2186 290 2221 μεταστρέφων,
321 2181 473 2218 παράλληλα
503 2183 585 2219 κρίνει
604 2182 637 2208 τὰ
672 2181 784 2220 ἑκατέρῳ
816 2193 934 2226 προσ-υ

95 2231 168 2256 οντα.
184 2231 235 2255 Καὶ
259 2229 272 2253 ὁ
297 2229 342 2264 μὶν
357 2230 407 2253 τῶν
427 2225 584 2262 ἁμαρτωλῶν
605 2225 662 2263 βίος
676 2227 763 2253 πάντα
778 2225 898 2255 δείκνυσι

94 2274 128 2299 τὰ
153 2276 199 2299 τοῦ
224 2273 351 2309 παρόντος
376 2271 467 2301 αἰῶνος
496 2271 601 2306 τερπνά·
630 2271 642 2296 ὁ
667 2268 696 2296 δὲ
724 2275 773 2297 τῶν
787 2270 896 2298 δικαίων

93 2319 162 2354 μονα
180 2317 316 2353 ὑποφαίνει
336 2317 369 2341 τὰ
393 2318 439 2341 τοῦ
463 2314 597 2351 μέλλοντος
624 2313 719 2349 ἀγαθά.
743 2317 793 2341 Καὶ
812 2317 827 2345 ἡ
851 2318 896 2353 μὲν

93 2366 145 2388 τῶν
162 2363 314 2397 σωζομένων
329 2357 400 2395 ὁδὸς,
422 2360 483 2385 ὅσον
497 2358 565 2384 καλὰ
584 2359 755 2394 ὖπισχνεῖται
779 2361 812 2386 τὰ
834 2361 896 2397 μέλ-

93 2406 182 2439 λοντα,
208 2409 333 2432 τοσοῦτον
359 2404 469 2430 ἐπίπονα
489 2405 636 2440 παρέχεται
650 2405 684 2429 τὰ
696 2406 822 2441 παρόντα·
837 2406 850 2431 ὀ
868 2404 897 2434 ὃὲ

94 2449 164 2481 ἡδὺς
190 2453 235 2477 καὶ
264 2449 408 2480 ἀκόλαστος
437 2447 494 2485 βίος
520 2447 584 2483 οὐχὶ
608 2446 829 2486 προσδοκωμένην
862 2451 898 2483 εἰς

133 2522 156 2539 ¹⁴
172 2521 266 2549 Eccle.
283 2529 333 2556 vn,
348 2520 392 2547 11.
410 2520 432 2537 ¹⁵
445 2518 538 2547 Galat.
550 2526 590 2554 ιιι,
605 2519 632 2546 4.
651 2519 672 2536 ιθ
688 2520 763 2548 Psal.
781 2528 881 2557 xxxw,
897 2522 943 2550 27.

131 2575 169 2609 (t)
180 2576 221 2602 Ex
232 2582 323 2602 serm.
334 2575 377 2601 De
393 2572 522 2610 legen_dis
539 2571 623 2610 ιῖριζιε
641 2573 812 2610 gentilium,
831 2576 894 2603 177.

131 2608 171 2644 (2)
185 2612 225 2638 Ex
239 2611 402 2642 comment,
419 2609 450 2636 in
463 2608 535 2641 Isa.,
550 2609 611 2635 389.

131 2648 156 2673 (3
181 2645 255 2673 Ibid.

132 2645 170 2715 (ιζ
187 2680 255 2708 ιδιά.

132 2678 170 2713 (li)
187 2680 259 2708 ibid.

132 2713 171 2748 (5)
188 2717 313 2752 Uterque
327 2713 723 2752 codexindicat’Antirrhot.

134 2751 173 2785 (6)
187 2752 225 2781 Ex
240 2749 402 2780 cdmment.
419 2750 451 2778 in
461 2749 533 2785 Isa.,
549 2751 612 2779 388.

634 118 748 148 SERMO
767 119 788 146 1.
803 133 837 138 -
857 118 902 146 DE
921 117 1068 146 VlRTUTE
1086 119 1128 146 ET
1147 118 1249 147 VITIO.

1714 125 1782 155 1122

954 180 1040 214 tium,
1056 181 1168 216 quippe
1184 189 1253 208 cum
1268 181 1348 210 velut
1358 182 1388 210 in
1400 185 1580 213 tesserarum
1594 186 1667 214 ludo
1684 187 1742 215 huc
1754 190 1782 215 et

954 224 1024 252 illuc
1044 224 1273 253 transferantur.
1300 227 1397 255 Virtus
1413 231 1514 257 autem
1525 238 1561 258 ex
1581 232 1783 266 possessioni-

953 268 1012 296 bus
1041 269 1105 297 sola
1129 272 1173 297 est
1189 278 1257 305 quae
1273 274 1404 307 nequeat
1429 273 1550 309 auferri,
1567 276 1596 302 et
1616 276 1728 303 viventi
1746 285 1782 304 ac

944 316 1073 341 .mortuo
1083 322 1144 342 non
1152 314 1237 342 desit.
1252 314 1336 343 Unde
1347 317 1374 344 et
1386 316 1476 345 Solon
1486 318 1561 346 mihi
1575 319 1693 348 videtur
1706 320 1782 349 illud

954 359 995 388 ad
1009 358 1117 386 divites
1130 358 1238 387 dicere.

1083 413 1229 441 Virtutem
1244 420 1304 441 non
1320 413 1396 442 mihi
1407 415 1517 443 divitiis

954 457 1133 486 Permutare
1149 458 1232 491 libet;
1258 465 1387 493 namque
1403 459 1464 487 hac
1484 461 1617 488 consistit
1625 462 1655 489 in
1672 470 1778 498 aevum,

1059 501 1176 529 Divitiae
1186 501 1296 530 cedunt
1306 510 1387 531 nunc
1398 503 1462 533 tibi.
1479 512 1561 532 nunc
1572 505 1636 534 alii.

991 583 1028 618 (ι)
1041 583 1137 615 Quare
1148 582 1291 610 habenda
1306 584 1350 611 est
1361 583 1456 617 vobis,
1468 592 1486 612 ο
1499 584 1647 620 homines,
1664 587 1781 615 virtutis

954 634 1037 661 cura,
1053 634 1120 662 quae
1135 628 1163 654 et
1178 634 1239 654 una
1251 635 1320 654 cum
1331 628 1489 662 naufragio
1501 632 1612 662 enatat,
1621 633 1649 658 et
1663 632 1781 660 nudum

953 671 986 699 in
997 673 1105 698 terram
1118 671 1247 706 ejectum
1260 670 1395 699 felicibus
1404 672 1508 700 reddet
1519 674 1780 704 venerabiliorem.

955 715 993 750 (2)
1007 717 1101 751 Atque
1115 715 1156 743 ita
1175 715 1267 743 vitam
1285 715 1488 751 instituamus,
1506 720 1538 745 ut
1552 726 1620 754 qua!
1635 720 1783 754 praeterie-

953 761 1033 794 runt,
1045 767 1203 795 nunquam
1218 759 1343 787 meliora
1367 760 1425 788 sint
1445 762 1642 797 sequentibus
1657 772 1663 791 :
1680 765 1725 792 Ne
1739 765 1782 793 di—

954 804 1045 838 xeris,
1058 804 1129 839 quia
1144 803 1205 832 dies
1219 804 1335 838 priores
1348 808 1435 832 erant
1453 805 1521 833 boni
1535 814 1626 841 super
1636 808 1688 836 hos
1703 809 1735 836 “.
1753 809 1783 837 Si

955 847 1035 875 enim
1050 847 1113 876 dies
1126 847 1240 883 priores
1256 849 1471 883 posterioribus
1486 853 1556 878 sunt
1575 851 1723 887 meliores,
1740 853 1783 881 di-

955 894 1037 920 cetur
1049 892 1137 920 nobis
1150 901 1156 920 :
1171 893 1269 921 Tanta
1280 894 1364 927 passi
1373 895 1442 922 estis
1457 895 1521 922 sine
1532 903 1624 924 causa
1637 897 1658 914 "
1669 898 1683 925 ‘I
1693 897 1781 925 bonis

955 936 995 964 ad
1010 936 1136 964 nihilum
1151 937 1281 965 redactis
1294 945 1356 973 prie
1368 938 1572 974 subsequente
1587 941 1781 975 negligentia.

957 982 995 1014 (3)
1012 981 1277 1013 Quemadmodum
1292 981 1372 1010 enim
1390 982 1416 1010 is
1439 983 1490 1019 qui
1507 983 1545 1011 ad
1568 985 1781 1020 perfectionem

956 1024 1118 1059 contendit,
1134 1025 1164 1052 in
1179 1026 1328 1054 anteriora
1344 1027 1534 1062 progreditur
1549 1037 1554 1055 :
1572 1029 1612 1057 ita
1640 1030 1692 1066 qui
1712 1039 1780 1066 pec-

955 1072 1015 1105 cat,
1026 1069 1114 1106 472
1131 1071 1207 1098 retro
1223 1071 1332 1106 pedem
1346 1071 1445 1100 refert.
1460 1072 1499 1108 (4)
1509 1073 1667 1105 Quodnam
1681 1077 1782 1103 autem

956 1114 1055 1149 majus
1071 1114 1190 1142 malitiae
1206 1117 1430 1150 argumentum,
1440 1124 1534 1152 quam
1547 1125 1565 1145 a
1577 1117 1659 1146 bono
1674 1119 1782 1148 deﬁce-

955 1159 1008 1187 re?
1038 1159 1197 1187 Summum
1226 1161 1270 1187 est
1284 1160 1452 1196 pravitatis,
1480 1161 1596 1189 bonum
1618 1170 1654 1190 ac
1679 1163 1784 1192 mitem

956 1211 1145 1239 exasperare.
1164 1204 1249 1236 Quod
1263 1204 1342 1231 enim
1362 1204 1393 1232 in
1409 1205 1602 1240 improbitate
1615 1209 1784 1236 extremum

957 1250 1009 1283 est,
1029 1247 1109 1275 idem
1139 1247 1228 1275 etiam
1257 1255 1361 1275 secum
1381 1248 1481 1284 ipsum
1502 1253 1626 1285 pugnat.
1644 1251 1682 1287 (5)
1706 1252 1784 1280 Solet

956 1292 1036 1320 enim
1052 1292 1168 1319 malum
1180 1299 1242 1319 non
1258 1291 1357 1320 solum
1373 1292 1465 1325 bono,
1482 1294 1533 1321 sed
1549 1295 1641 1323 etiam
1665 1296 1783 1325 sibime-

956 1336 1024 1372 tipsi
1039 1335 1204 1364 adversari.
1226 1336 1522 1368 Quemadmodmum
1550 1338 1640 1373 igitur
1658 1340 1783 1370 vincun-

956 1383 1005 1409 tur
1021 1380 1151 1408 tenebrze
1161 1380 1237 1408 lucis
1249 1380 1419 1416 praesentia,
1428 1384 1644 1419 superaturque
1655 1385 1781 1413 morbus

958 1424 1093 1452 sanitatis
1122 1424 1254 1452 adventu
1281 1425 1320 1459 (6)
1340 1432 1375 1452 ac
1391 1432 1570 1461 progressus
1585 1426 1615 1454 in
1629 1427 1747 1464 virtute,
1763 1437 1782 1458 a

957 1468 1126 1497 minoribus
1154 1468 1193 1496 ad
1221 1468 1339 1503 majora
1360 1469 1440 1504 capit
1465 1469 1684 1499 incrementum
1713 1481 1720 1500 :
1741 1473 1782 1501 ita

957 1512 1078 1541 malitiae
1094 1512 1202 1540 effusio
1216 1519 1234 1540 δ.
1245 1512 1348 1548 parvis
1362 1512 1507 1546 initiis,ad
1518 1514 1633 1550 aliquid
1646 1515 1782 1545 immedi-

958 1556 1054 1585 cabile
1070 1555 1247 1585 devolvitur.
1263 1556 1299 1592 (7)
1313 1558 1403 1584 Porro
1418 1557 1601 1593 principium
1629 1559 1782 1589 bonorum

958 1601 1213 1638 acquirendarum
1229 1602 1274 1628 est
1296 1608 1432 1628 recessus
1460 1609 1478 1629 a
1504 1602 1595 1630 malo.
1613 1604 1740 1633 Declina
1764 1613 1783 1634 a

957 1646 1045 1679 malo,
1056 1645 1163 1681 inquit,
1179 1647 1205 1672 et
1214 1645 1268 1679 fac
1284 1644 1391 1673 bonum
1405 1646 1436 1673 ¹⁶.
1454 1646 1493 1681 (8)
1506 1647 1619 1675 Etenim
1635 1647 1658 1676 si
1683 1650 1782 1677 statim

956 1698 992 1718 ea
1002 1697 1070 1726 quin
1087 1690 1157 1717 sunt
1170 1688 1373 1725 perfecta,tibi
1383 1691 1601 1726 proposuisset,
1618 1692 1658 1719 ad
1669 1700 1705 1721 ea
1722 1696 1784 1722 ten-

956 1734 1051 1762 tanda.
1065 1733 1173 1761 fuisses
1187 1733 1385 1767 cunctantior;
1396 1741 1478 1762 nunc
1491 1737 1592 1763 autem
1599 1735 1783 1765 facilioribus

954 1781 981 1807 te
993 1778 1162 1813 assuefacit,
1177 1779 1211 1806 ut
1220 1777 1259 1806 ad
1271 1785 1307 1805 ea
1318 1786 1386 1815 quae
1402 1781 1577 1815 sequuntur,
1593 1782 1717 1816 aggredi
1733 1790 1784 1810 au-

955 1823 1039 1851 deas.
1056 1823 1096 1859 (9)
1121 1822 1381 1856 Quemadmoeum
1403 1823 1484 1851 enim
1509 1823 1540 1851 in
1561 1825 1643 1854 scala
1665 1827 1782 1861 primus

955 1867 1077 1904 gradus,
1098 1874 1235 1895 recessus
1255 1866 1295 1894 ab
1307 1866 1402 1894 humo
1417 1868 1461 1894 est
1477 1875 1483 1894 :
1498 1867 1538 1896 ita
1553 1868 1583 1895 in
1599 1869 1665 1896 vitae
1680 1878 1784 1898 secun-

954 1912 1029 1939 dum
1039 1913 1134 1939 Deum
1152 1911 1298 1949 instituto,
1314 1910 1465 1947 profectus
1487 1911 1614 1946 initium,
1630 1913 1782 1943 discessus

954 1965 973 1985 a
988 1956 1068 1984 malo
1082 1957 1135 1983 est.
1152 1956 1207 1991 (t0)
1224 1956 1300 1983 Dum
1313 1955 1402 1990 igitur
1418 1955 1629 1993 unusquisque
1644 1962 1782 1987 ucstrum

954 2008 1030 2038 puer
1053 2001 1109 2032 est,
1133 1999 1165 2027 id
1188 2000 1272 2036 quod
1287 1999 1372 2027 adest
1384 2000 1555 2035 jucundum
1581 2003 1781 2039 persequitur-

953 2052 1053 2081 neque
1067 2043 1159 2072 habet
1168 2043 1262 2072 ullam
1277 2043 1447 2072 futurorum
1461 2053 1583 2079 curam;
1595 2045 1660 2082 jam
1681 2050 1783 2077 autem

954 2089 1000 2117 vir
1028 2089 1133 2123 factus,
1150 2090 1219 2124 post
1240 2088 1346 2123 judicii
1358 2088 1584 2126 perfectionem,
1606 2091 1707 2120 videre
1724 2093 1783 2122 sibi

955 2133 1071 2162 videtur
1081 2132 1208 2161 bifidum
1221 2131 1289 2160 vitae
1302 2132 1356 2160 iter
1371 2133 1410 2160 ad
1421 2133 1559 2162 virtutem
1574 2137 1601 2162 et
1615 2135 1731 2171 vitium,
1749 2145 1784 2165 ac

956 2185 1035 2214 saepe
1049 2177 1169 2205 oculum
1184 2176 1278 2204 animi
1288 2176 1319 2204 in
1331 2179 1494 2213 utrumque
1505 2182 1690 2214 convertens,
1704 2188 1784 2209 com-

955 2222 1092 2259 parando
1116 2221 1261 2257 dijudicat
1275 2229 1343 2257 quas
1362 2221 1480 2258 utrique
1504 2222 1618 2251 insunt.
1635 2225 1668 2252 Et
1678 2232 1782 2261 pecca-

955 2271 1056 2296 torum
1081 2266 1204 2303 quidem
1232 2266 1294 2294 vita
1313 2266 1416 2294 omnia
1435 2267 1564 2295 ostendit
1585 2268 1617 2296 in
1642 2271 1783 2305 praesenti

955 2312 1067 2341 saeculo
1082 2311 1217 2348 jucunda
1233 2319 1239 2338 :
1249 2310 1398 2346 justorum
1423 2319 1504 2344 vero,
1526 2311 1590 2340 sola
1614 2312 1705 2342 futuri
1726 2315 1783 2344 aevi

954 2357 1037 2385 bona
1058 2357 1287 2384 commonstrat.
1314 2357 1348 2383 Et
1376 2356 1454 2384 certe
1483 2356 1700 2387 salvandorum
1721 2360 1782 2395 via,

956 2404 1072 2439 quanto
1083 2400 1256 2437 pulchriora
1270 2399 1426 2436 pollicetur
1435 2400 1546 2436 futura,
1558 2404 1642 2431 tanto
1653 2402 1782 2432 laborio~

960 2446 1040 2475 siora
1053 2445 1174 2474 exhibet
1194 2444 1378 2481 praesentia:
1400 2446 1456 2481 (tt)
1475 2446 1613 2482 jucunda
1633 2454 1733 2476 autem
1754 2451 1782 2478 et

990 2574 1031 2609 (7)
1044 2573 1087 2609 Es
1100 2570 1206 2609 bomii.
1224 2572 1254 2598 in
1269 2571 1347 2606 psal.
1362 2578 1382 2605 ι,
1397 2572 1441 2599 93.

990 2607 1000 2645 (
1003 2609 1029 2643 8)
1042 2607 1108 2645 ibid
1114 2626 1120 2633 .

990 2641 1029 2678 i9)
1040 2641 1115 2678 Ibid-

989 2676 1206 2712 ('10)Ibid.,95.

990 2713 1048 2750 (ii)
1065 2712 1138 2741 Ibid.
