1997 3143
259 114 327 141 1123

744 107 930 138 APPENDIX.
945 122 980 128 —
993 105 1166 136 SYHEONIS
1178 107 1446 139 METAPHRASTE

1861 113 1917 142 1124

251 175 461 210 intemperans
480 173 541 200 vita
566 180 628 200 non
651 174 854 208 exspectatam
867 173 898 201 in
913 175 1064 209 posterum

1132 170 1248 206 ὕστερον,
1274 169 1326 196 ἀλλ’
1355 170 1408 201 ἤδη
1440 176 1576 209 παροῦσαν
1605 177 1765 211 προτείνεται
1790 178 1836 204 τὴν
1866 175 1917 202 ἁπό-

257 219 309 247 sed
320 219 384 254 jam
395 219 570 254 prmsentem
582 216 721 253 proponit
731 217 904 245 volutatem.
918 219 956 253 (1)
970 218 1078 247 Beatus

255 263 345 298 igitur
357 263 406 290 ille
420 262 472 298 qui
495 261 654 298 voluptatis
679 260 825 289 illecebris
849 270 911 290 non
932 262 1078 292 deductus

258 310 302 335 est
316 307 360 339 ad,
374 306 537 342 interitum,
555 313 590 333 ac
604 306 636 333 in
649 305 803 342 utriusque
816 306 871 334 viae
884 306 1001 335 delectu
1016 315 1077 336 non

256 359 322 379 eam
337 351 491 385 ingressus
506 353 551 377 est
562 358 629 386 quae
643 349 724 376 ducit
737 349 776 376 ad
790 350 904 385 pejora.
920 351 958 387 ('2)
971 352 1077 380 Beatus

253 396 300 424 ille
314 398 356 423 est
380 395 431 431 qui
448 395 486 422 ab
502 394 583 422 omni
601 402 653 430 spe
672 402 774 421 rerum
802 395 893 429 hujus
909 395 1015 423 mundi
1028 403 1075 423 se-

253 440 417 476 metipsum
428 439 581 474 abstraxit,
595 447 629 466 ac
644 439 765 466 unicam
779 447 864 475 spem
879 447 966 468 suam
982 441 1075 468 Deum

251 485 350 512 habet.
368 483 633 516 Quemadmodum
649 483 729 510 enim
752 483 929 511 maledictus
950 486 994 511 est
1019 484 1074 511 h0—

250 537 301 556 mo
317 529 353 563 (3)
370 527 423 563 qui
439 535 524 563 spem
538 527 627 554 habet
642 527 672 554 in
687 526 809 554 homine
823 535 829 554 :
841 527 880 554 ita
898 527 1072 555 benedictus

249 576 292 601 est
303 573 354 608 qui
367 572 500 599 innititur
515 571 650 598 Domino.
669 572 732 598 Non
746 571 825 598 enim
840 579 908 606 spes
927 571 957 599 in
979 573 1072 599 Deum

247 617 378 645 alternas
394 616 472 643 vices
487 615 625 648 admittit,
636 623 691 642 nec
705 614 779 642 solet
795 615 939 642 Dominus
949 615 1071 651 plenam

253 669 340 689 suam
353 668 440 695 open
453 659 478 687 ei
489 659 575 693 ferre,
589 659 641 695 qui
654 659 745 687 modo
756 659 880 695 quidem
893 659 920 686 in
937 660 1071 695 pecuniis

249 713 335 742 spem
364 711 451 732 suam
478 704 630 731 constituit
651 706 679 730 et
697 703 727 731 in
755 703 849 738 gloria
878 704 1012 732 humana
1036 711 1072 732 ac

248 749 354 778 mundi
370 750 524 784 potestate,
540 748 630 775 modo
643 755 711 775 vero
725 749 816 775 Deum
829 750 974 784 tanquam
985 756 1070 784 spem

1131 214 1233 242 λαυσιν.
1249 216 1384 252 Μακάριος
1411 214 1453 242 οὖν
1473 217 1486 242 ὁ
1511 220 1546 253 μὴ
1567 222 1734 256 περιτραπεὶς
1753 219 1780 245 ἐκ
1806 224 1854 245 τῶν
1876 225 1914 252 τῆς

1132 257 1230 290 ἡδονῆς
1262 258 1444 296 δελεασμάτων
1467 263 1530 298 πρὸς
1558 266 1604 292 τὴν
1631 263 1768 298 ἀπώλειαν,
1787 274 1832 290 και
1853 267 1875 291 ἐν
1889 270 1913 302 τῇ

1131 302 1220 340 ἐκλογῇ
1237 304 1292 339 (11)
1319 308 1369 330 τῶν
1386 304 1453 331 ὁδῶν
1469 305 1593 344 ἑκατέρων
1619 310 1654 343 μὴ
1676 307 1766 339 ἐπιϐὰς
1788 313 1835 340 τῆς
1861 307 1916 336 ὁδοῦ

1130 352 1178 378 τῆς
1193 347 1307 383 ἀγούσης
1330 347 1371 374 ἐπὶ
1394 351 1425 375 τὰ
1444 352 1564 387 χείρονα.
1584 353 1720 388 Μακάριος
1737 353 1848 383 ἁπάσης
1858 353 1915 379 Ebri-

1131 390 1177 423 δος
1196 396 1245 418 τῶν
1271 394 1337 419 κατὰ
1358 395 1401 419 τόν
1418 396 1515 430 κόσμον
1534 398 1624 421 τοῦτον
1649 396 1736 422 ἑαυτὸν
1758 396 1914 430 ἀποστήσας,

1129 439 1173 462 καὶ
1203 439 1283 472 μόνην
1302 439 1371 473 ἔχων
1403 438 1496 464 ἑαυτοῦ
1524 438 1617 466 ἐλπίδα
1641 442 1684 465 τόν
1708 445 1782 468 Θεον.
1810 441 1853 472 Ὠς
1873 443 1915 478 γὰρ

1129 481 1317 519 ἓπικατάρατος
1336 483 1478 519 ἄνθρωπος,
1494 483 1521 514 ὃς
1540 486 1587 513 τὴν
1621 483 1715 510 ἐλπίδα
1740 487 1798 521 ἔχει
1824 486 1862 512 ἐπ’
1880 487 1917 512 ἆν-

1129 527 1239 563 θρωπον·
1270 526 1350 558 οὕτως
1376 527 1544 563 εὐλογημένος
1583 528 1852 566 ὀὶπιστηριζόμενος
1885 536 1916 566 τῷ

1128 572 1225 607 Κυρίῳ.
1254 570 1290 596 Οὐ
1320 571 1370 608 γὰρ
1401 570 1553 607 ἐπιδέχεται
1591 571 1818 610 ἔπαμφοτὲρισμόν
1845 575 1860 602 ἡ
1890 575 1918 605 εἰς

1127 616 1190 640 Θεὸν
1224 614 1304 647 ἑλπις,
1338 613 1402 641 σῦδὲ
1430 614 1607 652 καταδέχεται
1629 618 1642 642 ὁ
1664 619 1759 655 Κύριος
1785 618 1918 656 ὀλόκληρον

1126 661 1172 688 τὴν
1199 659 1260 696 παρ’
1282 659 1375 686 ἑαυτοῦ
1404 662 1528 697 παρέχειν
1562 661 1687 697 βοήθειαν
1714 666 1750 699 τῷ
1780 664 1844 689 ποτὲ
1879 665 1919 700 μὲν

1126 703 1167 730 ἐπὶ
1182 706 1318 741 χρήμασιν
1340 704 1471 739 ὴλπικιὸτι¹
1491 708 1535 732 καὶ
1551 703 1613 742 δόξῃ
1639 706 1797 744 ἀνθρωπίνῃ,
1818 710 1864 734 καὶ
1879 706 1920 734 δν-

1125 748 1199 783 νοίμιι
1219 751 1249 783 τῇ
1265 749 1332 774 κατὰ
1349 751 1457 786 κόσμον,
1470 752 1532 776 ποτὲ
1555 749 1584 777 δὲ
1604 751 1681 777 αὐτὸν
1701 753 1735 782 ὡς
1751 750 1848 778 ἐλπίδα
1863 752 1919 778 ἑαν-

250 794 306 822 sibi
325 794 484 830 proponit:
520 791 573 819 sed
594 799 661 819 vere
687 791 943 828 acquiescendum
962 792 992 820 in
1021 793 1064 820 De.

1125 795 1171 816 τοῦ
1196 791 1409 829 προϐαλλόμενον·
1429 793 1492 820 ἀλλὰ
1517 787 1560 821 δεῖ
1573 794 1698 827 ἀληθινῶς
1710 795 1918 823 ἔπαναπαὺεσθαι

250 839 372 868 auxilio.

282 886 309 911 4.
327 885 364 918 (t)
379 881 510 918 Imperiti
529 883 629 909 autem
644 881 794 915 homines,
809 881 974 917 mundique
990 889 1069 909 ama-

247 932 336 961 tores,
361 935 428 955 cum
457 926 528 954 boni
554 925 650 961 ipsius
673 925 809 959 ignorent
823 928 974 958 naturam,
992 934 1070 962 saepe

247 974 337 1001 beata
348 971 529 1004 existimant,
543 978 611 1005 quae
628 969 738 997 nullius
751 969 836 1005 pretii
847 972 926 1001 sunt,
938 970 1068 1005 divitias,

247 1017 415 1049 sanitatem,
432 1015 497 1042 vitae
508 1014 699 1050 splendorem
712 1023 718 1041 :
734 1022 865 1050 quarum
880 1022 981 1041 rerum
995 1014 1069 1042 nihil

247 1065 291 1090 est
304 1069 358 1088 suo
370 1060 466 1096 ipsius
483 1061 590 1086 natura
601 1058 729 1092 bonum,
745 1066 805 1090 non
821 1057 919 1086 solum
930 1058 1013 1094 quod
1026 1058 1068 1087 fa-

243 1106 298 1134 cile
309 1105 340 1133 in
354 1104 503 1132 contraria
520 1105 681 1136 mutentur,
700 1102 752 1129 sed
768 1110 829 1137 quo
845 1109 881 1129 ne
893 1102 989 1130 bonos
1003 1103 1067 1138 qui-

242 1150 311 1177 dem
327 1148 446 1176 valeant
456 1154 644 1182 possessores
654 1154 725 1173 suos
736 1146 870 1173 reddere.
879 1146 915 1181 (5)
929 1147 983 1178 Qui
995 1155 1066 1182 ergo

240 1195 272 1223 in
295 1194 353 1221 hac
381 1192 442 1219 vita
471 1193 615 1220 versatur.
631 1190 768 1217 nondum
785 1191 1066 1226 propter-incertum

243 1238 356 1266 exitum
372 1236 479 1263 beatus
507 1238 553 1262 est
574 1234 800 1270 praedicandus;
815 1234 868 1270 qui
882 1242 951 1262 vero
976 1243 1064 1263 suum

242 1281 405 1318 expleverit
419 1279 562 1312 ofﬁcium,
574 1279 725 1314 vitamque
737 1281 816 1305 certo
831 1278 888 1306 tine
913 1278 1062 1312 clauserit,

239 1327 265 1354 is
289 1326 353 1361 jam
380 1324 487 1352 beatus
510 1325 572 1350 tuto
587 1322 704 1350 dicitur.
723 1323 762 1358 (6)
777 1323 807 1349 Et
821 1322 873 1358 qui
887 1322 998 1350 faciunt
1013 1323 1065 1351 bo-

243 1378 327 1402 num,
350 1369 380 1397 in
400 1369 466 1404 ipsa
490 1367 606 1395 actione
634 1368 860 1402 consequuntur
871 1366 1063 1402 approbatio—

1125 839 1156 872 τῇ
1172 837 1244 874 παρὰ
1255 840 1302 862 τοῦ
1317 840 1384 864 Θεοῦ
1404 837 1524 875 βοηθείᾳ.

1159 881 1186 907 4.
1199 881 1321 917 Ἀμαθεῖς
1336 880 1365 908 δε
1376 881 1517 920 ἂνθρωποι,
1534 885 1580 910 καὶ
1592 884 1755 922 φιλόκοσμοι,
1769 885 1918 922 ἀγνοοῦντες

1124 924 1201 950 αὐτοῦ
1225 929 1270 950 τοῦ
1298 925 1398 961 ἀγαθοῦ
1420 929 1466 956 τὴν
1485 929 1573 964 φύσιν,
1592 929 1773 967 μακαρίζουσι
1800 931 1918 963 πολλάκις

1123 969 1155 994 τὰ
1178 967 1288 1005 μηδενὸς
1312 970 1382 1005 ἀξια,
1408 971 1528 1006 πλοῦτον,
1545 974 1643 1009 ὑγείαν,
1664 976 1830 1012 περιφάνειαν
1847 976 1914 1012 βίον,

1123 1012 1156 1037 ὧν
1166 1011 1241 1040 οὐδὲν
1257 1013 1327 1040 ἐστιν
1343 1015 1439 1051 ἀγαθόν
1449 1020 1480 1053 τῇ
1493 1016 1584 1043 ἑαυτοῦ
1599 1018 1685 1054 φύσει,
1697 1020 1726 1045 οὐ
1740 1022 1816 1055 μόνον
1828 1021 1916 1046 καθότι

1120 1054 1215 1093 ῥᾳδίαν
1231 1058 1287 1094 ἔχει
1304 1060 1351 1088 τὴν
1364 1061 1429 1097 πρὸς
1442 1061 1474 1086 τὰ
1488 1060 1590 1088 ἐναντία
1607 1065 1774 1100 περιτροπήν,
1796 1063 1852 1089 ἀλλ’
1877 1066 1914 1090 ὁτι

1120 1099 1190 1136 μηδὲ
1207 1100 1321 1137 ἀγαθοὺς
1341 1102 1451 1130 δύναται
1468 1107 1529 1137 τοὺς
1547 1099 1717 1144 κεκτημένους
1736 1107 1914 1137 ὰποτελεῖν.“0

1119 1146 1165 1182 μὲν
1184 1145 1227 1171 οὖν
1239 1145 1262 1172 ἐν
1274 1151 1309 1182 τῷ
1325 1147 1376 1185 βίῳ
1391 1151 1538 1186 τυγχάνων,
1552 1151 1623 1177 οὔπω
1641 1154 1813 1190 μακαριστός,
1826 1152 1873 1179 διὰ
1888 1156 1913 1180 τὸ

1119 1187 1217 1219 ἄδηλον
1228 1195 1278 1222 τῶς
1287 1191 1424 1223 ἐκϐάσεως·
1440 1195 1452 1220 ό
1468 1193 1498 1221 δὲ
1511 1187 1754 1231 συμπληρῶσαςντὰ
1768 1196 1913 1224 ἐπιϐάλλον-

1119 1242 1160 1267 τα,
1173 1237 1218 1261 καὶ
1231 1234 1407 1274 ἀναντιῤῥὴτῳ
1422 1238 1487 1265 τέλει
1502 1241 1548 1268 τὴν
1563 1240 1632 1270 ζωὴν
1647 1241 1833 1273 κατακλείσας,
1845 1242 1914 1272 οὗτος

1119 1276 1172 1307 ἤδη
1191 1278 1310 1315 ἀσφαλῶς
1325 1282 1511 1319 μακαρίζεται,
1523 1286 1608 1310 Κοιὶοὶ
1623 1286 1667 1314 μὲν
1693 1285 1790 1321 ἀγαθὸν
1811 1285 1914 1322 ἐργαζό-

1118 1325 1198 1358 μενοί,
1214 1323 1237 1349 ἐν
1261 1325 1330 1360 αὐτῷ
1350 1331 1385 1362 τῷ
1401 1325 1468 1363 ἔργῳ
1480 1329 1509 1353 τὸ
1521 1327 1694 1355 εὐαπόδεκτον
1709 1331 1830 1366 ἔχουσιν·
1848 1333 1871 1357 οὶ
1886 1330 1912 1356 δὲ

1117 1368 1146 1392 τὸ
1162 1370 1240 1394 κακὸν
1257 1370 1398 1406 φεύγοντες,
1414 1371 1461 1398 οὐκ
1479 1371 1520 1398 ἐὰν
1536 1372 1606 1407 ἅπαξ
1620 1374 1634 1404 ἡ
1657 1372 1776 1411 δεύτερον
1794 1374 1911 1401 ἐκκλίνω-

242 1422 312 1443 nem
328 1423 334 1441 :
350 1413 403 1440 sed
413 1412 464 1449 qui
478 1411 571 1439 vitant
584 1411 711 1443 malum,
726 1410 871 1438 laudandi
895 1418 957 1438 non
982 1413 1062 1446 sunt,

1121 1420 1169 1446 σιν,
1198 1411 1260 1439 ὦσιν
1280 1413 1310 1438 ἂν
1337 1414 1473 1449 ἐπαινετοὶ,
1504 1416 1557 1443 ἀλλ’
1584 1418 1627 1444 ἐὰν
1666 1417 1804 1448 δυνηθῶσι
1832 1423 1911 1445 κακοῦ

242 1459 267 1486 si
278 1458 351 1486 forte
364 1457 456 1485 semel
469 1456 557 1492 473
573 1457 624 1482 aut
641 1455 747 1483 iterum
762 1457 920 1490 peccatum
936 1454 1062 1482 evitave-

243 1503 311 1539 rint,
329 1501 382 1530 sed
404 1501 428 1529 si
456 1501 580 1528 omnino
602 1499 672 1527 mali
685 1499 898 1534 experientiam
913 1499 1062 1526 declinare

242 1547 368 1584 possint.
384 1546 421 1581 (7)
437 1545 464 1573 Si
480 1545 569 1580 igitur
579 1546 696 1579 oportet
715 1545 748 1571 ut
766 1543 892 1579 quisque
908 1543 999 1570 vitam
1011 1551 1063 1579 op-

239 1593 347 1620 timam
361 1590 459 1623 eligat,
475 1591 630 1625 speretque
651 1587 868 1615 consuetudine
893 1587 1061 1622 jucundam

240 1636 392 1664 redditum
419 1634 463 1666 iri,
491 1633 605 1668 optima
619 1632 744 1667 aggredi
760 1640 814 1668 par
832 1634 886 1660 est.
899 1633 993 1667 Turpe
1017 1634 1061 1659 est

241 1681 321 1709 enim
342 1682 460 1714 tempus
484 1685 616 1713 praesens
640 1676 819 1710 amittentes,
839 1675 976 1712 elapsum
992 1684 1059 1712 pos-

241 1727 287 1752 tea
301 1729 452 1756 revocare,
463 1729 532 1748 cum
543 1720 613 1748 nihil
628 1721 697 1755 angi
708 1719 848 1755 proderit.
861 1721 895 1752 (8)
912 1720 983 1747 Fieri
999 1728 1060 1747 non

239 1770 346 1805 potest,
372 1769 404 1794 ut
428 1765 535 1793 divinm
561 1764 662 1799 gratiae
679 1772 805 1800 capaces
818 1763 990 1798 reddamur,
1003 1765 1058 1792 nisi

239 1812 359 1841 malitiae
372 1810 552 1843 affectiones,
569 1817 636 1845 quae
652 1808 770 1836 animas
784 1811 903 1836 nostras
928 1817 1058 1844 occupa-

239 1858 353 1889 verant,
365 1854 576 1891 expulerimus.
587 1853 652 1880 Vidi
667 1861 721 1887 ego
738 1852 881 1887 medicos,
898 1860 958 1880 non
976 1853 1058 1889 prius

235 1902 342 1930 dantes
369 1898 510 1928 salutaria
536 1898 766 1930 medicamenta,
782 1905 875 1933 quam
899 1905 953 1933 per
965 1897 1057 1925 vomi-

235 1949 299 1975 tum
312 1946 508 1973 evacuassent
522 1942 678 1970 materiam
698 1941 880 1975 morbidam,
891 1950 985 1978 quam
1000 1943 1056 1971 sibi

237 1990 471 2025 intemperantes
485 1995 521 2015 ex
531 1987 610 2015 malo
624 1987 705 2014 victu
720 1989 874 2022 peperant.
890 1987 946 2015 Sed
960 1990 987 2016 et
1002 1996 1055 2016 vas

237 2033 421 2070 graveolenti
441 2033 567 2060 humore
596 2031 678 2068 prius
705 2031 866 2064 imbutum,
883 2032 940 2060 nisi
968 2032 1056 2061 fuerit

1116 1457 1160 1484 τὴν
1188 1461 1278 1494 πεῖραν
1300 1459 1334 1488 εἰς
1359 1461 1389 1486 τὸ
1416 1461 1537 1491 παντελὲς
1567 1460 1719 1499 διαδρᾶναι·
1737 1463 1768 1489 Εἰ
1791 1462 1835 1490 οὖν
1858 1462 1909 1490 δέοι

1117 1499 1174 1536 βίον
1199 1503 1244 1537 μὲν
1273 1503 1380 1540 ἄριστον
1409 1506 1516 1532 ἕκαστον
1549 1508 1743 1543 προαιρεῖσθαι,
1777 1506 1845 1536 ἡδὺν
1883 1507 1910 1534 δὲ

1115 1544 1267 1582 προσδοκᾷν
1292 1551 1322 1584 τῇ
1353 1550 1478 1586 συνηθείᾳ
1504 1553 1672 1586 γενήσεσθαι,
1703 1552 1832 1591 ἐγχειρεῖν
1859 1556 1910 1583 τοῖς

1116 1588 1274 1625 βελτίστοις.
1302 1592 1419 1629 Αἰσχρὸν
1448 1596 1499 1632 γὰρ
1523 1597 1566 1621 τὸν
1599 1599 1715 1633 παρόντα
1733 1599 1824 1634 καιρὸν
1851 1607 1910 1633 προς

1116 1635 1228 1670 εμένους,
1244 1635 1351 1673 ὕστερον
1372 1638 1430 1663 ποτ’
1450 1637 1636 1666 ἀνακαλεῖσθαι
1657 1643 1685 1667 τὸ
1709 1641 1847 1679 παρελθὸν,
1871 1643 1910 1668 ὃτ-

1115 1676 1190 1704 οὖδεν
1208 1680 1283 1706 ἔσται
1306 1681 1380 1708 πλέον
1406 1683 1565 1719 ἀνιωμένοις,
1587 1688 1629 1720 Τῷ
1655 1686 1709 1712 ὄντι
1727 1688 1778 1722 γὰρ
1807 1686 1910 1723 ἀμήχα-

1114 1724 1155 1748 νόν
1180 1723 1237 1750 ἐστι
1257 1728 1426 1762 χωρητικοὺς
1449 1730 1570 1763 γενέσθαι
1584 1730 1652 1765 ἡμᾶς
1674 1734 1719 1761 τῆς
1746 1732 1814 1760 θείας
1828 1733 1910 1768 χαρι-

1113 1777 1167 1802 τος,
1193 1771 1228 1804 μὴ
1254 1772 1287 1796 τὰ
1314 1769 1364 1796 ἀπὸ
1388 1774 1480 1803 κακίας
1508 1774 1578 1802 παθη
1607 1777 1833 1811 προκατασχόντα
1865 1776 1910 1806 τὰς

1112 1811 1203 1848 ψυχὰς
1218 1814 1290 1849 ἡμῶν
1312 1814 1488 1847 ἐξελάσαντας.
1507 1815 1585 1844 Εἶδον
1604 1818 1709 1856 ἰατροὺς
1726 1819 1775 1855 ἐγὼ
1795 1822 1831 1856 μὴ
1849 1823 1908 1857 πρὸ·

1112 1865 1183 1894 τερον
1210 1856 1335 1891 διδόντας
1356 1861 1389 1886 τὰ
1415 1863 1533 1898 σωτήρια
1552 1863 1686 1899 φάρμακα,
1712 1866 1775 1900 πρὶν
1809 1856 1907 1901 ἐμέτοις

1112 1900 1274 1929 ἁπόχενῶσαι
1300 1906 1346 1933 τὴν
1379 1908 1516 1932 νοσοποιόν
1553 1906 1626 1941 ὕλην,
1662 1908 1692 1936 ἣν
1725 1908 1752 1934 ἐκ
1793 1912 1907 1946 πονηρᾶς

1112 1945 1217 1978 διαίτης
1237 1947 1338 1979 ἑαυτοῖς
1354 1950 1379 1975 οἱ
1406 1948 1547 1977 ἀκόλαστοι
1571 1951 1731 1980 ἐναπέθεντο.
1757 1953 1836 1981 Ἀλλά
1864 1956 1907 1980 καὶ

1110 1990 1212 2028 ἀγγεῖον
1247 1993 1498 2030 προκατειλημμένον
1535 1996 1585 2022 ὑπό
1622 2006 1688 2027 τινος
1720 1997 1800 2035 ὑγροῦ
1844 1996 1906 2024 δυσ-

1110 2034 1206 2071 ώδους,
1221 2039 1257 2073 μὴ
1287 2037 1420 2072 ἐκπλυθὲν,
1444 2039 1473 2065 οὗ
1497 2042 1533 2076 μή
1560 2038 1668 2072 δέξηται
1687 2046 1732 2068 τοῦ
1754 2034 1840 2079 μύρου
1861 2045 1906 2072 τὴν

237 2080 359 2111 elotum,
373 2085 435 2105 non
451 2076 555 2112 recipit
566 2076 708 2111 unguenti
722 2075 881 2103 fusionem.
899 2076 1054 2105 Effunden-

1121 2081 1240 2118 πιρῥοὴν.
1266 2085 1309 2108 Δεῖ
1332 2085 1416 2108 τοίνυν
1447 2083 1593 2120 ἐκχυθῆναι
1621 2087 1654 2112 τὰ
1686 2088 1904 2124 προυπαρχοντα,

234 2124 274 2152 da
287 2131 358 2158 ergo
371 2130 438 2158 qua:
454 2129 537 2157 prius
547 2121 673 2153 inerant,
687 2123 718 2147 ut
737 2120 830 2156 recipi
850 2121 967 2156 possint
989 2130 1055 2158 quae

232 2168 419 2204 ingeruntur.
440 2166 478 2202 (9)
488 2167 561 2193 Nam
577 2165 718 2192 omnibus
739 2165 862 2201 quidem
886 2165 971 2193 adest
993 2166 1054 2202 Spi-

232 2214 305 2242 ritus
331 2214 474 2240 sanctus:
508 2210 559 2238 sed
585 2209 620 2237 iis
639 2209 691 2245 qui
707 2209 773 2245 puri
797 2212 866 2238 sunt
885 2210 1053 2247 affectibus,

229 2257 411 2294 peculiarem
427 2254 548 2283 exhibet
559 2254 697 2281 virtutem
712 2262 718 2284 ;
733 2256 763 2281 at
778 2261 846 2281 vero
861 2254 908 2287 iis,
923 2263 1054 2290 quorum

230 2310 317 2330 mens
333 2300 446 2337 peccati
458 2298 599 2326 sordibus
612 2297 813 2333 perturbatur,
830 2298 964 2327 minime.

265 2349 290 2374 5.
303 2347 358 2379 (10)
371 2344 443 2372 Fieri
453 2343 533 2370 enim
546 2350 607 2369 non
620 2344 724 2377 potest,
742 2344 774 2370 ut
786 2341 816 2369 id
831 2350 1054 2379 consequamur

229 2390 267 2419 ad
283 2389 365 2426 quod
378 2387 600 2419 contendimus,
618 2386 642 2413 si
655 2394 738 2413 meus
749 2386 779 2413 in
791 2386 891 2414 varias
905 2395 992 2415 curas
1008 2389 1051 2418 di-

227 2434 318 2462 ducta
324 2433 368 2465 sit,
379 2430 639 2469 quemadmodum
650 2430 793 2458 Dominus
803 2430 972 2468 afﬁrmavit,
980 2441 1050 2462 cum

261 2498 300 2532 (1)
316 2498 356 2524 Ex
371 2494 475 2523 homil.
487 2494 607 2532 ἱηρεαιΖ
621 2502 639 2525 ι,
653 2495 696 2532 θῇ.

261 2529 300 2567 (2)
316 2534 355 2559 Ex
372 2532 532 2558 comment.
549 2530 580 2556 in
593 2529 736 2563 Isa.,566.

277 2568 301 2596 3)
315 2567 387 2595 ibid.

265 2568 301 2604 (3)
315 2568 387 2595 ibid.

263 2606 299 2638 (4)
318 2605 356 2630 Ex
368 2603 450 2638 hom.
466 2601 496 2628 in
505 2600 584 2635 psal.
599 2607 618 2633 ι,
631 2600 674 2633 92,

264 2641 300 2672 (5)
316 2637 389 2665 Ibid.

261 2673 533 2710 (6)1bid.,93.__
623 2705 640 2710 _.

260 2704 297 2744 (7)
312 2710 352 2736 Ex
367 2704 456 2736 serm.
468 2707 512 2735 De
522 2705 654 2741 legendis
670 2704 720 2732 lib.
732 2705 902 2742 gentilium,
920 2708 979 2735 184.

1110 2126 1150 2151 ἵνα
1170 2124 1270 2162 δυνηθῇ
1300 2128 1455 2164 χωρηθῆναι
1470 2130 1503 2155 τὰ
1518 2130 1663 2167 ἐπαγόμενοι
1677 2131 1744 2167 (12).
1765 2135 1838 2158 [ἰᾶσι
1862 2134 1905 2169 μὲν

1107 2171 1158 2206 γὰρ
1178 2171 1285 2207 πάρεστι
1304 2173 1332 2197 τό
1363 2175 1465 2209 Πνεῦμα
1488 2175 1517 2200 τὸ
1532 2174 1616 2210 ἅγιον·
1638 2175 1701 2201 ἀλλὰ
1713 2180 1767 2207 τοῖς
1782 2178 1828 2213 μὲν
1842 2178 1906 2203 καθ-

1108 2215 1230 2252 αρεύουσι
1255 2219 1305 2241 τῶν
1337 2217 1435 2251 παθῶν,
1469 2220 1516 2248 τὴν
1551 2217 1621 2245 ἰδίαν
1657 2220 1759 2257 ἑμφέρει
1780 2219 1903 2258 δύναμιν*

1107 2263 1162 2290 τοῖς
1182 2257 1210 2285 δε
1230 2261 1258 2285 τὸ
1272 2261 1424 2296 ἡγεμονικὸν
1442 2265 1637 2299 συγκεχυμένον
1657 2266 1766 2300 ἔχουσιν
1782 2264 1834 2291 ἀπὸ
1854 2270 1904 2291 τὼν

1108 2307 1155 2334 τῆς
1168 2303 1297 2341 ἁμαρτίας
1317 2305 1423 2341 σπίλων,
1441 2307 1488 2332 οὐκ
1500 2308 1547 2335 ἔτι.

1144 2351 1168 2375 5.
1185 2346 1327 2375 Ἀδύνατον
1342 2351 1404 2387 γὰρ,
1419 2351 1454 2382 εἰς
1472 2350 1613 2388 διαφόρους
1634 2352 1775 2390 φροντίδας
1793 2359 1839 2381 τοῦ
1860 2359 1903 2381 νοῦ

1106 2392 1286 2429 μεριζομένου,
1320 2396 1513 2431 κατορθοῦσθαι
1538 2398 1567 2422 τὸ
1601 2396 1823 2435 σπουδαζόμενον·
1853 2409 1903 2425 κα-

1107 2437 1156 2467 θὼς
1189 2437 1201 2462 ὁ
1240 2439 1335 2474 Κύριος
1360 2438 1516 2475 ἀπεφήνατο,
1545 2441 1631 2468 εἰπών·
1661 2441 1758 2474 Οὐδεὶς
1793 2441 1902 2470 δύναται

1140 2499 1179 2536 (8)
1193 2500 1233 2536 Ex
1246 2499 1327 2526 hom.
1337 2500 1369 2528 in
1378 2502 1457 2534 psal.
1470 2510 1528 2536 LXI,
1546 2503 1605 2531 196.

1139 2535 1178 2571 (9)
1196 2535 1234 2561 ΕΣ
1249 2539 1409 2563 comment.
1426 2537 1458 2564 in
1467 2538 1525 2566 Isa.
1537 2540 1597 2566 379.

1139 2570 1193 2610 (19)
1207 2571 1391 2610 Ει-Ιίεραιέιε
1405 2572 1504 2610 {iuius
1519 2574 1669 2610 tractatis,
1685 2577 1748 2603 350.

1138 2604 1194 2648 (ιι)
1207 2604 1328 2648 ’ἑξκλογῇ
1349 2604 1523 2643 δῆθ’Βεςίιιε
1542 2609 1646 2641 codex,
1662 2604 1784 2639 'melius
1806 2620 1897 2648 quam

1103 2639 1172 2667 editi
1184 2639 1301 2675 ἐπιλογῇ.

1137 2669 1380 2717 Exigi/epeia.
1397 2677 1441 2705 Sic
1450 2681 1605 2708 contextus
1618 2683 1647 2709 et
1657 2681 1768 2717 Regius
1791 2683 1893 2711 codex.

1101 2709 1177 2737 Editi
1193 2709 1353 2748 ὑπαγόμενοι.
