1997 3143
264 84 330 112 M27

730 82 913 112 APPENDIX.
932 96 968 105 —
988 81 1159 114 δγιιΕοιιις
1177 83 1438 113 HETAPHRASTE

1863 87 1873 114 t
1879 87 1926 116 {28

262 146 424 174 asceticum
450 145 515 173 vitae
541 153 636 181 genus
669 145 827 179 accedunt,
852 145 936 174 omni
960 145 1082 175 materia

1140 146 1207 172 οὕτω
1225 149 1279 183 χρὴ
1296 149 1340 173 καὶ
1358 148 1419 178 τοὺς
1437 150 1469 184 τῇ
1490 145 1621 184 ἆσκητικῇ
1645 150 1874 186 προσερχομένους
1892 149 1926 184 (8)

262 190 363 218 saeculi
375 190 465 225 hujus
478 190 568 222 exuti,
580 189 610 217 in
623 189 690 217 vitae
706 189 922 226 philosophicas
943 190 1084 218 institutis

262 235 371 262 versari
386 233 506 262 debent.
525 234 561 269 (t)
576 235 677 262 Estote
690 234 780 268 enim,
796 234 903 270 inquit,
921 234 1084 268 prudentes

260 280 338 307 sicut
348 281 496 312 serpentes
514 278 546 305 ιθ.
564 278 702 313 Serpens,
727 277 779 306 ubi
801 278 866 313 jam
891 278 1029 306 exuenda
1041 280 1085 307 est

260 323 355 359 pellis,
373 322 403 350 in
418 322 520 351 locum
536 324 699 357 angustum
716 324 743 350 et
763 322 862 351 stricte
874 330 985 358 corpus
1001 330 1084 351 coer-

260 370 377 397 centem
397 375 463 395 sese
478 367 652 400 immittens,
681 367 724 395 sic
746 369 897 396 senectam
922 367 1085 403 prudenter

260 420 296 440 ac
312 412 461 448 sapienter
475 411 564 445 exuit.
581 411 668 444 Quod
687 413 715 439 et
726 411 806 440 idem
821 419 877 440 nos
891 412 1001 440 imitari
1020 412 1084 442 vult

260 457 422 492 Scriptura,
445 463 498 492 per
522 457 683 490 angustam
708 458 735 484 et
759 458 873 484 arctam
893 456 1084 492 viamingre-

259 500 374 528 dientes
389 501 424 533 ²⁰,
450 507 558 528 exuere
579 501 711 528 veterem
732 500 897 534 hominem,
911 508 947 529 ac
969 509 1083 529 novum

258 545 383 573 induere
397 545 472 578 “,ut
481 545 583 572 ucstra
593 551 726 580 quoque,
747 544 827 572 velut
837 545 952 581 aquilae,
961 546 1084 581 juventa

258 591 419 617 renovetur
431 589 466 615 ”.
478 590 552 616 Nam
567 587 680 616 lumine
696 587 887 617 illucescente
901 591 1085 619 evanescunt

259 634 400 667 tenebrze,
431 636 459 661 et
484 633 611 661 sanitate
638 633 782 661 redeunte
811 633 955 662 molestiae
984 634 1084 663 morbi

260 679 414 711 sedantur,
431 680 459 706 et
473 678 595 706 veritate
620 678 835 714 demonstrata,
852 678 1002 707 mendacii
1028 687 1083 708 na-

259 726 326 752 tura
347 723 544 759 redarguitur.
572 722 629 751 Sed
642 722 775 758 plerique
791 723 829 759 (2)
849 724 986 752 homines
999 724 1085 753 nubi-

259 768 316 796 bus
333 768 444 796 similes
462 770 540 802 sunt,
557 775 625 803 quae
653 774 708 802 pro
735 769 893 796 ventorum
919 768 1084 797 mutatione

1140 190 1205 226 ζωῇ,
1227 191 1313 222 πάσης
1334 191 1398 223 ὕλης
1426 191 1552 228 βιωτικῆς
1579 194 1769 229 γυμνωθέντας,
1800 191 1869 224 έντὸς
1892 194 1927 228 (9)

1138 239 1184 261 τοῦ
1220 237 1288 262 κατὰ
1322 235 1474 272 φιλοσοφίαν
1504 237 1623 272 γενέσθαι
1644 236 1716 273 βίον.
1737 237 1842 264 Γίνεσθε
1870 238 1926 274 γὰρ,

1139 281 1214 315 φησὶ,
1235 282 1353 316 φρόνιμοι
1381 281 1415 311 ὡς
1434 281 1458 307 οἱ
1483 282 1562 316 ὄφεις·
1586 281 1613 312 ὃς
1636 279 1741 307 ἐπειδὰν
1768 279 1927 308 ἀποδύεσθαι

1138 321 1184 360 δέῃ
1217 325 1264 353 τὴν
1293 323 1429 362 λεϐηρίδα,
1460 329 1539 361 στενῷ
1568 327 1637 361 τόπῳ
1658 327 1703 352 καὶ
1727 325 1842 362 ἀκριϐῶς
1858 335 1927 362 περι-

1139 370 1274 404 σφίγγοντι
1301 370 1329 395 τὸ
1357 373 1434 405 σῶμα
1455 367 1562 401 ἐπιδοὺς
1594 369 1693 403 ἑαυτὸν,
1727 371 1860 407 φρονίμως
1887 372 1927 396 καὶ

1138 416 1249 444 συνετῶς
1270 411 1413 440 ἀποδύεται
1438 415 1467 441 τὸ
1496 418 1588 451 γῆρας,
1616 414 1697 451 Ὀπερ
1730 412 1774 440 οὖν
1797 416 1843 440 καὶ
1866 415 1927 450 ἡμᾶς

1137 456 1259 493 βούλεται
1273 457 1286 484 ὁ
1305 459 1401 493 Λόγος,
1435 456 1482 484 διὰ
1512 462 1561 489 τῆς
1581 462 1672 490 στενῆς
1691 460 1737 485 καὶ
1763 458 1928 494 τεθλιμμένης

1137 499 1201 528 ὁδοῦ
1236 504 1429 538 πορευομένους,
1463 500 1627 530 ἀποδύεσθαι
1662 504 1706 539 μεν
1745 504 1789 528 τὸν
1823 502 1928 529 παλαιὸν

1137 545 1281 583 ἄνθρωπον,
1301 544 1439 579 ἄνδήεσθαι
1471 544 1501 574 δι
1528 548 1571 573 τόν
1595 549 1659 581 νέον,
1693 547 1760 573 ὥστε
1787 549 1834 573 καὶ
1862 547 1929 583 ἡμῶν

1138 590 1366 626 ἁνακαινισθῆναι,
1389 592 1424 622 ὡς
1448 591 1523 619 ἀετοῦ
1547 593 1594 622 τὴν
1617 593 1734 620 νεότητα.
1762 593 1852 622 ψωτὸς
1883 592 1929 628 γὰρ

1138 635 1313 672 ἀναφανέντος,
1342 635 1494 672 ἀφανίζεται
1527 638 1637 666 σκότος·
1676 638 1720 662 καὶ
1747 636 1839 671 ὑγείας
1865 645 1930 672 παρ-

1138 681 1229 715 ούσης,
1254 681 1288 706 τὰ
1307 679 1410 717 ὀχληρᾶ
1424 684 1471 711 τῆς
1484 682 1563 707 νόσον
1576 682 1723 707 *πέπαυται⁹
1745 682 1792 706 καὶ
1812 679 1930 711 ἀληθείας

1138 723 1356 760 ἀποδειχθείσης,
1388 728 1434 751 τοῦ
1465 723 1580 760 ψεύδους
1619 725 1635 754 ἡ
1675 725 1753 760 φύσις
1785 723 1929 760 ite/xum.

1138 768 1207 796 Ἀλλ’
1244 770 1269 796 οί
1296 768 1385 796 πολλοὶ
1410 773 1460 795 τῶν
1484 769 1624 807 ἀνθρώπων
1661 772 1716 799 ταῖς
1742 768 1858 804 νεφέλαις
1888 767 1932 795 ἐοί-

259 812 332 840 alias
343 812 373 840 in
393 811 484 839 aliam
493 812 570 839 aeris
582 813 696 847 partem
708 811 862 840 feruntur:
879 813 918 847 (3)
934 815 962 841 et
973 812 1082 849 quibus

1138 823 1212 846 κασι,
1243 815 1308 850 πρὸς
1339 814 1384 844 τὰς
1409 818 1459 840 τῶν
1491 814 1641 850 πνευμάτων
1668 812 1813 850 μεταϐολὰς
1846 811 1931 839 mm

259 857 344 885 facile
355 856 508 885 mutabilis
525 855 682 888 sententia,
705 855 752 883 his
778 856 903 885 minime
916 857 1027 885 mirum
1040 859 1085 886 est

258 900 324 927 vitae
353 900 491 928 ordinem
508 908 570 928 non
597 902 754 935 constare;
771 900 882 936 quibus
907 909 977 930 vero
995 901 1085 932 ﬁrma

257 952 344 972 mens
359 947 413 978 est,
430 953 608 981 semperque
623 948 765 974 constans
781 946 938 980 eteadem,
953 946 1000 975 his
1015 955 1084 975 con-

257 991 435 1016 sentaneum
460 992 504 1017 est
525 989 618 1018 vitam
640 989 772 1018 instituto
792 993 1008 1025 congruentem
1027 991 1083 1020 du-

258 1040 334 1061 cere.
350 1034 387 1068 (4)
404 1033 484 1062 Multi
496 1037 608 1067 autem,
632 1033 706 1062 dum
719 1042 829 1070 pravas
839 1035 929 1062 etiam
945 1043 1084 1072 compro-

257 1077 332 1105 bant
343 1077 485 1109 actiones,
501 1077 635 1106 dicacem
662 1073 786 1114 quidem
811 1078 946 1114 lepidum
959 1079 1082 1115 dicunt;

258 1129 328 1148 eum
342 1129 412 1148 vero
427 1121 479 1157 qui
502 1121 636 1149 obscena
660 1123 750 1150 verba
768 1123 891 1159 profert,
912 1123 1081 1159 urbanum;

257 1164 401 1193 acerbum
414 1167 443 1192 et
456 1165 649 1198 iracundum,
670 1165 825 1195 hominem
844 1167 1003 1196 nominant
1021 1176 1083 1197 non

257 1209 529 1243 contemnendum;
546 1217 672 1245 parcum
693 1213 721 1238 et
740 1211 925 1244 illiberalem,
950 1214 983 1240 ut
997 1212 1083 1241 sedu-

256 1253 320 1281 lum
329 1253 750 1288 administratoremlaudant;
761 1255 876 1284 luxurie
885 1255 1081 1293 difﬂuentem,

256 1297 474 1331 utliheralem;
502 1300 696 1327 scortatorem
712 1301 739 1327 et
753 1299 912 1335 lascivum,
937 1303 970 1329 ut
983 1301 1083 1330 virum

254 1342 345 1370 rebus
370 1342 433 1370 suis
458 1342 670 1378 perfruentem,
707 1345 736 1372 et
772 1344 865 1372 animi
893 1345 1044 1374 solutioris
1074 1357 1081 1374 :

255 1394 317 1414 uno
332 1387 435 1421 verbo,
449 1386 518 1415 vitio
533 1388 618 1415 omni
638 1395 674 1415 ex
700 1388 808 1416 virtute
832 1388 979 1424 adjacenti
999 1389 1082 1418 blan-

254 1431 328 1458 dum
341 1439 452 1459 nomen
466 1431 637 1467 imponunt.
662 1431 745 1460 Tales
773 1440 824 1461 ore
845 1433 968 1469 quidem
989 1434 1081 1463 bene-

1138 858 1194 884 κατ’
1222 858 1282 885 ἄλλο
1306 861 1380 896 μέρος
1410 862 1456 885 τοῦ
1485 857 1556 895 ἀέρος
1582 858 1636 894 (10)
1663 857 1859 894 ἐκφερομέναις·
1891 859 1931 884 καὶ

1139 903 1175 933 οἷς
1200 904 1245 939 μὲν
1273 902 1375 934 εὔκολος
1397 904 1461 940 πρὸς
1488 902 1630 939 μεταϐολὴν
1651 903 1666 932 ἠ
1697 900 1812 937 διάνοια,
1832 902 1930 933 τούτοις

1138 945 1213 974 οὐδὲν
1242 946 1346 978 ἀπεικὸς
1364 950 1409 974 καὶ
1423 949 1466 974 τὸν
1486 947 1545 984 βίον
1565 946 1629 974 εἶναι
1647 949 1682 983 μὴ
1705 947 1876 983 τεταγμένον·
1896 946 1931 977 οἷς

1139 990 1168 1018 δε
1193 996 1327 1028 πεπηγυῖα
1344 993 1359 1021 ἠ
1376 994 1482 1029 γνώμη·
1503 993 1548 1019 καὶ
1563 991 1602 1019 ἀεὶ
1620 991 1733 1025 ἑστῶσα,
1753 992 1799 1018 καὶ
1819 991 1834 1021 ἦ
1855 990 1929 1024 αὐτὴ,

1138 1038 1240 1068 τούτοις
1266 1036 1404 1063 ἀκόλουθον
1445 1039 1586 1073 συμφώνως
1629 1039 1660 1073 τῇ
1696 1036 1849 1073 προαιρέσει
1887 1037 1930 1065 τὴν

1139 1082 1208 1112 ζωήν
1237 1080 1376 1118 διεξάγειν.
1402 1081 1494 1108 Πολλοὶ
1512 1079 1542 1108 δε
1570 1083 1614 1107 καὶ
1639 1081 1687 1111 τὰς
1701 1081 1817 1117 πονηρὰς
1830 1079 1931 1116 πράξεις

1138 1125 1339 1163 ἀποδεχόμενοι,
1355 1129 1481 1163 χαρίεντα
1503 1127 1548 1163 μεν
1567 1127 1611 1152 τὸν
1631 1125 1783 1162 εὐτράπελον
1803 1124 1911 1161 λέγουσι
1924 1134 1930 1142 ·

1137 1173 1180 1198 τόν
1207 1170 1237 1198 δὶ
1267 1171 1453 1208 αἰσχρολόγον,
1474 1170 1622 1198 πολιτικόν·
1648 1171 1693 1197 καὶ
1719 1171 1763 1197 τὸν
1781 1170 1876 1206 πικρὸν
1890 1171 1931 1196 καὶ

1138 1215 1249 1253 ὀργίλον,
1275 1215 1485 1254 ἀκαταφρόνητον
1519 1215 1694 1252 ὀνομάζουσι·
1731 1215 1776 1241 τὸν
1809 1211 1930 1249 φειδωλὸν

1136 1261 1182 1285 καὶ
1214 1258 1394 1295 ἀκοινώνητον,
1429 1261 1464 1292 ὡς
1500 1259 1672 1296 οἰκονομικὸν,
1703 1257 1857 1285 έπαινοῡσι·
1890 1258 1930 1284 τὸν

1136 1305 1248 1339 ἄσωτον,
1280 1305 1315 1335 ὡς
1343 1304 1496 1341 έλευθέριον·
1539 1305 1582 1330 τὸν
1618 1305 1711 1341 πόρνον
1747 1304 1794 1329 καὶ
1823 1301 1929 1337 ἀσελγῆ,

1136 1347 1327 1375 ἀπολαυστικόν
1352 1359 1411 1375 τινα
1437 1351 1482 1376 καὶ
1525 1347 1671 1385 ἀνειμένον·
1703 1349 1749 1374 καὶ
1773 1346 1930 1379 ἁπαξαπλῶς

1135 1396 1222 1419 πᾶσαν
1248 1395 1341 1420 κακίαν
1366 1392 1394 1419 ἐκ
1414 1397 1460 1424 τῆς
1479 1395 1668 1430 παρακειμένης
1683 1392 1740 1428 (Η)
1760 1390 1852 1429 ἂρπῆς
1866 1392 1928 1418 ὑπο-

1135 1438 1292 1474 κορίζονται.
1315 1439 1348 1464 Oi
1371 1441 1484 1464 τοιοῦτοι
1511 1441 1548 1473 τῷ
1577 1439 1689 1473 στόματι
1715 1437 1760 1472 μεν
1784 1435 1927 1471 εὖλογοῦσι,

253 1475 367 1511 dicunt,
390 1477 424 1504 ut
445 1476 486 1504 ait
509 1476 603 1504 David
618 1477 652 1511 ³⁸,
681 1477 771 1505 corde
795 1485 864 1506 vero
886 1478 1080 1508 maledicunt.

1138 1484 1203 1509 κατὰ
1223 1484 1266 1508 τον
1293 1481 1387 1515 Δαϐὶδ,
1410 1487 1441 1519 τῇ
1467 1480 1497 1509 δε
1515 1480 1614 1520 καρδίᾳ
1628 1485 1804 1518 καταρῶνται.
1824 1479 1867 1507 Ἐν
1880 1480 1928 1517 γὰρ

253 1521 329 1548 Nam
344 1521 505 1549 verborum
528 1521 678 1550 lenocinio
689 1521 934 1551 maledictionem
957 1531 1080 1552 omnem

252 1564 285 1593 in
297 1573 402 1593 eorum
415 1565 508 1596 vitam
523 1565 691 1600 conferunt,
711 1566 860 1595 obnoxios
883 1567 950 1595 illos
964 1570 1080 1596 aeternae

252 1609 441 1637 damnationi
468 1610 738 1646 approbationibus
767 1611 829 1639 suis
855 1612 1080 1642 constituentes.

254 1654 291 1689 (5)
313 1655 348 1681 Ut
362 1654 451 1688 igitur
474 1662 535 1682 non
561 1655 636 1690 justi
656 1655 765 1690 judicis
783 1664 869 1692 pares
884 1657 1009 1693 paribus
1024 1660 1081 1686 sta-

253 1699 336 1725 tuere
349 1697 515 1730 mercedes,
530 1698 582 1726 sed
601 1706 724 1727 necesse
737 1702 781 1728 est
807 1702 840 1728 ut
863 1701 934 1729 mali
945 1701 1082 1738 inceptor

252 1741 434 1769 cumulatius
449 1741 601 1777 persolvat
614 1742 727 1776 debita,
750 1743 775 1770 si
791 1744 883 1772 modo
899 1747 927 1773 et
941 1745 1006 1781 ipse
1021 1754 1080 1774 me-

251 1785 307 1814 lior
335 1794 372 1813 ex
395 1785 549 1822 suppliciis
575 1785 692 1814 futurus
715 1787 763 1822 sit,
786 1789 814 1815 et
837 1787 913 1815 alios
941 1790 1080 1818 meliores

250 1830 384 1858 facturus
404 1830 540 1866 exemplo
558 1839 564 1858 :
585 1831 624 1865 (6)
639 1830 681 1859 ita
704 1833 734 1859 et
763 1831 816 1867 qui
836 1831 910 1860 boni
935 1836 1080 1869 praetextu

250 1873 366 1902 malum
381 1874 459 1909 facit,
473 1874 585 1911 duplici
600 1874 695 1903 multa
714 1875 824 1910 dignus
840 1878 886 1904 est
902 1885 908 1904 :
923 1879 986 1905 tum
1007 1879 1081 1914 quia

249 1919 333 1954 quod
356 1927 417 1947 non
445 1918 561 1947 bonum
590 1921 634 1947 est
661 1919 733 1954 agit,
750 1922 815 1947 tum
831 1920 903 1956 quia
918 1921 958 1949 ad
981 1923 1080 1950 scelus

248 1963 496 2000 perpetrandum,
522 1963 615 1998 bono,
648 1966 681 1992 ut
711 1964 753 1993 ita
776 1964 888 1998 dicam.
918 1967 999 1996 socio
1026 1968 1079 1996 ab-

250 2009 354 2036 utitur.

285 2053 374 2089 475
390 2055 416 2080 7.
434 2052 472 2088 (7)
485 2052 659 2080 Cavendum
678 2052 768 2088 igitur
786 2053 850 2082 viro
872 2055 1025 2092 prudenti,
1040 2065 1078 2085 ne

247 2097 289 2125 ad
302 2097 387 2132 vulgi
401 2096 596 2125 rumusculos
611 2097 699 2129 vivat,
712 2099 741 2126 et
751 2105 786 2126 ea.
797 2101 913 2135 spectet
921 2108 989 2136 quae
1000 2102 1077 2130 mul-

1134 1531 1166 1564 τῇ
1200 1531 1250 1553 τῶν
1268 1528 1393 1564 ῥημάτων
1407 1526 1523 1563 εὐφημίᾳ
1544 1530 1632 1553 πᾶσαν
1657 1526 1773 1563 κατάραν
1789 1524 1929 1560 ἐπάγουσιν

1135 1571 1219 1597 αὐτῶν
1247 1575 1278 1608 τῇ
1307 1571 1373 1607 ζωῇ,
1400 1569 1544 1602 ὑποδίκους
1562 1570 1655 1600 αὐτοὺς
1680 1573 1712 1606 τῇ
1742 1568 1837 1605 αἱωνὶᾳ
1855 1577 1929 1595 κατα-

1134 1618 1220 1652 κρίσει
1247 1614 1283 1642 δι’
1305 1615 1338 1641 ὧν
1369 1613 1548 1652 ἀποδέχονται
1571 1615 1755 1644 καθιστῶντες.
1772 1613 1874 1651 Ὠσπερ
1889 1610 1928 1639 οὖν

1135 1660 1182 1686 οὐκ
1210 1661 1267 1686 ἔστι
1287 1658 1392 1687 δικαίου
1408 1663 1497 1697 κριτοῦ
1513 1661 1574 1690 ἴσας
1593 1660 1659 1695 πρὸς
1689 1659 1752 1689 ἴσας
1775 1657 1874 1694 ὁρίζειν
1887 1657 1928 1688 τὰς

1135 1702 1294 1738 ἀντιδόσεις,
1321 1704 1376 1730 ἀλλ’
1394 1703 1492 1740 ἀνάγκη
1523 1705 1565 1730 τὸν
1593 1702 1758 1740 κατάρξαντα
1777 1705 1862 1728 κακοῦ
1871 1701 1930 1738 μετὰ

1134 1750 1288 1785 προσθήκης
1313 1748 1438 1776 ἀποτῖσαι
1468 1749 1502 1775 τὰ
1531 1748 1688 1785 ὀφειλόμενα,
1719 1746 1742 1774 εἰ
1773 1745 1863 1782 μέλλοι
1889 1745 1930 1772 αὖ·

1133 1795 1175 1824 τός
1198 1803 1225 1819 τε
1258 1793 1366 1830 βελτίων
1389 1797 1448 1824 ταῖς
1471 1794 1609 1830 τιμωρίαις
1622 1792 1791 1828 γενήσεσθαι,
1811 1792 1855 1817 καὶ
1874 1792 1930 1821 τοὺς

1133 1837 1240 1868 λοιποὺς
1273 1840 1492 1875 σωφρονεστέρους
1523 1840 1605 1863 ποιεῖν
1652 1840 1688 1871 τῷ
1735 1833 1928 1871 ὑποδείγματι-

1134 1882 1201 1908 οὗτω
1216 1884 1259 1908 καὶ
1273 1883 1286 1908 ὁ
1304 1884 1333 1909 τὸ
1348 1884 1427 1908 κακὸν
1442 1883 1466 1908 ἓν
1479 1883 1654 1919 προσχήματι
1663 1883 1708 1907 τοῦ
1729 1879 1831 1915 ἀγαθοῦ
1843 1883 1928 1912 ποιῶν,

1134 1925 1304 1958 διπλασίονος
1317 1925 1521 1963 τιμωρίαςέστὶν
1538 1925 1621 1959 ἄξιος,
1633 1923 1703 1952 διότι
1718 1924 1783 1951 αὖτὸ
1800 1933 1829 1951 τε
1846 1925 1876 1950 τὸ
1887 1923 1930 1950 οὐκ

1133 1970 1231 2007 ἀγαθόν
1259 1971 1405 2008 ἐργάζεται,
1429 1973 1472 1997 καὶ
1492 1972 1625 2008 κέχρηται
1650 1969 1683 2000 εἰς
1710 1970 1740 1996 τό
1764 1968 1868 1995 τελέσαι
1886 1970 1929 1997 τὴν

1133 2015 1274 2053 ἁμαρτίαν,
1290 2017 1322 2046 ὡς
1337 2015 1367 2042 ἂν
1382 2017 1450 2042 εἴποι
1462 2025 1512 2048 τις,
1521 2019 1558 2050 τῷ
1569 2014 1638 2049 καλῷ
1650 2017 1776 2051 συνεργῷ.

1168 2063 1195 2088 7.
1216 2062 1337 2087 ψευκτέον
1371 2058 1414 2086 οὖν
1446 2063 1482 2095 τῷ
1518 2061 1692 2095 σωφρονοῦντι
1711 2059 1741 2084 τὸ
1767 2059 1832 2094 πρὸς
1854 2055 1928 2089 δόξαν

1133 2105 1192 2141 ζῇν,
1220 2107 1265 2131 καὶ
1292 2105 1326 2130 τὰ
1347 2108 1399 2135 τοῖς
1420 2104 1523 2135 πολλοῖς
1549 2101 1676 2130 δοκοῦντα
1694 2106 1874 2139 περισκοπεῖν,
1889 2104 1929 2128 καὶ

246 2141 364 2170 titudiui
374 2142 556 2177 probantur;
577 2150 611 2170 ac
623 2150 683 2170 non
695 2143 795 2179 potius
806 2146 921 2172 rectam
928 2146 1074 2175 rationem

1138 2151 1167 2178 ιὴ
1197 2151 1240 2175 τὸν
1278 2149 1353 2186 ὀρθὸν
1378 2149 1454 2184 λόγον
1487 2150 1601 2184 ἡγεμόνα
1625 2147 1759 2173 ποιεῖσθαι
1793 2151 1840 2173 τοῦ
1861 2146 1929 2183 βίον,

246 2186 288 2215 ita
314 2187 384 2215 vitae
411 2187 520 2215 ducem
541 2187 685 2220 instituat,
702 2190 735 2215 ut
755 2188 876 2216 etiamsi
901 2189 1075 2220 hominibus

245 2233 388 2260 omnibus
404 2231 673 2261 contradicendum
683 2232 729 2263 sit,
739 2233 857 2261 etiamsi
865 2234 944 2262 male
951 2235 1075 2264 audien-

245 2276 330 2311 dum,
351 2285 386 2305 ac
405 2276 702 2313 periculumbonesti
713 2284 806 2305 causa
815 2277 1024 2315 subeundum;
1038 2288 1074 2308 ex

1132 2195 1198 2220 ὥστε
1222 2193 1270 2219 κᾶν
1295 2196 1376 2219 πᾶσιν
1405 2193 1551 2231 ἀνθρώποις
1574 2191 1724 2227 ἀντιλέγειν,
1755 2190 1804 2217 κᾶν
1832 2189 1928 2222 ἀδοξεῖν

1131 2241 1174 2264 καὶ
1195 2236 1353 2264 κινδυνεύειν
1368 2239 1431 2274 ὑπὲρ
1460 2241 1505 2264 τοῦ
1530 2236 1610 2263 καλοῦ
1626 2234 1685 2272 δέη,
1702 2233 1786 2271 μηδὲν
1801 2236 1928 2272 αἱρεῖσθαι

1131 2286 1181 2308 τῶν
1217 2282 1297 2320 ὀρθῶς
1336 2281 1500 2318 ἐγνωσμένων
1538 2283 1700 2317 παρακινεῖν.
1727 2281 1777 2306 Τὸν
1811 2282 1862 2317 γὰρ
1896 2281 1927 2316 μὴ

278 2374 300 2390 ¹⁹
317 2373 416 2401 Matth.
432 2382 462 2406 x,
481 2375 523 2401 16.
545 2375 568 2392 ³ο
586 2375 686 2402 Matth.
703 2382 752 2410 vu,
771 2377 814 2403 14.
834 2376 856 2394 ²ί
873 2376 1041 2412 Coloss.m,
1062 2381 1078 2407 9

1145 2379 1221 2409 Psal.
1236 2388 1282 2414 cu,
1299 2382 1324 2408 5.
1346 2380 1369 2398 ³³
1383 2379 1460 2408 Psal.
1477 2388 1534 2416 LXI,
1550 2382 1574 2408 ὅ.

292 2471 316 2504 t)
338 2472 378 2498 Ex
393 2472 554 2498 comment.
571 2472 603 2499 in
620 2472 678 2500 Isa.
695 2474 757 2500 378.

290 2508 317 2541 2)
336 2507 376 2533 Ex
391 2506 478 2542 epist.
495 2514 600 2542 ccxuv,
619 2509 682 2534 381.

288 2544 315 2576 3)
335 2543 376 2569 Ex
391 2542 478 2576 epist.
495 2549 606 2576 ccxcui,
623 2544 686 2571 431.

276 2576 316 2612 (4)
335 2578 376 2604 Ex
391 2576 475 2606 hom.
492 2577 522 2605 in
535 2579 615 2612 psal.
632 2587 687 2613 LXI,
701 2580 762 2607 195.

289 2612 315 2645 5)
335 2613 376 2639 Ex
393 2613 478 2648 epist.
497 2621 578 2648 CCLK,
595 2616 658 2643 396.

287 2648 313 2684 ω
334 2648 376 2675 Ex
392 2649 477 2684 epist.
493 2657 551 2683 Llll,
570 2651 630 2677 147.

285 2683 313 2752 7;
333 2684 375 2710 Ex
390 2683 479 2711 serm.
496 2685 539 2713 De
549 2685 682 2720 legendis
696 2685 781 2713 libris
792 2689 886 2721 gent.,
902 2688 964 2714 {83.

287 2719 302 2745 8
332 2721 575 2752 Ποοσερχομένους.
605 2720 651 2749 Sic
679 2728 737 2752 ope
751 2723 909 2751 contextus
925 2729 964 2750 en

273 2717 313 2752 (8)
332 2717 587 2757 naoaapxopéuovgi
605 2720 651 2749 Sic
679 2728 737 2756 ope
751 2717 909 2751 contextus
925 2722 1072 2752 emenda-

1123 2477 1223 2515 vimus
1236 2484 1363 2515 pravam
1375 2477 1534 2515 lectionem
1547 2488 1768 2515 τςροερχομενους.

1158 2513 1198 2547 (9)
1218 2512 1314 2543 Ἐντὸς.
1328 2513 1374 2540 Sic
1388 2513 1497 2547 Regius
1510 2512 1615 2542 codex~
1628 2512 1671 2543 δι’
1682 2517 1854 2547 contextus,
1871 2520 1926 2541 me-

1122 2546 1180 2574 lius
1195 2555 1287 2583 quam
1301 2548 1373 2576 editi
1387 2547 1410 2574 ἐν
1425 2546 1490 2580 ἑοῖς.

1161 2583 1216 2645 (mtto)
1236 2587 1286 2645 'tl‘o'i
1303 2583 1387 2620 ἀέρος.
1404 2585 1470 2612 Haec
1485 2584 1590 2613 addita
1609 2593 1646 2613 ex
1670 2586 1762 2621 Regio
1783 2585 1885 2614 codice
1901 2585 1925 2612 et

1197 2626 1234 2645 ex
1249 2627 1277 2645 Il.

1124 2621 1277 2646 contextu.

1160 2655 1219 2689 (It)
1238 2656 1443 2691 Παρακιιμέιης.
1470 2655 1518 2683 Sic
1532 2657 1692 2688 contextus
1708 2657 1805 2689 multo
1823 2655 1924 2686 melius

1125 2696 1220 2726 quam
1234 2690 1448 2728 Metaphrastes
1463 2691 1618 2728 ὑποκειμένη
1625 2703 1644 2723 ς,
