1997 3143
62 155 134 183 H87

503 152 617 183 SERMO
636 153 669 182 ll.
692 168 726 174 —
745 153 791 182 DE
812 153 985 182 DOCTRINA
1004 154 1046 183 ET
1063 154 1311 184 ADMONtTlONE.

1677 159 1744 186 H38

97 218 127 245 3.
142 219 196 244 Τοῦ
206 216 257 253 γὰρ
280 214 461 253 φιλανθρώπου
486 219 553 243 Θεοῦ
578 218 624 243 καὶ
647 219 764 254 Σωτῆρος
788 217 860 253 ἡμῶν

953 219 979 245 3.
996 217 1034 253 (ὅ)
1050 217 1123 246 Cum
1134 217 1212 245 enim
1226 217 1377 253 benignus
1400 219 1478 247 Deus
1495 221 1524 247 et
1539 219 1676 248 Salvator
1688 227 1744 248 no-

61 261 156 291 Ὶησοῦ
185 265 304 299 Χριστοῦ
327 261 456 297 λέγοντος·
474 264 551 288 Δεῦτε
573 262 637 298 πρὸς
662 262 703 297 μὲ,
727 262 818 292 πάντες
836 262 861 288 οἱ

61 310 205 337 κοπιῶντες
231 308 276 332 καὶ
298 308 508 343 πεφορτισμένοι,
523 305 595 342 κᾶγὼ
619 305 762 332 ἀναπαύσω
776 307 859 342 ὑμᾶς·

62 351 111 377 ούκ
136 349 275 377 ἀκίνδυνον
299 350 462 378 ἀπωθεῖσθαι
481 352 542 382 τοὺς
564 354 600 386 τῷ
625 353 712 388 Κυρίῳ
735 349 773 377 δι’
788 352 862 387 ἡμῶν

60 398 233 432 προσιόντας,
254 397 300 421 καὶ
325 395 441 422 ὑπελθεῖν
465 395 546 422 αὐτοῦ
569 396 613 422 τὸν
638 397 760 433 χρηστὸν
782 395 862 431 ζυγὸν

61 439 250 477 βουλομένους.
273 442 406 477 Προσήκεε
429 438 459 467 δί
484 441 528 466 τὸν
551 439 710 476 παρελθόντα
734 439 792 476 βίον
811 444 861 467 τῶν

60 486 224 522 προσιόντων
239 485 457 521 καταμανθάνειν,
472 487 518 511 καὶ
531 485 568 515 οἷς
579 486 625 522 μιν
648 483 702 515 ἤδη
722 495 749 511 τι
763 487 862 522 κατώρ-

61 530 156 562 οωται,
171 530 205 556 τὰ
230 529 374 566 τελειότερα
396 533 447 556 τῶν
472 527 489 556 δ
493 527 646 566 ιδαγμάτων
662 527 860 567 παραδιδόναι·

59 575 124 605 τοὺς
138 572 168 601 δε
183 574 213 601 ix
228 573 290 611 βίου
312 578 427 611 πονηροῦ
446 576 512 611 πρὸς
539 576 582 601 τόν
606 573 700 612 ἀκριϐῆ
731 574 789 611 βίον
813 578 861 605 τῆς

60 620 222 655 Θεογνωσίας
241 619 391 655 ὁμήσαντας
405 619 550 656 ἀνακρίνειν
565 621 632 656 χρὴ,
653 619 738 646 ὁποῖοι
752 621 782 646 τὸ
797 619 860 650 ἦθός

59 663 126 698 εἰσι,
151 666 187 700 μὴ
215 664 338 699 ἄσταιοι,
365 665 410 690 καὶ
437 665 501 700 πρὸς
524 664 570 694 τὰς
594 666 694 701 κρίσεις
717 663 858 693 εὐκίνητοι.

57 707 191 735 ’Υποπτον
205 709 255 745 γὰρ
280 712 330 734 τῶν
351 709 474 734 τοιούτων
498 709 528 734 τὸ
541 708 707 744 εὐμετάθετον
720 718 727 726 ·
752 708 776 735 οἳ
795 711 860 747 πρὸς

59 755 98 788 τῷ
123 750 206 789 μηδὲν
228 752 333 782 έοιυτοὺς
361 751 504 788 ὠφελῆσαι,
529 753 567 778 ἔτι
593 754 637 779 καὶ
663 752 756 790 έτέροις
778 755 859 780 αἴτιοι

61 796 164 834 βλάϐης
175 798 302 833 γίνονται.
323 796 394 823 Ἐπεὶ
409 794 439 823 δε
456 797 543 823 πάντα
561 795 692 833 ἕπιμελείᾳ
714 798 859 835 κατορθοῦ-

59 851 117 876 ται,
146 843 192 868 καὶ
216 840 292 878 φόϐος
311 844 378 868 Θεοῦ
405 843 533 868 παντοίων
557 840 742 878 ἐλαττωμάτων
766 842 859 879 ψυχῆς

916 263 976 290 ster
1004 263 1088 290 lesus
1119 262 1249 290 Christus
1277 262 1357 291 dicat
1379 271 1386 291 :
1408 264 1508 292 Venite
1520 264 1561 292 ad
1574 271 1629 298 me,
1645 271 1744 292 omnes

916 307 969 342 qui
978 307 1131 340 laboratis,
1143 310 1170 336 et
1181 309 1299 336 onerati
1308 309 1386 344 estis,
1398 311 1426 336 et
1439 316 1491 344 ego
1504 310 1637 344 reﬁciam
1647 317 1696 337 vos
1702 310 1740 342 =5;

915 351 1118 388 periculosum
1128 354 1173 380 est
1183 352 1324 388 repellere
1334 360 1385 381 eos
1400 353 1451 389 qui
1464 361 1518 389 per
1528 361 1584 381 nos
1594 353 1743 382 accedunt

916 394 954 423 ad
970 395 1140 431 Dominum,
1157 396 1282 432 ejusque
1290 397 1399 432 jugum
1411 405 1503 426 suave
1514 397 1616 425 subire
1626 397 1741 426 volunt.

916 439 955 474 (6)
967 439 1114 468 Praeterito.
1120 447 1192 468 vero
1199 441 1407 470 accedentium
1416 441 1525 470 vitaest
1533 441 1740 478 expendenda,

917 485 945 512 et
958 483 994 512 iis
1008 484 1060 520 qui
1080 483 1194 520 aliquid
1220 487 1298 513 recte
1311 485 1375 521 jam
1390 486 1545 520 gesserint,
1559 486 1743 514 documenta

916 528 1094 565 perfectiora
1108 528 1257 558 tradenda
1269 532 1339 558 sunt
1362 538 1369 558 :
1390 530 1444 566 qui
1465 533 1566 559 autem
1592 538 1629 559 ex
1647 539 1742 567 prava

915 572 978 601 vita
992 572 1032 601 ad
1044 573 1207 609 perfectam
1221 574 1312 602 vitam
1335 574 1367 602 in
1389 574 1440 603 Dei
1463 575 1632 610 cognitione
1653 575 1742 603 sitam

914 619 1080 653 transeunt,
1096 617 1152 646 hos
1169 619 1352 654 perscrutari
1366 627 1422 655 par
1439 622 1493 652 est,
1507 619 1649 648 nimirum
1663 628 1741 655 qua-

912 661 993 690 libus
1006 661 1125 698 praediti
1140 662 1197 690 sint
1218 663 1364 699 moribus,
1381 671 1456 692 num
1479 663 1644 699 instabiles,
1660 666 1688 692 et
1710 664 1741 692 in

913 706 1044 734 consiliis
1057 706 1119 734 suis
1132 706 1219 735 facile
1232 707 1369 736 mobiles.
1384 709 1529 745 Suspecta
1543 708 1624 736 enim
1634 709 1740 737 talium

911 750 1132 779 inconstantia:
1151 751 1204 788 qui
1218 752 1342 788 quidem
1356 755 1559 789 praeterquam
1576 753 1659 789 quod
1682 748 1742 789 ipsi

912 795 987 824 nihil
999 796 1133 824 utilitatis
1147 796 1280 833 capiunt,
1300 800 1446 833 praeterea
1468 801 1537 826 sunt
1549 798 1639 826 etiam
1652 801 1740 826 ciete-

913 839 954 869 ris
970 840 1141 869 detrimenti
1156 844 1306 870 auctores.
1329 842 1384 870 Sed
1406 842 1479 877 quia
1500 842 1574 870 nihil
1600 845 1644 870 est
1657 843 1740 879 quod

59 888 232 923 περιγίνεται,
266 883 328 913 οὐδὶ
358 886 456 912 τούτων
485 884 665 922 ἀπογνωστέον
687 886 771 922 εὐθὺς,
795 886 861 913 ἀλλὰ

913 892 976 914 non
990 884 1093 913 labore
1119 887 1148 913 et
1172 885 1325 921 diligentia
1339 887 1520 923 perﬁciatur,
1535 895 1571 915 ac
1586 888 1676 915 timor
1689 888 1740 916 Dei

60 931 135 966 ἄγειν
161 929 256 961 αὐτοὺς
270 930 304 961 εἰς
325 931 359 958 τὰ
373 932 541 966 προσήκοντα
553 931 686 967 γυμνάσια
704 929 755 966 δεῖ,
771 934 859 969 χρόνῳ

59 977 105 1002 καὶ
119 974 252 1006 ἕπιπόνοις
270 974 438 1012 ἁγωνίσμασι
461 978 553 1012 πεῖραν
575 979 624 1006 τῆς
641 978 752 1013 κρίσεως
775 976 860 1003 αὐτῶν

58 1019 238 1057 λαμϐάνοντας
250 1020 290 1056 (ί)
300 1027 307 1035 ⁵
328 1021 364 1051 ὡς
376 1018 418 1046 ἇάν
432 1029 459 1046 τι
474 1019 580 1056 βέϐαιον
600 1020 663 1058 πιιιρ1
675 1020 763 1051 αὐτοῖς
777 1021 860 1058 εὕρω·-

59 1074 117 1102 μεν,
129 1063 275 1096 ἀκινδύνως
285 1064 380 1095 αὐτοὺς
394 1065 553 1102 προσίεσθαι
565 1074 572 1082 ·
588 1064 611 1091 εἰ
624 1063 654 1092 δὲ
664 1067 713 1101 μὴ,
723 1065 771 1097 ἔξω
784 1067 860 1097 ὄντας

59 1108 264 1146 ἀποπέμπεσθαι
273 1120 280 1126 ·
292 1109 358 1139 ᾤοτε
369 1108 520 1145 ἁζημίωτον
534 1110 582 1139 τὴν
593 1113 684 1146 πεῖραν
699 1113 730 1146 τῇ
748 1108 859 1146 ἁδελφό-

57 1163 122 1184 τητι
134 1155 264 1190 γίνεσθαι.
278 1155 328 1181 Τὸν
349 1151 379 1180 δε
405 1152 456 1180 ἀπὸ
478 1163 548 1184 τινος
564 1156 780 1192 περιφανεστέρου
796 1154 858 1191 βίου

57 1200 124 1236 πρὸς
137 1200 186 1228 τὴν
205 1199 265 1225 καθ’
279 1199 404 1235 ὁμοίωσιν
422 1201 469 1225 τοῦ
496 1200 594 1235 Κυρίου
621 1200 858 1236 ταπεινοφροσύνην

59 1242 225 1280 ὶπειγόμενον
240 1243 292 1278 (2),
316 1243 414 1279 ὁρίζειν
441 1244 496 1280 χρή
521 1252 579 1270 τινα
600 1246 649 1270 τῶν
673 1241 858 1271 ἔπονειδίστων

58 1286 126 1316 εἶναι
141 1286 286 1315 δοκούντων
311 1289 384 1326 παρὰ
401 1290 456 1318 τοῖς
483 1287 584 1321 ἔξωθεν,
611 1289 657 1313 καὶ
685 1287 815 1325 έπιτηρεῖν
837 1288 859 1315 εἰ

56 1334 126 1370 μετὰ
148 1334 236 1364 πάσης
263 1332 441 1370 πληροφορίας
463 1331 574 1369 ἄργάτην
598 1331 806 1368 ἀνεπαίσχυντον
820 1336 857 1368 τῷ

57 1381 117 1413 Θεῷ
142 1377 232 1404 ἰαυτὸν
258 1379 431 1414 παρίστησιν,
454 1376 534 1404 Ὀσοι
558 1374 589 1403 δέ
613 1377 663 1404 ὑπὸ
684 1377 765 1413 ζυγὸν
788 1379 858 1409 ὄντες

56 1421 159 1456 δοῦλοι,
175 1425 231 1452 ταῖς
251 1420 379 1459 ἀδιλφότη
384 1431 412 1448 σι
436 1422 643 1459 προσφεύγουσι,
658 1422 765 1451 νουθετη
771 1423 857 1453 θέντας

55 1467 161 1500 ἀύτοὺς,
177 1468 222 1493 καὶ
238 1466 422 1503 βελτιωθέντας
445 1467 482 1502 (3)
499 1465 701 1503 ἀποπέμπεσθαι
720 1468 776 1502 χρὴ
801 1470 857 1498 τοῖς

54 1509 210 1545 δεσπόταις,
232 1511 292 1537 καθ’
307 1511 433 1547 ὁμοίωσιν
457 1513 502 1537 τοῦ
527 1512 659 1548 μακαρίου
681 1510 802 1537 Παύλου·
827 1510 855 1541 ὃς

52 1558 97 1583 τὸν
121 1555 265 1592 Ὀνήσιμον
292 1557 419 1591 γεννήσας
444 1553 491 1581 διὰ
517 1558 564 1581 τοῦ
594 1554 764 1591 Εὖαγγελίου,
790 1554 854 1582 ὰπί-
868 1570 889 1597 C

52 1599 140 1637 πεμψι
154 1604 191 1636 τῷ
204 1599 339 1636 Φιλήμονι,
355 1601 400 1626 τὸν
410 1600 455 1636 μὶν
465 1599 678 1637 πληροφορήσας,
690 1600 730 1626 ὅτι
745 1600 758 1625 ὁ
774 1601 854 1635 ζυγὸς

51 1649 100 1676 τῆς
131 1643 247 1675 δουλείας
278 1644 422 1681 εὐαρέστως
450 1648 487 1680 τῷ
519 1646 606 1681 Κυρίῳ
639 1645 853 1681 κατορθούμενος,

52 1688 194 1727 βασιλλέας
207 1688 322 1726 οὐρανῶν
345 1688 418 1721 ἄξιον
439 1690 600 1717 συνίστησι·
616 1689 660 1714 τὸν
680 1686 710 1715 δι
730 1698 854 1726 παρακα-

51 1734 140 1765 λέσας,
153 1735 189 1770 μὴ
205 1735 282 1770 μόνον
297 1732 394 1760 ἀνιέναι
413 1735 460 1763 τὴν
479 1732 536 1759 κατ’
552 1732 633 1759 αὐτοῦ
659 1733 777 1765 ἀπειλὴν,
791 1733 854 1760 ἀλλὰ

52 1781 100 1806 καὶ
115 1780 299 1816 χρηστοτέραν
325 1779 396 1814 εχειν
416 1779 482 1816 πρὸς
501 1777 580 1804 αὑτὸν
602 1779 648 1806 τὴν
669 1776 797 1805 διάθεσιν.
823 1777 854 1804 Εἰ

53 1825 142 1860 μέντοι
156 1824 238 1854 κακὸς
260 1823 273 1848 ό
298 1820 429 1852 δεσπότης
449 1823 540 1858 τύχοι,
556 1822 695 1859 παράνομά
718 1832 776 1848 τινα
795 1821 854 1848 ἐπι-

52 1869 173 1902 τάσσων,
185 1868 306 1904 καὶπρὸς
320 1865 471 1904 παράϐασιν
494 1866 597 1897 ὶντολῆς
610 1867 646 1901 (4)
669 1870 715 1893 τοῦ
731 1866 854 1895 ἀληθινοῦ

54 1911 187 1939 δεσπότου
201 1914 247 1938 καὶ
259 1913 351 1949 κυρίου
374 1912 446 1948 ἡμῶν
457 1912 546 1940 Ἰησοῦ
561 1914 678 1948 Χριστοῦ
697 1912 740 1937 τὸν
760 1909 853 1937 δοῦλον

54 1956 223 1993 βιαζόμενος,
239 1955 416 1992 ἀγωνίζεσθαι
429 1957 496 1992 χρὴ,
513 1956 582 1986 ὅπως
604 1957 640 1992 μὴ
665 1957 695 1981 τὸ
713 1957 792 1992 ὄνομα
807 1959 853 1982 τοῦ

53 2004 117 2029 θεοῦ
134 2000 315 2037 βλασφημηθῇ
336 1999 383 2027 διὰ
408 2001 452 2026 τὸν
476 1998 568 2026 δοῦλον
587 1999 691 2034 ὶκεῖνον,
705 2000 853 2029 ποιήσαντὲ

52 2056 89 2078 τι,
106 2046 119 2072 ὃ
134 2048 171 2082 μὴ
195 2045 292 2082 ἀρέσκῃ
317 2048 383 2080 Θεῷ.
405 2045 586 2082 Κατορθοῡται
603 2042 632 2071 δὴ
651 2043 730 2080 ἀγὼν,
747 2044 762 2074 ἣ
780 2043 804 2070 ἕν
816 2048 852 2078 τῷ

52 2092 95 2117 τόν
119 2088 212 2116 δοῦλον
227 2088 321 2116 ὶκεῖνον
336 2090 545 2126 καταρτισθῆναι
567 2090 633 2126 πρὸς
656 2089 787 2125 ὑπομονὴν
801 2092 852 2114 τῶν

54 2134 241 2172 ἐπιφερομένων
256 2133 325 2170 αὐτῷ
345 2134 517 2170 μαθημάτων,
531 2133 594 2171 ὑπὲρ
609 2136 655 2160 τοῦ
669 2133 853 2170 πειθαρχῆσαι

54 2183 112 2214 Θεῷ
132 2178 228 2216 μᾶλλον
241 2178 256 2207 ἦ
277 2178 404 2215 ἀνθρώπῳ
416 2187 423 2194 ·
440 2178 455 2208 ἡ
480 2177 504 2204 έν
517 2181 553 2214 τῷ
568 2179 629 2209 τοὺς
641 2175 854 2214 ὑποδεχομένους

55 2222 235 2256 ἀναδέξασθαι
253 2225 313 2254 τοὺς
331 2224 395 2260 ὑπερ
411 2223 491 2250 αὐτοῦ
507 2222 679 2260 ἔπαγομέθους
695 2222 782 2252 αὐτοῖς
794 2231 853 2248 πει-

55 2269 185 2306 ρασμούς.
213 2269 281 2299 Τοὺς
304 2267 328 2294 ἰν
358 2269 474 2304 συζυγίᾳ
503 2265 532 2293 δι
559 2268 646 2303 γάμου
667 2267 776 2302 τοιούτῳ
801 2266 854 2303 βίῳ

55 2314 286 2350 προσερχομένους
309 2311 493 2350 ἇνακρίνεσθαι
517 2313 585 2349 χρὴ,
602 2311 624 2338 εὶ
648 2310 676 2337 ἐκ
703 2313 855 2347 συμφωνίας

55 2362 132 2385 τοῦτο
156 2361 275 2389 ποιοῦσι,
296 2358 364 2384 κατὰ
387 2359 434 2386 τὴν
454 2355 586 2392 διαταγήν
613 2359 660 2382 τοῦ
682 2356 853 2390 Ἀποστόλου,

55 2405 100 2430 καὶ
115 2402 199 2433 οὕτως
222 2401 264 2429 ἰπὶ
280 2402 402 2429 πλειόνων
423 2403 560 2439 μαρτύρων
580 2399 710 2437 δέχεσθαι
728 2402 773 2428 τὸν
787 2410 854 2438 προ-

90 2501 115 2519 ²⁵
131 2499 231 2530 Matth.
247 2507 284 2533 ιι.
300 2500 346 2528 28.
383 2499 408 2518 "
422 2498 547 2528 Philem.
562 2500 608 2527 l2.
649 2499 672 2516 ³⁷
687 2499 749 2528 Act.
765 2506 794 2534 ν,
809 2500 856 2527 29.

91 2597 131 2633 (l)
163 2596 360 2635 Λαμξάνοντας.
396 2597 524 2634 Uterque
555 2595 652 2625 codex
683 2596 856 2633 λαμϐάνοντες

92 2641 231 2662 erneram
239 2641 243 2662 l
250 2654 257 2661 .

57 2633 257 2671 [perperam].
476 2633 483 2634 '

92 2671 130 2706 (2;
144 2671 229 2698 Τὸν...
245 2670 417 2706 ἐπειγόμενον.
435 2668 601 2704 Syntaxeos
616 2667 692 2696 ratio
711 2667 856 2704 postulat,

57 2705 273 2742 τῷέπειγομένῳ.
289 2706 366 2742 Εῡις.

95 2742 134 2776 (3)
148 2739 260 2774 λοξοὺς
274 2743 319 2767 καὶ
335 2739 529 2776 βελτιωθέντας.
540 2740 608 2768 Haac
624 2739 728 2768 addita
741 2746 777 2767 ex
787 2746 858 2767 con-

61 2775 142 2806 textu
157 2778 186 2806 et
197 2776 289 2811 Regio
304 2775 417 2804 addice.

97 2812 136 2848 (4)
153 2810 257 2843 Ἐντολῆ
263 2822 283 2844 ς.
300 2810 375 2841 Εὰἱιὶ
389 2810 508 2841 addunt
522 2813 588 2838 Θεοῦ
601 2812 630 2841 et
639 2810 730 2848 paulo
744 2811 814 2847 post
822 2811 858 2847 μὴ

913 929 1030 966 quasvis
1044 929 1154 958 anime
1174 930 1246 959 vitia
1260 933 1382 968 superat
1397 940 1404 959 :
1420 939 1458 960 ne
1478 932 1525 960 isti
1540 932 1664 968 quidem
1677 934 1738 961 sta-

914 973 968 1002 tim
982 973 1176 1011 desperandi,
1193 974 1248 1003 sed
1262 975 1392 1004 ducendi
1408 976 1447 1004 ad
1460 976 1585 1004 idoneas
1595 977 1738 1005 exercita-

913 1017 1019 1053 tiones,
1033 1020 1062 1047 et
1084 1021 1220 1056 tempore
1235 1027 1270 1047 ac
1291 1019 1452 1049 laboriosis
1469 1020 1685 1049 certaminibus
1697 1021 1739 1050 fa-

913 1062 1021 1091 cienda
1042 1070 1147 1092 eorum
1170 1064 1317 1100 propositi
1340 1065 1488 1101 probatio,
1502 1065 1544 1094 ita
1562 1067 1596 1093 ut
1619 1065 1644 1094 si
1665 1066 1740 1102 quid

912 1106 992 1135 ﬁrmi
1003 1107 1035 1136 in
1049 1107 1123 1144 ipsis
1135 1108 1420 1143 invenerimus,tuto
1429 1110 1642 1143 admittamus;
1654 1117 1740 1138 secus

912 1158 982 1180 vero
997 1151 1071 1180 dum
1084 1152 1184 1180 adhuc
1207 1155 1291 1182 extra
1312 1157 1392 1186 sunt,
1408 1154 1607 1189 dimittamus,
1622 1161 1678 1182 nec
1691 1161 1741 1182 eo-

911 1203 981 1224 rum
1006 1195 1145 1232 probatio
1171 1196 1261 1233 479
1283 1197 1388 1226 damni
1412 1198 1582 1234 quidquam
1595 1198 1740 1226 fratribus

912 1239 1030 1269 afferat.
1048 1241 1086 1276 (7)
1109 1241 1140 1269 Ei
1154 1244 1255 1270 autem
1279 1242 1332 1278 qui
1360 1242 1399 1270 ab
1423 1242 1582 1271 illustriore
1604 1243 1740 1279 quodam

911 1284 981 1312 vitm
996 1293 1105 1320 genere
1117 1286 1286 1314 secundum
1307 1286 1427 1315 Domini
1445 1287 1620 1323 exemplum
1635 1287 1671 1316 ad
1685 1287 1741 1315 hu-

911 1329 1067 1358 militatem
1095 1330 1227 1364 festinat,
1246 1330 1360 1367 aliqua,
1375 1339 1443 1367 quin
1467 1331 1617 1368 probrosa
1635 1331 1740 1360 admo-

911 1372 986 1401 dum
999 1374 1083 1410 apud
1098 1377 1236 1403 externos
1252 1382 1319 1403 esse
1333 1375 1502 1410 videantur,
1516 1375 1739 1412 praescribenda

911 1420 994 1452 sunt;
1016 1418 1313 1455 observandumque,
1330 1427 1404 1448 num
1420 1428 1490 1448 cum
1509 1420 1593 1448 omni
1605 1420 1740 1456 aequani-

910 1462 1015 1491 mitate
1030 1463 1163 1500 seipsum
1178 1472 1233 1492 ceu
1248 1465 1421 1501 operarium
1438 1464 1564 1500 pudoris
1584 1467 1738 1501 expertem

910 1508 970 1536 Deo
985 1508 1134 1537 exhibeat.
1148 1510 1185 1545 (8)
1198 1510 1288 1537 Porro
1303 1509 1477 1546 quicunque
1492 1510 1570 1538 servi
1585 1509 1642 1537 sub
1661 1510 1737 1545 jugo

909 1551 1034 1587 detenti,
1049 1552 1088 1580 ad
1101 1552 1228 1581 fratrum
1238 1555 1421 1582 conventum
1432 1553 1620 1589 confugiunt,
1629 1553 1737 1582 admo-

908 1596 962 1624 niti
973 1598 1002 1624 et
1011 1596 1151 1625 meliores
1161 1596 1268 1632 effecti,
1281 1598 1320 1626 ad
1333 1598 1473 1626 dominos
1484 1605 1555 1626 suos
1563 1598 1736 1626 remittendi

908 1642 989 1674 sunt,
1004 1640 1043 1669 ad
1058 1640 1232 1677 exemplum
1243 1641 1324 1670 beati
1334 1642 1427 1677 Pauli,
1439 1642 1492 1678 qui
1505 1650 1574 1670 cum
1585 1642 1736 1678 genuisset

909 1684 1085 1714 Onesimum
1101 1693 1154 1721 per
1167 1686 1374 1721 Evangelium,
1391 1695 1461 1715 eum
1472 1687 1512 1715 ad
1530 1687 1735 1715 Philemonem

907 1729 1063 1764 remisit",
1078 1729 1164 1758 alteri
1175 1730 1299 1767 quidem
1312 1731 1511 1767 persuadens,
1528 1731 1677 1760 servitutis
1691 1731 1736 1767 ju-

908 1781 992 1810 gum,
1006 1774 1031 1802 si
1052 1775 1102 1810 ita,
1119 1777 1151 1803 ut
1164 1776 1291 1803 Domino
1317 1776 1425 1812 placet,
1453 1776 1575 1808 feratur.
1591 1776 1735 1804 caelorum

907 1827 1001 1854 regno
1014 1819 1123 1855 dignos
1136 1819 1278 1854 reddere;
1295 1820 1423 1848 alterum
1432 1828 1503 1848 vero
1518 1820 1690 1853 exhortans,
1703 1822 1735 1847 ut

907 1870 969 1891 non
982 1863 1082 1891 solum
1106 1863 1205 1892 minas
1221 1871 1307 1892 servo
1326 1864 1487 1892 intentatas
1507 1864 1678 1895 remitteret,
1695 1865 1733 1898 (9)

908 1907 962 1935 sed
972 1908 1074 1935 animo
1085 1908 1175 1936 etiam
1191 1908 1323 1944 aequiore
1339 1915 1410 1942 erga
1431 1908 1532 1944 ipsum
1552 1908 1732 1936 afﬁceretur.

908 1951 964 1980 Sed
980 1954 1080 1979 tamen
1108 1952 1132 1979 si
1157 1952 1298 1980 dominus
1320 1952 1478 1989 improbus
1504 1953 1550 1987 sit,
1566 1952 1619 1989 qui
1633 1952 1735 1988 aliqua

906 1998 1011 2024 contra
1023 1996 1121 2031 legem
1131 1997 1316 2032 praescribat,
1332 1997 1454 2033 vimque
1470 2005 1556 2025 servo
1575 1996 1683 2025 inferat
1694 1997 1734 2025 ad

906 2040 1053 2069 mandata
1067 2041 1127 2068 veri
1143 2041 1206 2069 heri
1233 2044 1262 2070 et
1285 2041 1400 2070 domini
1428 2041 1523 2070 nostri
1544 2042 1614 2070 Jesu
1629 2041 1734 2070 Christi

906 2085 1057 2119 violanda,
1088 2087 1213 2113 conatus
1240 2085 1329 2113 nobis
1356 2085 1549 2114 adhibendus
1575 2088 1628 2119 est,
1645 2088 1677 2113 ut
1695 2094 1733 2114 ne

906 2137 1017 2158 nomen
1029 2129 1079 2157 Dei
1095 2129 1322 2166 blasphematur
1336 2132 1459 2165 propter
1473 2138 1594 2158 servum
1605 2129 1699 2164 illum,
1709 2128 1734 2157 si

906 2173 982 2210 quid
997 2173 1108 2208 fecerit,
1123 2174 1206 2209 quod
1223 2174 1283 2201 Deo
1307 2173 1474 2210 displiceat.
1489 2174 1550 2203 Erit
1568 2178 1668 2202 autem
1683 2181 1731 2201 co-

906 2221 997 2247 natus
1008 2218 1182 2252 laudabilis,
1196 2218 1220 2246 si
1232 2218 1279 2246 vel
1291 2226 1412 2246 servum
1424 2218 1508 2246 illum
1518 2219 1733 2246 conﬁrmemus

908 2263 948 2292 ad
962 2263 1117 2299 implenda
1127 2265 1300 2292 constanter
1308 2265 1469 2299 praecepta,
1485 2271 1554 2299 quae
1568 2262 1625 2299 ipsi
1636 2262 1733 2298 impo-

909 2308 966 2336 sita
978 2310 1056 2344 sunt,
1069 2310 1102 2336 ut
1129 2309 1189 2336 Deo
1209 2308 1308 2343 magis
1322 2307 1444 2336 obediat
1457 2315 1551 2344 quam
1565 2307 1682 2335 homini
1691 2307 1713 2324 ²⁷
1725 2314 1732 2339 ;

908 2352 954 2381 vel
968 2352 1003 2386 si,
1014 2353 1068 2389 qui
1080 2360 1150 2381 eum
1164 2352 1323 2389 recipiunt,
1337 2352 1436 2381 illatas
1459 2352 1517 2380 sibi
1531 2352 1626 2388 ipsius
1642 2359 1735 2380 causa

909 2397 1087 2427 tentationes
1100 2405 1162 2427 non
1176 2398 1325 2426 recusent.
1341 2396 1397 2428 (10)
1414 2397 1434 2426 li
1458 2405 1529 2427 vero
1554 2397 1608 2434 qui
1633 2397 1734 2426 matri-

909 2594 1058 2624 ποιήσαντά
1071 2603 1107 2622 τι.
1121 2593 1223 2622 Melius
1239 2593 1270 2622 in
1285 2594 1435 2623 contextu.

946 2631 982 2663 (5)
1002 2631 1042 2658 Ex
1055 2630 1172 2665 [tegulis
1181 2630 1279 2665 fusius
1295 2631 1443 2664 tractatis,
1461 2629 1521 2657 152.

947 2667 986 2703 (δ)
1007 2666 1091 2703 ιωςιη
1106 2667 1149 2693 30-

947 2701 986 2737 (7)
1004 2701 1091 2736 lbid.,
1107 2703 1169 2729 353.

948 2738 988 2773 (8)
1003 2737 1079 2773 Ibid-

949 2775 987 2809 (9)
1006 2772 1080 2809 Ibid:

949 2807 1005 2844 (ιο)
1021 2807 1109 2844 lbid.,
1125 2809 1188 2837 354.
