1997 3143
72 144 139 177 iis:

501 149 615 178 saeuo
636 150 668 178 ιι.
686 165 719 170 -
739 150 783 177 DE
802 136 981 181 bocﬁu’ia
1000 140 1042 180 er
1055 151 1314 182 ‘LDMONITIONE.

1683 144 1756 180 me

67 218 116 245 τῆς
147 214 293 250 Θεραπείας.
326 211 455 243 Πολλάκις
475 210 504 238 δι
530 214 665 249 χρήσιμος
693 213 755 249 ἡμῖν
783 215 828 238 καὶ
856 213 869 239 ὁ

927 221 979 250 per
997 214 1195 243 humilitatem
1208 215 1360 250 abjecerit,
1371 215 1429 243 hoc
1443 218 1532 252 pacto
1550 215 1587 250 ei,
1601 214 1648 243 cui
1664 215 1759 243 cura?

68 263 117 286 τοῦ
142 259 276 295 προφήτου
306 258 400 293 τρόπος
420 260 466 288 τῆς
480 256 637 288 ἐπιπλήξεως
653 267 659 273 ·
681 256 708 288 ὃς
730 261 766 293 τῷ
787 256 871 284 Δαϐὶδ

69 304 226 340 ἁμαρτόντι,
247 301 276 327 ού
294 302 356 338 παρ’
367 301 459 327 ἑαυτοῦ
472 302 588 337 ἒπήγαγε
601 303 644 328 τὸν
660 302 717 339 ὅρον
729 306 776 332 τῆς
788 312 870 328 κατα-

69 346 158 382 δίκης,
177 345 229 373 ἀλλ’
241 345 355 382 ὑποϐολῇ
366 348 509 383 προσώπου
525 347 701 382 χρησάμενος,
718 346 795 372 αὐτὸν
806 345 869 373 ίκιῖ-

68 402 111 419 νον
133 394 180 418 τοῦ
204 388 273 418 ἰδίου
293 388 423 419 δικαστὴν
443 389 561 416 ἐκάθισεν
576 390 781 426 ἁμαρτήματος·
803 391 870 417 ὥστε

68 437 151 463 αὐτὸν
173 435 233 462 καθ’
253 435 345 461 ἑαυτοῦ
360 433 574 471 προεξινεγκόντα
596 436 643 463 τὴν
662 437 761 471 κρίσιν,
786 433 868 471 μηδεν

68 479 273 518 ἐπιμέμψασθαι
286 481 330 506 τὸν
355 477 500 515 ἓλέγξαντα.
514 478 605 509 ὀλκὸς
634 479 679 515 μὲν
698 480 748 515 γὰρ
771 477 869 510 ὕδατος

68 525 191 552 δείκνυσι
205 526 253 554 τὴν
267 523 363 550 οἰκείαν
375 525 474 559 πηγὴν,
490 523 568 559 λόγου
584 521 614 550 δὲ
637 524 715 559 φύσις
729 526 775 553 τήν
789 532 870 560 προε-

66 572 212 606 νεγκοῦσαν
231 568 309 595 αὐτόν
323 566 435 606 καρδίαν
450 567 656 605 χαρακτηρίζει,

101 705 128 733 5.
156 705 209 732 Καὶ
237 704 324 740 ὥσπερ
348 702 390 729 ἐπὶ
418 706 467 728 τῶν
489 702 610 740 ἰατρικῶν
631 702 863 739 παραγγελμάτων,

65 750 128 776 ὅταν
152 748 288 784 εὐστόχως
315 749 360 774 καὶ
390 748 457 773 κατὰ
483 747 556 783 λόγον
588 748 705 782 γίνηται,
732 747 796 783 μετὰ
819 749 866 776 τὴν

67 798 160 831 πεῖραν
186 793 303 829 μάλιστα
329 794 358 819 τὸ
382 790 427 818 ἀπ’
454 791 538 817 αὐτῶν
558 791 683 827 ὠφέλιμον
706 789 842 817 δείκνυται
857 800 865 807 ’

67 838 138 864 οὕτω
164 839 209 863 καὶ
238 835 280 863 ἐπὶ
307 840 357 862 τῶν
387 839 566 872 πνευματικῶν
586 837 770 873 παραινέσεων,
796 835 868 862 ἐπει-

926 257 1005 286 tione
1019 267 1094 295 opus
1109 262 1314 296 est,acceptus
1327 260 1573 296 erit.Plerumque
1585 268 1657 288 vero
1670 260 1750 288 utilis

925 302 1013 331 nobis
1028 306 1056 331 et
1076 304 1126 332 illa
1149 305 1363 340 increpationis
1379 304 1455 333 ratio
1471 314 1489 333 ε.
1502 305 1647 341 propheta
1665 304 1750 333 adhi-

923 346 997 381 bita,
1011 348 1073 384 qui,
1087 356 1156 376 cum
1178 349 1272 377 David
1285 352 1451 385 peccasset,
1461 357 1524 378 non
1543 357 1561 377 a
1586 349 1749 385 semetipso

924 391 1101 420 sententiam
1117 392 1234 421 induxit
1248 392 1519 429 condemnationis,
1536 393 1590 421 sed
1604 393 1750 421 accersita

923 444 1054 472 persona
1064 438 1265 474 utens,ipsum
1280 439 1393 475 proprii
1406 439 1540 474 judicem
1549 438 1666 475 peccati
1678 440 1748 466 con;

924 480 1034 516 stituit;
1054 482 1095 510 ita
1109 483 1142 510 ut
1160 490 1229 510 cum
1242 482 1272 510 in
1288 491 1319 511 se
1334 483 1399 519 ipse
1418 483 1596 511 sententiam
1611 483 1745 515 dixisset,

921 524 995 553 nihil
1003 525 1068 561 jam
1088 528 1277 555 succenseret
1291 527 1437 562 arguenti.
1452 528 1492 563 (3)
1507 527 1581 555 Nam
1596 531 1746 563 aquarum

921 569 1045 605 quidem
1053 569 1167 598 rivulus
1179 570 1293 599 fontem
1305 579 1394 599 suum
1402 571 1528 599 indicat:
1540 571 1687 599 sermonis
1696 577 1747 598 au-

920 616 980 641 tem
1004 617 1113 643 natura
1130 617 1245 651 pectus,
1268 615 1349 643 unde
1372 615 1534 650 emanavit,
1556 615 1692 651 depingit
1710 623 1746 643 ac

920 658 1070 693 designat.

957 705 982 731 5.
999 704 1038 738 (4)
1055 705 1149 740 Atque
1176 705 1208 732 ut
1232 703 1262 732 in
1283 704 1469 732 medicorum
1488 703 1656 740 praeceptis,
1676 711 1746 731 cum

920 748 1056 784 apposite
1077 750 1106 776 et
1130 756 1165 776 ex
1189 748 1305 776 ratione
1323 749 1411 782 ﬁunt,
1437 751 1506 785 post
1528 748 1745 784 experientiam

920 792 1048 820 maxime
1067 800 1172 821 eorum
1191 793 1303 821 utilitas
1316 793 1390 820 solet
1403 793 1519 821 ostendi
1534 801 1541 821 :
1558 793 1599 820 sic
1614 793 1645 820 in
1660 792 1745 829 spiri-

921 835 1052 863 tualibus
1065 835 1333 871 exhortationibus,
1352 836 1405 864 ubi
1424 837 1557 864 maxime
1576 836 1691 864 monita
1710 844 1746 864 ac

69 881 121 910 δὰν
153 881 269 918 μάλιστα
300 882 348 909 τὴν
382 880 488 906 ἔκϐασιν
519 879 585 916 λάϐῃ
623 883 807 917 μαρτυροῦσαν
835 881 869 907 τὰ

924 882 1073 916 praecepta
1098 880 1207 908 fuerint
1239 881 1320 908 exitu
1345 883 1452 908 testata
1476 881 1745 917 comprobataque,

69 925 286 964 παραγγελματα,
307 927 364 951 τότε
391 926 421 950 τὸ
451 926 528 960 σοφὸν
562 924 645 950 αὐτῶν
674 926 719 950 καὶ
743 924 868 960 ὠφέλιμον

68 972 133 1008 πρὸς
157 973 203 1000 τὴν
225 971 400 1008 ἐπανόρθωσιν
414 972 460 995 τοῦ
477 968 537 1005 βίου
563 970 608 994 καὶ
633 971 681 998 τὴν
704 973 753 995 τῶν
777 970 868 995 πειθοτ

68 1018 151 1052 μένων
176 1015 307 1041 τελείωσιν
339 1013 513 1050 ἀναφαίνεται.
542 1013 571 1039 Ὀ
603 1014 654 1050 γὰρ
682 1015 725 1039 τὸν
754 1016 868 1049 κείμενον

69 1060 193 1095 ἀνιστὼν,
218 1059 376 1096 ὑψηλότερος
405 1057 469 1085 εἶναι
504 1061 550 1084 τοῦ
577 1060 740 1088 πεπτωκότος
767 1059 868 1089 πάντως

67 1105 163 1141 ὀφείλει
179 1111 186 1119 ·
217 1104 230 1129 ὁ
246 1101 275 1130 δὲ
301 1103 327 1135 ἐξ
345 1104 405 1129 ἴσου
429 1105 593 1136 καταπεσὼν,
615 1102 702 1140 ἑτέρου
725 1105 770 1129 καὶ
790 1102 869 1134 αὐτὸς

67 1153 114 1176 τοῦ
139 1148 330 1178 ἆναστὴσοντος
345 1145 484 1174 ἐπιδέεται.
510 1148 543 1173 Οἱ
559 1145 588 1173 δι
611 1147 715 1183 τυφλοῖς
731 1145 868 1173 διδασκά-

68 1194 122 1224 λοις
153 1196 201 1222 τὴν
233 1191 344 1228 eam”
376 1191 470 1218 ἑαυτῶν
499 1191 691 1228 ἐπιτρέψαντες,
725 1191 868 1228 ἐστέρησαν

69 1239 178 1268 ἑαυτοὺς
207 1241 255 1269 τῆς
283 1241 329 1263 τοῦ
356 1238 439 1273 φωτὸς
468 1235 642 1266 ἀπολαύσεως.
672 1237 707 1262 Τὸ
725 1237 777 1273 γὰρ
805 1237 870 1272 μετὰ

70 1284 155 1319 θυμοῦ
183 1284 228 1308 καὶ
253 1282 333 1318 ὀργῆς
359 1279 474 1317 ἐλέγχειν
505 1282 548 1306 τὸν
576 1280 767 1317 ἁμαρτήσαντα
790 1278 869 1306 ἀδελ-

69 1329 127 1364 φόν,
157 1327 222 1362 οὐχὶ
249 1325 342 1352 ἐκεῖνόν
370 1325 441 1352 ἔστιν
466 1325 597 1362 ἁμαρτίας
616 1324 793 1362 ἐλευθερῶσαι,
815 1324 869 1350 ἀλλ’

70 1373 161 1398 ἵαυτόν
189 1370 335 1408 περιϐαλεῖν
365 1369 595 1406 πλημμελήμασιν.
628 1370 670 1395 Ἐν
706 1370 757 1406 γὰρ
785 1371 870 1406 πραό-

71 1424 133 1445 τητι
175 1414 217 1442 δεῖ
260 1413 393 1442 παιδεύειν
429 1416 489 1445 τοὺς
524 1412 787 1450 ἀντιδιατιθεμένους,
825 1415 870 1439 καὶ

70 1462 107 1496 μὴ
133 1459 158 1486 ἐν
185 1460 223 1490 οἷς
249 1461 293 1495 μὲν
321 1458 399 1488 αὐτὸς
431 1459 564 1494 παροφοῇ,
591 1456 714 1494 σφοδρὸνι
730 1457 816 1484 εἶναι’
847 1457 871 1483 ἐν

69 1505 109 1536 οἷς
144 1502 174 1530 δὲ
206 1503 236 1530 ἂν
267 1503 341 1529 ἄλλον
370 1504 607 1540 καταφρονούμενον
644 1500 703 1539 ἴδῃ,
732 1504 778 1531 τὴν
806 1503 871 1539 πρὸς

923 927 993 953 tunc
1006 933 1043 952 ea
1055 925 1205 961 sapienter
1227 925 1396 960 utiliterque
1411 925 1451 952 ad
1474 925 1542 952 vitae
1560 924 1746 953 emendatio-

922 976 992 996 nem
1008 971 1098 1005 atque
1106 970 1145 997 ad
1158 969 1431 1005 obtemperantium
1440 969 1652 1005 perfectionem
1661 969 1745 997 adhi-

920 1013 984 1041 hita
997 1013 1090 1041 fuisse
1107 1015 1243 1050 apparet.
1259 1014 1295 1049 (5)
1311 1014 1384 1042 Nam
1406 1013 1558 1048 jacentem
1572 1013 1624 1049 qui
1648 1013 1745 1047 erigit,

921 1057 1008 1086 altior
1020 1058 1144 1086 omnino
1155 1058 1241 1094 lapso
1260 1065 1327 1086 esse
1351 1057 1461 1092 debet;
1477 1058 1531 1094 qui
1545 1066 1617 1085 vero
1638 1057 1747 1093 pariter

921 1102 1037 1135 cecidit,
1055 1102 1147 1130 altero
1166 1103 1219 1139 qui
1233 1102 1338 1137 erigat,
1355 1102 1446 1130 etiam
1461 1102 1527 1138 ipse
1540 1110 1618 1138 opus
1643 1102 1746 1130 habet.

923 1147 962 1183 (6)
971 1147 1026 1180 Qui
1033 1155 1104 1175 vero
1117 1155 1213 1175 caecos
1227 1146 1364 1175 doctores
1374 1148 1421 1175 sui
1435 1147 1528 1175 duces
1536 1147 1749 1181 fecere,iucun-

922 1191 1050 1220 dissimo
1077 1200 1110 1219 se
1133 1191 1257 1220 luminis
1279 1191 1379 1219 fructu
1393 1191 1598 1228 privaverunt.
1620 1192 1659 1226 (7)
1674 1192 1749 1219 Nam

921 1235 1103 1271 redarguere
1115 1236 1239 1264 fratrem
1254 1234 1324 1263 cum
1342 1235 1550 1270 indignatione
1576 1238 1605 1264 et
1616 1235 1671 1271 ira,
1687 1242 1750 1263 non

923 1282 969 1308 est
982 1280 1066 1308 illum
1085 1289 1103 1308 a
1122 1282 1246 1317 peccato
1259 1279 1396 1313 liberare,
1413 1280 1466 1308 sed
1487 1280 1621 1316 seipsum
1636 1279 1751 1308 delictis

924 1325 1119 1360 obstringere.
1136 1326 1256 1360 Oportet
1272 1324 1352 1352 enim
1366 1325 1396 1352 in
1412 1325 1644 1353 mansuetudine
1658 1324 1752 1353 corri-

924 1377 994 1405 pere
1007 1377 1058 1397 eos
1074 1369 1127 1405 qui
1138 1369 1320 1396 resistunt”:
1332 1376 1442 1404 neque,
1454 1377 1524 1397 cum
1539 1369 1605 1404 ipse
1619 1367 1752 1397 contem-

925 1411 1005 1439 neris
1020 1411 1060 1439 ob
1075 1411 1106 1438 id
1126 1411 1290 1438 vehemens
1306 1418 1371 1438 esse
1388 1419 1394 1437 :
1411 1410 1464 1438 ubi
1482 1418 1554 1439 vero
1570 1410 1663 1438 alium
1678 1418 1751 1438 con-

927 1456 1019 1484 temni
1031 1455 1226 1490 videris,erga
1236 1463 1306 1483 eum
1316 1455 1369 1492 qui
1383 1455 1518 1491 deliquit,
1531 1455 1751 1490 indulgentiam

927 1501 1084 1529 ostendere
1100 1509 1107 1528 :
1123 1501 1198 1536 quin
1216 1500 1315 1537 potius
1330 1503 1402 1528 tunc
1422 1500 1454 1528 in
1468 1502 1627 1536 peccatum
1650 1499 1752 1528 invehi

68 1551 114 1575 τᾶν
145 1550 318 1586 ἡμαρτηκότα
345 1549 526 1585 μακροθυμίαν
554 1545 777 1573 ἐπιδείκνυσθαμ
808 1546 872 1573 ἀλλὰ

927 1545 1021 1573 decet.
1045 1547 1087 1573 ita
1101 1545 1181 1573 enim
1197 1546 1225 1573 et
1251 1544 1454 1581 suspicionem
1474 1547 1533 1573 ate
1547 1544 1679 1573 hominis
1705 1545 1752 1572 se;

69 1596 115 1620 καὶ
139 1593 233 1630 μᾶλλον
262 1591 448 1630 δυσχεραίνειν
466 1592 509 1618 ἐπὶ
541 1595 578 1626 τῷ
599 1595 672 1626 κακῷ
701 1593 768 1618 τότε.
794 1591 870 1617 Οὕτω

67 1640 122 1675 γὰρ
138 1640 246 1667 καὶτῆς
270 1637 406 1673 φιλαυτίας
429 1638 476 1666 τὴν
498 1635 612 1671 ὑποψίαν
639 1635 795 1672 ἐκφεύξεται,
824 1638 870 1662 καὶ

67 1680 204 1713 ἀπόδειξιν
221 1680 300 1708 δώσει
312 1684 358 1708 τοῦ
378 1683 414 1717 μὴ
435 1682 478 1707 τὸν
505 1681 678 1716 ἡμαρτηκότα
692 1683 790 1716 μισεῖν,
806 1679 870 1705 ἀλλὰ

66 1729 116 1756 τὴν
146 1726 276 1762 ἁμαρτίαν
304 1725 532 1762 ἀποστρέφεσθαι·
565 1726 595 1750 τὸ
622 1718 666 1760 μὲν
690 1725 740 1761 γὰρ
765 1726 800 1760 μὴ
831 1722 868 1750 δι’

68 1771 160 1798 ἑαυτὸν
193 1772 230 1804 (1)
264 1772 388 1806 μεριμνᾲν
413 1771 458 1795 καὶ
485 1769 651 1807 ἐργάζεσθαι,
693 1768 868 1806 φιλοχρίστου

67 1817 113 1841 καὶ
146 1812 302 1851 ςδιλαδέλφου
332 1812 460 1844 διαθσεως
488 1812 623 1849 ἐγκώμιον.
664 1815 743 1839 Παντὶ
783 1815 868 1839 τοίνυν

65 1862 156 1897 τροπῳ
181 1861 235 1896 χρὴ
262 1860 306 1885 τὸν
333 1857 491 1884 ἀσθενοῦντα
529 1859 686 1894 θεραπεύειν,
714 1860 759 1883 καὶ
789 1867 869 1884 σπου-

68 1903 162 1934 δάζειν
201 1905 230 1929 τὸ
270 1903 455 1940 ἐξηρθωμένον,
495 1902 526 1927 ἶν’
563 1902 643 1932 οὕτως
680 1903 753 1933 εἰπω,
794 1902 869 1938 μέλος

67 1948 209 1985 ἇναρθροῦν
226 1955 232 1962 ⁸
256 1947 297 1973 ἐὰν
325 1945 354 1973 δὲ
387 1950 419 1983 τῇ
449 1944 625 1982 οἰᾳδηποτοῦν
648 1949 729 1982 κακίᾳ
750 1945 866 1982 ἐπιμένῃ,

67 1991 172 2028 ἀφιέναι
199 1993 232 2022 ὡς
260 1990 412 2028 ἀλλότριον·
435 1993 582 2027 γέγραπται
610 1991 661 2027 γάρ
678 1999 683 2005 ·
715 1993 792 2017 Πᾶσα
821 2000 866 2026 φυ-

495 1902 526 1927 ἶν’
563 1902 643 1932 οὕτως

67 2038 135 2069 τεία,
164 2037 194 2065 ἣν
227 2036 274 2062 οὐκ
302 2035 436 2072 ἐφύτευσεν
463 2036 476 2061 ὁ
504 2038 594 2072 Πατήρ
623 2045 672 2071 μου
702 2035 714 2061 ὁ
738 2035 865 2071 οὐράνιος,

67 2081 286 2118 ἑκριζωθὴσεται.
321 2081 380 2107 Ἐὰν
421 2081 472 2116 γὰρ
511 2078 742 2110 δυσαποσπάστως
783 2081 867 2115 ἔχωσι

66 2130 118 2151 τῶν
139 2123 214 2151 ἰδίων
238 2124 312 2159 ἐθῶν,
338 2127 383 2150 καὶ
406 2128 462 2155 ταῖς
485 2123 593 2155 ἡδοναῖς
616 2128 662 2154 τῆς
687 2126 783 2161 σαρκὸς
806 2123 867 2150 δου-

67 2168 150 2196 λεύειν
178 2168 285 2196 ίθὶλωσι
312 2169 408 2206 μᾶλλον
432 2169 447 2198 ἢ
467 2173 503 2204 τῷ
530 2171 628 2206 Κυρίῳ,
656 2171 700 2194 καὶ
727 2170 774 2197 τὴν
800 2169 868 2194 κατὰ

926 1591 1028 1626 ipsum
1047 1589 1208 1618 immodice
1223 1589 1352 1618 amantis
1365 1589 1574 1624 submovebis,
1590 1591 1618 1618 et
1640 1589 1752 1625 planis-

926 1635 1000 1662 sime
1013 1636 1040 1662 te
1052 1641 1114 1662 non
1129 1636 1305 1670 peccantem
1318 1633 1428 1667 odisse,
1439 1634 1491 1662 sed
1499 1636 1658 1670 peccatum
1667 1641 1751 1662 aver-

926 1679 984 1708 sari
1002 1678 1179 1706 deelarabis.
1204 1679 1243 1714 (8)
1266 1680 1340 1706 Nam
1356 1678 1515 1707 sollicitum
1534 1686 1600 1706 esse
1615 1681 1643 1706 et
1662 1685 1751 1713 agere

925 1731 986 1751 non
1001 1725 1122 1759 propter
1132 1723 1338 1759 semetipsum,
1351 1722 1418 1750 laus
1433 1724 1476 1750 est
1489 1722 1582 1751 animi
1602 1722 1750 1750 Christum

925 1770 953 1795 et
964 1767 1067 1796 fratres
1080 1767 1217 1795 amantis.
1235 1769 1273 1804 (9)
1286 1767 1373 1796 Omni
1384 1766 1473 1802 igitur
1491 1767 1583 1795 modo
1598 1766 1750 1795 curandus

923 1812 1111 1846 inﬁrmus,ac
1123 1811 1225 1840 danda
1236 1811 1341 1840 sedula
1356 1814 1495 1848 opera,ut
1510 1811 1647 1839 luxatum
1656 1818 1751 1839 mem-

924 1857 1024 1889 brum.
1038 1859 1070 1885 ut
1084 1857 1125 1885 ita
1137 1856 1342 1892 dicam,481
1354 1857 1385 1884 in
1396 1864 1485 1884 suum
1499 1855 1600 1884 locum
1613 1855 1749 1884 restitua-

924 1904 982 1930 tur.
999 1901 1085 1934 Quod
1101 1902 1125 1929 si
1139 1901 1170 1929 in
1186 1909 1242 1929 suo
1258 1901 1331 1929 vitio
1344 1900 1555 1937 qualecunque
1565 1899 1686 1928 tandem
1698 1899 1746 1935 sit,

923 1946 1167 1982 perseveraverit,
1185 1947 1248 1973 tum
1267 1945 1390 1981 perinde
1406 1947 1496 1981 atque
1511 1944 1626 1973 alienus
1649 1943 1748 1972 dimit-

924 1991 1032 2019 tendus
1045 1993 1098 2018 est.
1113 1990 1264 2027 Scriptum
1277 1992 1322 2018 est
1336 1990 1417 2018 enim
1436 1998 1442 2017 :
1466 1989 1565 2018 Omnis
1584 1989 1745 2024 plantatio,

923 2043 1012 2071 quam
1025 2043 1086 2063 non
1104 2035 1254 2070 plantavit
1266 2035 1355 2063 Pater
1366 2042 1448 2063 meus
1462 2034 1597 2067 cazlestis,
1613 2033 1748 2062 eradica-

924 2079 1006 2107 bitur
1016 2079 1049 2106 ³ο.
1062 2079 1119 2114 (10)
1129 2079 1214 2111 Quod
1227 2079 1251 2106 si
1265 2079 1319 2114 qui
1332 2078 1451 2107 difﬁcile
1465 2078 1632 2107 avellantur
1644 2085 1662 2106 ει
1677 2085 1746 2113 pro-

922 2124 995 2160 priis
1006 2123 1153 2157 moribus,
1167 2123 1327 2159 carnisque
1341 2123 1547 2159 voluptatibus
1563 2122 1673 2151 servire
1683 2131 1747 2151 ma-

923 2168 977 2196 lint
986 2175 1080 2204 quam
1090 2167 1259 2202 Domino,et
1267 2167 1359 2195 vitam
1370 2167 1538 2195 secundum
1550 2167 1746 2201 Evangelium

67 2217 96 2241 τὸ
125 2213 280 2250 Εὖαγγέλιον
309 2214 374 2245 ζωὴν
398 2215 434 2250 μὴ
463 2211 673 2249 καταδέχωνται,
698 2211 784 2243 οὐδεὶς
803 2213 866 2249 ἡμῖν

925 2213 1076 2241 instituere
1091 2211 1196 2247 nolint,
1208 2211 1292 2240 nulla
1299 2214 1343 2240 est
1357 2211 1444 2239 nobis
1458 2219 1527 2239 cum
1541 2211 1598 2239 illis
1608 2219 1748 2239 commu-

67 2260 152 2289 κοινὸς
171 2260 236 2296 πρὸς
264 2258 357 2289 αὐτοὺς
377 2258 461 2294 λόγος.
482 2257 571 2294 Ἡμεῖς
589 2259 640 2294 ’γὰρ
661 2257 685 2283 ἐν
711 2257 764 2292 λαῷ
790 2257 865 2283 ἀπει-

69 2305 105 2331 θεῖ
134 2306 180 2329 καὶ
209 2302 366 2339 ἂντιλέγοντι
393 2301 575 2339 δεδιδάγμεθα
608 2302 718 2337 ἀκούειν,
741 2302 781 2328 ὅτι
810 2306 866 2328 Σῶη

68 2349 120 2378 ζων
154 2348 223 2378 σῶζε
255 2350 302 2377 τὴν
341 2350 451 2374 σεαυτοῦ
490 2347 593 2383 ψυχὴν,
632 2349 677 2372 καὶ
718 2345 866 2380 ἀλλοτρίαις

68 2393 210 2431 ἁμαρτίαις
230 2393 265 2429 μὴ
289 2396 414 2419 κοινώνει.
440 2394 490 2419 Καὶ
507 2392 528 2418 εὶ
552 2394 587 2428 μή
615 2400 653 2421 τις
672 2391 866 2427 ἐπιθυμητικῶς

70 2438 175 2474 ἔρχεται
201 2437 242 2463 ἐπὶ
267 2439 296 2463 τὸ
322 2436 439 2472 ψάλλειν,
466 2439 511 2462 καὶ
532 2436 554 2462 εἰ
582 2438 617 2472 μὴ
647 2435 808 2472 ἐπιφαίνεται
827 2435 865 2471 (2)

104 2509 128 2527 ²⁹
145 2510 167 2537 ll
183 2509 256 2538 Tim.
274 2517 303 2544 ιι,
318 2508 363 2536 25.

103 2585 113 2618 (
117 2585 144 2617 1)
157 2586 200 2614 Μὴ
217 2582 255 2610 δι’
267 2584 367 2611 ἑαυτὸν.
383 2583 588 2618 Negationem,
601 2590 669 2619 quae
681 2590 806 2618 prorsus
817 2590 868 2611 ne-

69 2620 201 2648 cessaria
220 2622 264 2647 est
278 2620 317 2647 ad
332 2619 485 2648 sententiae
500 2618 617 2649 seriem;
639 2618 865 2654 desumpsimus

69 2663 104 2683 ex
114 2655 219 2683 codice
229 2655 332 2690 Regio.

104 2692 143 2725 (2)
160 2689 346 2727 Ἐπιφαίνεται.
365 2691 493 2727 Uterque
515 2689 613 2727 codex
635 2689 812 2727 ἀναφαίνηται,
839 2691 868 2717 et

69 2729 158 2756 antea
176 2725 301 2764 ερχητριι,
317 2728 346 2754 et
366 2725 458 2764 paulo
470 2727 546 2764 post
558 2725 654 2754 codex
670 2726 738 2754 1910
750 2726 862 2761 ἡγῆται.

104 2764 145 2798 (3)
165 2763 207 2790 Ex
221 2763 307 2798 epist.
322 2768 437 2795 cxxxiv,
447 2763 510 2789 225.

106 2796 146 2835 (Ii)
162 2799 204 2827 Ex
215 2796 299 2827 hom.
314 2798 465 2826 Adversus
476 2803 522 2826 eo:
532 2798 584 2834 qui
598 2799 781 2826 irascuntur.
797 2797 841 2824 83.

925 2258 971 2285 nis
981 2257 1067 2285 ratio.
1080 2258 1138 2285 Nos
1150 2257 1229 2284 enim
1240 2255 1268 2284 id
1286 2255 1400 2292 populo
1413 2255 1624 2292 inobsequenti
1633 2257 1662 2283 et
1676 2263 1747 2283 con-

924 2301 1080 2330 tradicenti
1090 2300 1187 2328 edocti
1198 2309 1302 2328 sumus
1312 2300 1431 2329 audire:
1443 2301 1570 2328 Servans
1580 2307 1666 2328 serva
1680 2300 1745 2328 ani-

923 2354 1003 2374 mam
1016 2349 1096 2373 tuam
1108 2346 1142 2381 ",
1166 2345 1271 2373 alienis
1294 2344 1426 2381 peccatis
1445 2352 1483 2372 ne
1502 2344 1747 2373 communicave-

921 2390 961 2419 ris
967 2390 1016 2426 ,(11
1024 2390 1062 2426 )Si
1068 2397 1135 2426 quis
1141 2389 1345 2418 alacriternon
1353 2388 1478 2418 accedat
1491 2388 1532 2418 ad
1544 2388 1747 2425 psallendum.

922 2442 978 2464 nec
999 2434 1073 2463 ferat
1086 2442 1148 2471 pres
1164 2442 1194 2462 se
1217 2433 1358 2463 attactum
1372 2433 1460 2470 illius,
1476 2434 1529 2470 qui
1552 2433 1637 2468 dixit,
1653 2434 1748 2468 Quam

403 2509 427 2526 ³⁸)
441 2508 540 2536 Matth.
552 2516 599 2540 xv,
619 2509 659 2536 13.
697 2507 719 2525 ²¹
736 2508 807 2536 Gen.
823 2515 886 2543 xix,
903 2509 945 2535 17.

957 2583 996 2616 (5)
1018 2583 1059 2609 Ex
1073 2581 1155 2609 hom.
1167 2582 1199 2609 in
1208 2583 1299 2609 mari.
1317 2581 1469 2614 Julittam,
1481 2581 1529 2607 42.

955 2618 992 2651 (6)
1014 2618 1140 2652 Uterque
1160 2616 1256 2644 codex
1272 2616 1385 2644 indicat
1399 2623 1488 2643 serm.
1505 2616 1545 2643 De
1559 2616 1621 2644 ira.

955 2653 993 2686 (7)
1013 2654 1053 2680 Ex
1067 2652 1187 2687 Regalis
1198 2653 1296 2687 fusius
1312 2652 1470 2687 tractatis.
1480 2652 1543 2678 395.

969 2689 997 2722 8)
1016 2689 1143 2723 Uterque
1153 2686 1245 2723 codex
1258 2687 1371 2715 indicat
1382 2686 1522 2723 ascetica.

966 2721 994 2758 9)
1014 2725 1055 2751 Ex
1066 2721 1186 2758 [ﬁgulis
1206 2722 1321 2751 brevius
1334 2721 1482 2755 tractatis,
1497 2721 1560 2755 451,

957 2760 1014 2792 (10)
1031 2760 1071 2786 Ex
1085 2758 1172 2794 epist.
1193 2765 1291 2792 ccxvn,
1308 2759 1371 2786 330.

957 2794 1014 2831 (11)
1027 2795 1065 2823 Ex
1085 2793 1204 2830 Reguli:
1216 2794 1332 2823 brevius
1344 2793 1490 2826 tractatis,
1507 2793 1568 2820 5H.
