1997 3143
101 126 173 152 1145

532 126 645 157 SERIO
665 125 697 153 ll.
718 139 754 147 -
773 126 817 154 DE
836 125 1012 155 DOCTRINA
1031 125 1076 153 ET
1095 125 1350 155 ADMONITIONE.

1713 128 1781 156 1146

99 189 151 213 σὼν
176 186 295 224 ἐπιμένῃ,
318 189 353 225 μὴ
380 186 531 225 διδαχθεὶς,
551 189 593 215 τὸν
613 190 706 226 τρόπον
726 191 773 220 τῆς
793 188 900 225 ἐπανορ-

956 187 1007 216 Dei
1022 195 1085 216 non
1099 187 1266 224 declararit,
1284 190 1336 218 aut
1351 189 1376 217 si
1389 189 1503 225 lapsus,
1520 188 1552 218 in
1567 196 1603 219 eo
1622 189 1782 226 perstiterit

100 232 213 266 Θὼσεως,
239 234 268 258 τὸ
291 233 356 269 αἷμα
375 233 456 260 αὐτοῦ
476 232 503 260 ἐκ
525 237 575 259 τῶν
599 238 695 270 χειρῶν
722 233 801 260 αὐτοῦ
821 233 899 264 ὶκξη-

98 277 256 311 τηθήσεται,
279 278 366 309 καθὼς
387 280 554 315 γέγραπται·
577 280 619 304 καὶ
642 277 765 314 μάλιστα,
791 277 835 304 εὰν
860 279 895 314 μὴ

100 319 139 346 δι’
164 321 272 357 ἄγνοιάν
299 332 324 348 τι
352 321 453 359 παρίδῃ
480 326 530 348 τῶν
557 322 718 360 ἀρεσκόντων
743 326 810 358 Θεῷ,
833 322 898 349 ἀλλὰ

101 363 148 391 διὰ
176 365 311 393 κολακείαν
344 369 594 405 συμπεριφερόμενος
626 371 681 399 τοῖς
711 368 820 394 ἑκάστου
853 377 898 394 κα-

99 412 166 442 κοῖς,
197 413 240 439 τὴν
270 410 402 448 ἆκρίϐιιαν
432 416 480 443 τῆς
501 412 631 443 πολιτείας
658 412 764 448 ἐκλύση.
797 411 896 448 Ὠσπερ

101 452 132 480 δί
150 455 163 481 ὁ
189 459 323 491 προεστὼς
350 457 490 487 ὑπεύθυνός
518 456 588 483 ἔστιν
617 455 723 493 ὁδηγεῖν
752 457 787 488 εἰς
813 458 898 483 πάντα

98 500 146 527 τὴν
171 497 345 536 ἀδελφότητα,
373 501 440 527 οὕτω
468 501 544 528 πάλιν
572 504 616 528 καὶ
643 505 698 532 τοῖς
720 501 821 533 λοιποῖς
844 502 898 528 ἐπι-

98 542 196 578 ϐάλλει,
224 543 266 571 ἐάν
289 554 352 571 ποτε
374 546 522 582 ὑποπτευθῇ
550 556 576 572 τι
599 548 658 583 περὶ
680 547 723 572 τὸν
743 549 898 584 προεστῶτα

97 587 286 625 πλημμέλημα,
319 590 527 626 ὑπομιμνήσκειν
559 590 637 617 αὐτὸν
672 592 730 622 τοὺς
767 593 896 628 προέχον-

95 642 142 663 τοις
162 635 209 662 τὴν
231 643 258 660 τι
276 633 379 663 ἠλικίαν
398 637 442 661 καὶ
463 637 510 664 τὴν
531 636 643 663 σύνεσιν.
665 635 723 662 Ἐὰν
745 637 789 672 μὶν
814 634 858 661 οὖν
881 634 895 664 ἦ

94 687 122 703 τι
147 677 221 709 ἄξιον
251 676 424 715 διορθώσεως,
451 681 494 706 τόν
527 689 554 706 τι
583 678 693 716 ἀδελφὸν
717 679 894 716 ὠφελήσαμεν,

94 724 141 747 καὶ
167 722 273 753 ἑαυτοὺς
297 721 335 748 δι’
359 723 466 757 ἐκείνου,
492 725 535 750 τὸν
558 725 634 750 οἱονεὶ
657 726 752 750 κανόνα
768 728 813 750 τοῦ
836 725 897 760 ἡμε-

95 768 171 803 τέρου
190 766 252 803 βίου
276 769 347 800 ὂντα,
370 770 414 794 καὶ
435 772 466 804 τῇ
496 768 576 794 αὐτοῦ
600 768 724 805 ὀρθότητι
751 769 781 795 τὸ
806 767 897 795 ενδιά-

97 819 209 848 στροφον
234 815 296 847 ῆμῖν
324 811 469 848 διελέγχειν
497 813 637 849 ὀφείλοντα,
671 815 735 850 πρὸς
766 815 796 839 τὸ
825 813 898 840 εὐθὺ-

96 858 300 893 καταρτίσαντες
313 867 319 873 -
344 858 386 883 ἐὰν
407 855 436 883 δὲ
455 859 539 893 μάτην
559 859 625 889 τινες
643 858 811 895 ταραχθῶσι,
827 857 895 887 πλη-
917 866 938 893 Β

96 901 286 937 ροφορηθέντες
323 899 369 927 διὰ
405 906 450 932 τῆς
488 905 653 939 φανερώσεως
687 907 736 928 τῶν
770 903 799 928 οὗ
832 904 897 939 μετὰ

98 943 221 976 ἀληθείας
250 947 469 979 ύποπτευθέντων,
503 951 548 977 τῆς
580 946 620 973 ἄπ’
648 947 717 983 αὐτῷ
741 945 896 984 διακρίσεως

98 987 321 1019 ἀπαλλάσσονται.

131 1125 158 1150 7.
189 1123 228 1149 οὗ
249 1124 300 1160 γὰρ
329 1124 452 1160 ἀγνοεῖτε,
476 1125 510 1156 ὧς
539 1125 564 1151 οἱ
589 1129 749 1161 προεστῶτες
778 1123 898 1162 δημοσίᾳ

95 1169 163 1193 πᾶσι
187 1170 361 1205 προκείμενοι,
390 1170 476 1206 ὥσπερ
501 1170 525 1195 οἱ
550 1169 574 1195 ἐν
599 1173 631 1206 τῇ
658 1169 776 1206 θαλάσσῃ
806 1169 898 1206 προϐε-

97 1211 220 1248 ϐλημένοι
252 1213 384 1247 σκόπελοι,
417 1214 491 1240 αὐτοὶ
520 1215 563 1240 τὸν
594 1215 673 1250 Θυμόν
702 1219 751 1240 τῶν
780 1213 897 1240 ἐναντίων

96 1259 220 1293 κυμάτων
248 1256 433 1294 ὑποδέχονται,
455 1261 499 1285 καὶ
528 1261 587 1296 περὶ
621 1258 713 1289 αὐτοὺς
737 1259 895 1296 ῥηγνύμενα,

97 1302 131 1327 τὰ
156 1303 265 1328 κατόπιν
288 1303 371 1328 αὐτῶν
401 1302 448 1329 οὐκ
473 1302 668 1334 ἔπικλύζουσιν.
692 1303 757 1339 Ἐγὼ
784 1304 829 1339 μὶν
853 1301 896 1329 οὗν

99 1345 116 1372 ἆ
139 1347 269 1382 κράτιστα
288 1345 352 1373 εἶναι
373 1350 461 1385 κρίνω,
483 1349 516 1374 τὰ
537 1349 581 1384 μεν
602 1351 646 1374 νῦν
663 1347 795 1385 εἰρημένα,
816 1349 848 1374 τὰ
868 1346 898 1374 δί

99 1392 172 1427 παρὰ
192 1392 279 1418 πάντα
297 1393 340 1418 τόν
363 1391 422 1428 βίον
442 1393 502 1428 ὑμῖν
522 1392 716 1429 ξυμϐουλεύσω.
738 1391 791 1419 Κᾶν
810 1393 860 1430 γὰρ
879 1393 895 1421 ἡ

100 1439 146 1461 τοῦ
166 1438 286 1472 σώματος
302 1435 422 1463 ἀσθένεια
442 1435 574 1473 ἐμποδίζῃ
599 1447 631 1473 με
654 1437 695 1472 (ἦν
715 1436 762 1463 οὐκ
786 1436 900 1473 ἀγνοεῖτε

100 1481 202 1511 πάντως
225 1481 274 1516 (1),
300 1481 349 1509 ὅση
369 1490 414 1517 μοι
438 1482 574 1517 πάρεστιν,
599 1480 626 1507 ἐκ
645 1485 691 1512 τῆς
715 1483 821 1518 πρώτης
844 1481 900 1510 ἠλι-

101 1527 159 1555 κίας
183 1527 265 1561 μέχρι
286 1529 331 1551 τοῦ
353 1528 440 1563 γήρως
461 1526 553 1552 τούτου
579 1526 753 1562 συντραφεῖσά
775 1535 830 1562 μοι,
855 1527 900 1552 καὶ
920 1540 940 1568 c

101 1569 269 1596 παιδεύουσα
288 1580 328 1607 με,
353 1571 421 1597 κατὰ
441 1573 488 1600 τήν
512 1569 617 1597 δικαίαν
636 1573 724 1607 κρίσιν
746 1574 793 1596 τοῦ
817 1571 902 1597 πάντα

104 1614 128 1640 ἓν
154 1617 233 1651 σοφίᾳ
254 1614 449 1651 οἰκονομοῦντος
472 1615 562 1649 Θεοῦ),
586 1614 640 1641 ἀλλ’
664 1615 708 1646 ἕως
735 1614 898 1651 ἀναπνέομεν,

103 1659 243 1685 ὗπιύθυνοί
266 1659 342 1696 ἔσμεν
367 1658 451 1696 μηδὲν
475 1659 637 1696 ἔλλιμπάνιιν
663 1664 712 1686 τῶν
737 1659 772 1690 εἰς
799 1658 901 1686 οἰκοδο-

102 1706 154 1739 μὴν
187 1708 237 1730 τῶν
269 1704 363 1732 καλῶν.
397 1708 472 1740 Υμεῖς
505 1702 544 1738 δὲ,
578 1708 656 1740 τριῶν
690 1703 900 1742 ἀρρωστημάτων

102 1751 138 1784 μὴ
163 1753 200 1784 τῷ
226 1749 322 1784 ἀνιάτῲ
345 1751 525 1787 προσεοικέναι
549 1747 653 1783 δόξητε,
681 1747 750 1785 μηδί
777 1751 825 1778 τὴν
852 1752 900 1779 τῆς

101 1795 206 1829 γνώμης
231 1795 306 1819 νόσον
329 1793 514 1830 παραπλησίαν
536 1797 582 1823 τῆς
603 1796 653 1819 τῶν
676 1793 710 1823 εἰς
733 1794 766 1819 τὰ
791 1795 901 1829 σώματα

103 1836 333 1873 δυστυχησάντων
357 1836 470 1869 δείξητε.
492 1838 524 1864 Οἱ
545 1838 590 1873 μὲν
612 1838 662 1873 γὰρ
688 1838 721 1863 τὰ
746 1838 828 1874 μικρὰ
850 1841 900 1863 τῶν

102 1883 192 1908 παθῶν
218 1884 367 1917 κάμνοντες,
395 1882 469 1909 αὐτοὶ
495 1883 566 1918 παρὰ
592 1883 650 1912 τοὺς
679 1882 782 1919 ἰατροὺς
812 1882 901 1919 ξοχον-

103 1937 165 1954 ται·
191 1929 215 1954 οἱ
238 1926 267 1954 δὲ
300 1929 350 1953 ὑπό
380 1928 502 1964 μείζόνων
535 1926 735 1963 καταληφθέντες
767 1926 902 1964 ὰρῥωστη-

104 1973 203 2008 μάτων,
229 1972 265 2008 ἐφ’
287 1973 395 2003 ἑαυτοὺς
417 1972 526 1998 καλοῦσι
545 1973 603 2001 τοὺς
629 1972 848 2008 θεραπεύσοντας·
877 1972 901 1997 οἱ

104 2015 130 2043 δ’
155 2017 189 2047 εὶς
214 2017 354 2046 ἀνήκεστον
380 2017 506 2047 παντελῶς
532 2015 708 2052 μελαγχολίαν
734 2016 902 2053 παρενεχθέν-

102 2072 153 2093 τες,
175 2060 238 2088 οὐδὲ
261 2064 415 2099 προσιόντας
436 2062 472 2096 (2)
496 2063 657 2098 προσίενται,
684 2059 716 2086 Ὀ
743 2062 778 2096 μὴ
801 2061 902 2088 πάθητε

102 2111 146 2133 νῦν
171 2108 253 2143 ὑμεῖς,
280 2107 360 2145 ὀρθῶς
382 2108 491 2143 ἔχοντας
515 2110 565 2132 τῶν
589 2105 721 2141 λογισμῶν
746 2104 902 2141 ἀποφεύγον-

102 2161 157 2182 τες·
183 2151 247 2178 ἄλλά
267 2154 312 2177 καὶ
328 2149 497 2184 παιδεύοητε,
525 2152 569 2176 καὶ
590 2151 778 2186 στοιχειώθητι
796 2153 832 2185 τῷ
853 2151 902 2185 φό-

102 2196 139 2232 ϐῳ
159 2199 257 2232 Κυρίου
278 2199 323 2222 τοῦ
347 2199 414 2221 Θεοῦ
438 2196 521 2231 ἡμῶν,
550 2196 591 2220 ἵνα
615 2196 660 2220 καὶ
686 2198 734 2220 τῶν
759 2193 899 2230 μελλόντων
919 2215 940 2243 D

102 2241 208 2276 ἀγαθῶν
240 2240 394 2276 ἐπιτύχητε,
427 2239 452 2266 ἐν
485 2243 593 2277 Χριστῷ
627 2239 714 2267 Ἰησοῦ
745 2242 781 2273 τῷ
812 2240 899 2274 Κυρίῳ

101 2287 185 2322 ἡμῶν,
203 2285 222 2321 ᾧ
237 2286 251 2314 ἠ
269 2284 335 2316 ὃοξα
349 2286 394 2310 καὶ
408 2286 437 2310 τὸ
457 2285 550 2321 κράτος
571 2285 617 2309 σὺν
637 2287 673 2318 τῷ
693 2282 800 2320 ἂνάρχῳ
821 2283 900 2308 αὐτοῦ

103 2332 199 2367 “arpi,
233 2332 278 2356 καὶ
310 2333 345 2365 τῷ
377 2331 496 2365 παναγίω
528 2330 573 2354 καὶ
606 2327 723 2362 ζωοποιῷ
757 2328 900 2362 Πνεύματι,

101 2378 145 2400 νῦν
165 2375 210 2400 καὶ
230 2373 277 2405 ἀεὶ,
300 2375 344 2399 καὶ
364 2373 399 2404 εἰς
418 2374 475 2404 τοὺς
495 2372 589 2402 αἰῶνας
608 2375 656 2398 τῶν
676 2371 784 2399 αἰώνων.
807 2370 900 2406 ’Δμήν,

137 2553 161 2571 ³⁸
181 2551 284 2581 Ezech.
300 2559 340 2586 lli,
351 2552 396 2579 20.

137 2639 380 2679 (1)Ἐμποᾷίζῃ...
414 2641 522 2679 πάντως.
556 2638 602 2667 Sic
636 2638 759 2674 uterque
792 2636 897 2666 codex.

100 2675 175 2706 Editi
189 2675 379 2713 συμποδίσῄ...
391 2677 494 2713 πάντες.

147 2715 174 2748 2)
195 2711 364 2750 “pomeri-atq,
381 2711 481 2750 Codex
499 2712 571 2750 19927
579 2712 734 2750 προσιοντα.

149 2745 176 2785 3)
194 2745 236 2776 Ei:
250 2749 371 2784 Regalis
381 2745 642 2785 fusiusrtractalis,
659 2745 719 2773 371.

137 2787 177 2820 (4)
196 2785 237 2813 Ex
249 2784 336 2821 epist.
351 2790 424 2817 CCII],
441 2784 502 2812 302.

952 239 1014 260 non
1025 233 1149 261 edoctus
1165 233 1203 261 ab
1213 241 1248 261 eo
1263 233 1300 261 de
1311 234 1531 262 emendationis
1545 234 1648 270 modo,
1661 234 1781 270 sangui-

951 284 1022 305 nem
1039 277 1135 313 ipsius
1158 285 1194 305 ex
1221 278 1282 305 suis
1311 278 1453 307 manibus
1475 278 1654 315 requisitum
1677 279 1722 314 iri,
1748 280 1781 307 ut

953 321 1098 357 scriptum
1106 322 1198 350 est“:
1214 324 1242 350 et
1251 323 1392 356 maxime,
1408 323 1516 359 siquid
1523 331 1627 351 eorum
1637 331 1704 360 quae
1714 323 1781 359 pla-

951 367 1019 394 cent
1033 365 1104 400 Deo,
1120 373 1182 394 non
1195 374 1230 395 ex
1246 366 1362 395 inscitia
1376 367 1547 402 neglexerit,
1564 367 1616 395 sed
1629 366 1729 403 potius
1742 375 1779 396 ex

951 417 987 438 eo
1001 410 1085 446 quod
1100 410 1140 438 ob
1155 411 1389 439 assentationem
1403 411 1442 439 ad
1456 411 1693 448 uniuscujusque
1707 412 1778 440 vitia.

952 462 1018 483 sese
1034 456 1253 489 accommodet,
1265 455 1430 492 disciplinis
1451 456 1649 491 integritatem
1668 456 1780 485 labefa-

951 499 1046 528 ctarit.
1063 500 1101 535 (3)
1119 502 1215 536 Atque
1235 500 1327 529 etiam
1345 501 1606 537 quemadmodum
1621 501 1778 537 praefectus

949 544 982 572 in
1002 544 1144 573 omnibus
1164 545 1292 573 fratrum
1315 545 1378 574 dux
1396 553 1464 574 esse
1483 546 1582 580 debet,
1601 547 1643 574 ita
1656 553 1778 583 quoque

950 589 1082 617 vicissim
1090 589 1213 626 reliquis
1223 591 1372 626 convenit,
1383 590 1407 618 si
1417 590 1540 627 quando
1551 591 1778 628 praefectusipse

951 633 1051 662 delicti
1065 633 1193 670 alicujus
1213 636 1369 671 suspectus
1387 633 1484 669 fuerit,
1501 637 1533 663 ut
1553 635 1653 671 ipsum
1673 635 1778 663 admo-

950 680 1042 706 neant
1062 678 1114 715 qui
1133 686 1203 706 cum
1223 680 1310 707 etate
1322 680 1386 707 tum
1402 679 1562 715 prudentia
1579 681 1732 715 prmstant.
1749 679 1779 707 Si

950 722 1024 758 quid
1037 721 1128 758 igitur
1145 722 1243 756 fuerit,
1260 723 1344 760 quod
1357 723 1513 751 emendari
1532 731 1631 760 opera:
1648 723 1778 759 pretium

950 765 997 801 sit,
1018 765 1193 802 juvabimus
1214 769 1242 795 et
1265 767 1399 802 fratrem,
1418 770 1446 796 et
1463 775 1516 803 per
1538 767 1623 796 illum
1646 770 1778 796 nosmet-

950 809 1045 846 ipsos,
1061 818 1097 839 eo
1110 811 1164 847 qui
1174 811 1265 839 veluti
1279 811 1345 840 vitae
1360 814 1469 840 nostra
1477 811 1581 848 regula
1591 813 1644 846 est,
1661 819 1777 848 suaque

950 855 1127 883 rectitudine
1142 855 1368 891 perversitatem
1383 858 1517 885 nostram
1532 856 1712 892 redarguere
1726 856 1778 884 de-

949 899 1010 933 bet,
1027 899 1067 928 ad
1084 901 1198 928 rectam
1212 900 1292 928 viam
1312 908 1330 928 a
1344 900 1433 929 nobis
1445 900 1569 929 reducto
1582 910 1589 929 :
1616 901 1662 929 sin
1677 903 1778 929 autem

950 945 1060 972 temere
1073 943 1183 972 turbati
1191 944 1302 972 fuerint
1311 944 1448 973 nonnulli
1462 945 1540 973 illius
1552 952 1654 979 causa,
1665 945 1734 981 ipsi,
1743 945 1780 973 iis

950 995 1016 1024 quae
1029 987 1107 1016 falso
1122 990 1262 1024 suspecta
1277 988 1395 1018 fuerant
1402 989 1540 1024 cognitis,
1550 989 1689 1017 certiores
1697 988 1779 1024 facti,

951 1031 991 1061 ab
1004 1039 1040 1060 ea
1052 1040 1145 1069 quam
1163 1032 1201 1061 de
1215 1033 1282 1069 ipso
1302 1035 1503 1070 conceperant
1522 1033 1694 1070 suspicione
1708 1033 1780 1062 libr;

952 1078 1067 1104 rantur.

985 1122 1011 1148 Ἷ.
1025 1121 1065 1156 (4)
1085 1121 1150 1149 Non
1165 1121 1246 1149 enim
1261 1120 1415 1157 ignoratis,
1432 1129 1484 1150 eos
1499 1122 1551 1158 qui
1563 1123 1707 1158 praesunt,
1728 1129 1780 1159 pa-

949 1164 1011 1194 lam
1024 1165 1166 1194 omnibus
1182 1165 1365 1202 propositos,
1380 1166 1470 1194 veluti
1487 1165 1629 1202 scopulos
1653 1166 1683 1194 in
1701 1167 1780 1195 mari

950 1211 1169 1246 prominentes,
1184 1211 1316 1239 furorem
1325 1211 1472 1239 ﬂuctuum
1483 1211 1691 1240 bmreticorum
1703 1211 1780 1240 exci-

950 1262 1031 1291 pere,
1047 1255 1098 1291 qui
1114 1255 1189 1283 dum
1204 1255 1282 1284 circa
1296 1263 1348 1284 eos
1360 1255 1552 1292 franguntur,
1566 1263 1602 1284 ea
1616 1263 1685 1292 quae
1700 1258 1779 1284 retro

952 1301 1032 1333 sunt,
1040 1307 1101 1328 non
1111 1299 1236 1328 alluunt.
1253 1300 1292 1336 (ts)
1305 1301 1365 1335 Ego
1375 1300 1500 1336 quidem
1509 1308 1577 1337 quae
1586 1300 1701 1337 optima
1712 1308 1780 1330 esse

951 1351 1070 1378 censeo,
1077 1344 1187 1380 partim
1198 1351 1279 1372 nunc
1291 1344 1364 1378 dixi,
1373 1344 1483 1381 partim
1497 1344 1583 1373 vobis
1593 1352 1647 1381 per
1656 1353 1780 1374 omnem

951 1387 1044 1416 vitam
1060 1388 1203 1416 suadebo.
1216 1388 1256 1424 (6)
1268 1387 1389 1417 Etiamsi
1399 1388 1480 1417 enim
1495 1387 1544 1417 me
1555 1389 1688 1425 corporis
1698 1389 1781 1418 inﬁr-

952 1433 1041 1462 mitas
1060 1433 1247 1469 constringat
1270 1438 1375 1470 (quam
1396 1441 1520 1470 prorsus
1541 1441 1603 1462 non
1626 1434 1780 1470 ignoratis,

953 1478 1068 1514 quanta
1083 1477 1156 1506 mihi
1175 1477 1263 1512 adsit,
1284 1485 1303 1505 a
1318 1477 1418 1513 prima
1437 1479 1523 1506 aetate
1540 1477 1580 1506 ad
1593 1477 1672 1506 hanc
1687 1485 1783 1514 usque

954 1523 1135 1550 senectutem
1151 1522 1280 1550 enutrita
1292 1529 1423 1555 mecum,
1441 1529 1549 1559 meque
1563 1522 1716 1557 castigans
1739 1530 1784 1551 ee-

955 1566 1088 1594 cundum
1095 1566 1211 1602 justum
1222 1566 1274 1594 Dei
1284 1566 1442 1602 judicium,
1453 1566 1506 1602 qui
1514 1566 1655 1595 omniain
1666 1566 1784 1602 sapien-

953 1610 996 1639 tia.
1011 1611 1195 1645 moderatur,
1209 1610 1248 1647 (7)
1268 1613 1371 1639 tamen
1392 1610 1528 1648 quandiu
1551 1611 1781 1647 respirabimus,

954 1655 1028 1684 nihil
1039 1655 1186 1684 debemus
1197 1663 1303 1684 eorum
1315 1655 1463 1691 omittere,
1476 1663 1542 1692 quae
1557 1655 1597 1684 ad
1611 1655 1782 1684 aediﬁcatio-

953 1707 1023 1728 nem
1044 1699 1195 1728 bonorum
1218 1699 1378 1736 pertinent.
1400 1700 1439 1735 (8)
1463 1701 1520 1727 Vos
1537 1708 1609 1728 vero
1634 1708 1704 1729 cum
1725 1700 1782 1729 tria

954 1744 1013 1772 sint
1029 1744 1242 1780 aegritudinum
1261 1752 1383 1780 genera,
1403 1744 1430 1772 ei
1449 1744 1532 1781 quod
1550 1744 1718 1773 insanabile
1738 1746 1783 1773 est

955 1788 1067 1817 similes
1078 1797 1116 1817 ne
1126 1789 1299 1824 videamini,
1313 1796 1410 1825 neque
1423 1788 1589 1817 ostendatis
1601 1789 1693 1817 animi
1704 1796 1783 1817 mor-

954 1833 1029 1861 bum
1039 1834 1147 1862 morbo
1161 1842 1265 1862 eorum
1274 1834 1325 1870 qui
1338 1841 1464 1869 corpore
1477 1835 1633 1868 mgrotant,
1642 1833 1782 1861 consimi-

954 1878 1025 1907 lem.
1052 1879 1166 1906 Etenim
1194 1878 1398 1906 invaletudine
1424 1884 1519 1913 parva
1544 1877 1598 1913 qui
1630 1877 1781 1913 laborant,

954 1923 1011 1959 ipsi
1022 1922 1168 1951 accedunt
1182 1923 1221 1950 ad
1237 1922 1370 1950 medicos
1387 1930 1394 1950 :
1409 1922 1461 1958 qui
1474 1929 1545 1950 vero
1562 1921 1675 1950 morbis
1688 1923 1783 1958 majo-

954 1967 1039 1996 ribus
1053 1967 1180 2003 correpti
1193 1967 1286 2001 fuere,
1299 1967 1433 1995 medicos
1445 1967 1646 1995 accersuntad
1660 1975 1692 1994 se
1708 1975 1714 1995 :
1731 1967 1785 2003 qui

957 2013 1058 2040 autem
1073 2012 1103 2039 in
1116 2011 1247 2047 aliquem
1263 2014 1335 2039 atrae
1351 2011 1420 2039 bilis
1433 2010 1577 2039 morbum
1591 2018 1717 2046 prorsus
1730 2011 1786 2039 im-

956 2056 1165 2084 medicabilem
1179 2055 1257 2090 lapsi
1269 2057 1348 2088 sunt,
1358 2063 1395 2083 ne
1410 2055 1587 2083 accedentes
1599 2055 1723 2091 quidem
1735 2055 1786 2083 ad-

955 2101 1086 2129 mittunt.
1097 2100 1183 2133 Quod
1196 2102 1299 2127 cavete
1311 2107 1347 2127 ne
1362 2099 1447 2126 vobis
1462 2107 1545 2127 nunc
1561 2099 1721 2134 accidat,li
1733 2107 1784 2127 eos

955 2145 1007 2182 qui
1023 2147 1122 2172 mente
1138 2152 1172 2172 ac
1192 2144 1307 2172 ratione
1326 2143 1442 2179 praediti
1464 2146 1545 2177 sunt,
1564 2143 1704 2178 fugiatis;
1730 2143 1784 2171 sed

956 2189 1114 2218 erudimiui
1121 2187 1374 2224 atqueiuitiamini
1382 2188 1487 2216 timore
1495 2187 1612 2215 Domini
1619 2187 1669 2214 Dei
1679 2187 1782 2221 nostri,

955 2237 986 2262 ut
1001 2234 1167 2262 futurorum
1180 2233 1330 2260 honorum
1343 2232 1503 2268 participes
1521 2239 1588 2260 esse
1600 2231 1729 2267 possitis,
1751 2231 1783 2259 in

955 2278 1069 2307 Christo
1081 2278 1154 2305 Jesu
1170 2277 1295 2305 Domino
1310 2278 1424 2310 nostro,
1441 2276 1489 2304 cui
1504 2275 1600 2311 gloria
1611 2278 1639 2303 et
1648 2277 1783 2312 potestas

954 2331 1024 2351 cum
1039 2324 1150 2351 aeterno
1171 2322 1234 2358 ejus
1254 2323 1349 2356 Patre,
1370 2323 1398 2349 et
1419 2320 1610 2349 sanctissimo
1629 2320 1781 2349 viviﬁcan-

954 2370 1042 2404 teque
1057 2367 1176 2404 Spiritu,
1191 2375 1272 2395 nunc
1287 2369 1316 2395 et
1329 2374 1460 2403 semper,
1474 2367 1502 2395 et
1516 2366 1547 2395 in
1563 2365 1676 2395 saecula
1692 2373 1783 2394 saecu-

954 2413 1052 2443 lorum
1059 2434 1066 2441 .
1085 2414 1189 2441 Amen.

988 2637 1025 2671 (5)
1045 2637 1086 2663 Ex
1102 2641 1190 2671 serm.
1203 2634 1245 2662 De
1260 2631 1390 2669 legendis
1404 2631 1488 2660 libris
1503 2633 1594 2666 gent,
1612 2632 1672 2658 184.

989 2670 1028 2707 (6)
1049 2673 1089 2698 Ex
1099 2670 1188 2707 epist.
1206 2677 1278 2704 CCIII,
1293 2670 1355 2696 299.

998 2705 1025 2742 7)
1046 2705 1223 2743 lbid.’,302._
1259 2740 1267 2743 _
1355 2738 1373 2743 _.
1468 2737 1472 2743 .

1001 2737 1028 2779 8)
1047 2743 1087 2770 Ex
1101 2748 1191 2769 serm.
1202 2741 1245 2769 De
1256 2738 1387 2775 legendis
1403 2737 1486 2767 libris
1501 2739 1593 2773 gent,
1609 2737 1671 2766 181:.
