1997 3143
231 132 296 160 1151

707 128 888 156 APPENDIX.
900 125 1072 156 SYMEONIS
1086 125 1360 155 METAPHRASTIE.

1835 126 1902 153 1152

230 193 314 226 time,
330 200 366 221 eo
391 191 474 228 quod
503 190 674 220 societatem
690 197 760 218 cum
781 189 893 218 unitate
911 187 1051 217 admittit.

1110 190 1156 213 τοῦ
1182 191 1333 214 κοινωνικοῦ
1361 190 1406 214 καὶ
1445 188 1575 226 ἡνωμένον
1611 188 1678 224 ἡγοῦ
1711 188 1903 225 προτιμότερον.

229 238 268 273 (1)
282 238 356 266 Nihil
371 237 451 265 enim
468 243 524 264 nos
539 235 578 264 ab
593 235 722 263 invicem
737 236 869 270 separat,
888 233 945 262 nisi
961 233 1055 261 animi

230 281 608 319 propasitodissociemur.
621 281 702 308 Unus
718 279 806 308 nobis
828 282 872 307 est
898 278 1052 310 Dominus,

231 334 292 354 una
319 326 394 354 ﬁdes
408 326 442 359 ‘°,
457 333 526 361 spes
554 324 671 353 eadem.
701 324 766 352 Sive
794 325 886 360 caput
898 330 953 351 vos
972 322 1054 359 ipsos

231 370 418 405 existimatis,
431 378 494 398 non
508 372 606 406 potest
618 371 709 405 caput
722 368 821 397 dicere
831 368 975 404 pedibus:
990 369 1054 396 Non

231 417 276 444 est
289 415 362 443 mihi
379 422 455 451 opus
471 414 556 442 vobis
565 415 599 441 ιε.
617 414 684 442 Sive
697 421 752 441 vos
765 413 797 441 in
812 413 872 441 alio
893 412 998 441 ordine
1010 420 1054 441 re‘

229 459 353 497 ponitis,
366 459 455 487 nobis
478 459 509 487 in
530 458 639 487 eodem
664 465 788 494 corpore
811 457 977 486 constitutis
992 464 1054 486 non

231 504 357 541 potestis
381 503 502 532 dicere:
526 503 618 531 Vestri
641 510 703 531 non
725 502 905 537 indigemus.
928 503 1003 530 Nam
1027 504 1056 530 et

231 556 342 577 manus
365 548 457 577 altera
472 548 594 576 alterius
610 549 685 582 eget,
708 549 737 575 et
751 555 804 583 pes
832 546 906 575 alter
928 547 1055 575 alterum

230 593 340 626 ﬁrmat,
354 595 382 622 et
394 593 473 621 oculi
485 601 538 629 per
549 592 743 620 concordiam
757 591 835 620 clare
848 599 883 620 ac
898 592 1056 628 perspicue

230 638 343 666 vident.
359 639 395 670 (2)
410 639 474 665 Non
497 637 577 666 enim
601 645 656 666 vos
679 637 730 665 illa
749 637 890 672 cogitatio
904 637 1053 665 detineat:

231 683 319 711 Extra
332 682 493 712 multorum
509 682 625 710 malum
639 690 756 716 sumus,
767 681 966 718 quamobrem
982 681 1056 718 quid

231 727 319 756 nobis
347 735 423 763 opus
442 730 487 755 est
512 735 582 755 cum
597 727 662 755 aliis
688 726 887 755 communio?
912 727 1056 754 Dominus

232 772 313 801 enim
326 771 440 800 insulas
455 771 579 808 quidem
590 780 608 800 a
623 772 793 800 continente
807 779 860 807 per
882 779 964 799 mare
984 771 1056 799 divi-

232 817 279 850 sit,
295 817 463 845 insularum
491 824 563 844 vero
591 816 705 844 incolas
719 824 772 852 per
796 816 971 844 charitatem
986 824 1055 844 cum

1110 230 1194 259 Οὑδὶν
1222 234 1271 268 γὰρ
1298 233 1367 269 ἡμᾶς
1395 233 1507 270 χωρίζει
1528 232 1571 259 ἀπ’
1597 232 1721 266 etiam,
1742 231 1784 258 ἐὰν
1809 233 1844 268 μὴ
1871 235 1901 267 τῇ

1109 279 1260 315 προαιρέσει
1285 279 1329 303 τὸν
1355 279 1494 315 χωρισμὸν
1517 278 1680 314 ὑποστῶμεν.
1699 277 1743 307 Εἷς
1765 277 1836 313 ἡμῶν
1852 277 1903 302 Κύ-

1109 331 1174 358 ριος,
1189 324 1239 358 μία
1266 324 1366 357 πίστις,
1381 322 1453 354 ἐλπὶς
1478 323 1493 352 ἠ
1529 323 1604 352 αὐτή.
1633 324 1691 349 Εἴτε
1719 320 1763 348 οὖν
1795 321 1903 357 iugalis

1110 365 1217 398 ίαν-τοὺς
1241 365 1386 402 λογίζεσθε,
1403 367 1433 393 οὐ
1458 365 1597 396 δύναταιῆ
1625 365 1721 403 κεφαλὴ
1747 365 1824 392 εἰπεῖν
1851 369 1903 396 τοῖς

1110 413 1184 437 ποσί.
1208 413 1302 447 Χρείαν
1327 412 1399 448 ὑμῶν
1424 412 1472 438 οὐκ
1498 412 1562 447 ἔχω·
1588 413 1638 438 εἴτε
1654 410 1815 446 καὶἶνοῖλλῃ
1835 410 1904 441 τάξει

1109 455 1217 487 ἕαυτοὺς
1247 457 1368 491 τάσσετε,
1393 457 1423 484 οὐ
1448 455 1564 484 δύνασθε
1589 460 1642 487 τοίς
1663 455 1687 482 ἕν
1708 459 1745 490 τῷ
1765 455 1836 490 αὐτῷ
1853 457 1905 480 σώ-

1108 510 1172 537 ματι
1209 503 1443 539 κατατεταγμένοις
1482 501 1564 536 λεγειν
1587 501 1626 537 (8)
1665 501 1706 535 τὸ,
1728 502 1822 538 Χρείαν
1837 500 1906 536 ὑμῶν

1110 545 1158 572 οὐχ
1177 547 1282 582 ἔχομεν.
1298 547 1331 574 Δῖ
1359 556 1387 573 τε
1413 547 1463 584 γὰρ
1485 549 1571 584 χεῖρες
1595 545 1710 574 ἀλλήλων
1732 543 1847 576 δέονται,
1863 546 1906 570 καὶ

1110 591 1134 617 οἱ
1159 589 1240 622 πόδες
1267 590 1392 622 ἀλλήλους
1426 593 1594 628 στηρίζουσι,
1608 592 1654 616 καὶ
1679 590 1703 615 οἱ
1727 588 1857 625 ὀφθαλμοὶ
1884 587 1907 614 ἂν

1109 638 1141 672 τῇ
1174 637 1310 672 συμφωνίᾳ
1345 637 1373 663 τό
1406 635 1506 672 ἄναργὲς
1531 639 1578 666 τῆς
1606 633 1776 669 καταλήψεως
1801 635 1906 670 ἔχουσι.

1110 681 1153 709 Μὴ
1187 680 1238 717 γὰρ
1268 679 1361 712 ἐκεῖνος
1398 681 1467 717 ὑμᾶς
1489 680 1502 706 ὁ
1538 679 1664 716 λογισμὸς
1695 680 1840 715 κατεχέτω,
1871 678 1908 704 ὅτι

1109 723 1198 761 Ἡμεῖς
1226 725 1272 756 ἲξω
1297 728 1342 752 τοῦ
1370 726 1471 756 πάθους
1489 724 1564 761 ἔσμεν
1596 728 1647 751 τῶν
1677 723 1787 756 πολλῶν,
1802 725 1849 749 καὶ
1868 725 1907 753 τίς

1111 770 1173 805 ἡμῖν
1199 772 1280 805 χρεία
1303 773 1350 800 τῆς
1368 771 1434 806 πρὸς
1453 769 1548 801 αὐτοὺς
1566 770 1717 802 κοινωνίας;
1732 767 1761 794 ’0
1780 768 1832 805 γὰρ
1853 768 1907 794 Κύ-

1109 823 1166 851 ριος
1184 815 1257 850 ἡμῶν
1284 815 1332 846 τὰς
1353 815 1398 851 μὲν
1422 817 1518 846 νήσους
1542 818 1590 845 τῆς
1617 814 1724 850 ἠπείρου
1745 811 1793 839 διὰ
1809 812 1907 838 Θαλάσ-

231 861 337 890 incolis
363 860 541 889 continentis
564 861 673 896 junxit.
697 862 734 896 (3)
748 862 808 888 Hoc
831 861 911 888 enim
938 860 1054 896 potissi-

1112 868 1162 890 σης
1182 856 1316 894 διέστησε,
1329 861 1388 890 τοὺς
1410 857 1440 885 δὲ
1463 861 1594 889 νησιώτας
1615 862 1670 890 τοῖς
1688 858 1848 894 ἠπειρώταις
1862 855 1908 883 διὰ

231 914 317 935 mum
333 906 422 943 485
439 907 555 935 amicus
568 906 608 934 ab
619 906 774 934 adulatore
789 905 898 938 differt,
909 905 991 941 quod
1007 905 1057 933 hic

231 951 356 988 quidem
386 951 426 979 ad
449 950 677 979 delectationem
702 950 844 987 loquitur,
859 949 908 978 ille
930 957 1002 978 vero
1019 958 1056 979 ne

231 995 360 1024 molesta
385 995 509 1032 quidem
533 995 791 1032 prmtermittit.(4)
819 995 881 1023 Scis
907 994 1014 1031 quida
1029 996 1056 1023 te

230 1040 440 1076 praestandum
450 1041 487 1068 sit
501 1040 639 1076 proximo
649 1040 664 1068 ?
673 1040 757 1076 quod
772 1039 823 1067 tibi
838 1039 897 1075 ipsi
909 1038 948 1067 ab
963 1038 1055 1067 altero

233 1084 276 1112 vis
288 1084 362 1112 ﬁeri.
380 1085 463 1112 Nosti
483 1084 557 1120 quid
572 1084 610 1112 sit
623 1082 763 1112 malum?
784 1083 867 1120 quod
887 1083 952 1119 ipse
979 1082 1055 1111 nolis

230 1128 270 1156 ab
284 1128 343 1156 alio
357 1129 430 1165 pati.
444 1129 482 1163 (5)
498 1128 571 1156 Cum
589 1128 670 1156 enim
685 1136 722 1156 ex
737 1128 796 1155 Deo
811 1127 977 1156 audiverim
995 1136 1002 1155 :
1019 1128 1054 1156 In

231 1172 287 1200 hoc
301 1175 477 1207 cognoscent
491 1179 601 1206 omnes,
613 1172 693 1208 quod
707 1172 847 1207 discipuli
864 1173 923 1201 mei
937 1172 1014 1204 estis,
1030 1173 1056 1200 si

231 1217 366 1252 diligatis
399 1217 570 1252 invicem",
599 1225 731 1253 cumque
752 1219 918 1245 extremum
943 1225 1055 1246 munus

230 1260 384 1297 discipulis
397 1261 471 1294 suis,
484 1269 573 1289 suam
585 1261 615 1290 in
631 1269 720 1290 carne
731 1261 987 1298 dispensationem
1004 1262 1056 1290 ab-

230 1305 394 1339 soluturus,
402 1313 507 1342 pacem
519 1314 606 1334 suam
618 1306 762 1334 Dominus
772 1306 923 1343 reliquerit
931 1306 1034 1334 dicens
1046 1315 1053 1335 :

228 1349 334 1377 Pacem
357 1350 494 1385 relinquo
519 1350 612 1385 vobis,
625 1358 729 1384 pacem
758 1358 853 1378 meam
867 1350 904 1378 de
927 1351 1008 1378 vobis
1020 1351 1054 1385 ιι,

229 1393 328 1422 dicere
340 1402 401 1422 non
422 1402 559 1430 possum,
576 1402 624 1423 me
639 1395 704 1422 sine
730 1397 834 1423 mutua
856 1395 1010 1430 charitate,
1027 1397 1055 1423 et

228 1438 296 1474 nisi,
313 1441 461 1475 quantum
488 1439 519 1467 in
546 1447 594 1467 me
618 1441 672 1472 est,
686 1447 794 1475 pacem
819 1447 888 1467 cum
913 1440 1055 1468 omnibus

228 1482 370 1518 habeam,
387 1483 514 1519 dignum
530 1491 619 1520 posse
644 1485 715 1512 Jesu
741 1483 846 1512 Christi
863 1492 984 1513 servum
1003 1492 1055 1513 vo-

229 1527 301 1555 cari.

265 1573 290 1600 3.
308 1572 345 1607 (ὁ)
360 1572 472 1600 Eodem
483 1572 571 1607 igitur
592 1572 685 1600 modo
698 1580 892 1601 communem
908 1575 937 1601 et
952 1581 1053 1610 aequa-

227 1615 288 1644 lem
302 1617 445 1644 omnibus
460 1616 536 1644 inter
559 1624 590 1644 se
616 1617 792 1645 charitatem
812 1625 878 1645 esse
904 1618 1053 1654 convenit,

227 1667 290 1696 quo
304 1660 396 1688 homo
411 1660 585 1688 naturaliter
600 1668 671 1696 erga
702 1661 822 1696 singula
847 1670 903 1690 sua
915 1662 1055 1691 membra

229 1704 353 1733 atfectus
377 1706 430 1739 est,
447 1705 500 1740 qui
521 1706 615 1732 totum
629 1713 718 1733 suum
742 1714 852 1742 corpus
869 1707 979 1742 pariter
1005 1715 1053 1735 sa-

228 1756 303 1777 num
323 1749 397 1783 vult,
411 1749 536 1786 quando
550 1751 579 1777 et
595 1749 837 1786 uniuscujusque
858 1751 986 1778 membri
999 1751 1052 1779 do-

227 1793 274 1821 lor
301 1793 448 1830 aequalem
474 1793 592 1830 corpori
614 1793 783 1822 molestiam
796 1795 926 1822 exhibet.
943 1796 979 1831 (7)
1000 1796 1054 1828 Qui

229 1837 309 1866 enim
324 1838 354 1865 in
367 1840 517 1866 conventu
531 1846 625 1866 unum
640 1846 703 1874 pra:
718 1838 783 1866 aliis
799 1838 906 1874 diligit,
921 1840 1054 1876 seipsum

228 1881 409 1918 imperfectm
417 1883 570 1910 charitatis
582 1883 745 1911 insimulat.
756 1884 854 1916 Quare
860 1892 895 1911 ex
906 1886 1055 1912 conventu

229 1928 380 1955 contentio
393 1928 535 1956 indecora
549 1930 578 1956 et
593 1928 752 1964 singularis
763 1936 848 1956 amor
868 1932 937 1957 sunt
951 1937 1055 1966 aequa-

227 1971 294 2000 liter
304 1972 500 2000 amandandi.
511 1973 608 2000 Oritur
619 1973 698 2000 enim
711 1980 747 2000 ex
758 1973 948 2001 contentione
960 1974 1057 2002 inimi-

230 2016 322 2044 citia:
351 2016 389 2043 ab
413 2016 544 2044 amicitia
560 2024 629 2044 vero
649 2017 823 2053 particulari
846 2020 875 2046 et
898 2018 1056 2047 sodalitate

229 2060 418 2096 suspiciones
448 2063 476 2088 et
507 2060 626 2088 invidia:
669 2064 845 2090 nascuntur.
874 2063 948 2090 Cum
974 2063 1055 2091 enim

229 2105 386 2142 mqualitas
398 2105 540 2138 aufertur,
549 2105 580 2134 id
591 2105 702 2142 ubique
713 2107 754 2134 eis
766 2107 818 2144 qui
829 2115 863 2135 ea
876 2108 1053 2144 spoliantur,

229 2150 349 2178 invidias
364 2152 393 2178 et
404 2150 464 2178 odii
478 2151 561 2185 origo
576 2153 604 2178 et
615 2158 707 2178 causa
721 2154 775 2179 est.
791 2152 1054 2184 Quemadmodum

229 2195 320 2230 igitur
340 2195 417 2223 Deus
442 2195 574 2231 optimus
595 2203 631 2223 ex
652 2204 740 2232 aequo
767 2196 896 2233 impertit
911 2196 1054 2225 omnibus

229 2239 339 2274 lucem,
351 2239 444 2268 solem
469 2248 559 2268 suum
585 2248 675 2277 super
695 2241 792 2276 justos
817 2249 852 2269 ac
866 2242 993 2277 injustos
1006 2250 1055 2270 ex-

230 2284 300 2312 oriri
311 2293 421 2313 curans
435 2286 458 2302 ὀδ
476 2285 538 2313 :ita
549 2287 577 2313 et
602 2286 651 2313 Dei
673 2286 840 2314 imitatores
860 2294 1054 2315 communem

230 2331 259 2356 et
271 2336 376 2364 parem
389 2329 541 2357 charitatis
556 2330 674 2358 radium
697 2330 729 2357 in
755 2338 861 2358 omnes
886 2331 1053 2359 effundant.

232 2372 287 2400 Ubi
314 2372 394 2400 enim
423 2373 522 2401 deﬁcit
543 2374 684 2408 charitas,
698 2374 756 2402 illic
776 2374 879 2411 utique
899 2375 963 2410 ejus
987 2375 1054 2404 loco

230 2416 365 2445 succedit
377 2416 492 2444 odium.
507 2417 593 2450 Quod
605 2417 639 2452 si,
652 2420 684 2445 ut
695 2419 825 2446 Joannes
836 2419 885 2455 ait,
899 2421 975 2448 Deus
985 2420 1055 2448 cha-

230 2462 307 2490 ritas
321 2463 363 2489 est
377 2461 411 2497 ‘5,
431 2469 554 2497 prorsus
567 2469 691 2490 necesse
711 2464 755 2491 est
777 2462 933 2492 diabolum
948 2463 1054 2493 odium

230 2514 307 2535 esse.
331 2505 413 2534 Sicut
440 2513 511 2541 ergo
530 2505 584 2543 qui
608 2505 702 2535 habet
730 2507 918 2543 charitatem,
959 2509 1053 2538 Deum

266 2569 290 2586 ιο
302 2568 411 2605 Ephes.
426 2576 465 2603 iv,
481 2571 507 2598 5.

231 2612 271 2638 rv,
288 2606 330 2634 16.

267 2666 304 2702 (ί)
320 2667 360 2694 Ex
374 2666 460 2702 epist.
474 2675 544 2700 ccm,
560 2668 623 2696 301.

265 2702 305 2745 ιιι
326 2702 400 2745 ιδίά.
422 2739 428 2745 .

267 2737 307 2808 Σίδὲ
326 2738 367 2766 Ex
381 2739 469 2774 epist.
486 2747 534 2779 xit,
550 2740 595 2767 98.

278 2773 294 2800 4
320 2774 363 2802 Ex
374 2773 457 2804 hom.
471 2782 498 2802 ιι
509 2782 541 2802 ιη
551 2774 708 2811 Ηεπαειηη
724 2775 768 2804 83.

1110 908 1154 934 τῆς
1175 903 1280 940 ἀγάπης
1298 901 1438 932 συνέδησε.
1459 905 1510 930 Καὶ
1535 904 1618 940 τούτῳ
1633 902 1750 939 μάλιστα
1765 901 1839 938 φίλος
1858 903 1908 929 πό-

1110 948 1188 978 λακος
1214 946 1361 984 διενήνοχε,
1380 952 1417 984 τῷ
1444 949 1487 975 τὸν
1517 949 1563 985 μὶν
1589 949 1652 985 πρὸς
1679 945 1777 977 ἡδονὴν
1799 946 1908 984 ὁμιλεῖν,

1110 994 1154 1019 τὸν
1176 991 1207 1019 δι
1229 991 1300 1029 μηδε
1322 996 1372 1018 τῶν
1392 992 1541 1019 λυπούντων
1555 991 1714 1029 ἀπέχεσθαι.
1735 989 1820 1023 Οἶδας
1836 989 1867 1017 δέ
1884 993 1909 1018 τί

1109 1040 1229 1069 ποιήσεις
1256 1041 1292 1074 τῷ
1319 1037 1448 1071 «luctor;
1476 1037 1489 1064 ὃ
1506 1041 1607 1074 σεαυτῷ
1635 1036 1725 1074 βούλει
1744 1036 1807 1074 παρ’
1822 1035 1908 1074 ἑτέρον

1108 1083 1242 1119 γενέσθαι.
1274 1080 1359 1113 Οἶδας
1378 1083 1391 1109 ὃ
1418 1084 1445 1109 τί
1470 1084 1533 1109 ποτί
1547 1081 1604 1109 ἑστι
1628 1083 1657 1109 τὸ
1672 1083 1771 1115 κακόν;
1787 1080 1801 1107 ὂ
1815 1080 1864 1108 οὐκ
1879 1080 1908 1107 δα

1109 1127 1184 1158 αὐτὸς
1198 1127 1289 1153 παθεῖν
1325 1126 1391 1153 ἕλοιο
1416 1126 1478 1164 παρ’
1505 1126 1603 1164 ἐτέρου,
1618 1125 1686 1163 Ἐγὼ
1711 1126 1762 1163 γὰρ
1793 1124 1908 1156 ἀκούσας

1108 1173 1181 1209 παρὰ
1201 1175 1248 1198 τοῦ
1275 1175 1352 1206 Θεοῦ,
1377 1172 1418 1199 ὅτι
1446 1171 1488 1198 Ἐν
1524 1173 1606 1208 τούτῳ
1630 1173 1775 1208 γνώσονται
1800 1171 1906 1205 πάντες,

1109 1216 1150 1243 ὅτι
1181 1215 1238 1252 ἐμοὶ
1267 1217 1385 1252 μαθηταί
1413 1216 1482 1250 ἕστε,
1502 1215 1544 1243 ἐὰν
1575 1215 1693 1252 ἀγαπᾶτε
1707 1215 1834 1246 ἀλλήλους
1862 1217 1907 1242 καὶ

1109 1262 1150 1288 ὃτι
1178 1261 1302 1298 ἑξιτὴριον
1326 1259 1409 1299 δῶρον
1440 1264 1492 1292 τοῖς
1518 1260 1611 1287 ἑαυτοῦ
1634 1262 1778 1298 μαθηταῖς,
1809 1260 1906 1297 μέλλων

1110 1305 1279 1343 συμπληροῦν
1307 1307 1354 1335 τὴν
1380 1305 1404 1331 ἐν
1438 1307 1516 1344 σαρκὶ
1548 1305 1704 1342 οἰκονομίαν,
1735 1307 1783 1334 τήν
1813 1304 1908 1332 ἑαυτοῦ

1110 1350 1213 1388 εἰρήνην
1250 1349 1382 1376 κατιλιπεν
1428 1350 1525 1377 εἰπών·
1563 1350 1674 1388 Εἰρήνην
1706 1349 1805 1387 ἀφίημι
1836 1350 1909 1386 ὑμῖν,

1109 1395 1214 1433 εἰρήνην
1225 1397 1272 1424 τὴν
1292 1394 1355 1431 ὶμήν
1375 1393 1476 1432 δίδωμι
1491 1395 1562 1432 ὑμῖν·
1579 1395 1609 1422 οὐ
1625 1393 1740 1432 δύναμαι
1762 1394 1854 1430 εἰπεῖν,
1872 1395 1911 1421 ὅτι

1110 1439 1169 1466 ἄνευ
1184 1443 1231 1470 τῆς
1247 1438 1270 1465 ἐν
1282 1438 1399 1470 ἀλλήλοις
1414 1438 1517 1475 ἀγάπης
1535 1441 1579 1466 καὶ
1593 1440 1652 1467 ἄνευ
1666 1443 1721 1473 τοῦ,
1742 1440 1772 1466 τὸ
1804 1439 1841 1470 εἰς
1869 1438 1912 1477 ὶμε

1111 1484 1184 1520 ἧκον,
1199 1484 1336 1520 εἰρηνεύειν
1352 1485 1417 1521 πρὸς
1430 1484 1540 1517 πάντας,
1557 1482 1673 1521 δύναμαι
1695 1484 1769 1516 ἄξιος
1783 1483 1912 1514 κληθῆναι

1112 1526 1206 1560 δοῦλος
1218 1528 1307 1558 Ἰησοῦ
1320 1532 1449 1566 Χριστοῦ.

1146 1575 1175 1602 3.
1197 1575 1272 1600 Οὕτω
1296 1576 1381 1600 τοίνυν
1413 1583 1542 1611 προσηκει
1577 1575 1665 1603 κοινὴν
1684 1575 1729 1600 καὶ
1759 1574 1821 1603 inv
1844 1576 1912 1600 πᾶσι

1109 1618 1176 1654 πρὸς
1204 1615 1329 1647 ἀλλήλους
1354 1618 1402 1645 τὴν
1426 1615 1530 1652 ἀγάπην
1555 1615 1631 1652 εἶναι,
1647 1617 1679 1647 ὡς
1705 1620 1824 1653 φυσικῶς
1845 1617 1912 1652 πρὸς

1109 1662 1142 1688 τὰ
1163 1661 1222 1688 καθ’
1251 1661 1360 1688 ἕκαστον
1390 1660 1481 1687 ἑαυτοῦ
1501 1660 1564 1697 με’λη
1580 1661 1593 1687 ό
1619 1662 1754 1699 ἄνθρωπος
1772 1662 1841 1697 ἷχει,
1864 1660 1910 1687 ἕπ-

1110 1707 1169 1736 ίσης
1185 1706 1261 1732 θέλων
1285 1707 1363 1732 παντὶ
1390 1709 1426 1740 τῷ
1455 1708 1557 1742 σώματι
1571 1707 1618 1736 τὴν
1643 1706 1754 1742 ὑγιειαν,
1773 1703 1845 1732 διότι
1864 1706 1909 1731 καὶ

1108 1750 1122 1776 ὁ
1150 1753 1226 1781 πόνος
1248 1751 1360 1776 ἑκάστου
1385 1749 1477 1786 μέλους
1492 1752 1553 1780 ἴσην
1564 1752 1675 1786 παρέχει
1689 1754 1726 1785 τῷ
1746 1753 1851 1786 σώματι
1861 1752 1908 1778 τήν

1110 1793 1219 1824 ἀηδίαν.
1245 1795 1274 1820 '0
1297 1795 1348 1832 γὰρ
1376 1794 1401 1821 ἑν
1417 1793 1528 1831 συνοδίᾳ
1555 1796 1598 1821 τόν
1614 1795 1655 1821 ἶνα
1667 1795 1730 1832 ὑπὲρ
1744 1794 1804 1826 τοὺς
1818 1794 1909 1825 ἄλλους

1111 1840 1227 1876 ἀγαπῶν,
1256 1842 1397 1876 κατηγορεῖ
1430 1838 1521 1866 ἑαυτοῦ
1554 1841 1590 1876 μὴ
1621 1841 1689 1875 ἔχων
1719 1841 1768 1869 τήν
1812 1839 1907 1866 τελείαν

1111 1885 1225 1922 ἀγίάτην,
1245 1883 1358 1920 Ὀμοίως
1384 1884 1427 1910 οὖν
1453 1883 1598 1916 ἀπόϐλητος
1624 1883 1694 1911 ἔστιν
1709 1883 1760 1911 ἀπο
1777 1883 1907 1918 συνοδίας

1111 1930 1126 1958 ἡ
1146 1938 1174 1955 τε
1203 1927 1318 1965 ἀπρεπὴς
1346 1929 1434 1964 μάχη,
1451 1931 1496 1954 καὶ
1522 1929 1536 1958 ἡ
1565 1930 1658 1965 μερικὴ
1689 1927 1821 1960 διάθεσις.
1849 1928 1908 1956 ’Δπὶ

1110 1975 1155 2010 μὲν
1175 1974 1225 2010 γὰρ
1255 1977 1300 2003 τῆς
1327 1974 1417 2009 μάχης
1440 1974 1525 2009 ἔχθρα
1551 1975 1661 2009 γίνεται,
1677 1972 1728 2000 ἀπὸ
1759 1971 1790 2000 δὲ
1804 1977 1908 2010 τῆςμε-

1110 2023 1185 2056 ρικῆς
1216 2017 1302 2054 φιλίας
1321 2020 1366 2044 καὶ
1395 2017 1520 2055 ἑταιρείας
1549 2017 1661 2054 ὑποψίαι
1688 2020 1734 2044 καὶ
1763 2018 1853 2054 φθόνοι
1871 2020 1909 2054 γί-

1110 2071 1207 2090 νονται·
1228 2066 1368 2098 πανταχοῦ
1395 2063 1446 2100 γὰρ
1481 2063 1495 2092 ἠ
1525 2066 1572 2088 τοῦ
1591 2064 1651 2090 ἴσου
1687 2064 1812 2100 στέρησις
1837 2062 1906 2100 ἀρχὴ

1110 2110 1155 2134 καὶ
1174 2108 1295 2138 ὑπόθεσις
1324 2108 1417 2143 φθόνου
1450 2109 1496 2134 καὶ
1529 2105 1682 2143 δυσμενείας
1708 2111 1763 2138 τοῖς
1791 2107 1909 2134 ἔλατ-του-

1110 2154 1194 2189 μίνοις
1220 2154 1328 2188 γίνεται.
1358 2151 1459 2190 Ὠσπερ
1485 2149 1529 2178 οὖν
1556 2152 1568 2178 ὁ
1598 2151 1696 2188 ἀγαθὸς
1726 2153 1792 2183 θεὸς
1820 2154 1907 2182 κοινὴν

1110 2195 1209 2224 δίδωσι
1241 2200 1308 2223 πᾶσι
1340 2198 1387 2226 τὴν
1415 2200 1462 2222 τοῦ
1481 2198 1564 2232 φωτός
1591 2199 1744 2233 μετουσίαν,
1766 2196 1906 2224 ἀνατίλλων

1108 2244 1151 2269 τὸν
1168 2241 1239 2271 ἣλιον
1262 2240 1303 2267 ἐπὶ
1327 2239 1448 2272 δικαίους
1469 2243 1514 2268 καὶ
1547 2239 1668 2274 ἀδίκους,
1684 2242 1767 2272 οὕτως
1803 2244 1850 2268 καὶ
1883 2242 1906 2268 οἱ

1108 2289 1222 2324 μιμηταὶ
1247 2289 1293 2313 τοῦ
1318 2289 1384 2312 Θεοῦ
1409 2288 1497 2316 κοινήν
1525 2295 1552 2313 τε
1574 2288 1619 2312 καὶ
1650 2287 1776 2323 ὁμότιμον
1802 2289 1850 2316 τήν
1862 2291 1906 2317 τῆς

1109 2331 1213 2367 ἀγάπης
1236 2330 1329 2357 ἀκτῖνα
1347 2331 1389 2357 ἐπὶ
1417 2331 1515 2361 πάντας
1548 2333 1698 2369 φερέτωσαν
1739 2330 1826 2358 Ὀπου
1855 2332 1906 2367 γὰρ

1109 2375 1216 2402 ἔλλείπει
1243 2376 1258 2404 ἠ
1291 2374 1391 2410 ἀγάπη,
1419 2373 1470 2401 ἐκεῖ
1512 2375 1613 2406 πάντως
1645 2374 1843 2412 ἁντεισίρχεται
1877 2376 1904 2401 τὸ

1108 2423 1197 2457 μῖσος.
1210 2419 1241 2446 Εἰ
1264 2417 1303 2453 δε,
1320 2420 1407 2450 καθώς
1430 2428 1510 2455 φησιν
1528 2419 1657 2450 Ἰωάννης.
1677 2419 1708 2446 “Θ
1731 2421 1796 2450 Θεὸς
1817 2418 1904 2455 ἀγάπη

1110 2464 1191 2499 ἔστιν,
1217 2463 1316 2500 ἀνάγκη
1345 2466 1420 2490 πᾶσα
1453 2465 1483 2490 τὸ
1507 2467 1587 2500 μῖσος
1619 2462 1684 2490 εἶναι
1702 2464 1747 2490 τὸν
1775 2462 1905 2492 διάϐολον.

1109 2509 1211 2546 Ὠσπερ
1231 2506 1275 2535 οὖν
1299 2508 1312 2534 ὁ
1331 2509 1379 2537 τήν
1403 2507 1508 2544 ἀγάπην
1530 2509 1609 2544 ἔχων,
1627 2509 1671 2535 τὸν
1695 2510 1759 2536 Θεὸν
1772 2509 1844 2545 ἒχειν
1858 2508 1904 2535 οὖα

546 2569 567 2587 “
589 2569 599 2597 ι
617 2569 682 2598 Cor.
696 2577 745 2606 zu,
770 2572 814 2600 t5.
852 2571 877 2589 "
902 2572 990 2601 Joan.
1008 2580 1070 2609 xm,
1086 2574 1131 2608 35,
1170 2571 1193 2590 ⁸³
1212 2571 1297 2607 Joan,
1314 2578 1368 2607 xw,
1385 2572 1430 2600 27.
1468 2571 1492 2589 “
1511 2570 1611 2600 Matth.
1626 2579 1654 2607 ν,
1667 2572 1713 2606 45,
1751 2571 1776 2589 ⁴⁵
1797 2571 1905 2600 lJoan.

1145 2669 1185 2709 (ξ)
1205 2670 1246 2709 ξι
1257 2669 1344 2705 epist.
1359 2676 1432 2701 ccm,
1441 2670 1513 2709 __299.

1146 2707 1184 2745 ts)
1202 2706 1245 2745 iis
1257 2712 1352 2745 serm,
1368 2706 1509 2739 ascetico,
1525 2706 1587 2733 325.

1321 2775 1429 2812 Regius
1443 2775 1536 2806 codex
1550 2775 1628 2804 εἰπεῖν
1639 2776 1742 2812 χρείαν.
