1997 3143
84 98 153 129 M53

646 100 764 134 ειεξιΜο
782 104 828 133 1v.
849 119 883 126 —
903 102 948 133 DE
969 104 1213 134 ELEEMOSYNA.

1691 108 1761 137 1154

82 172 131 194 τως
155 162 169 189 ὁ
183 162 213 189 τὸ
229 165 307 199 μῖσος
328 163 462 199 ἓχων,τόν
493 163 614 191 διάϐολον
637 165 662 192 ἄν
684 166 767 203 ἑαυτῷ
784 169 880 205 τρέφει.

939 166 1046 202 habet;
1060 167 1102 196 sic
1111 167 1164 204 qui
1177 167 1281 196 odium
1293 167 1394 204 habet,
1409 167 1435 196 is
1447 167 1604 196 diabolum
1618 167 1649 197 in
1662 169 1761 205 seipso

82 208 132 234 Διά
141 211 218 234 τοῦτο
241 210 370 244 προσήκει
391 210 439 238 τὴν
462 210 507 246 μεν
523 209 626 246 ἀγάπην
648 210 708 241 ἳσην
727 214 772 238 καὶ
791 212 882 248 ὁμοίαν

82 254 157 290 παρὰ
177 252 280 279 πάντων
307 255 363 284 τοῖς
387 256 468 280 πᾶσιν
496 252 570 288 εἶναι,
597 257 643 284 τὴν
668 254 698 282 δὲ
720 258 795 293 τιμὴν
815 258 883 283 κατὰ

82 298 112 323 τὸ
146 299 245 334 πρέπον
281 297 383 334 ἑκάστῳ
408 299 540 334 γίνεσθαι.
574 302 624 326 Καὶ
657 301 742 339 ὥσπερ
770 301 793 328 έν
820 302 882 338 ἡμῖν

83 341 183 374 αὐτοῖς,
213 342 226 368 ό
317 344 394 374 πόνος
422 343 532 370 ἑκάστου
547 348 596 371 τῶν
612 343 811 382 ἆῤῥωστούντων
834 356 882 383 με-

82 386 132 412 λῶν
147 388 214 417 ἴσως
241 385 350 413 ἅπτεται
365 391 411 414 τοῦ
427 390 522 419 παντὸς
538 391 668 425 σώματος,
686 391 742 417 ἔστι
769 388 798 417 δὲ
813 391 882 427 ὅμως

82 430 158 469 ἔτερα
182 430 273 469 ἑτέρων
299 435 440 470 τιμιώτερα
466 432 529 469 μέλη
558 433 599 469 (οὐ
625 435 675 472 γὰρ
706 435 802 472 ὁμοίως
821 437 882 473 περί

81 476 125 502 τὸν
141 475 275 512 ὀφθαλμόν
303 478 349 503 καὶ
367 477 407 513 (1)
431 479 490 515 πιρὶ
517 478 560 504 τὸν
579 481 625 505 τοῦ
650 477 734 511 ποδὸς
754 478 881 506 δάκτυλον

80 521 188 557 ἔχομεν,
219 519 266 546 κᾶν
293 521 307 547 ὀ
331 522 409 553 πόνος
436 523 464 548 τό
492 523 550 549 ἴσον
576 523 649 560 ἔχῃ)·
679 524 760 555 οὕτως
774 527 821 554 τήν
836 525 881 561 μὶν

82 565 210 602 συμπαθῆ
229 563 359 599 διάϐασιν,
389 568 434 593 καὶ
457 568 505 596 τήν
529 566 692 603 ἆγαπητικήν
713 571 808 605 σχέσιν
820 570 882 598 ἴσην

81 608 123 635 ἐπὶ
145 609 250 636 πάντων
279 613 328 636 τῶν
354 608 379 635 ἄν
406 614 438 646 τῇ
468 609 579 648 συνοδίᾳ
605 611 706 642 ζώντων
731 612 797 639 εἶναι
819 613 882 650 παρ’

81 653 194 680 ἕκάστου
219 656 357 691 προσήκει·
373 655 389 684 ἠ
419 652 449 682 δε
463 657 538 692 τιμὴ,
565 657 633 683 κατὰ
660 658 689 683 τὸ
717 657 821 693 εὖλογον
840 656 882 684 ὶπὶ

81 702 130 726 τῶν
171 700 382 736 χρησιμωτέρα-»ν
409 700 439 726 τὸ
465 699 541 727 πλέον
583 700 641 732 ἕξει.
673 701 731 728 Ἐπὶ
757 703 808 739 γὰρ
832 706 881 728 τῶν

81 747 262 780 πνευματικῶν
298 742 415 774 ἀλλήλοις
439 745 680 782 συναρμοζομένων,
714 744 776 773 οὐδε
794 738 812 776 νή

83 789 222 824 σωματική
240 789 376 824 συγγένεια
402 788 476 815 πλέον
502 799 528 816 τι
543 791 612 816 κατά
627 792 674 820 τὴν
689 789 792 827 ἀγάπην
820 791 880 823 ἔξει.

936 212 1037 241 nutrit.
1054 212 1257 246 Quamobrem
1271 214 1304 241 ut
1318 212 1442 248 aequalis
1457 212 1622 249 similisque
1631 213 1762 242 Charitas

936 257 1093 294 quibusvis
1115 257 1154 286 ab
1174 257 1318 286 omnibus
1336 260 1380 286 est
1399 257 1562 286 exibenda:
1586 258 1628 287 ita
1650 258 1761 294 honor,

936 302 978 330 uti
988 302 1123 335 addecet,
1139 301 1301 338 unicuique
1317 303 1361 330 est
1374 301 1562 330 tribuendus.
1580 302 1618 337 (5)
1639 303 1671 330 Et
1685 301 1760 330 utin

935 346 1169 383 nobismetipsis,
1197 345 1284 374 dolor
1314 346 1551 383 uniuscujusque
1585 345 1759 381 aegrotantis

935 391 1064 419 membri
1083 391 1216 419 similiter
1228 393 1326 419 totum
1341 398 1451 427 corpus
1464 391 1593 426 attingit,
1615 393 1644 419 et
1658 393 1760 419 tamen

936 438 1006 464 sunt
1027 435 1165 464 membra
1185 435 1245 464 alia
1264 435 1329 463 aliis
1349 435 1561 472 prastantiora
1578 436 1651 472 (non
1678 435 1760 464 enim

934 480 1046 517 pariter
1077 480 1115 508 de
1135 480 1222 508 oculo
1246 487 1282 508 ac
1317 480 1351 507 de
1370 480 1457 515 pedis
1482 479 1575 516 digito
1599 480 1758 514 afﬁcimur,

936 525 1054 554 etiamsi
1067 524 1153 553 dolor
1174 524 1299 561 aequalis
1314 524 1380 560 sit):
1394 525 1436 552 ita
1458 532 1707 561 unumquemque
1728 525 1760 552 in

935 577 1041 598 omnes
1050 569 1138 606 quiin
1154 571 1302 598 conventu
1313 569 1450 602 vixerint,
1465 569 1760 598 commiserationem

935 614 1061 651 quidem
1080 616 1170 650 atque
1193 621 1330 642 amorem
1359 621 1464 649 parem
1484 613 1641 642 ostendere
1660 621 1760 650 operae

935 659 1064 695 pretium
1075 661 1131 692 est;
1149 658 1203 686 sed
1218 661 1330 689 tamen.
1347 660 1378 686 ut
1395 657 1490 691 decet,
1506 658 1541 686 iis
1560 658 1613 695 qui
1627 658 1759 686 utiliores

936 706 1006 732 sunt
1038 703 1136 739 major
1169 703 1321 731 deferetur
1348 702 1459 730 honor.
1484 704 1559 731 Nam
1581 702 1613 730 in
1638 702 1686 730 his
1708 702 1761 738 qui

937 748 1083 784 spirituali
1103 747 1274 776 animorum
1299 747 1513 783 conjunctione
1531 747 1609 775 inter
1632 754 1663 776 se
1691 748 1762 776 sunt

935 793 1077 830 copulati,
1092 801 1154 821 non
1179 792 1281 821 futura
1304 794 1348 820 est
1373 792 1472 827 major
1495 791 1613 820 dilectio
1641 792 1681 820 ob
1698 800 1761 820 cor-

81 830 143 859 οὖδὲ
173 833 196 859 εἳ
210 842 251 864 τις
270 831 380 869 ἀδελφὸς
394 842 464 864 τινος
485 834 553 860 κατὰ
568 836 655 872 σάρκα
679 837 728 869 εἴη,
745 838 760 865 ἤ
781 836 847 867 υἱός,
863 837 878 865 ἧ

939 838 1069 875 poralcm
1081 837 1373 872 consanguinitatem
1385 845 1392 864 :
1404 844 1502 873 neque
1515 837 1540 864 si
1554 837 1622 873 quis
1636 837 1760 873 quidem

82 877 212 914 θυγάτηρ,
251 876 275 903 ἄν
312 877 410 904 πλείονι
437 876 554 905 διαθέσει
594 882 659 917 πρὸς
682 882 724 906 τὸν
748 884 784 916 τῷ
813 883 880 917 γένει

81 924 252 959 προσήκοντα
269 923 342 960 παρὰ
365 924 423 953 τοὺς
446 922 538 954 ἄλλους
563 926 700 960 γινὴσεται
719 925 734 954 ἡ
761 927 881 952 κοινωνία

82 969 127 992 τοῦ
142 967 264 1003 αἵματος.
290 965 318 992 Ὀ
333 976 384 1004 γαρ
404 966 429 993 ἐν
443 969 544 999 τούτοις
571 972 602 1005 τῇ
632 971 708 1005 φύσει
723 968 879 1005 ἀκολουθῶν,

81 1014 225 1048 κατηγορεῖ
259 1010 364 1046 ἑαυτοῦ,
398 1012 438 1038 ὅτι
462 1013 533 1038 οὔπω
570 1012 670 1045 τελείως
699 1012 798 1043 ἀπέστη
833 1018 880 1045 τῆς

82 1057 193 1091 φύσεως,
211 1054 266 1082 ἀλλ’
289 1057 327 1082 ἔτι
345 1056 395 1082 ὑπὸ
421 1058 518 1095 σαρκὸς
538 1055 688 1084 διοικεῖται.
707 1061 749 1094 Τῷ
778 1057 808 1086 δε
824 1062 880 1095 Θεῷ

82 1102 157 1137 ἡμῶν
174 1098 241 1132 δόξα
267 1101 300 1132 εἰς
314 1102 375 1133 τοὺς
387 1100 479 1132 αἰῶνας
488 1105 539 1128 τῶν
554 1102 662 1129 αἰώνων.
683 1103 777 1140 Ἀμήν.

309 1210 384 1236 ΠΕΡΙ
404 1211 649 1238 ΕΛΕΗΜΟΣΥΝΗΣ
655 1232 662 1240 .

403 1278 507 1304 ΔΟΓΟΣ
526 1275 562 1305 Δ’.

85 1377 92 1386 '
162 1334 194 1386 Ei
208 1336 352 1374 θαυμάζεις
366 1337 405 1374 (3)
419 1338 452 1364 τά
465 1340 604 1376 χρήματα,
620 1340 749 1386 ἄνθρωπε,
767 1337 814 1368 διὰ
838 1341 882 1370 τὴν

81 1379 126 1406 ἄπ’
163 1380 247 1407 αὐτῶν
293 1384 383 1419 τιμὴν⁹
414 1384 505 1409 σκόπει
532 1386 613 1411 πόσον
642 1382 697 1412 ἐστὶ
716 1387 778 1423 πρὸς
804 1384 882 1418 δόξαν

80 1423 304 1464 λυσιτελέστερον,
341 1429 441 1464 μυρίων
480 1426 583 1455 παίδων
615 1431 716 1468 πατέρα
751 1440 883 1468 προσαγο-

80 1470 217 1506 ρεύεσθαι,
245 1472 260 1500 ἧ
289 1474 401 1509 μυρίους
429 1477 563 1511 στατῆρας
591 1475 660 1510 ἕχιιν
687 1474 712 1501 ἰν
737 1474 880 1512 βαλαντίῳ,

935 891 1098 918 germanus
1113 882 1240 917 alicujus
1253 881 1345 910 frater
1360 881 1406 915 sit,
1421 881 1550 916 ﬁliusve,
1565 881 1683 910 autfilia
1694 889 1760 910 ma-

932 927 1030 963 jorem
1040 934 1112 962 erga
1123 925 1394 960 consanguineum,
1404 933 1497 961 quam
1507 933 1579 960 erga
1585 925 1669 959 alias,
1677 933 1761 953 amo-

933 979 998 1000 rem
1011 971 1115 1000 atferet
1129 970 1284 1005 sanguinis
1299 969 1482 1005 conjunctio.
1500 969 1555 1002 Qui
1571 970 1651 997 enim
1665 969 1696 998 in
1712 969 1759 998 his

934 1019 1075 1045 naturam
1100 1015 1243 1052 sequitur,
1266 1015 1291 1042 is
1313 1014 1451 1042 nondum
1469 1023 1487 1042 θ.
1506 1016 1614 1042 natura
1631 1014 1759 1050 perfecte

934 1061 1095 1090 recessisse
1109 1059 1305 1094 convincitur,
1316 1058 1370 1087 sed
1383 1059 1550 1087 etiamnum
1561 1067 1578 1087 a
1602 1066 1692 1087 carne
1704 1066 1760 1093 gu-

934 1105 1065 1140 bernari,
1079 1106 1137 1133 Deo
1152 1106 1253 1132 autem
1267 1106 1371 1132 nostro
1387 1103 1423 1131 sit
1433 1103 1528 1139 gloria
1537 1103 1568 1131 in
1583 1103 1694 1132 saecula
1706 1111 1760 1131 sas-

935 1150 1082 1180 culorum.
1099 1150 1206 1177 Amen.

1118 1211 1208 1248 486
1226 1210 1282 1239 DE
1300 1209 1481 1239 ELEEMOS
1489 1210 1580 1239 YNA.

1258 1278 1373 1307 SERMO
1395 1278 1436 1306 IV.

975 1346 1000 1373 Ι.
1025 1343 1062 1379 (6)
1086 1342 1116 1371 Si
1130 1349 1204 1378 opes
1227 1341 1357 1374 miraris,
1377 1348 1396 1368 ο
1414 1340 1517 1374 homo,
1536 1339 1763 1376 provenientem

937 1396 972 1417 ex
987 1388 1028 1416 eis
1042 1387 1200 1421 honorem,
1217 1385 1375 1413 considera
1389 1387 1502 1420 quanto
1525 1384 1563 1412 sit
1577 1383 1617 1412 ad
1636 1383 1763 1419 gloriam

937 1431 1166 1465 conducibilius,
1181 1431 1410 1458 innumerorum
1429 1428 1560 1456 ﬁliorum
1574 1431 1690 1465 patrem
1711 1436 1764 1465 ap-

937 1477 1052 1514 pellari,
1062 1483 1157 1513 quam
1171 1475 1347 1502 innumerOS
1361 1474 1392 1501 in
1408 1473 1564 1510 marsupio
1575 1475 1698 1501 stateres
1711 1473 1765 1501 ha-

80 1515 120 1541 Τὰ
135 1516 181 1550 μὲν
206 1516 257 1553 γὰρ
280 1518 409 1554 χρήματα
434 1517 601 1553 καταλείψεις
629 1519 749 1554 ἐνταῦθα,
776 1523 822 1547 καὶ
845 1523 881 1557 μὴ

939 1521 1016 1550 bere.
1034 1523 1108 1550 Nam
1124 1519 1267 1556 pecunias
1282 1517 1407 1555 quidem
1421 1517 1577 1546 relicturus
1598 1517 1647 1545 hic
1668 1524 1699 1545 es
1715 1516 1764 1545 vel

82 1557 252 1596 βουλόμενος·
285 1563 333 1590 τὴν
359 1559 389 1588 δὲ
415 1560 459 1588 ἐπὶ
473 1566 526 1594 τοῖς
547 1561 651 1599 ἀγαθοῖς
666 1565 752 1602 ἧογοις
780 1565 881 1602 φιλοτι-

81 1605 146 1639 μίαν
172 1603 341 1642 ἀποκομίσας
369 1607 435 1643 πρός
463 1608 507 1633 τὸν
540 1610 682 1645 Δεσπότην,
712 1609 772 1635 ὅταν
799 1608 883 1646 δῆμος

83 1648 137 1678 ilo;
161 1647 203 1675 ἐπὶ
227 1653 274 1675 τοῦ
299 1654 387 1676 κοινοῦ
417 1654 512 1688 Κριτοῡ
527 1654 693 1690 περιστάντες
721 1654 772 1690 (li),
789 1656 884 1691 τροφέα

83 1694 130 1718 καὶ
158 1692 289 1729 ιῦεργέτην
304 1697 348 1720 καὶ
372 1695 458 1721 πάντα
479 1697 512 1722 τὰ
535 1700 583 1728 τῆς
611 1697 801 1735 φιλανθρωπίας
816 1697 883 1725 ἀπο-

83 1737 199 1764 καλῶσιν
240 1737 364 1775 ὀνόματα.
407 1742 457 1767 Καὶ
497 1739 521 1766 ἓν
550 1743 594 1777 μὲν
627 1744 771 1781 πανηγύρει
799 1742 884 1775 οὐδεὶς

82 1782 204 1809 λυπεῖται
241 1786 380 1821 προέμενος
405 1786 438 1811 τὰ
465 1787 589 1822 παρόντα,
617 1789 661 1813 καὶ
701 1787 884 1825 ἀντικτώμενος

82 1828 117 1853 τὰ
150 1826 278 1854 ἐνδέοντα·
313 1828 366 1855 ἀλλ’
393 1830 494 1868 ὅσῳπερ
519 1831 549 1856 οἷν
578 1831 712 1864 ἐλάττονος
737 1837 816 1870 τιμῆς
853 1835 885 1861 τά

82 1871 217 1908 πολύτιμα
254 1875 374 1910 πρίηται,
409 1876 526 1911 τοσούτῳ
565 1879 665 1913 χαίρει,
705 1879 737 1908 ὡς
765 1880 884 1916 λαμπροῦ

82 1916 155 1942 αὑτῶ
197 1919 243 1943 τοῦ
279 1917 492 1954 συναλλάγματος
531 1923 678 1957 γενομένου,
704 1924 737 1948 Σὺ
763 1921 792 1949 δὲ
815 1923 883 1959 λυπῇ

55 1984 62 1991 ,
81 1963 209 1998 χρυσίον,
239 1963 284 1988 καὶ
308 1961 445 2000 ἀργύριον,
467 1966 511 1990 καὶ
539 1967 662 2001 κτήματα
691 1964 796 2002 διδοὺς,
813 1977 887 1994 τουτ-

81 2005 139 2032 έστι
165 2005 254 2036 λίθους
279 2008 323 2032 καὶ
347 2011 415 2043 χοῦν
442 2011 630 2046 παρεχόμενος,
658 2011 699 2037 ἶνα
727 2014 811 2048 κτήσῃ
839 2014 886 2042 τὴν

80 2052 214 2087 μακαρίαν
232 2051 300 2081 ζωήν
314 2059 321 2085 ;
337 2053 369 2077 Τί
383 2050 412 2078 δὲ
426 2055 472 2079 καί
486 2056 579 2090 χρήσῃ
596 2059 632 2090 τῷ
647 2054 752 2091 πλούτῳ
765 2064 772 2088 ;
793 2057 887 2086 ἔσοῆτι

81 2094 253 2131 πολυτιμὴτῳ
290 2095 437 2132 περιϐαλεῖς
460 2100 591 2132 σεαυτόν;
619 2101 719 2126 Οὔκουν
768 2099 816 2128 δύο
841 2103 886 2138 μέν

83 2148 128 2165 σοι
154 2143 250 2175 πηχῶν
276 2143 433 2176 χιτωνίσκος
448 2140 562 2180 ἀρκέσει,
579 2143 630 2173 ἑνὸς
649 2142 678 2170 δὲ
694 2145 796 2181 ἱματίου
811 2155 886 2183 περι-

937 1566 1063 1599 invitus;
1077 1567 1191 1599 contra,
1202 1565 1322 1600 partam
1333 1562 1373 1590 ob
1383 1562 1465 1590 bona
1475 1569 1567 1598 opera
1577 1561 1704 1597 gloriam
1713 1569 1764 1590 ex-

937 1611 1072 1648 portabis
1090 1609 1130 1638 ad
1154 1607 1326 1640 Dominum,
1343 1615 1412 1635 cum
1432 1606 1545 1635 scilicet
1565 1606 1764 1635 circumstans

937 1664 1040 1685 coram
1049 1654 1204 1683 communi
1211 1653 1316 1681 Judice
1324 1651 1454 1689 populus
1466 1651 1575 1686 omnis,
1587 1651 1764 1679 nutritorem

937 1703 967 1730 et
980 1699 1151 1729 beneﬁcum
1166 1698 1337 1734 largitorem
1355 1705 1390 1725 ac
1401 1696 1543 1724 omnibus
1567 1694 1765 1724 humanitatis

939 1745 1100 1782 appellabit
1116 1743 1299 1772 nominibus.
1317 1743 1354 1778 (7)
1365 1742 1478 1769 Etenim
1492 1741 1523 1769 in
1537 1740 1682 1768 nundinis
1697 1740 1766 1776 qui-

939 1791 1008 1818 dem
1019 1797 1109 1817 nemo
1122 1788 1202 1816 dolet
1214 1787 1297 1824 quod
1309 1786 1543 1823 proiundatquee
1555 1785 1675 1818 adsunt,
1686 1787 1714 1812 et
1724 1783 1766 1812 vi-

940 1834 1040 1862 cissim
1055 1841 1122 1870 qum
1138 1832 1247 1860 desunt
1262 1832 1434 1867 comparet;
1451 1831 1565 1862 contra,
1587 1836 1648 1864 quo
1670 1827 1766 1855 viliori

939 1879 1034 1915 pretio
1044 1886 1091 1906 res
1104 1876 1336 1913 pretiosissimas
1345 1874 1524 1907 emerit,hoc
1534 1871 1765 1915 magisfgaudet,

939 1914 973 1951 ut
986 1923 1038 1959 qui
1053 1922 1170 1957 egregie
1180 1920 1348 1955 negotiatus
1362 1919 1407 1946 sit.
1429 1919 1470 1945 Tu
1484 1925 1556 1945 vero
1572 1916 1669 1950 doles,
1683 1914 1767 1951 quod

940 1975 1049 1996 aurum
1065 1968 1092 1994 et
1107 1967 1264 2000 argentum
1279 1965 1306 1991 et
1330 1971 1402 1999 opes
1415 1961 1528 1996 tradas,
1548 1961 1605 1989 hoc
1625 1961 1679 1995 est,
1692 1959 1767 1996 lapi-

940 2013 1011 2042 dem
1027 2020 1061 2040 ac
1068 2011 1222 2047 pulverem
1231 2009 1379 2046 praebeas,
1391 2010 1423 2035 ut
1435 2007 1556 2035 beatam
1566 2006 1657 2034 vitam
1666 2004 1767 2041 acqui-

940 2066 1000 2086 ras.
1019 2056 1076 2085 Sed
1082 2055 1130 2083 cui
1139 2054 1192 2083 tibi
1203 2054 1270 2082 usui
1283 2053 1411 2082 aurum?
1422 2052 1554 2088 pretiosa
1564 2053 1591 2079 te
1601 2052 1684 2078 veste
1691 2049 1768 2078 ami-

942 2102 1022 2130 cies?
1036 2102 1144 2128 Annon
1154 2099 1283 2127 duorum
1301 2097 1471 2125 cubitorum
1487 2095 1589 2124 tunica
1615 2095 1697 2128 satis
1714 2093 1768 2122 tibi

941 2145 1039 2178 fuerit,
1055 2147 1083 2173 et
1097 2144 1185 2171 unius
1200 2142 1282 2178 pallii
1297 2141 1424 2169 amictus
1440 2147 1562 2168 omnem
1578 2139 1769 2166 indumento-

84 2183 146 2212 ϐολὴ
163 2186 251 2210 πᾶσαν
276 2189 326 2210 τῶν
355 2183 506 2222 ἰνδυμάτων
535 2186 696 2225 ἐκπληρώσει
711 2192 758 2219 τὴν
772 2181 883 2227 χρείανς

941 2199 1009 2219 rum
1032 2188 1240 2218 necessitatem
1264 2185 1416 2222 explebit?
1439 2184 1571 2212 Uterisne
1597 2182 1707 2227 divitiis
1728 2181 1769 2227 ad

84 2227 153 2254 Ἀλλ’
184 2228 218 2258 εἰς
241 2231 337 2266 τροφὴν
364 2233 523 2268 καταχρὴσῃ
548 2236 584 2268 τῷ
607 2232 731 2269 πλούτῳ;
751 2235 786 2265 εἷς
811 2236 888 2273 ἄρτος

85 2274 176 2304 ἱκανὸς
211 2272 402 2310 ἀποπληρῶσαι
430 2278 555 2312 γαστέρα·
583 2279 615 2303 Τί
653 2277 696 2304 οὖν
723 2278 792 2316 λυπῇ
817 2288 824 2314 ;
855 2282 888 2311 ὡς

85 2320 155 2348 τίνος
180 2318 382 2356 ὑστερούμενο;;
412 2319 494 2351 Δόξης
531 2325 578 2352 τῆς
608 2321 657 2348 ἀπὸ
685 2326 731 2349 τοῦ
755 2324 886 2361 πλούτους

86 2362 140 2388 ἀλλ’
157 2362 201 2388 ὶὰν
216 2365 251 2399 μὴ
265 2366 355 2400 χαμαί
382 2364 500 2402 ζητήσῃς
516 2368 562 2395 τὴν
586 2363 675 2402 δόξαν,
705 2368 822 2406 εὑρήσεις
842 2373 888 2400 τὴν

86 2406 213 2436 ἀληθινὴν
228 2409 273 2434 καὶ
293 2407 424 2445 λαμπρὰν,
440 2411 610 2446 προάγουσαν
625 2420 655 2438 σι
672 2412 709 2444 εἰς
734 2415 782 2443 τὴν
806 2413 888 2450 βασι-

85 2451 156 2478 λείαν
184 2455 234 2478 τῶν
260 2452 384 2489 οὐρανῶν,
417 2456 622 2492 Σκορπιζόμενος
646 2458 697 2495 γὰρ
729 2459 742 2484 ὁ
767 2458 888 2495 πλοῦτος,

86 2496 148 2523 καθ’
176 2497 203 2523 ὅν
229 2497 242 2523 ὀ
259 2498 351 2533 Κύριος
379 2498 531 2526 ὑποτίθεται
559 2501 665 2538 τρόπον,
693 2504 790 2540 πίγυκε
801 2513 889 2542 παρα-

123 2558 295 2597 (ΗΠερίτςν
308 2558 440 2597 ἀφοαλμρν
453 2562 510 2590 καί.
539 2562 606 2591 Haec
628 2563 732 2594 addita.
757 2573 795 2595 ex
820 2574 891 2597 con-

88 2595 171 2631 textu
185 2594 217 2631 et
226 2594 331 2631 codice
346 2594 437 2631 Regio

124 2618 171 2664 ῖέῖ
180 2618 330 2659 divitia-id
335 2618 492 2660 egi-dde:
506 2631 582 2660 οὐδ’ἐν
595 2633 623 2664 ἡ.

124 2666 164 2707 (3)
178 2666 210 2707 1⁵ξὶ
223 2666 374 2707 ροςνμείζιις.
393 2667 554 2707 Legitur-“ri
580 2671 731 2707 θαυμάζεις,
754 2674 829 2707 quid
839 2675 891 2704 ad.

90 2702 213 2744 miraris
224 2702 277 2743 {in
286 2702 407 2744 duobus
423 2702 579 2744 codicibus
592 2702 698 2744 Regiis,
706 2702 889 2744 quibuscum

90 2736 322 2805 ξῗῗθιέιέυοὶοηοε
334 2738 526 2770 contulimus.
543 2741 617 2772 Sunt
627 2736 660 2773 Ei
676 2736 890 2776 c’odices‘léi—o

941 2235 1051 2264 lautius
1065 2232 1228 2262 vivendum
1243 2231 1257 2259 7
1271 2232 1379 2258 Verum
1396 2229 1483 2266 panis
1496 2236 1574 2255 unus
1590 2226 1767 2254 exsatiando

941 2279 1036 2309 ventri
1051 2277 1169 2306 sufﬁcit.
1197 2275 1274 2309 Quid
1296 2274 1385 2309 igitur
1409 2272 1525 2302 tristitia
1543 2271 1694 2300 afﬁceris?
1716 2271 1769 2299 Cu-

939 2325 1063 2362 jusnam
1082 2323 1125 2351 rei
1139 2321 1232 2350 fecisti
1242 2320 1392 2356 jacturam
1401 2318 1415 2345 ἲ)
1426 2319 1470 2345 An
1483 2316 1583 2352 glorise
1594 2324 1661 2352 quas
1675 2323 1712 2362 ex
1726 2315 1770 2362 di-

942 2360 1019 2398 vitiis
1032 2368 1125 2396 oritur
1135 2366 1149 2395 ‘I
1162 2368 1198 2394 At
1221 2366 1246 2393 si
1261 2364 1346 2393 humi
1363 2362 1490 2398 gloriam
1515 2369 1578 2390 non
1602 2360 1768 2397 quaesieris,

942 2422 1046 2443 veram
1060 2413 1143 2441 illam
1158 2409 1479 2447 acsplendidam,quae
1491 2409 1518 2435 te
1530 2406 1561 2434 in
1570 2413 1698 2442 regnum
1714 2413 1771 2433 coe-

943 2459 1042 2488 lorum
1057 2457 1185 2486 deducet
1199 2454 1346 2483 invenies.
1362 2453 1401 2489 (8)
1412 2453 1558 2488 Dispersa:
1570 2451 1651 2479 enim
1665 2457 1770 2478 secun-

944 2504 1018 2533 dum
1029 2501 1148 2532 Domini
1169 2499 1320 2529 monitum
1335 2497 1445 2526 divitiae
1471 2496 1566 2530 solent
1583 2501 1771 2531 permanere,

981 2566 1018 2603 (4)
1050 2564 1233 2602 Περιστάντες.
1265 2560 1385 2597 Legitur
1407 2559 1439 2588 in
1464 2559 1606 2587 contextu
1632 2554 1772 2594 περιστάν-

944 2611 1076 2701 τεὲξῖξκ
1093 2632 1336 2676 serm._ascetico.
1353 2631 1415 2660 325.

993 2673 1019 2701 6)
1035 2673 1075 2699 hx
1090 2671 1174 2699 hom.
1189 2677 1220 2697 in
1232 2667 1306 2696 illud
1321 2668 1415 2700 Luem,

993 2663 1019 2707 6)’
1035 2663 1075 2699 Ex’
1090 2671 1174 2699 hom.
1189 2670 1220 2697 in
1232 2667 1418 2707 iugatae?)
1431 2665 1603 2698 patruum,
1617 2663 1663 2692 45.

980 2703 1020 2741 (7')
1034 2709 1074 2735 Ex
1094 2707 1179 2734 hom.
1193 2707 1225 2734 in
1239 2703 1366 2738 Divite];
1383 2703 1425 2730 52.

980 2739 1123 2780 (8)1bid.,
1139 2744 1183 2770 53.
